{"seed":[41632,14357,16461,51152],"turns":34,"p1":"tboltrider","p2":"GTX♅Mega Lucario","p1team":[{"name":"Skarmory","species":"Skarmory","item":"rockyhelmet","ability":"Sturdy","moves":["roost","swordsdance","stealthrock","ironhead"],"nature":"Jolly","evs":{"hp":0,"atk":128,"def":0,"spa":0,"spd":248,"spe":132},"gender":"M","ivs":{"hp":31,"atk":31,"def":31,"spa":31,"spd":31,"spe":31}},{"name":"Togekiss","species":"Togekiss","item":"leftovers","ability":"Serene Grace","moves":["aurasphere","airslash","softboiled","thunderwave"],"nature":"Modest","evs":{"hp":0,"atk":0,"def":148,"spa":108,"spd":0,"spe":252},"gender":"F","ivs":{"hp":31,"atk":31,"def":31,"spa":31,"spd":31,"spe":31}},{"name":"Mandibuzz","species":"Mandibuzz","item":"leftovers","ability":"Overcoat","moves":["roost","defog","foulplay","taunt"],"nature":"Adamant","evs":{"hp":0,"atk":232,"def":0,"spa":0,"spd":156,"spe":120},"ivs":{"hp":31,"atk":31,"def":31,"spa":31,"spd":31,"spe":31}},{"name":"Hawlucha","species":"Hawlucha","item":"sitrusberry","ability":"Unburden","moves":["swordsdance","acrobatics","highjumpkick","substitute"],"nature":"Careful","evs":{"hp":12,"atk":252,"def":0,"spa":0,"spd":0,"spe":244},"ivs":{"hp":31,"atk":31,"def":31,"spa":31,"spd":31,"spe":31}},{"name":"Charizard","species":"Charizard","item":"charizarditex","ability":"Blaze","moves":["dragondance","dragonclaw","roost","flareblitz"],"nature":"Jolly","evs":{"hp":0,"atk":252,"def":4,"spa":0,"spd":0,"spe":252},"gender":"M","ivs":{"hp":31,"atk":31,"def":31,"spa":31,"spd":31,"spe":31}},{"name":"Gliscor","species":"Gliscor","item":"toxicorb","ability":"Poison Heal","moves":["earthquake","swordsdance","roost","facade"],"nature":"Careful","evs":{"hp":244,"atk":0,"def":8,"spa":0,"spd":200,"spe":56},"ivs":{"hp":31,"atk":31,"def":31,"spa":31,"spd":31,"spe":31}}],"p2team":[{"name":"Gardevoir","species":"Gardevoir","item":"gardevoirite","ability":"Trace","moves":["substitute","hypervoice","psyshock","hiddenpowerfire"],"nature":"Timid","evs":{"hp":0,"atk":0,"def":0,"spa":252,"spd":4,"spe":252},"gender":"M","ivs":{"hp":31,"atk":30,"def":31,"spa":30,"spd":31,"spe":30},"shiny":true},{"name":"Meloetta","species":"Meloetta","item":"lifeorb","ability":"Serene Grace","moves":["shadowball","psychic","focusblast","hypervoice"],"nature":"Modest","evs":{"hp":248,"atk":0,"def":0,"spa":252,"spd":8,"spe":0},"ivs":{"hp":31,"atk":31,"def":31,"spa":31,"spd":31,"spe":31}},{"name":"Alakazam","species":"Alakazam","item":"focussash","ability":"Magic Guard","moves":["psyshock","calmmind","shadowball","focusblast"],"nature":"Timid","evs":{"hp":0,"atk":0,"def":0,"spa":252,"spd":4,"spe":252},"gender":"M","shiny":true,"ivs":{"hp":31,"atk":31,"def":31,"spa":31,"spd":31,"spe":31}},{"name":"Slowbro","species":"Slowbro","item":"leftovers","ability":"Regenerator","moves":["scald","psychic","thunderwave","slackoff"],"nature":"Bold","evs":{"hp":252,"atk":0,"def":252,"spa":4,"spd":0,"spe":0},"gender":"M","shiny":true,"ivs":{"hp":31,"atk":31,"def":31,"spa":31,"spd":31,"spe":31}},{"name":"Gallade","species":"Gallade","item":"choicescarf","ability":"Justified","moves":["closecombat","knockoff","shadowsneak","psychocut"],"nature":"Adamant","evs":{"hp":0,"atk":252,"def":0,"spa":0,"spd":4,"spe":252},"shiny":true,"ivs":{"hp":31,"atk":31,"def":31,"spa":31,"spd":31,"spe":31}},{"name":"Hoopa-Unbound","species":"Hoopa-Unbound","item":"choicescarf","ability":"Magician","moves":["hyperspacefury","drainpunch","gunkshot","zenheadbutt"],"nature":"Jolly","evs":{"hp":0,"atk":252,"def":0,"spa":0,"spd":4,"spe":252},"ivs":{"hp":31,"atk":31,"def":31,"spa":31,"spd":31,"spe":31}}],"log":["|player|p1|tboltrider|93","|player|p2|GTX♅Mega Lucario|170","|gametype|singles","|gen|6","|tier|Monotype","|rated","|rule|Baton Pass Clause: Limit one Baton Passer, can't pass Spe and other stats simultaneously","|rule|Swagger Clause: Swagger is banned","|rule|Same Type Clause: Pokémon in a team must share a type","|clearpoke","|poke|p1|Skarmory, M","|poke|p1|Togekiss, F","|poke|p1|Mandibuzz, F","|poke|p1|Hawlucha, M","|poke|p1|Charizard, M","|poke|p1|Gliscor, M","|poke|p2|Gardevoir, M, shiny","|poke|p2|Meloetta","|poke|p2|Alakazam, M, shiny","|poke|p2|Slowbro, M, shiny","|poke|p2|Gallade, M, shiny","|poke|p2|Hoopa-Unbound","|rule|Sleep Clause Mod: Limit one foe put to sleep","|rule|Species Clause: Limit one of each Pokémon","|rule|OHKO Clause: OHKO moves are banned","|rule|Moody Clause: Moody is banned","|rule|Evasion Moves Clause: Evasion moves are banned","|rule|Endless Battle Clause: Forcing endless battles is banned","|rule|HP Percentage Mod: HP is shown in percentages","|teampreview","|","|start","|switch|p1a: Charizard|Charizard, M|297/297","|switch|p2a: Gardevoir|Gardevoir, M, shiny|277/277","|-ability|p2a: Gardevoir|Blaze|[from] ability: Trace|[of] p1a: Charizard","|turn|1","|","|detailschange|p2a: Gardevoir|Gardevoir-Mega, M, shiny","|-mega|p2a: Gardevoir|Gardevoir|Gardevoirite","|move|p1a: Charizard|Flare Blitz|p2a: Gardevoir","|-damage|p2a: Gardevoir|69/277","|-damage|p1a: Charizard|228/297|[from] recoil|[of] p2a: Gardevoir","|move|p2a: Gardevoir|Substitute|p2a: Gardevoir","|-fail|p2a: Gardevoir|move: Substitute|[weak]","|","|turn|2","|","|move|p1a: Charizard|Flare Blitz|p2a: Gardevoir","|-damage|p2a: Gardevoir|0 fnt","|-damage|p1a: Charizard|205/297|[from] recoil|[of] p2a: Gardevoir","|faint|p2a: Gardevoir","|","|","|switch|p2a: Slowbro|Slowbro, M, shiny|394/394","|turn|3","|","|switch|p1a: Skarmory|Skarmory, M|271/271","|move|p2a: Slowbro|Scald|p1a: Skarmory","|-damage|p1a: Skarmory|180/271","|","|turn|4","|","|move|p1a: Skarmory|Stealth Rock|p2a: Slowbro","|-sidestart|p2: GTX♅Mega Lucario|move: Stealth Rock","|move|p2a: Slowbro|Scald|p1a: Skarmory","|-damage|p1a: Skarmory|92/271","|","|turn|5","|","|move|p1a: Skarmory|Roost|p1a: Skarmory","|-heal|p1a: Skarmory|228/271","|move|p2a: Slowbro|Scald|p1a: Skarmory","|-damage|p1a: Skarmory|134/271","|","|turn|6","|","|move|p1a: Skarmory|Swords Dance|p1a: Skarmory","|-boost|p1a: Skarmory|atk|2","|move|p2a: Slowbro|Scald|p1a: Skarmory","|-damage|p1a: Skarmory|35/271","|","|turn|7","|","|move|p1a: Skarmory|Roost|p1a: Skarmory","|-heal|p1a: Skarmory|171/271","|move|p2a: Slowbro|Scald|p1a: Skarmory","|-damage|p1a: Skarmory|80/271","|","|turn|8","|","|move|p1a: Skarmory|Iron Head|p2a: Slowbro","|-resisted|p2a: Slowbro","|-damage|p2a: Slowbro|337/394","|cant|p2a: Slowbro|flinch","|","|-heal|p2a: Slowbro|361/394|[from] item: Leftovers","|turn|9","|","|move|p1a: Skarmory|Roost|p1a: Skarmory","|-heal|p1a: Skarmory|216/271","|move|p2a: Slowbro|Scald|p1a: Skarmory","|-damage|p1a: Skarmory|116/271","|","|-heal|p2a: Slowbro|385/394|[from] item: Leftovers","|turn|10","|","|move|p1a: Skarmory|Swords Dance|p1a: Skarmory","|-boost|p1a: Skarmory|atk|2","|move|p2a: Slowbro|Scald|p1a: Skarmory","|-damage|p1a: Skarmory|31/271","|","|-heal|p2a: Slowbro|394/394|[from] item: Leftovers","|turn|11","|","|move|p1a: Skarmory|Swords Dance|p1a: Skarmory","|-boost|p1a: Skarmory|atk|2","|move|p2a: Slowbro|Scald|p1a: Skarmory","|-crit|p1a: Skarmory","|-damage|p1a: Skarmory|0 fnt","|faint|p1a: Skarmory","|","|","|switch|p1a: Mandibuzz|Mandibuzz, F|361/361","|turn|12","|","|move|p1a: Mandibuzz|Foul Play|p2a: Slowbro","|-crit|p2a: Slowbro","|-supereffective|p2a: Slowbro","|-damage|p2a: Slowbro|242/394","|move|p2a: Slowbro|Scald|p1a: Mandibuzz","|-damage|p1a: Mandibuzz|282/361","|","|-heal|p1a: Mandibuzz|304/361|[from] item: Leftovers","|-heal|p2a: Slowbro|266/394|[from] item: Leftovers","|turn|13","|","|move|p1a: Mandibuzz|Foul Play|p2a: Slowbro","|-supereffective|p2a: Slowbro","|-damage|p2a: Slowbro|150/394","|move|p2a: Slowbro|Scald|p1a: Mandibuzz","|-crit|p1a: Mandibuzz","|-damage|p1a: Mandibuzz|181/361","|-status|p1a: Mandibuzz|brn","|","|-heal|p1a: Mandibuzz|203/361 brn|[from] item: Leftovers","|-heal|p2a: Slowbro|174/394|[from] item: Leftovers","|-damage|p1a: Mandibuzz|158/361 brn|[from] brn","|turn|14","|","|move|p1a: Mandibuzz|Roost|p1a: Mandibuzz","|-heal|p1a: Mandibuzz|339/361 brn","|move|p2a: Slowbro|Slack Off|p2a: Slowbro","|-heal|p2a: Slowbro|371/394","|","|-heal|p1a: Mandibuzz|361/361 brn|[from] item: Leftovers","|-heal|p2a: Slowbro|394/394|[from] item: Leftovers","|-damage|p1a: Mandibuzz|316/361 brn|[from] brn","|turn|15","|","|move|p1a: Mandibuzz|Taunt|p2a: Slowbro","|-start|p2a: Slowbro|move: Taunt","|move|p2a: Slowbro|Scald|p1a: Mandibuzz","|-damage|p1a: Mandibuzz|229/361 brn","|","|-heal|p1a: Mandibuzz|251/361 brn|[from] item: Leftovers","|-damage|p1a: Mandibuzz|206/361 brn|[from] brn","|turn|16","|","|move|p1a: Mandibuzz|Foul Play|p2a: Slowbro","|-supereffective|p2a: Slowbro","|-damage|p2a: Slowbro|339/394","|move|p2a: Slowbro|Scald|p1a: Mandibuzz","|-damage|p1a: Mandibuzz|127/361 brn","|","|-heal|p1a: Mandibuzz|149/361 brn|[from] item: Leftovers","|-heal|p2a: Slowbro|363/394|[from] item: Leftovers","|-damage|p1a: Mandibuzz|104/361 brn|[from] brn","|turn|17","|","|switch|p1a: Togekiss|Togekiss, F|311/311","|move|p2a: Slowbro|Scald|p1a: Togekiss","|-damage|p1a: Togekiss|230/311","|","|-heal|p1a: Togekiss|249/311|[from] item: Leftovers","|-heal|p2a: Slowbro|387/394|[from] item: Leftovers","|-end|p2a: Slowbro|move: Taunt","|turn|18","|","|move|p1a: Togekiss|Thunder Wave|p2a: Slowbro","|-status|p2a: Slowbro|par","|move|p2a: Slowbro|Thunder Wave|p1a: Togekiss","|-status|p1a: Togekiss|par","|","|-heal|p1a: Togekiss|268/311 par|[from] item: Leftovers","|-heal|p2a: Slowbro|394/394 par|[from] item: Leftovers","|turn|19","|","|move|p1a: Togekiss|Air Slash|p2a: Slowbro","|-damage|p2a: Slowbro|234/394 par","|cant|p2a: Slowbro|flinch","|","|-heal|p1a: Togekiss|287/311 par|[from] item: Leftovers","|-heal|p2a: Slowbro|258/394 par|[from] item: Leftovers","|turn|20","|","|switch|p2a: Hoopa-Unbound|Hoopa-Unbound|301/301","|-damage|p2a: Hoopa-Unbound|264/301|[from] Stealth Rock","|move|p1a: Togekiss|Air Slash|p2a: Hoopa-Unbound","|-damage|p2a: Hoopa-Unbound|156/301","|","|-heal|p1a: Togekiss|306/311 par|[from] item: Leftovers","|turn|21","|","|move|p2a: Hoopa-Unbound|Gunk Shot|p1a: Togekiss","|-supereffective|p1a: Togekiss","|-damage|p1a: Togekiss|0 fnt","|faint|p1a: Togekiss","|","|","|switch|p1a: Charizard|Charizard, M|205/297","|turn|22","|","|detailschange|p1a: Charizard|Charizard-Mega-X, M","|-mega|p1a: Charizard|Charizard|Charizardite X","|move|p2a: Hoopa-Unbound|Gunk Shot|p1a: Charizard","|-damage|p1a: Charizard|44/297","|move|p1a: Charizard|Flare Blitz|p2a: Hoopa-Unbound","|-damage|p2a: Hoopa-Unbound|0 fnt","|-damage|p1a: Charizard|0 fnt|[from] recoil|[of] p2a: Hoopa-Unbound","|faint|p2a: Hoopa-Unbound","|faint|p1a: Charizard","|","|","|switch|p2a: Alakazam|Alakazam, M, shiny|251/251","|switch|p1a: Gliscor|Gliscor, M|352/352","|turn|23","|","|move|p2a: Alakazam|Calm Mind|p2a: Alakazam","|-boost|p2a: Alakazam|spa|1","|-boost|p2a: Alakazam|spd|1","|move|p1a: Gliscor|Roost|p1a: Gliscor","|-fail|p1a: Gliscor","|","|-status|p1a: Gliscor|tox|[from] item: Toxic Orb","|turn|24","|","|move|p2a: Alakazam|Calm Mind|p2a: Alakazam","|-boost|p2a: Alakazam|spa|1","|-boost|p2a: Alakazam|spd|1","|move|p1a: Gliscor|Swords Dance|p1a: Gliscor","|-boost|p1a: Gliscor|atk|2","|","|turn|25","|","|move|p2a: Alakazam|Calm Mind|p2a: Alakazam","|-boost|p2a: Alakazam|spa|1","|-boost|p2a: Alakazam|spd|1","|move|p1a: Gliscor|Facade|p2a: Alakazam","|-enditem|p2a: Alakazam|Focus Sash","|-damage|p2a: Alakazam|1/251","|","|turn|26","|","|move|p2a: Alakazam|Psyshock|p1a: Gliscor","|-damage|p1a: Gliscor|27/352 tox","|move|p1a: Gliscor|Facade|p2a: Alakazam","|-damage|p2a: Alakazam|0 fnt","|faint|p2a: Alakazam","|","|-heal|p1a: Gliscor|71/352 tox|[from] ability: Poison Heal","|","|switch|p2a: Gallade|Gallade, M, shiny|277/277","|-damage|p2a: Gallade|260/277|[from] Stealth Rock","|turn|27","|","|move|p2a: Gallade|Close Combat|p1a: Gliscor","|-resisted|p1a: Gliscor","|-damage|p1a: Gliscor|0 fnt","|-unboost|p2a: Gallade|def|1","|-unboost|p2a: Gallade|spd|1","|faint|p1a: Gliscor","|","|","|switch|p1a: Hawlucha|Hawlucha, M|300/300","|turn|28","|","|switch|p2a: Slowbro|Slowbro, M, shiny|389/394 par","|-damage|p2a: Slowbro|340/394 par|[from] Stealth Rock","|move|p1a: Hawlucha|Acrobatics|p2a: Slowbro","|-damage|p2a: Slowbro|288/394 par","|","|-heal|p2a: Slowbro|312/394 par|[from] item: Leftovers","|turn|29","|","|move|p1a: Hawlucha|Substitute|p1a: Hawlucha","|-start|p1a: Hawlucha|Substitute","|-damage|p1a: Hawlucha|225/300","|move|p2a: Slowbro|Scald|p1a: Hawlucha","|-end|p1a: Hawlucha|Substitute","|","|-heal|p2a: Slowbro|336/394 par|[from] item: Leftovers","|turn|30","|","|move|p1a: Hawlucha|Swords Dance|p1a: Hawlucha","|-boost|p1a: Hawlucha|atk|2","|cant|p2a: Slowbro|par","|","|-heal|p2a: Slowbro|360/394 par|[from] item: Leftovers","|turn|31","|","|move|p1a: Hawlucha|Substitute|p1a: Hawlucha","|-start|p1a: Hawlucha|Substitute","|-damage|p1a: Hawlucha|150/300","|-enditem|p1a: Hawlucha|Sitrus Berry|[eat]","|-heal|p1a: Hawlucha|225/300|[from] item: Sitrus Berry","|move|p2a: Slowbro|Psychic|p1a: Hawlucha","|-supereffective|p1a: Hawlucha","|-end|p1a: Hawlucha|Substitute","|","|-heal|p2a: Slowbro|384/394 par|[from] item: Leftovers","|turn|32","|","|move|p1a: Hawlucha|Acrobatics|p2a: Slowbro","|-damage|p2a: Slowbro|165/394 par","|move|p2a: Slowbro|Psychic|p1a: Hawlucha","|-supereffective|p1a: Hawlucha","|-damage|p1a: Hawlucha|0 fnt","|faint|p1a: Hawlucha","|","|-heal|p2a: Slowbro|189/394 par|[from] item: Leftovers","|","|switch|p1a: Mandibuzz|Mandibuzz, F|104/361 brn","|turn|33","|","|move|p1a: Mandibuzz|Foul Play|p2a: Slowbro","|-supereffective|p2a: Slowbro","|-damage|p2a: Slowbro|131/394 par","|move|p2a: Slowbro|Slack Off|p2a: Slowbro","|-heal|p2a: Slowbro|328/394 par","|","|-heal|p1a: Mandibuzz|126/361 brn|[from] item: Leftovers","|-heal|p2a: Slowbro|352/394 par|[from] item: Leftovers","|-damage|p1a: Mandibuzz|81/361 brn|[from] brn","|turn|34","|","|move|p1a: Mandibuzz|Foul Play|p2a: Slowbro","|-supereffective|p2a: Slowbro","|-damage|p2a: Slowbro|301/394 par","|move|p2a: Slowbro|Scald|p1a: Mandibuzz","|-damage|p1a: Mandibuzz|2/361 brn","|","|-heal|p1a: Mandibuzz|24/361 brn|[from] item: Leftovers","|-heal|p2a: Slowbro|325/394 par|[from] item: Leftovers","|-damage|p1a: Mandibuzz|0 fnt|[from] brn","|faint|p1a: Mandibuzz","|","|win|GTX♅Mega Lucario"],"p1rating":{"entryid":"11792","serverid":"eos","formatid":"monotype","userid":"tboltrider","username":"tboltrider","w":"2","l":2,"t":"0","gxe":50,"r":"1459.8393856612","rd":"122.8583080769","sigma":"0","rptime":"1439888400","rpr":1500.0737369072,"rprd":107.05899313815,"rpsigma":"0","acre":1048.8247264512,"lacre":1048.8247264512,"oldacre":"1074.4630454978"},"p2rating":{"entryid":65149,"formatid":"monotype","userid":"gtxmegalucario","username":"GTX♅Mega Lucario","r":1500,"rd":130,"sigma":0,"rpr":1536.1182879878,"rprd":122.83141802352,"rpsigma":0,"rptime":1439888400,"w":1,"l":0,"t":0,"gxe":54.5,"acre":1048.4439808899,"lacre":1048.4439808899,"oldacre":1000},"endType":"normal"}