{"seed":[47218,41540,35633,33231],"turns":26,"p1":"Crystal Umaan","p2":"SWL Jyph","p1team":[{"name":"Paleo","species":"tyrantrum","item":"stoneplate","ability":"Rock Head","moves":["rockpolish","headsmash","outrage","earthquake"],"nature":"Adamant","evs":{"hp":0,"atk":252,"def":4,"spa":0,"spd":0,"spe":252},"gender":"M","ivs":{"hp":31,"atk":31,"def":31,"spa":31,"spd":31,"spe":31}},{"name":"Maj","species":"dragonite","item":"lumberry","ability":"Multiscale","moves":["outrage","extremespeed","ironhead","dragondance"],"nature":"Adamant","evs":{"hp":0,"atk":252,"def":0,"spa":0,"spd":4,"spe":252},"gender":"F","ivs":{"hp":31,"atk":31,"def":31,"spa":31,"spd":31,"spe":31}},{"name":"Nom","species":"garchomp","item":"garchompite","ability":"Rough Skin","moves":["dracometeor","earthquake","ironhead","stealthrock"],"nature":"Rash","evs":{"hp":0,"atk":4,"def":0,"spa":252,"spd":0,"spe":252},"gender":"F","ivs":{"hp":31,"atk":31,"def":31,"spa":31,"spd":31,"spe":31}},{"name":"Danson","species":"goodra","item":"assaultvest","ability":"Gooey","moves":["dragonpulse","flamethrower","thunderbolt","sludgewave"],"nature":"Modest","evs":{"hp":248,"atk":0,"def":0,"spa":252,"spd":8,"spe":0},"gender":"M","ivs":{"hp":31,"atk":31,"def":31,"spa":31,"spd":31,"spe":31}},{"name":"Mickey","species":"noivern","item":"lifeorb","ability":"Infiltrator","moves":["focusblast","dragonpulse","hurricane","flamethrower"],"nature":"Timid","evs":{"hp":0,"atk":0,"def":0,"spa":252,"spd":4,"spe":252},"gender":"M","shiny":true,"ivs":{"hp":31,"atk":31,"def":31,"spa":31,"spd":31,"spe":31}},{"name":"Haxing N00b","species":"haxorus","item":"focussash","ability":"Mold Breaker","moves":["dragondance","dragonclaw","earthquake","poisonjab"],"nature":"Adamant","evs":{"hp":0,"atk":252,"def":0,"spa":0,"spd":36,"spe":220},"shiny":true,"ivs":{"hp":31,"atk":31,"def":31,"spa":31,"spd":31,"spe":31}}],"p2team":[{"name":"Amoonguss","species":"Amoonguss","item":"blacksludge","ability":"Regenerator","moves":["spore","sludgebomb","gigadrain","synthesis"],"nature":"Bold","evs":{"hp":252,"atk":0,"def":252,"spa":0,"spd":4,"spe":0},"ivs":{"hp":31,"atk":31,"def":31,"spa":31,"spd":31,"spe":31}},{"name":"Nidoqueen","species":"Nidoqueen","item":"lifeorb","ability":"Sheer Force","moves":["stealthrock","earthpower","fireblast","icebeam"],"nature":"Modest","evs":{"hp":252,"atk":0,"def":0,"spa":252,"spd":4,"spe":0},"ivs":{"hp":31,"atk":31,"def":31,"spa":31,"spd":31,"spe":31}},{"name":"Tentacruel","species":"Tentacruel","item":"blacksludge","ability":"Liquid Ooze","moves":["haze","scald","rapidspin","gigadrain"],"nature":"Calm","evs":{"hp":252,"atk":0,"def":4,"spa":0,"spd":22,"spe":0},"ivs":{"hp":31,"atk":31,"def":31,"spa":31,"spd":31,"spe":31}},{"name":"Gengar","species":"Gengar","item":"lifeorb","ability":"Levitate","moves":["dazzlinggleam","shadowball","sludgewave","thunderbolt"],"nature":"Timid","evs":{"hp":0,"atk":0,"def":0,"spa":252,"spd":4,"spe":252},"ivs":{"hp":31,"atk":31,"def":31,"spa":31,"spd":31,"spe":31}},{"name":"Beedrill","species":"Beedrill","item":"beedrillite","ability":"Swarm","moves":["protect","drillrun","poisonjab","uturn"],"nature":"Jolly","evs":{"hp":0,"atk":252,"def":0,"spa":0,"spd":4,"spe":252},"ivs":{"hp":31,"atk":31,"def":31,"spa":31,"spd":31,"spe":31}},{"name":"Drapion","species":"Drapion","item":"assaultvest","ability":"Battle Armor","moves":["knockoff","pursuit","rockslide","earthquake"],"nature":"Adamant","evs":{"hp":248,"atk":200,"def":0,"spa":0,"spd":60,"spe":0},"ivs":{"hp":31,"atk":31,"def":31,"spa":31,"spd":31,"spe":31}}],"log":["|player|p1|Crystal Umaan|105","|player|p2|SWL Jyph|swljyph.png","|gametype|singles","|gen|6","|tier|Monotype","|rated","|rule|Baton Pass Clause: Limit one Baton Passer, can't pass Spe and other stats simultaneously","|rule|Swagger Clause: Swagger is banned","|rule|Same Type Clause: Pokémon in a team must share a type","|clearpoke","|poke|p1|Tyrantrum, M","|poke|p1|Dragonite, F","|poke|p1|Garchomp, F","|poke|p1|Goodra, M","|poke|p1|Noivern, M, shiny","|poke|p1|Haxorus, F, shiny","|poke|p2|Amoonguss, F","|poke|p2|Nidoqueen, F","|poke|p2|Tentacruel, M","|poke|p2|Gengar, F","|poke|p2|Beedrill, F","|poke|p2|Drapion, F","|rule|Sleep Clause Mod: Limit one foe put to sleep","|rule|Species Clause: Limit one of each Pokémon","|rule|OHKO Clause: OHKO moves are banned","|rule|Moody Clause: Moody is banned","|rule|Evasion Moves Clause: Evasion moves are banned","|rule|Endless Battle Clause: Forcing endless battles is banned","|rule|HP Percentage Mod: HP is shown in percentages","|teampreview","|","|start","|switch|p1a: Nom|Garchomp, F|357/357","|switch|p2a: Amoonguss|Amoonguss, F|432/432","|turn|1","|","|detailschange|p1a: Nom|Garchomp-Mega, F","|-mega|p1a: Nom|Garchomp|Garchompite","|move|p1a: Nom|Stealth Rock|p2a: Amoonguss","|-sidestart|p2: SWL Jyph|move: Stealth Rock","|move|p2a: Amoonguss|Spore|p1a: Nom","|-status|p1a: Nom|slp","|","|turn|2","|","|switch|p2a: Tentacruel|Tentacruel, M|364/364","|-damage|p2a: Tentacruel|319/364|[from] Stealth Rock","|cant|p1a: Nom|slp","|","|-heal|p2a: Tentacruel|341/364|[from] item: Black Sludge","|turn|3","|","|cant|p1a: Nom|slp","|move|p2a: Tentacruel|Rapid Spin|p1a: Nom","|-damage|p1a: Nom|348/357 slp","|-sideend|p2: SWL Jyph|Stealth Rock|[from] move: Rapid Spin|[of] p2a: Tentacruel","|","|-heal|p2a: Tentacruel|363/364|[from] item: Black Sludge","|turn|4","|","|switch|p2a: Amoonguss|Amoonguss, F|432/432","|cant|p1a: Nom|slp","|","|turn|5","|","|-curestatus|p1a: Nom|slp","|move|p1a: Nom|Draco Meteor|p2a: Amoonguss","|-damage|p2a: Amoonguss|162/432","|-unboost|p1a: Nom|spa|2","|move|p2a: Amoonguss|Giga Drain|p1a: Nom","|-damage|p1a: Nom|264/357","|-heal|p2a: Amoonguss|204/432|[from] drain|[of] p1a: Nom","|","|-heal|p2a: Amoonguss|231/432|[from] item: Black Sludge","|turn|6","|","|move|p1a: Nom|Earthquake|p2a: Amoonguss","|-damage|p2a: Amoonguss|68/432","|move|p2a: Amoonguss|Synthesis|p2a: Amoonguss","|-heal|p2a: Amoonguss|284/432","|","|-heal|p2a: Amoonguss|311/432|[from] item: Black Sludge","|turn|7","|","|move|p1a: Nom|Stealth Rock|p2a: Amoonguss","|-sidestart|p2: SWL Jyph|move: Stealth Rock","|move|p2a: Amoonguss|Spore|p1a: Nom","|-status|p1a: Nom|slp","|","|-heal|p2a: Amoonguss|338/432|[from] item: Black Sludge","|turn|8","|","|switch|p1a: Haxing N00b|Haxorus, F, shiny|293/293","|-ability|p1a: Haxing N00b|Mold Breaker","|move|p2a: Amoonguss|Giga Drain|p1a: Haxing N00b","|-resisted|p1a: Haxing N00b","|-damage|p1a: Haxing N00b|246/293","|-heal|p2a: Amoonguss|362/432|[from] drain|[of] p1a: Haxing N00b","|","|-heal|p2a: Amoonguss|389/432|[from] item: Black Sludge","|turn|9","|","|move|p1a: Haxing N00b|Earthquake|p2a: Amoonguss","|-damage|p2a: Amoonguss|255/432","|move|p2a: Amoonguss|Sludge Bomb|p1a: Haxing N00b","|-crit|p1a: Haxing N00b","|-damage|p1a: Haxing N00b|68/293","|-status|p1a: Haxing N00b|psn","|","|-heal|p2a: Amoonguss|282/432|[from] item: Black Sludge","|-damage|p1a: Haxing N00b|32/293 psn|[from] psn","|turn|10","|","|move|p1a: Haxing N00b|Dragon Claw|p2a: Amoonguss","|-damage|p2a: Amoonguss|138/432","|move|p2a: Amoonguss|Synthesis|p2a: Amoonguss","|-heal|p2a: Amoonguss|354/432","|","|-heal|p2a: Amoonguss|381/432|[from] item: Black Sludge","|-damage|p1a: Haxing N00b|0 fnt|[from] psn","|faint|p1a: Haxing N00b","|","|switch|p1a: Mickey|Noivern, M, shiny|311/311","|turn|11","|","|switch|p2a: Tentacruel|Tentacruel, M|363/364","|-damage|p2a: Tentacruel|318/364|[from] Stealth Rock","|move|p1a: Mickey|Hurricane|p2a: Tentacruel","|-damage|p2a: Tentacruel|157/364","|-start|p2a: Tentacruel|confusion","|-damage|p1a: Mickey|280/311|[from] item: Life Orb","|","|-heal|p2a: Tentacruel|179/364|[from] item: Black Sludge","|turn|12","|","|move|p1a: Mickey|Dragon Pulse|p2a: Tentacruel","|-damage|p2a: Tentacruel|58/364","|-damage|p1a: Mickey|249/311|[from] item: Life Orb","|-activate|p2a: Tentacruel|confusion","|move|p2a: Tentacruel|Rapid Spin|p1a: Mickey","|-damage|p1a: Mickey|235/311","|-sideend|p2: SWL Jyph|Stealth Rock|[from] move: Rapid Spin|[of] p2a: Tentacruel","|","|-heal|p2a: Tentacruel|80/364|[from] item: Black Sludge","|turn|13","|","|move|p1a: Mickey|Dragon Pulse|p2a: Tentacruel","|-damage|p2a: Tentacruel|0 fnt","|-damage|p1a: Mickey|204/311|[from] item: Life Orb","|faint|p2a: Tentacruel","|","|","|switch|p2a: Nidoqueen|Nidoqueen, F|384/384","|turn|14","|","|move|p1a: Mickey|Hurricane|p2a: Nidoqueen","|-damage|p2a: Nidoqueen|157/384","|-start|p2a: Nidoqueen|confusion","|-damage|p1a: Mickey|173/311|[from] item: Life Orb","|-activate|p2a: Nidoqueen|confusion","|move|p2a: Nidoqueen|Stealth Rock|p1a: Mickey","|-sidestart|p1: Crystal Umaan|move: Stealth Rock","|","|turn|15","|","|switch|p2a: Drapion|Drapion, F|343/343","|move|p1a: Mickey|Hurricane|p2a: Drapion","|-damage|p2a: Drapion|187/343","|-damage|p1a: Mickey|142/311|[from] item: Life Orb","|","|turn|16","|","|move|p1a: Mickey|Hurricane|p2a: Drapion","|-damage|p2a: Drapion|26/343","|-start|p2a: Drapion|confusion","|-damage|p1a: Mickey|111/311|[from] item: Life Orb","|-activate|p2a: Drapion|confusion","|-damage|p2a: Drapion|0 fnt|[from] confusion","|faint|p2a: Drapion","|","|","|switch|p2a: Beedrill|Beedrill, F|271/271","|turn|17","|","|detailschange|p2a: Beedrill|Beedrill-Mega, F","|-mega|p2a: Beedrill|Beedrill|Beedrillite","|move|p2a: Beedrill|Protect|p2a: Beedrill","|-singleturn|p2a: Beedrill|Protect","|move|p1a: Mickey|Hurricane|p2a: Beedrill","|-activate|p2a: Beedrill|Protect","|","|turn|18","|","|move|p2a: Beedrill|Poison Jab|p1a: Mickey","|-damage|p1a: Mickey|0 fnt","|faint|p1a: Mickey","|","|","|switch|p1a: Paleo|Tyrantrum, M|305/305","|-damage|p1a: Paleo|267/305|[from] Stealth Rock","|turn|19","|","|move|p2a: Beedrill|U-turn|p1a: Paleo","|-damage|p1a: Paleo|103/305","|","|switch|p2a: Amoonguss|Amoonguss, F|432/432","|move|p1a: Paleo|Head Smash|p2a: Amoonguss|[miss]","|-miss|p1a: Paleo|p2a: Amoonguss","|","|turn|20","|","|move|p1a: Paleo|Head Smash|p2a: Amoonguss","|-damage|p2a: Amoonguss|129/432","|move|p2a: Amoonguss|Giga Drain|p1a: Paleo","|-damage|p1a: Paleo|0 fnt","|-heal|p2a: Amoonguss|181/432|[from] drain|[of] p1a: Paleo","|faint|p1a: Paleo","|","|-heal|p2a: Amoonguss|208/432|[from] item: Black Sludge","|","|switch|p1a: Danson|Goodra, M|383/383","|-damage|p1a: Danson|336/383|[from] Stealth Rock","|turn|21","|","|move|p1a: Danson|Flamethrower|p2a: Amoonguss","|-supereffective|p2a: Amoonguss","|-damage|p2a: Amoonguss|0 fnt","|faint|p2a: Amoonguss","|","|","|switch|p2a: Beedrill|Beedrill-Mega, F|271/271","|turn|22","|","|move|p2a: Beedrill|U-turn|p1a: Danson","|-damage|p1a: Danson|92/383","|-unboost|p2a: Beedrill|spe|1","|","|switch|p2a: Nidoqueen|Nidoqueen, F|157/384","|move|p1a: Danson|Flamethrower|p2a: Nidoqueen","|-damage|p2a: Nidoqueen|44/384","|","|turn|23","|","|move|p1a: Danson|Dragon Pulse|p2a: Nidoqueen","|-damage|p2a: Nidoqueen|0 fnt","|faint|p2a: Nidoqueen","|","|","|switch|p2a: Beedrill|Beedrill-Mega, F|271/271","|turn|24","|","|move|p2a: Beedrill|U-turn|p1a: Danson","|-damage|p1a: Danson|0 fnt","|-unboost|p2a: Beedrill|spe|1","|faint|p1a: Danson","|","|switch|p2a: Gengar|Gengar, F|261/261","|","|","|switch|p1a: Maj|Dragonite, F|323/323","|-damage|p1a: Maj|243/323|[from] Stealth Rock","|turn|25","|","|move|p2a: Gengar|Dazzling Gleam|p1a: Maj","|-supereffective|p1a: Maj","|-damage|p1a: Maj|0 fnt","|-damage|p2a: Gengar|235/261|[from] item: Life Orb","|faint|p1a: Maj","|","|","|switch|p1a: Nom|Garchomp-Mega, F|264/357 slp","|-damage|p1a: Nom|242/357 slp|[from] Stealth Rock","|turn|26","|","|move|p2a: Gengar|Dazzling Gleam|p1a: Nom","|-supereffective|p1a: Nom","|-damage|p1a: Nom|0 fnt","|-damage|p2a: Gengar|209/261|[from] item: Life Orb","|faint|p1a: Nom","|","|win|SWL Jyph"],"p1rating":{"entryid":"3483","serverid":"eos","formatid":"monotype","userid":"crystalumaan","username":"Crystal Umaan","w":"2","l":7,"t":"0","gxe":36.4,"r":"1500","rd":"130","sigma":"0","rptime":"1439802000","rpr":1391.7406587445,"rprd":90.209451939084,"rpsigma":"0","acre":1020.2031658382,"lacre":1020.2031658382,"oldacre":"1035.8083863928"},"p2rating":{"entryid":"10848","serverid":"eos","formatid":"monotype","userid":"swljyph","username":"SWL Jyph","w":3,"l":"2","t":"0","gxe":53.6,"r":"1500","rd":"130","sigma":"0","rptime":"1439802000","rpr":1528.1351692769,"rprd":102.83219891053,"rpsigma":"0","acre":1066.4809268018,"lacre":1066.4809268018,"oldacre":"1030.5197359903"},"endType":"normal"}