{"seed":[45524,18368,41301,51254],"turns":25,"p1":"Emg E4 Bit","p2":"GTX♅Cool","p1team":[{"name":"Rock God","species":"tyranitar","item":"tyranitarite","ability":"Sand Stream","moves":["dragondance","crunch","icepunch","earthquake"],"nature":"Jolly","evs":{"hp":0,"atk":252,"def":0,"spa":0,"spd":4,"spe":252},"gender":"M","shiny":true,"ivs":{"hp":31,"atk":31,"def":31,"spa":31,"spd":31,"spe":31}},{"name":"Last Thing You See","species":"terrakion","item":"choiceband","ability":"Justified","moves":["stoneedge","closecombat","earthquake","quickattack"],"nature":"Jolly","evs":{"hp":0,"atk":252,"def":4,"spa":0,"spd":0,"spe":252},"shiny":true,"ivs":{"hp":31,"atk":31,"def":31,"spa":31,"spd":31,"spe":31}},{"name":"Blown Back","species":"cradily","item":"leftovers","ability":"Storm Drain","moves":["gigadrain","recover","toxic","mirrorcoat"],"nature":"Calm","evs":{"hp":252,"atk":0,"def":36,"spa":0,"spd":220,"spe":0},"gender":"F","ivs":{"hp":31,"atk":31,"def":31,"spa":31,"spd":31,"spe":31}},{"name":"Unkillable","species":"rhyperior","item":"weaknesspolicy","ability":"Solid Rock","moves":["earthquake","stoneedge","firepunch","icepunch"],"nature":"Adamant","evs":{"hp":212,"atk":40,"def":252,"spa":0,"spd":0,"spe":0},"gender":"M","shiny":true,"ivs":{"hp":31,"atk":31,"def":31,"spa":31,"spd":31,"spe":31}},{"name":"Comeback","species":"omastar","item":"focussash","ability":"Weak Armor","moves":["surf","icebeam","hiddenpowergrass","shellsmash"],"nature":"Timid","evs":{"hp":0,"atk":0,"def":4,"spa":252,"spd":0,"spe":252},"gender":"F","ivs":{"hp":31,"atk":30,"def":31,"spa":30,"spd":31,"spe":31}},{"name":"Mah Boy","species":"shuckle","item":"leftovers","ability":"Sturdy","moves":["stickyweb","stealthrock","encore","knockoff"],"nature":"Impish","evs":{"hp":252,"atk":0,"def":156,"spa":0,"spd":100,"spe":0},"gender":"M","shiny":true,"ivs":{"hp":31,"atk":31,"def":31,"spa":31,"spd":31,"spe":31}}],"p2team":[{"name":"Ludicolo","species":"Ludicolo","item":"lifeorb","ability":"Swift Swim","moves":["surf","gigadrain","icebeam","focusblast"],"nature":"","evs":{"hp":0,"atk":0,"def":0,"spa":252,"spd":4,"spe":252},"ivs":{"hp":31,"atk":31,"def":31,"spa":31,"spd":31,"spe":31}},{"name":"Politoed","species":"Politoed","item":"leftovers","ability":"Drizzle","moves":["scald","icebeam","perishsong","protect"],"nature":"","evs":{"hp":252,"atk":0,"def":76,"spa":76,"spd":100,"spe":4},"ivs":{"hp":31,"atk":31,"def":31,"spa":31,"spd":31,"spe":31}},{"name":"Keldeo","species":"Keldeo","item":"choicescarf","ability":"Justified","moves":["scald","sacredsword","hydropump","icywind"],"nature":"Timid","evs":{"hp":0,"atk":0,"def":4,"spa":252,"spd":0,"spe":252},"ivs":{"hp":31,"atk":31,"def":31,"spa":31,"spd":31,"spe":31}},{"name":"Gyarados","species":"Gyarados","item":"lumberry","ability":"Moxie","moves":["waterfall","earthquake","dragondance","protect"],"nature":"Adamant","evs":{"hp":12,"atk":252,"def":0,"spa":0,"spd":0,"spe":244},"ivs":{"hp":31,"atk":31,"def":31,"spa":31,"spd":31,"spe":31}},{"name":"Swampert","species":"Swampert","item":"swampertite","ability":"Damp","moves":["waterfall","earthquake","icepunch","poweruppunch"],"nature":"Adamant","evs":{"hp":0,"atk":252,"def":4,"spa":0,"spd":0,"spe":252},"ivs":{"hp":31,"atk":31,"def":31,"spa":31,"spd":31,"spe":31}},{"name":"Azumarill","species":"Azumarill","item":"sitrusberry","ability":"Sap Sipper","moves":["bellydrum","aquajet","playrough","knockoff"],"nature":"Adamant","evs":{"hp":92,"atk":252,"def":0,"spa":0,"spd":0,"spe":164},"ivs":{"hp":31,"atk":31,"def":31,"spa":31,"spd":31,"spe":31}}],"log":["|player|p1|Emg E4 Bit|154","|player|p2|GTX♅Cool|163","|gametype|singles","|gen|6","|tier|Monotype","|rated","|rule|Baton Pass Clause: Limit one Baton Passer, can't pass Spe and other stats simultaneously","|rule|Swagger Clause: Swagger is banned","|rule|Same Type Clause: Pokémon in a team must share a type","|clearpoke","|poke|p1|Tyranitar, M, shiny","|poke|p1|Terrakion, shiny","|poke|p1|Cradily, F","|poke|p1|Rhyperior, M, shiny","|poke|p1|Omastar, F","|poke|p1|Shuckle, M, shiny","|poke|p2|Ludicolo, M","|poke|p2|Politoed, F","|poke|p2|Keldeo","|poke|p2|Gyarados, M","|poke|p2|Swampert, F","|poke|p2|Azumarill, M","|rule|Sleep Clause Mod: Limit one foe put to sleep","|rule|Species Clause: Limit one of each Pokémon","|rule|OHKO Clause: OHKO moves are banned","|rule|Moody Clause: Moody is banned","|rule|Evasion Moves Clause: Evasion moves are banned","|rule|Endless Battle Clause: Forcing endless battles is banned","|rule|HP Percentage Mod: HP is shown in percentages","|teampreview","|","|start","|switch|p1a: Mah Boy|Shuckle, M, shiny|244/244","|switch|p2a: Azumarill|Azumarill, M|364/364","|turn|1","|","|move|p2a: Azumarill|Knock Off|p1a: Mah Boy","|-damage|p1a: Mah Boy|215/244","|-enditem|p1a: Mah Boy|Leftovers|[from] move: Knock Off|[of] p2a: Azumarill","|move|p1a: Mah Boy|Stealth Rock|p2a: Azumarill","|-sidestart|p2: GTX♅Cool|move: Stealth Rock","|","|turn|2","|","|move|p2a: Azumarill|Aqua Jet|p1a: Mah Boy","|-supereffective|p1a: Mah Boy","|-damage|p1a: Mah Boy|179/244","|move|p1a: Mah Boy|Sticky Web|p2a: Azumarill","|-sidestart|p2: GTX♅Cool|move: Sticky Web","|","|turn|3","|","|move|p2a: Azumarill|Aqua Jet|p1a: Mah Boy","|-supereffective|p1a: Mah Boy","|-damage|p1a: Mah Boy|143/244","|move|p1a: Mah Boy|Knock Off|p2a: Azumarill","|-resisted|p2a: Azumarill","|-damage|p2a: Azumarill|353/364","|-enditem|p2a: Azumarill|Sitrus Berry|[from] move: Knock Off|[of] p1a: Mah Boy","|","|turn|4","|","|move|p2a: Azumarill|Aqua Jet|p1a: Mah Boy","|-supereffective|p1a: Mah Boy","|-damage|p1a: Mah Boy|101/244","|move|p1a: Mah Boy|Encore|p2a: Azumarill","|-start|p2a: Azumarill|Encore","|","|turn|5","|","|move|p2a: Azumarill|Aqua Jet|p1a: Mah Boy","|-supereffective|p1a: Mah Boy","|-damage|p1a: Mah Boy|65/244","|move|p1a: Mah Boy|Knock Off|p2a: Azumarill","|-resisted|p2a: Azumarill","|-damage|p2a: Azumarill|345/364","|","|turn|6","|","|switch|p1a: Blown Back|Cradily, F|376/376","|move|p2a: Azumarill|Aqua Jet|p1a: Blown Back","|-boost|p1a: Blown Back|spa|1|[from] ability: Storm Drain","|","|turn|7","|","|switch|p2a: Ludicolo|Ludicolo, M|301/301","|-damage|p2a: Ludicolo|264/301|[from] Stealth Rock","|-activate|p2a: Ludicolo|move: Sticky Web","|-unboost|p2a: Ludicolo|spe|1","|move|p1a: Blown Back|Toxic|p2a: Ludicolo|[miss]","|-miss|p1a: Blown Back|p2a: Ludicolo","|","|turn|8","|","|move|p2a: Ludicolo|Giga Drain|p1a: Blown Back","|-damage|p1a: Blown Back|279/376","|-heal|p2a: Ludicolo|301/301|[from] drain|[of] p1a: Blown Back","|-damage|p2a: Ludicolo|271/301|[from] item: Life Orb","|move|p1a: Blown Back|Toxic|p2a: Ludicolo|[miss]","|-miss|p1a: Blown Back|p2a: Ludicolo","|","|-heal|p1a: Blown Back|302/376|[from] item: Leftovers","|turn|9","|","|move|p2a: Ludicolo|Ice Beam|p1a: Blown Back","|-supereffective|p1a: Blown Back","|-damage|p1a: Blown Back|154/376","|-status|p1a: Blown Back|frz","|-damage|p2a: Ludicolo|241/301|[from] item: Life Orb","|cant|p1a: Blown Back|frz","|","|-heal|p1a: Blown Back|177/376 frz|[from] item: Leftovers","|turn|10","|","|move|p2a: Ludicolo|Ice Beam|p1a: Blown Back","|-crit|p1a: Blown Back","|-supereffective|p1a: Blown Back","|-damage|p1a: Blown Back|0 fnt","|-damage|p2a: Ludicolo|211/301|[from] item: Life Orb","|faint|p1a: Blown Back","|","|","|switch|p1a: Last Thing You See|Terrakion, shiny|323/323","|turn|11","|","|move|p1a: Last Thing You See|Close Combat|p2a: Ludicolo","|-damage|p2a: Ludicolo|0 fnt","|-unboost|p1a: Last Thing You See|def|1","|-unboost|p1a: Last Thing You See|spd|1","|faint|p2a: Ludicolo","|","|","|switch|p2a: Azumarill|Azumarill, M|345/364","|-damage|p2a: Azumarill|300/364|[from] Stealth Rock","|-activate|p2a: Azumarill|move: Sticky Web","|-unboost|p2a: Azumarill|spe|1","|turn|12","|","|switch|p1a: Comeback|Omastar, F|281/281","|move|p2a: Azumarill|Aqua Jet|p1a: Comeback","|-damage|p1a: Comeback|245/281","|-unboost|p1a: Comeback|def|1|[from] ability: Weak Armor","|-boost|p1a: Comeback|spe|1|[from] ability: Weak Armor","|","|turn|13","|","|switch|p1a: Mah Boy|Shuckle, M, shiny|65/244","|move|p2a: Azumarill|Knock Off|p1a: Mah Boy","|-damage|p1a: Mah Boy|47/244","|","|turn|14","|","|move|p2a: Azumarill|Aqua Jet|p1a: Mah Boy","|-supereffective|p1a: Mah Boy","|-damage|p1a: Mah Boy|9/244","|move|p1a: Mah Boy|Encore|p2a: Azumarill","|-start|p2a: Azumarill|Encore","|","|turn|15","|","|move|p2a: Azumarill|Aqua Jet|p1a: Mah Boy","|-supereffective|p1a: Mah Boy","|-damage|p1a: Mah Boy|0 fnt","|faint|p1a: Mah Boy","|","|","|switch|p1a: Last Thing You See|Terrakion, shiny|323/323","|turn|16","|","|move|p2a: Azumarill|Aqua Jet|p1a: Last Thing You See","|-supereffective|p1a: Last Thing You See","|-damage|p1a: Last Thing You See|225/323","|move|p1a: Last Thing You See|Stone Edge|p2a: Azumarill","|-damage|p2a: Azumarill|0 fnt","|faint|p2a: Azumarill","|","|","|switch|p2a: Keldeo|Keldeo|323/323","|-damage|p2a: Keldeo|303/323|[from] Stealth Rock","|-activate|p2a: Keldeo|move: Sticky Web","|-unboost|p2a: Keldeo|spe|1","|turn|17","|","|switch|p1a: Comeback|Omastar, F|245/281","|move|p2a: Keldeo|Scald|p1a: Comeback","|-damage|p1a: Comeback|43/281","|","|turn|18","|","|move|p2a: Keldeo|Scald|p1a: Comeback","|-damage|p1a: Comeback|0 fnt","|faint|p1a: Comeback","|","|","|switch|p1a: Last Thing You See|Terrakion, shiny|225/323","|turn|19","|","|move|p1a: Last Thing You See|Close Combat|p2a: Keldeo","|-damage|p2a: Keldeo|0 fnt","|-unboost|p1a: Last Thing You See|def|1","|-unboost|p1a: Last Thing You See|spd|1","|faint|p2a: Keldeo","|","|","|switch|p2a: Politoed|Politoed, F|384/384","|-damage|p2a: Politoed|336/384|[from] Stealth Rock","|-activate|p2a: Politoed|move: Sticky Web","|-unboost|p2a: Politoed|spe|1","|-weather|RainDance","|turn|20","|","|move|p1a: Last Thing You See|Close Combat|p2a: Politoed","|-damage|p2a: Politoed|0 fnt","|-unboost|p1a: Last Thing You See|def|1","|-unboost|p1a: Last Thing You See|spd|1","|faint|p2a: Politoed","|","|-weather|RainDance|[upkeep]","|","|switch|p2a: Swampert|Swampert, F|341/341","|-activate|p2a: Swampert|move: Sticky Web","|-unboost|p2a: Swampert|spe|1","|-damage|p2a: Swampert|320/341|[from] Stealth Rock","|turn|21","|","|switch|p1a: Rock God|Tyranitar, M, shiny|341/341","|-weather|Sandstorm","|detailschange|p2a: Swampert|Swampert-Mega, F","|-mega|p2a: Swampert|Swampert|Swampertite","|move|p2a: Swampert|Waterfall|p1a: Rock God","|-supereffective|p1a: Rock God","|-damage|p1a: Rock God|27/341","|","|-weather|Sandstorm|[upkeep]","|turn|22","|","|detailschange|p1a: Rock God|Tyranitar-Mega, M, shiny","|-mega|p1a: Rock God|Tyranitar|Tyranitarite","|move|p1a: Rock God|Crunch|p2a: Swampert","|-damage|p2a: Swampert|155/341","|move|p2a: Swampert|Waterfall|p1a: Rock God","|-supereffective|p1a: Rock God","|-damage|p1a: Rock God|0 fnt","|faint|p1a: Rock God","|","|-weather|Sandstorm|[upkeep]","|","|switch|p1a: Unkillable|Rhyperior, M, shiny|424/424","|turn|23","|","|move|p2a: Swampert|Waterfall|p1a: Unkillable","|-supereffective|p1a: Unkillable","|-damage|p1a: Unkillable|64/424","|-enditem|p1a: Unkillable|Weakness Policy","|-boost|p1a: Unkillable|atk|2|[from] item: Weakness Policy","|-boost|p1a: Unkillable|spa|2|[from] item: Weakness Policy","|move|p1a: Unkillable|Earthquake|p2a: Swampert","|-damage|p2a: Swampert|0 fnt","|faint|p2a: Swampert","|","|-weather|Sandstorm|[upkeep]","|","|switch|p2a: Gyarados|Gyarados, M|334/334","|-damage|p2a: Gyarados|251/334|[from] Stealth Rock","|turn|24","|","|move|p2a: Gyarados|Waterfall|p1a: Unkillable","|-supereffective|p1a: Unkillable","|-damage|p1a: Unkillable|0 fnt","|faint|p1a: Unkillable","|-boost|p2a: Gyarados|atk|1|[from] ability: Moxie","|","|-weather|Sandstorm|[upkeep]","|-damage|p2a: Gyarados|231/334|[from] sandstorm","|","|switch|p1a: Last Thing You See|Terrakion, shiny|225/323","|turn|25","|","|move|p1a: Last Thing You See|Stone Edge|p2a: Gyarados","|-supereffective|p2a: Gyarados","|-damage|p2a: Gyarados|0 fnt","|faint|p2a: Gyarados","|","|win|Emg E4 Bit"],"p1rating":{"entryid":"86213","serverid":"eos","formatid":"monotype","userid":"emge4bit","username":"Emg E4 Bit","w":1,"l":"1","t":"0","gxe":48.2,"r":"1500","rd":"130","sigma":"0","rptime":"1439888400","rpr":1485.791554984,"rprd":117.40858634483,"rpsigma":"0","acre":1040.9641635875,"lacre":1040.9641635875,"oldacre":"1000"},"p2rating":{"entryid":"10847","serverid":"eos","formatid":"monotype","userid":"gtxcool","username":"GTX♅Cool","w":"2","l":13,"t":"0","gxe":28.1,"r":"1342.945816768","rd":"99.186710102519","sigma":"0","rptime":"1439888400","rpr":1318.227874051,"rprd":80.215473059051,"rpsigma":"0","acre":1000,"lacre":1000,"oldacre":"1008.3762409845"},"endType":"normal"}