{"seed":[46639,20415,25387,38535],"turns":37,"p1":"Knight♕Altair","p2":"Pixie~Games","p1team":[{"name":"Take a Chance xd","species":"chansey","item":"eviolite","ability":"Natural Cure","moves":["thunderwave","softboiled","seismictoss","healbell"],"nature":"Bold","evs":{"hp":4,"atk":0,"def":252,"spa":0,"spd":252,"spe":0},"ivs":{"hp":31,"atk":31,"def":31,"spa":31,"spd":31,"spe":31}},{"name":"Im very Punny xd","species":"lopunny","item":"lopunnite","ability":"Limber","moves":["highjumpkick","return","fakeout","icepunch"],"nature":"Jolly","evs":{"hp":0,"atk":252,"def":4,"spa":0,"spd":0,"spe":252},"ivs":{"hp":31,"atk":31,"def":31,"spa":31,"spd":31,"spe":31}},{"name":"Pory is gone 2 far","species":"porygon2","item":"eviolite","ability":"Analytic","moves":["toxic","icebeam","thunderbolt","recover"],"nature":"Bold","evs":{"hp":252,"atk":0,"def":252,"spa":0,"spd":4,"spe":0},"ivs":{"hp":31,"atk":31,"def":31,"spa":31,"spd":31,"spe":31}},{"name":"Mellow Out D00d","species":"meloetta","item":"lifeorb","ability":"Serene Grace","moves":["relicsong","psychic","closecombat","knockoff"],"nature":"Naive","evs":{"hp":0,"atk":128,"def":0,"spa":128,"spd":0,"spe":252},"ivs":{"hp":31,"atk":31,"def":31,"spa":31,"spd":31,"spe":31}},{"name":"The Raptorz Star","species":"staraptor","item":"choicescarf","ability":"Intimidate","moves":["bravebird","doubleedge","closecombat","uturn"],"nature":"Jolly","evs":{"hp":0,"atk":252,"def":4,"spa":0,"spd":0,"spe":252},"ivs":{"hp":31,"atk":31,"def":31,"spa":31,"spd":31,"spe":31}},{"name":"TheFunniestBunny","species":"diggersby","item":"focussash","ability":"Huge Power","moves":["return","earthquake","quickattack","firepunch"],"nature":"Adamant","evs":{"hp":0,"atk":252,"def":4,"spa":0,"spd":0,"spe":252},"ivs":{"hp":31,"atk":31,"def":31,"spa":31,"spd":31,"spe":31}}],"p2team":[{"name":"Mew","species":"Mew","item":"leftovers","ability":"Synchronize","moves":["toxic","roost","psyshock","calmmind"],"nature":"Bold","evs":{"hp":252,"atk":0,"def":252,"spa":4,"spd":0,"spe":0},"ivs":{"hp":31,"atk":31,"def":31,"spa":31,"spd":31,"spe":31}},{"name":"Alakazam","species":"Alakazam","item":"choicescarf","ability":"Magic Guard","moves":["psychic","shadowball","dazzlinggleam","energyball"],"nature":"Modest","evs":{"hp":0,"atk":0,"def":0,"spa":252,"spd":4,"spe":252},"ivs":{"hp":31,"atk":31,"def":31,"spa":31,"spd":31,"spe":31}},{"name":"Jirachi","species":"Jirachi","item":"choicescarf","ability":"Serene Grace","moves":["ironhead","zenheadbutt","uturn","drainpunch"],"nature":"Jolly","evs":{"hp":0,"atk":252,"def":0,"spa":0,"spd":4,"spe":252},"ivs":{"hp":31,"atk":31,"def":31,"spa":31,"spd":31,"spe":31}},{"name":"Victini","species":"Victini","item":"choicescarf","ability":"Victory Star","moves":["boltstrike","vcreate","uturn","zenheadbutt"],"nature":"Jolly","evs":{"hp":0,"atk":252,"def":0,"spa":0,"spd":4,"spe":252},"ivs":{"hp":31,"atk":31,"def":31,"spa":31,"spd":31,"spe":31}},{"name":"Meloetta","species":"Meloetta","item":"leftovers","ability":"Serene Grace","moves":["dazzlinggleam","shadowball","relicsong","psyshock"],"nature":"Calm","evs":{"hp":252,"atk":0,"def":0,"spa":0,"spd":252,"spe":0},"ivs":{"hp":31,"atk":0,"def":31,"spa":31,"spd":31,"spe":31}},{"name":"Gardevoir","species":"Gardevoir","item":"gardevoirite","ability":"Synchronize","moves":["hypervoice","psyshock","shadowball","energyball"],"nature":"Timid","evs":{"hp":0,"atk":0,"def":0,"spa":252,"spd":4,"spe":252},"ivs":{"hp":31,"atk":0,"def":31,"spa":31,"spd":31,"spe":31}}],"log":["|player|p1|Knight♕Altair|274","|player|p2|Pixie~Games|138","|gametype|singles","|gen|6","|tier|Monotype","|rated","|rule|Baton Pass Clause: Limit one Baton Passer, can't pass Spe and other stats simultaneously","|rule|Swagger Clause: Swagger is banned","|rule|Same Type Clause: Pokémon in a team must share a type","|clearpoke","|poke|p1|Chansey, F","|poke|p1|Lopunny, F","|poke|p1|Porygon2","|poke|p1|Meloetta","|poke|p1|Staraptor, F","|poke|p1|Diggersby, F","|poke|p2|Mew","|poke|p2|Alakazam, F","|poke|p2|Jirachi","|poke|p2|Victini","|poke|p2|Meloetta","|poke|p2|Gardevoir, F","|rule|Sleep Clause Mod: Limit one foe put to sleep","|rule|Species Clause: Limit one of each Pokémon","|rule|OHKO Clause: OHKO moves are banned","|rule|Moody Clause: Moody is banned","|rule|Evasion Moves Clause: Evasion moves are banned","|rule|Endless Battle Clause: Forcing endless battles is banned","|rule|HP Percentage Mod: HP is shown in percentages","|teampreview","|","|start","|switch|p1a: Im very Punny xd|Lopunny, F|271/271","|switch|p2a: Mew|Mew|404/404","|turn|1","|","|detailschange|p1a: Im very Punny xd|Lopunny-Mega, F","|-mega|p1a: Im very Punny xd|Lopunny|Lopunnite","|move|p1a: Im very Punny xd|Fake Out|p2a: Mew","|-damage|p2a: Mew|349/404","|cant|p2a: Mew|flinch","|","|-heal|p2a: Mew|374/404|[from] item: Leftovers","|turn|2","|","|switch|p1a: Pory is gone 2 far|Porygon2|374/374","|move|p2a: Mew|Psyshock|p1a: Pory is gone 2 far","|-damage|p1a: Pory is gone 2 far|323/374","|","|-heal|p2a: Mew|399/404|[from] item: Leftovers","|turn|3","|","|move|p2a: Mew|Toxic|p1a: Pory is gone 2 far","|-status|p1a: Pory is gone 2 far|tox","|move|p1a: Pory is gone 2 far|Toxic|p2a: Mew","|-status|p2a: Mew|tox","|","|-heal|p2a: Mew|404/404 tox|[from] item: Leftovers","|-damage|p2a: Mew|379/404 tox|[from] psn","|-damage|p1a: Pory is gone 2 far|300/374 tox|[from] psn","|turn|4","|","|switch|p2a: Gardevoir|Gardevoir, F|277/277","|switch|p1a: Im very Punny xd|Lopunny-Mega, F|271/271","|","|turn|5","|","|switch|p2a: Jirachi|Jirachi|341/341","|move|p1a: Im very Punny xd|Fake Out|p2a: Jirachi","|-resisted|p2a: Jirachi","|-damage|p2a: Jirachi|305/341","|","|turn|6","|","|move|p2a: Jirachi|Zen Headbutt|p1a: Im very Punny xd","|-supereffective|p1a: Im very Punny xd","|-damage|p1a: Im very Punny xd|31/271","|move|p1a: Im very Punny xd|High Jump Kick|p2a: Jirachi","|-damage|p2a: Jirachi|80/341","|","|turn|7","|","|switch|p1a: Take a Chance xd|Chansey, F|642/642","|move|p2a: Jirachi|Zen Headbutt|p1a: Take a Chance xd","|-damage|p1a: Take a Chance xd|471/642","|","|turn|8","|","|switch|p2a: Mew|Mew|379/404 tox","|move|p1a: Take a Chance xd|Heal Bell|p1a: Take a Chance xd","|-cureteam|p1a: Take a Chance xd|[from] move: HealBell","|","|-heal|p2a: Mew|404/404 tox|[from] item: Leftovers","|-damage|p2a: Mew|379/404 tox|[from] psn","|turn|9","|","|move|p2a: Mew|Toxic|p1a: Take a Chance xd","|-status|p1a: Take a Chance xd|tox","|move|p1a: Take a Chance xd|Soft-Boiled|p1a: Take a Chance xd","|-heal|p1a: Take a Chance xd|642/642 tox","|","|-heal|p2a: Mew|404/404 tox|[from] item: Leftovers","|-damage|p2a: Mew|354/404 tox|[from] psn","|-damage|p1a: Take a Chance xd|602/642 tox|[from] psn","|turn|10","|","|switch|p1a: Pory is gone 2 far|Porygon2|300/374","|move|p2a: Mew|Calm Mind|p2a: Mew","|-boost|p2a: Mew|spa|1","|-boost|p2a: Mew|spd|1","|","|-heal|p2a: Mew|379/404 tox|[from] item: Leftovers","|-damage|p2a: Mew|304/404 tox|[from] psn","|turn|11","|","|switch|p1a: Mellow Out D00d|Meloetta|341/341","|move|p2a: Mew|Toxic|p1a: Mellow Out D00d","|-status|p1a: Mellow Out D00d|tox","|","|-heal|p2a: Mew|329/404 tox|[from] item: Leftovers","|-damage|p1a: Mellow Out D00d|320/341 tox|[from] psn","|-damage|p2a: Mew|229/404 tox|[from] psn","|turn|12","|","|move|p1a: Mellow Out D00d|Relic Song|p2a: Mew","|-damage|p2a: Mew|128/404 tox","|-damage|p1a: Mellow Out D00d|286/341 tox|[from] item: Life Orb","|-formechange|p1a: Mellow Out D00d|Meloetta-Pirouette|[msg]","|move|p2a: Mew|Psyshock|p1a: Mellow Out D00d","|-supereffective|p1a: Mellow Out D00d","|-damage|p1a: Mellow Out D00d|0 fnt","|faint|p1a: Mellow Out D00d","|","|-heal|p2a: Mew|153/404 tox|[from] item: Leftovers","|-damage|p2a: Mew|28/404 tox|[from] psn","|","|switch|p1a: Take a Chance xd|Chansey, F|602/642","|turn|13","|","|move|p2a: Mew|Roost|p2a: Mew","|-heal|p2a: Mew|230/404 tox","|move|p1a: Take a Chance xd|Thunder Wave|p2a: Mew","|-fail|p2a: Mew","|","|-heal|p2a: Mew|255/404 tox|[from] item: Leftovers","|-damage|p2a: Mew|105/404 tox|[from] psn","|turn|14","|","|move|p2a: Mew|Roost|p2a: Mew","|-heal|p2a: Mew|307/404 tox","|move|p1a: Take a Chance xd|Seismic Toss|p2a: Mew","|-damage|p2a: Mew|207/404 tox","|","|-heal|p2a: Mew|232/404 tox|[from] item: Leftovers","|-damage|p2a: Mew|57/404 tox|[from] psn","|turn|15","|","|switch|p2a: Gardevoir|Gardevoir, F|277/277","|move|p1a: Take a Chance xd|Seismic Toss|p2a: Gardevoir","|-damage|p2a: Gardevoir|177/277","|","|turn|16","|","|switch|p2a: Mew|Mew|57/404 tox","|move|p1a: Take a Chance xd|Thunder Wave|p2a: Mew","|-fail|p2a: Mew","|","|-heal|p2a: Mew|82/404 tox|[from] item: Leftovers","|-damage|p2a: Mew|57/404 tox|[from] psn","|turn|17","|","|move|p2a: Mew|Roost|p2a: Mew","|-heal|p2a: Mew|259/404 tox","|move|p1a: Take a Chance xd|Seismic Toss|p2a: Mew","|-damage|p2a: Mew|159/404 tox","|","|-heal|p2a: Mew|184/404 tox|[from] item: Leftovers","|-damage|p2a: Mew|134/404 tox|[from] psn","|turn|18","|","|move|p2a: Mew|Toxic|p1a: Take a Chance xd","|-status|p1a: Take a Chance xd|tox","|move|p1a: Take a Chance xd|Seismic Toss|p2a: Mew","|-damage|p2a: Mew|34/404 tox","|","|-heal|p2a: Mew|59/404 tox|[from] item: Leftovers","|-damage|p2a: Mew|0 fnt|[from] psn","|-damage|p1a: Take a Chance xd|562/642 tox|[from] psn","|faint|p2a: Mew","|","|switch|p2a: Jirachi|Jirachi|80/341","|turn|19","|","|move|p2a: Jirachi|Drain Punch|p1a: Take a Chance xd","|-supereffective|p1a: Take a Chance xd","|-damage|p1a: Take a Chance xd|370/642 tox","|-heal|p2a: Jirachi|176/341|[from] drain|[of] p1a: Take a Chance xd","|move|p1a: Take a Chance xd|Thunder Wave|p2a: Jirachi","|-status|p2a: Jirachi|par","|","|-damage|p1a: Take a Chance xd|290/642 tox|[from] psn","|turn|20","|","|move|p1a: Take a Chance xd|Heal Bell|p1a: Take a Chance xd","|-cureteam|p1a: Take a Chance xd|[from] move: HealBell","|move|p2a: Jirachi|Drain Punch|p1a: Take a Chance xd","|-supereffective|p1a: Take a Chance xd","|-damage|p1a: Take a Chance xd|98/642","|-heal|p2a: Jirachi|272/341 par|[from] drain|[of] p1a: Take a Chance xd","|","|turn|21","|","|move|p1a: Take a Chance xd|Soft-Boiled|p1a: Take a Chance xd","|-heal|p1a: Take a Chance xd|419/642","|cant|p2a: Jirachi|par","|","|turn|22","|","|switch|p1a: TheFunniestBunny|Diggersby, F|311/311","|move|p2a: Jirachi|Drain Punch|p1a: TheFunniestBunny","|-supereffective|p1a: TheFunniestBunny","|-damage|p1a: TheFunniestBunny|115/311","|-heal|p2a: Jirachi|341/341 par|[from] drain|[of] p1a: TheFunniestBunny","|","|turn|23","|","|move|p1a: TheFunniestBunny|Fire Punch|p2a: Jirachi","|-supereffective|p2a: Jirachi","|-damage|p2a: Jirachi|101/341 par","|move|p2a: Jirachi|Drain Punch|p1a: TheFunniestBunny","|-supereffective|p1a: TheFunniestBunny","|-damage|p1a: TheFunniestBunny|0 fnt","|-heal|p2a: Jirachi|159/341 par|[from] drain|[of] p1a: TheFunniestBunny","|faint|p1a: TheFunniestBunny","|","|","|switch|p1a: Im very Punny xd|Lopunny-Mega, F|31/271","|turn|24","|","|move|p1a: Im very Punny xd|Fake Out|p2a: Jirachi","|-resisted|p2a: Jirachi","|-damage|p2a: Jirachi|123/341 par","|cant|p2a: Jirachi|flinch","|","|turn|25","|","|move|p1a: Im very Punny xd|Return|p2a: Jirachi","|-resisted|p2a: Jirachi","|-damage|p2a: Jirachi|25/341 par","|move|p2a: Jirachi|Drain Punch|p1a: Im very Punny xd","|-supereffective|p1a: Im very Punny xd","|-damage|p1a: Im very Punny xd|0 fnt","|-heal|p2a: Jirachi|41/341 par|[from] drain|[of] p1a: Im very Punny xd","|faint|p1a: Im very Punny xd","|","|","|switch|p1a: Pory is gone 2 far|Porygon2|300/374","|turn|26","|","|move|p1a: Pory is gone 2 far|Ice Beam|p2a: Jirachi","|-resisted|p2a: Jirachi","|-damage|p2a: Jirachi|7/341 par","|move|p2a: Jirachi|Drain Punch|p1a: Pory is gone 2 far","|-supereffective|p1a: Pory is gone 2 far","|-damage|p1a: Pory is gone 2 far|218/374","|-heal|p2a: Jirachi|48/341 par|[from] drain|[of] p1a: Pory is gone 2 far","|","|turn|27","|","|move|p1a: Pory is gone 2 far|Recover|p1a: Pory is gone 2 far","|-heal|p1a: Pory is gone 2 far|374/374","|cant|p2a: Jirachi|par","|","|turn|28","|","|switch|p2a: Gardevoir|Gardevoir, F|177/277","|move|p1a: Pory is gone 2 far|Ice Beam|p2a: Gardevoir","|-damage|p2a: Gardevoir|89/277","|","|turn|29","|","|detailschange|p2a: Gardevoir|Gardevoir-Mega, F","|-mega|p2a: Gardevoir|Gardevoir|Gardevoirite","|move|p2a: Gardevoir|Hyper Voice|p1a: Pory is gone 2 far","|-damage|p1a: Pory is gone 2 far|214/374","|move|p1a: Pory is gone 2 far|Ice Beam|p2a: Gardevoir","|-damage|p2a: Gardevoir|18/277","|","|turn|30","|","|move|p2a: Gardevoir|Hyper Voice|p1a: Pory is gone 2 far","|-damage|p1a: Pory is gone 2 far|45/374","|move|p1a: Pory is gone 2 far|Thunderbolt|p2a: Gardevoir","|-damage|p2a: Gardevoir|0 fnt","|faint|p2a: Gardevoir","|","|","|switch|p2a: Victini|Victini|341/341","|turn|31","|","|move|p2a: Victini|Bolt Strike|p1a: Pory is gone 2 far|[miss]","|-miss|p2a: Victini|p1a: Pory is gone 2 far","|move|p1a: Pory is gone 2 far|Recover|p1a: Pory is gone 2 far","|-heal|p1a: Pory is gone 2 far|232/374","|","|turn|32","|","|switch|p2a: Jirachi|Jirachi|48/341 par","|move|p1a: Pory is gone 2 far|Toxic|p2a: Jirachi","|-fail|p2a: Jirachi","|","|turn|33","|","|move|p1a: Pory is gone 2 far|Ice Beam|p2a: Jirachi","|-resisted|p2a: Jirachi","|-damage|p2a: Jirachi|12/341 par","|move|p2a: Jirachi|Drain Punch|p1a: Pory is gone 2 far","|-supereffective|p1a: Pory is gone 2 far","|-damage|p1a: Pory is gone 2 far|154/374","|-heal|p2a: Jirachi|51/341 par|[from] drain|[of] p1a: Pory is gone 2 far","|","|turn|34","|","|move|p1a: Pory is gone 2 far|Ice Beam|p2a: Jirachi","|-crit|p2a: Jirachi","|-resisted|p2a: Jirachi","|-damage|p2a: Jirachi|0 fnt","|faint|p2a: Jirachi","|","|","|switch|p2a: Victini|Victini|341/341","|turn|35","|","|move|p2a: Victini|V-create|p1a: Pory is gone 2 far","|-damage|p1a: Pory is gone 2 far|25/374","|-unboost|p2a: Victini|spe|1","|-unboost|p2a: Victini|def|1","|-unboost|p2a: Victini|spd|1","|move|p1a: Pory is gone 2 far|Recover|p1a: Pory is gone 2 far","|-heal|p1a: Pory is gone 2 far|212/374","|","|turn|36","|","|switch|p2a: Meloetta|Meloetta|404/404","|move|p1a: Pory is gone 2 far|Thunderbolt|p2a: Meloetta","|-damage|p2a: Meloetta|345/404","|-status|p2a: Meloetta|par","|","|-heal|p2a: Meloetta|370/404 par|[from] item: Leftovers","|turn|37","|","|win|Knight♕Altair"],"p1rating":{"entryid":"39559","serverid":"eos","formatid":"monotype","userid":"knightaltair","username":"Knight♕Altair","w":1,"l":"1","t":"0","gxe":49.2,"r":"1500","rd":"130","sigma":"0","rptime":"1439888400","rpr":1493.3971971464,"rprd":116.83157573171,"rpsigma":"0","acre":1040,"lacre":1040,"oldacre":"1000"},"p2rating":{"entryid":"6068","serverid":"eos","formatid":"monotype","userid":"pixiegames","username":"Pixie~Games","w":"0","l":3,"t":"0","gxe":37.7,"r":"1427.4328741711","rd":"116.77753930647","sigma":"0","rptime":"1439888400","rpr":1400.5682183079,"rprd":111.69758873485,"rpsigma":"0","acre":1000,"lacre":1000,"oldacre":"1000"},"endType":"forfeit"}