{"seed":[51002,40542,19242,19730],"turns":29,"p1":"tboltrider","p2":"Guard Jhawk","p1team":[{"name":"Landorus-Therian","species":"Landorus-Therian","item":"assaultvest","ability":"Intimidate","moves":["earthquake","knockoff","uturn","stoneedge"],"nature":"Jolly","evs":{"hp":0,"atk":56,"def":0,"spa":0,"spd":200,"spe":252},"ivs":{"hp":31,"atk":31,"def":31,"spa":31,"spd":31,"spe":31}},{"name":"Skarmory","species":"Skarmory","item":"rockyhelmet","ability":"Sturdy","moves":["roost","swordsdance","stealthrock","ironhead"],"nature":"Jolly","evs":{"hp":0,"atk":128,"def":0,"spa":0,"spd":248,"spe":132},"gender":"M","ivs":{"hp":31,"atk":31,"def":31,"spa":31,"spd":31,"spe":31}},{"name":"Togekiss","species":"Togekiss","item":"leftovers","ability":"Serene Grace","moves":["aurasphere","airslash","softboiled","thunderwave"],"nature":"Modest","evs":{"hp":0,"atk":0,"def":148,"spa":108,"spd":0,"spe":252},"gender":"F","ivs":{"hp":31,"atk":31,"def":31,"spa":31,"spd":31,"spe":31}},{"name":"Mandibuzz","species":"Mandibuzz","item":"weaknesspolicy","ability":"Big Pecks","moves":["bravebird","defog","foulplay","taunt"],"nature":"Adamant","evs":{"hp":0,"atk":232,"def":0,"spa":0,"spd":156,"spe":120},"ivs":{"hp":31,"atk":31,"def":31,"spa":31,"spd":31,"spe":31}},{"name":"Hawlucha","species":"Hawlucha","item":"sitrusberry","ability":"Unburden","moves":["swordsdance","acrobatics","highjumpkick","substitute"],"nature":"Careful","evs":{"hp":12,"atk":252,"def":0,"spa":0,"spd":0,"spe":244},"ivs":{"hp":31,"atk":31,"def":31,"spa":31,"spd":31,"spe":31}},{"name":"Charizard","species":"Charizard","item":"charizarditex","ability":"Blaze","moves":["dragondance","dragonclaw","roost","flareblitz"],"nature":"Jolly","evs":{"hp":0,"atk":252,"def":4,"spa":0,"spd":0,"spe":252},"gender":"M","ivs":{"hp":31,"atk":31,"def":31,"spa":31,"spd":31,"spe":31}}],"p2team":[{"name":"Rotom-Wash","species":"Rotom-Wash","item":"leftovers","ability":"Levitate","moves":["thunderwave","hydropump","willowisp","substitute"],"nature":"Calm","evs":{"hp":252,"atk":0,"def":24,"spa":76,"spd":144,"spe":12},"ivs":{"hp":31,"atk":31,"def":31,"spa":31,"spd":31,"spe":31}},{"name":"Politoed","species":"Politoed","item":"choicescarf","ability":"Drizzle","moves":["focusblast","hydropump","icebeam","psychic"],"nature":"Timid","evs":{"hp":0,"atk":0,"def":0,"spa":252,"spd":4,"spe":252},"ivs":{"hp":31,"atk":31,"def":31,"spa":31,"spd":31,"spe":31}},{"name":"Sharpedo","species":"Sharpedo","item":"sharpedonite","ability":"Speed Boost","moves":["crunch","icefang","waterfall","protect"],"nature":"Adamant","evs":{"hp":0,"atk":252,"def":0,"spa":0,"spd":4,"spe":252},"ivs":{"hp":31,"atk":31,"def":31,"spa":31,"spd":31,"spe":31}},{"name":"Slowbro","species":"Slowbro","item":"choicespecs","ability":"Regenerator","moves":["psyshock","scald","flamethrower","shadowball"],"nature":"Modest","evs":{"hp":248,"atk":0,"def":0,"spa":252,"spd":8,"spe":0},"ivs":{"hp":31,"atk":31,"def":31,"spa":31,"spd":31,"spe":31}},{"name":"Qwilfish","species":"Qwilfish","item":"blacksludge","ability":"Intimidate","moves":["thunderwave","toxicspikes","waterfall","poisonjab"],"nature":"Impish","evs":{"hp":252,"atk":48,"def":208,"spa":0,"spd":0,"spe":0},"ivs":{"hp":31,"atk":31,"def":31,"spa":31,"spd":31,"spe":31}},{"name":"Seismitoad","species":"Seismitoad","item":"lifeorb","ability":"Swift Swim","moves":["scald","earthpower","sludgewave","stealthrock"],"nature":"Modest","evs":{"hp":208,"atk":0,"def":0,"spa":252,"spd":4,"spe":44},"ivs":{"hp":31,"atk":31,"def":31,"spa":31,"spd":31,"spe":31}}],"log":["|player|p1|tboltrider|93","|player|p2|Guard Jhawk|141","|gametype|singles","|gen|6","|tier|Monotype","|rated","|rule|Baton Pass Clause: Limit one Baton Passer, can't pass Spe and other stats simultaneously","|rule|Swagger Clause: Swagger is banned","|rule|Same Type Clause: Pokémon in a team must share a type","|clearpoke","|poke|p1|Landorus-Therian, M","|poke|p1|Skarmory, M","|poke|p1|Togekiss, F","|poke|p1|Mandibuzz, F","|poke|p1|Hawlucha, M","|poke|p1|Charizard, M","|poke|p2|Rotom-Wash","|poke|p2|Politoed, M","|poke|p2|Sharpedo, M","|poke|p2|Slowbro, M","|poke|p2|Qwilfish, F","|poke|p2|Seismitoad, M","|rule|Sleep Clause Mod: Limit one foe put to sleep","|rule|Species Clause: Limit one of each Pokémon","|rule|OHKO Clause: OHKO moves are banned","|rule|Moody Clause: Moody is banned","|rule|Evasion Moves Clause: Evasion moves are banned","|rule|Endless Battle Clause: Forcing endless battles is banned","|rule|HP Percentage Mod: HP is shown in percentages","|teampreview","|","|start","|switch|p1a: Mandibuzz|Mandibuzz, F|361/361","|switch|p2a: Rotom-Wash|Rotom-Wash|304/304","|turn|1","|","|move|p1a: Mandibuzz|Taunt|p2a: Rotom-Wash","|-start|p2a: Rotom-Wash|move: Taunt","|cant|p2a: Rotom-Wash|move: Taunt|Substitute","|","|turn|2","|","|switch|p2a: Politoed|Politoed, M|321/321","|-weather|RainDance","|move|p1a: Mandibuzz|Foul Play|p2a: Politoed","|-damage|p2a: Politoed|213/321","|","|-weather|RainDance|[upkeep]","|turn|3","|","|move|p2a: Politoed|Hydro Pump|p1a: Mandibuzz","|-damage|p1a: Mandibuzz|159/361","|move|p1a: Mandibuzz|Brave Bird|p2a: Politoed","|-crit|p2a: Politoed","|-damage|p2a: Politoed|0 fnt","|-damage|p1a: Mandibuzz|89/361|[from] recoil|[of] p2a: Politoed","|faint|p2a: Politoed","|","|-weather|RainDance|[upkeep]","|","|switch|p2a: Seismitoad|Seismitoad, M|403/403","|turn|4","|","|move|p2a: Seismitoad|Scald|p1a: Mandibuzz","|-damage|p1a: Mandibuzz|0 fnt","|-damage|p2a: Seismitoad|363/403|[from] item: Life Orb","|faint|p1a: Mandibuzz","|","|-weather|RainDance|[upkeep]","|","|switch|p1a: Togekiss|Togekiss, F|311/311","|turn|5","|","|move|p2a: Seismitoad|Sludge Wave|p1a: Togekiss","|-supereffective|p1a: Togekiss","|-damage|p1a: Togekiss|93/311","|-damage|p2a: Seismitoad|323/403|[from] item: Life Orb","|move|p1a: Togekiss|Air Slash|p2a: Seismitoad|[miss]","|-miss|p1a: Togekiss|p2a: Seismitoad","|","|-weather|RainDance|[upkeep]","|-heal|p1a: Togekiss|112/311|[from] item: Leftovers","|turn|6","|","|switch|p1a: Skarmory|Skarmory, M|271/271","|move|p2a: Seismitoad|Stealth Rock|p1a: Skarmory","|-sidestart|p1: tboltrider|move: Stealth Rock","|","|-weather|none","|turn|7","|","|move|p1a: Skarmory|Swords Dance|p1a: Skarmory","|-boost|p1a: Skarmory|atk|2","|move|p2a: Seismitoad|Scald|p1a: Skarmory","|-damage|p1a: Skarmory|129/271","|-status|p1a: Skarmory|brn","|-damage|p2a: Seismitoad|283/403|[from] item: Life Orb","|","|-damage|p1a: Skarmory|96/271 brn|[from] brn","|turn|8","|","|switch|p2a: Qwilfish|Qwilfish, F|334/334","|-ability|p2a: Qwilfish|Intimidate","|-unboost|p1a: Skarmory|atk|1","|move|p1a: Skarmory|Stealth Rock|p2a: Qwilfish","|-sidestart|p2: Guard Jhawk|move: Stealth Rock","|","|-damage|p1a: Skarmory|63/271 brn|[from] brn","|turn|9","|","|move|p1a: Skarmory|Roost|p1a: Skarmory","|-heal|p1a: Skarmory|199/271 brn","|move|p2a: Qwilfish|Waterfall|p1a: Skarmory","|-damage|p1a: Skarmory|129/271 brn","|-damage|p2a: Qwilfish|279/334|[from] item: Rocky Helmet|[of] p1a: Skarmory","|","|-heal|p2a: Qwilfish|299/334|[from] item: Black Sludge","|-damage|p1a: Skarmory|96/271 brn|[from] brn","|turn|10","|","|switch|p2a: Slowbro|Slowbro, M|393/393","|-damage|p2a: Slowbro|344/393|[from] Stealth Rock","|move|p1a: Skarmory|Iron Head|p2a: Slowbro","|-resisted|p2a: Slowbro","|-damage|p2a: Slowbro|316/393","|","|-damage|p1a: Skarmory|63/271 brn|[from] brn","|turn|11","|","|move|p1a: Skarmory|Roost|p1a: Skarmory","|-heal|p1a: Skarmory|199/271 brn","|move|p2a: Slowbro|Scald|p1a: Skarmory","|-damage|p1a: Skarmory|0 fnt","|faint|p1a: Skarmory","|","|","|switch|p1a: Landorus-Therian|Landorus-Therian, M|319/319","|-damage|p1a: Landorus-Therian|280/319|[from] Stealth Rock","|-ability|p1a: Landorus-Therian|Intimidate","|-unboost|p2a: Slowbro|atk|1","|turn|12","|","|move|p1a: Landorus-Therian|Knock Off|p2a: Slowbro","|-supereffective|p2a: Slowbro","|-damage|p2a: Slowbro|96/393","|-enditem|p2a: Slowbro|Choice Specs|[from] move: Knock Off|[of] p1a: Landorus-Therian","|move|p2a: Slowbro|Scald|p1a: Landorus-Therian","|-supereffective|p1a: Landorus-Therian","|-damage|p1a: Landorus-Therian|124/319","|","|turn|13","|","|move|p1a: Landorus-Therian|Knock Off|p2a: Slowbro","|-supereffective|p2a: Slowbro","|-damage|p2a: Slowbro|0 fnt","|faint|p2a: Slowbro","|","|","|switch|p2a: Qwilfish|Qwilfish, F|299/334","|-damage|p2a: Qwilfish|258/334|[from] Stealth Rock","|-ability|p2a: Qwilfish|Intimidate","|-unboost|p1a: Landorus-Therian|atk|1","|turn|14","|","|switch|p2a: Rotom-Wash|Rotom-Wash|304/304","|-damage|p2a: Rotom-Wash|266/304|[from] Stealth Rock","|move|p1a: Landorus-Therian|Earthquake|p2a: Rotom-Wash","|-immune|p2a: Rotom-Wash|[msg]","|","|-heal|p2a: Rotom-Wash|285/304|[from] item: Leftovers","|turn|15","|","|move|p1a: Landorus-Therian|Knock Off|p2a: Rotom-Wash","|-damage|p2a: Rotom-Wash|220/304","|-enditem|p2a: Rotom-Wash|Leftovers|[from] move: Knock Off|[of] p1a: Landorus-Therian","|move|p2a: Rotom-Wash|Will-O-Wisp|p1a: Landorus-Therian","|-status|p1a: Landorus-Therian|brn","|","|-damage|p1a: Landorus-Therian|85/319 brn|[from] brn","|turn|16","|","|switch|p1a: Hawlucha|Hawlucha, M|300/300","|-damage|p1a: Hawlucha|263/300|[from] Stealth Rock","|move|p2a: Rotom-Wash|Substitute|p2a: Rotom-Wash","|-start|p2a: Rotom-Wash|Substitute","|-damage|p2a: Rotom-Wash|144/304","|","|turn|17","|","|move|p1a: Hawlucha|Substitute|p1a: Hawlucha","|-start|p1a: Hawlucha|Substitute","|-damage|p1a: Hawlucha|188/300","|move|p2a: Rotom-Wash|Thunder Wave|p1a: Hawlucha","|-fail|p1a: Hawlucha","|","|turn|18","|","|move|p1a: Hawlucha|Swords Dance|p1a: Hawlucha","|-boost|p1a: Hawlucha|atk|2","|move|p2a: Rotom-Wash|Hydro Pump|p1a: Hawlucha|[miss]","|-miss|p2a: Rotom-Wash|p1a: Hawlucha","|","|turn|19","|","|move|p1a: Hawlucha|Acrobatics|p2a: Rotom-Wash","|-resisted|p2a: Rotom-Wash","|-activate|p2a: Rotom-Wash|Substitute|[damage]","|move|p2a: Rotom-Wash|Hydro Pump|p1a: Hawlucha","|-end|p1a: Hawlucha|Substitute","|","|turn|20","|","|move|p1a: Hawlucha|High Jump Kick|p2a: Rotom-Wash","|-end|p2a: Rotom-Wash|Substitute","|move|p2a: Rotom-Wash|Hydro Pump|p1a: Hawlucha","|-damage|p1a: Hawlucha|11/300","|-enditem|p1a: Hawlucha|Sitrus Berry|[eat]","|-heal|p1a: Hawlucha|86/300|[from] item: Sitrus Berry","|","|turn|21","|","|move|p1a: Hawlucha|High Jump Kick|p2a: Rotom-Wash","|-damage|p2a: Rotom-Wash|0 fnt","|faint|p2a: Rotom-Wash","|","|","|switch|p2a: Qwilfish|Qwilfish, F|258/334","|-damage|p2a: Qwilfish|217/334|[from] Stealth Rock","|-ability|p2a: Qwilfish|Intimidate","|-unboost|p1a: Hawlucha|atk|1","|turn|22","|","|move|p1a: Hawlucha|Acrobatics|p2a: Qwilfish","|-damage|p2a: Qwilfish|22/334","|move|p2a: Qwilfish|Waterfall|p1a: Hawlucha","|-damage|p1a: Hawlucha|0 fnt","|faint|p1a: Hawlucha","|","|-heal|p2a: Qwilfish|42/334|[from] item: Black Sludge","|","|switch|p1a: Togekiss|Togekiss, F|112/311","|-damage|p1a: Togekiss|35/311|[from] Stealth Rock","|turn|23","|","|switch|p2a: Seismitoad|Seismitoad, M|283/403","|-damage|p2a: Seismitoad|258/403|[from] Stealth Rock","|move|p1a: Togekiss|Air Slash|p2a: Seismitoad","|-damage|p2a: Seismitoad|111/403","|","|-heal|p1a: Togekiss|54/311|[from] item: Leftovers","|turn|24","|","|move|p1a: Togekiss|Air Slash|p2a: Seismitoad","|-damage|p2a: Seismitoad|0 fnt","|faint|p2a: Seismitoad","|","|-heal|p1a: Togekiss|73/311|[from] item: Leftovers","|","|switch|p2a: Sharpedo|Sharpedo, M|281/281","|-damage|p2a: Sharpedo|246/281|[from] Stealth Rock","|turn|25","|","|move|p2a: Sharpedo|Ice Fang|p1a: Togekiss","|-supereffective|p1a: Togekiss","|-damage|p1a: Togekiss|0 fnt","|faint|p1a: Togekiss","|","|-boost|p2a: Sharpedo|spe|1|[from] ability: Speed Boost","|","|switch|p1a: Landorus-Therian|Landorus-Therian, M|85/319 brn","|-damage|p1a: Landorus-Therian|46/319 brn|[from] Stealth Rock","|-ability|p1a: Landorus-Therian|Intimidate","|-unboost|p2a: Sharpedo|atk|1","|turn|26","|","|move|p2a: Sharpedo|Protect|p2a: Sharpedo","|-singleturn|p2a: Sharpedo|Protect","|move|p1a: Landorus-Therian|Earthquake|p2a: Sharpedo","|-activate|p2a: Sharpedo|Protect","|","|-damage|p1a: Landorus-Therian|7/319 brn|[from] brn","|-boost|p2a: Sharpedo|spe|1|[from] ability: Speed Boost","|turn|27","|","|move|p2a: Sharpedo|Waterfall|p1a: Landorus-Therian","|-supereffective|p1a: Landorus-Therian","|-damage|p1a: Landorus-Therian|0 fnt","|faint|p1a: Landorus-Therian","|","|-boost|p2a: Sharpedo|spe|1|[from] ability: Speed Boost","|","|switch|p1a: Charizard|Charizard, M|297/297","|-damage|p1a: Charizard|149/297|[from] Stealth Rock","|turn|28","|","|switch|p2a: Qwilfish|Qwilfish, F|42/334","|-damage|p2a: Qwilfish|1/334|[from] Stealth Rock","|-ability|p2a: Qwilfish|Intimidate","|-unboost|p1a: Charizard|atk|1","|detailschange|p1a: Charizard|Charizard-Mega-X, M","|-mega|p1a: Charizard|Charizard|Charizardite X","|move|p1a: Charizard|Dragon Claw|p2a: Qwilfish","|-damage|p2a: Qwilfish|0 fnt","|faint|p2a: Qwilfish","|","|","|switch|p2a: Sharpedo|Sharpedo, M|246/281","|-damage|p2a: Sharpedo|211/281|[from] Stealth Rock","|turn|29","|","|detailschange|p2a: Sharpedo|Sharpedo-Mega, M","|-mega|p2a: Sharpedo|Sharpedo|Sharpedonite","|move|p1a: Charizard|Dragon Dance|p1a: Charizard","|-boost|p1a: Charizard|atk|1","|-boost|p1a: Charizard|spe|1","|move|p2a: Sharpedo|Crunch|p1a: Charizard","|-damage|p1a: Charizard|0 fnt","|faint|p1a: Charizard","|","|win|Guard Jhawk"],"p1rating":{"entryid":11792,"formatid":"monotype","userid":"tboltrider","username":"tboltrider","r":1500,"rd":130,"sigma":0,"rpr":1459.8393856612,"rprd":122.8583080769,"rpsigma":0,"rptime":1439802000,"w":0,"l":1,"t":0,"gxe":45,"acre":1000,"lacre":1000,"oldacre":1000},"p2rating":{"entryid":11793,"formatid":"monotype","userid":"guardjhawk","username":"Guard Jhawk","r":1500,"rd":130,"sigma":0,"rpr":1540.1606143388,"rprd":122.8583080769,"rpsigma":0,"rptime":1439802000,"w":1,"l":0,"t":0,"gxe":55,"acre":1040,"lacre":1040,"oldacre":1000},"endType":"normal"}