{"seed":[44159,45191,33855,50711],"turns":18,"p1":"Rain Dank Tank","p2":"Dragotic","p1team":[{"name":"Massacrebringer","species":"bisharp","item":"choicescarf","ability":"Defiant","moves":["brickbreak","suckerpunch","knockoff","ironhead"],"nature":"Jolly","evs":{"hp":0,"atk":252,"def":0,"spa":0,"spd":4,"spe":252},"gender":"M","shiny":true,"ivs":{"hp":31,"atk":31,"def":31,"spa":31,"spd":31,"spe":31}},{"name":"Icebringer","species":"weavile","item":"choicescarf","ability":"Pressure","moves":["iceshard","iciclecrash","knockoff","brickbreak"],"nature":"Adamant","evs":{"hp":0,"atk":252,"def":0,"spa":0,"spd":4,"spe":252},"gender":"F","ivs":{"hp":31,"atk":31,"def":31,"spa":31,"spd":31,"spe":31}},{"name":"Hellbringer","species":"mandibuzz","item":"leftovers","ability":"Overcoat","moves":["toxic","roost","foulplay","whirlwind"],"nature":"Bold","evs":{"hp":252,"atk":0,"def":252,"spa":0,"spd":4,"spe":0},"shiny":true,"ivs":{"hp":31,"atk":31,"def":31,"spa":31,"spd":31,"spe":31}},{"name":"Nightbringer","species":"zoroark","item":"choicespecs","ability":"Illusion","moves":["darkpulse","flamethrower","trick","extrasensory"],"nature":"Timid","evs":{"hp":0,"atk":0,"def":0,"spa":252,"spd":4,"spe":252},"gender":"F","shiny":true,"ivs":{"hp":31,"atk":31,"def":31,"spa":31,"spd":31,"spe":31}},{"name":"Deathbringer","species":"absol","item":"absolite","ability":"Super Luck","moves":["darkpulse","thunderbolt","flamethrower","playrough"],"nature":"Timid","evs":{"hp":0,"atk":0,"def":0,"spa":252,"spd":4,"spe":252},"gender":"F","shiny":true,"ivs":{"hp":31,"atk":31,"def":31,"spa":31,"spd":31,"spe":31}},{"name":"Chaosbringer","species":"hydreigon","item":"choicescarf","ability":"Levitate","moves":["dracometeor","flamethrower","flashcannon","darkpulse"],"nature":"Timid","evs":{"hp":0,"atk":0,"def":0,"spa":252,"spd":4,"spe":252},"gender":"M","shiny":true,"ivs":{"hp":31,"atk":31,"def":31,"spa":31,"spd":31,"spe":31}}],"p2team":[{"name":"Charizard","species":"Charizard","item":"charizarditey","ability":"Blaze","moves":["airslash","focusblast","flamethrower","solarbeam"],"nature":"Timid","evs":{"hp":0,"atk":0,"def":0,"spa":252,"spd":4,"spe":252},"ivs":{"hp":31,"atk":31,"def":31,"spa":31,"spd":31,"spe":31}},{"name":"Volcarona","species":"Volcarona","item":"focussash","ability":"Flame Body","moves":["quiverdance","gigadrain","bugbuzz","fierydance"],"nature":"Modest","evs":{"hp":0,"atk":0,"def":0,"spa":252,"spd":4,"spe":252},"ivs":{"hp":31,"atk":31,"def":31,"spa":31,"spd":31,"spe":31}},{"name":"Infernape","species":"Infernape","item":"choiceband","ability":"Iron Fist","moves":["stoneedge","closecombat","flareblitz","thunderpunch"],"nature":"Jolly","evs":{"hp":0,"atk":252,"def":0,"spa":0,"spd":4,"spe":252},"ivs":{"hp":31,"atk":31,"def":31,"spa":31,"spd":31,"spe":31}},{"name":"Entei","species":"Entei","item":"choicescarf","ability":"Pressure","moves":["extremespeed","sacredfire","stoneedge","ironhead"],"nature":"Adamant","evs":{"hp":0,"atk":252,"def":0,"spa":0,"spd":4,"spe":252},"shiny":true,"ivs":{"hp":31,"atk":31,"def":31,"spa":31,"spd":31,"spe":31}},{"name":"Heatran","species":"Heatran","item":"airballoon","ability":"Flash Fire","moves":["hiddenpowerice","flashcannon","earthpower","lavaplume"],"nature":"Modest","evs":{"hp":204,"atk":0,"def":28,"spa":252,"spd":24,"spe":0},"ivs":{"hp":31,"atk":30,"def":30,"spa":31,"spd":31,"spe":31}},{"name":"Torkoal","species":"Torkoal","item":"passhoberry","ability":"Shell Armor","moves":["yawn","stealthrock","rapidspin","lavaplume"],"nature":"Bold","evs":{"hp":248,"atk":0,"def":252,"spa":8,"spd":0,"spe":0},"ivs":{"hp":31,"atk":31,"def":31,"spa":31,"spd":31,"spe":31}}],"log":["|player|p1|Rain Dank Tank|blankayrus.png","|player|p2|Dragotic|169","|gametype|singles","|gen|6","|tier|Monotype","|rated","|rule|Baton Pass Clause: Limit one Baton Passer, can't pass Spe and other stats simultaneously","|rule|Swagger Clause: Swagger is banned","|rule|Same Type Clause: Pokémon in a team must share a type","|clearpoke","|poke|p1|Bisharp, M, shiny","|poke|p1|Weavile, F","|poke|p1|Mandibuzz, F, shiny","|poke|p1|Zoroark, F, shiny","|poke|p1|Absol, F, shiny","|poke|p1|Hydreigon, M, shiny","|poke|p2|Charizard, F","|poke|p2|Volcarona, M","|poke|p2|Infernape, M","|poke|p2|Entei, shiny","|poke|p2|Heatran, F","|poke|p2|Torkoal, M","|rule|Sleep Clause Mod: Limit one foe put to sleep","|rule|Species Clause: Limit one of each Pokémon","|rule|OHKO Clause: OHKO moves are banned","|rule|Moody Clause: Moody is banned","|rule|Evasion Moves Clause: Evasion moves are banned","|rule|Endless Battle Clause: Forcing endless battles is banned","|rule|HP Percentage Mod: HP is shown in percentages","|teampreview","|","|start","|switch|p1a: Hellbringer|Mandibuzz, F, shiny|424/424","|switch|p2a: Torkoal|Torkoal, M|343/343","|turn|1","|","|move|p1a: Hellbringer|Toxic|p2a: Torkoal","|-status|p2a: Torkoal|tox","|move|p2a: Torkoal|Yawn|p1a: Hellbringer","|-start|p1a: Hellbringer|move: Yawn|[of] p2a: Torkoal","|","|-damage|p2a: Torkoal|322/343 tox|[from] psn","|turn|2","|","|switch|p1a: Chaosbringer|Hydreigon, M, shiny|261/261","|move|p2a: Torkoal|Stealth Rock|p1a: Chaosbringer","|-sidestart|p1: Rain Dank Tank|move: Stealth Rock","|","|-damage|p2a: Torkoal|280/343 tox|[from] psn","|turn|3","|","|move|p1a: Chaosbringer|Dark Pulse|p2a: Torkoal","|-damage|p2a: Torkoal|21/343 tox","|cant|p2a: Torkoal|flinch","|","|-damage|p2a: Torkoal|0 fnt|[from] psn","|faint|p2a: Torkoal","|","|switch|p2a: Volcarona|Volcarona, M|311/311","|turn|4","|","|move|p1a: Chaosbringer|Dark Pulse|p2a: Volcarona","|-damage|p2a: Volcarona|125/311","|move|p2a: Volcarona|Quiver Dance|p2a: Volcarona","|-boost|p2a: Volcarona|spa|1","|-boost|p2a: Volcarona|spd|1","|-boost|p2a: Volcarona|spe|1","|","|turn|5","|","|move|p2a: Volcarona|Bug Buzz|p1a: Chaosbringer","|-crit|p1a: Chaosbringer","|-supereffective|p1a: Chaosbringer","|replace|p1a: Nightbringer|Zoroark, F, shiny|261/261","|-damage|p1a: Nightbringer|0 fnt","|faint|p1a: Nightbringer","|","|","|switch|p1a: Icebringer|Weavile, F|281/281","|-damage|p1a: Icebringer|211/281|[from] Stealth Rock","|-ability|p1a: Icebringer|Pressure","|turn|6","|","|move|p1a: Icebringer|Knock Off|p2a: Volcarona","|-damage|p2a: Volcarona|0 fnt","|-status|p1a: Icebringer|brn","|-enditem|p2a: Volcarona|Focus Sash|[from] move: Knock Off|[of] p1a: Icebringer","|faint|p2a: Volcarona","|","|-damage|p1a: Icebringer|176/281 brn|[from] brn","|","|switch|p2a: Entei|Entei, shiny|371/371","|-ability|p2a: Entei|Pressure","|turn|7","|","|move|p1a: Icebringer|Knock Off|p2a: Entei","|-crit|p2a: Entei","|-damage|p2a: Entei|228/371","|-enditem|p2a: Entei|Choice Scarf|[from] move: Knock Off|[of] p1a: Icebringer","|move|p2a: Entei|Sacred Fire|p1a: Icebringer","|-crit|p1a: Icebringer","|-supereffective|p1a: Icebringer","|-damage|p1a: Icebringer|0 fnt","|faint|p1a: Icebringer","|","|","|switch|p1a: Hellbringer|Mandibuzz, F, shiny|424/424","|-damage|p1a: Hellbringer|318/424|[from] Stealth Rock","|turn|8","|","|move|p2a: Entei|Stone Edge|p1a: Hellbringer","|-supereffective|p1a: Hellbringer","|-damage|p1a: Hellbringer|158/424","|move|p1a: Hellbringer|Foul Play|p2a: Entei","|-damage|p2a: Entei|20/371","|","|-heal|p1a: Hellbringer|184/424|[from] item: Leftovers","|turn|9","|","|move|p2a: Entei|Extreme Speed|p1a: Hellbringer","|-damage|p1a: Hellbringer|119/424","|move|p1a: Hellbringer|Roost|p1a: Hellbringer","|-heal|p1a: Hellbringer|331/424","|","|-heal|p1a: Hellbringer|357/424|[from] item: Leftovers","|turn|10","|","|move|p2a: Entei|Stone Edge|p1a: Hellbringer","|-supereffective|p1a: Hellbringer","|-damage|p1a: Hellbringer|187/424","|move|p1a: Hellbringer|Roost|p1a: Hellbringer","|-heal|p1a: Hellbringer|399/424","|","|-heal|p1a: Hellbringer|424/424|[from] item: Leftovers","|turn|11","|","|move|p2a: Entei|Stone Edge|p1a: Hellbringer","|-crit|p1a: Hellbringer","|-supereffective|p1a: Hellbringer","|-damage|p1a: Hellbringer|188/424","|move|p1a: Hellbringer|Foul Play|p2a: Entei","|-damage|p2a: Entei|0 fnt","|faint|p2a: Entei","|","|-heal|p1a: Hellbringer|214/424|[from] item: Leftovers","|","|switch|p2a: Infernape|Infernape, M|293/293","|turn|12","|","|move|p2a: Infernape|Close Combat|p1a: Hellbringer","|-damage|p1a: Hellbringer|33/424","|-unboost|p2a: Infernape|def|1","|-unboost|p2a: Infernape|spd|1","|move|p1a: Hellbringer|Roost|p1a: Hellbringer","|-heal|p1a: Hellbringer|245/424","|","|-heal|p1a: Hellbringer|271/424|[from] item: Leftovers","|turn|13","|","|switch|p2a: Charizard|Charizard, F|297/297","|move|p1a: Hellbringer|Roost|p1a: Hellbringer","|-heal|p1a: Hellbringer|424/424","|","|turn|14","|","|detailschange|p2a: Charizard|Charizard-Mega-Y, F","|-mega|p2a: Charizard|Charizard|Charizardite Y","|-weather|SunnyDay","|move|p2a: Charizard|Focus Blast|p1a: Hellbringer","|-damage|p1a: Hellbringer|241/424","|move|p1a: Hellbringer|Toxic|p2a: Charizard","|-status|p2a: Charizard|tox","|","|-weather|SunnyDay|[upkeep]","|-heal|p1a: Hellbringer|267/424|[from] item: Leftovers","|-damage|p2a: Charizard|279/297 tox|[from] psn","|turn|15","|","|move|p2a: Charizard|Flamethrower|p1a: Hellbringer","|-damage|p1a: Hellbringer|0 fnt","|faint|p1a: Hellbringer","|","|-weather|SunnyDay|[upkeep]","|-damage|p2a: Charizard|243/297 tox|[from] psn","|","|switch|p1a: Chaosbringer|Hydreigon, M, shiny|325/325","|-damage|p1a: Chaosbringer|285/325|[from] Stealth Rock","|turn|16","|","|move|p1a: Chaosbringer|Draco Meteor|p2a: Charizard","|-damage|p2a: Charizard|35/297 tox","|-unboost|p1a: Chaosbringer|spa|2","|move|p2a: Charizard|Focus Blast|p1a: Chaosbringer","|-supereffective|p1a: Chaosbringer","|-damage|p1a: Chaosbringer|0 fnt","|faint|p1a: Chaosbringer","|","|-weather|SunnyDay|[upkeep]","|-damage|p2a: Charizard|0 fnt|[from] psn","|faint|p2a: Charizard","|","|switch|p2a: Infernape|Infernape, M|293/293","|switch|p1a: Massacrebringer|Bisharp, M, shiny|271/271","|-damage|p1a: Massacrebringer|255/271|[from] Stealth Rock","|turn|17","|","|move|p1a: Massacrebringer|Iron Head|p2a: Infernape","|-resisted|p2a: Infernape","|-damage|p2a: Infernape|194/293","|move|p2a: Infernape|Close Combat|p1a: Massacrebringer","|-crit|p1a: Massacrebringer","|-supereffective|p1a: Massacrebringer","|-damage|p1a: Massacrebringer|0 fnt","|-unboost|p2a: Infernape|def|1","|-unboost|p2a: Infernape|spd|1","|faint|p1a: Massacrebringer","|","|-weather|SunnyDay|[upkeep]","|","|switch|p1a: Deathbringer|Absol, F, shiny|271/271","|-damage|p1a: Deathbringer|238/271|[from] Stealth Rock","|turn|18","|","|detailschange|p1a: Deathbringer|Absol-Mega, F, shiny","|-mega|p1a: Deathbringer|Absol|Absolite","|move|p2a: Infernape|Close Combat|p1a: Deathbringer","|-crit|p1a: Deathbringer","|-supereffective|p1a: Deathbringer","|-damage|p1a: Deathbringer|0 fnt","|-unboost|p2a: Infernape|def|1","|-unboost|p2a: Infernape|spd|1","|faint|p1a: Deathbringer","|","|win|Dragotic"],"p1rating":{"entryid":"44200","serverid":"eos","formatid":"monotype","userid":"raindanktank","username":"Rain Dank Tank","w":"5","l":2,"t":"0","gxe":59.6,"r":"1500","rd":"130","sigma":"0","rptime":"1439888400","rpr":1575.8069922727,"rprd":95.864964930273,"rpsigma":"0","acre":1084.4028047013,"lacre":1084.4028047013,"oldacre":"1117.5527602813"},"p2rating":{"entryid":"11726","serverid":"eos","formatid":"monotype","userid":"dragotic","username":"Dragotic","w":1,"l":"1","t":"0","gxe":50,"r":"1459.8393856612","rd":"122.8583080769","sigma":"0","rptime":"1439888400","rpr":1500.029275973,"rprd":116.84146468108,"rpsigma":"0","acre":1053.0399289279,"lacre":1053.0399289279,"oldacre":"1000"},"endType":"normal"}