{"seed":[4964,21843,24283,50629],"turns":32,"p1":"SWL Neßki","p2":"Cheeky Banter","p1team":[{"name":"Garchomp","species":"Garchomp","item":"rockyhelmet","ability":"Rough Skin","moves":["stealthrock","earthquake","dragontail","rocktomb"],"nature":"Impish","evs":{"hp":164,"atk":0,"def":252,"spa":0,"spd":0,"spe":92},"ivs":{"hp":31,"atk":31,"def":31,"spa":31,"spd":31,"spe":31}},{"name":"Latios","species":"Latios","item":"choicescarf","ability":"Levitate","moves":["psyshock","icebeam","dracometeor","hiddenpowerfire"],"nature":"Timid","evs":{"hp":0,"atk":0,"def":0,"spa":252,"spd":4,"spe":252},"ivs":{"hp":31,"atk":30,"def":31,"spa":30,"spd":31,"spe":30}},{"name":"PK-Kaiser","species":"latias","item":"latiasite","ability":"Levitate","moves":["thunderwave","energyball","defog","healingwish"],"nature":"Calm","evs":{"hp":244,"atk":0,"def":0,"spa":0,"spd":252,"spe":12},"ivs":{"hp":31,"atk":0,"def":31,"spa":31,"spd":31,"spe":31},"happiness":0},{"name":"Hydreigon","species":"Hydreigon","item":"focussash","ability":"Levitate","moves":["flamethrower","darkpulse","earthpower","tailwind"],"nature":"Modest","evs":{"hp":4,"atk":0,"def":0,"spa":252,"spd":0,"spe":252},"ivs":{"hp":31,"atk":0,"def":31,"spa":31,"spd":31,"spe":31}},{"name":"Kyurem-Black","species":"Kyurem-Black","item":"assaultvest","ability":"Teravolt","moves":["fusionbolt","ironhead","icebeam","earthpower"],"nature":"Lonely","evs":{"hp":0,"atk":252,"def":0,"spa":108,"spd":0,"spe":148},"ivs":{"hp":31,"atk":31,"def":31,"spa":31,"spd":31,"spe":31}},{"name":"Dragonite","species":"Dragonite","item":"choiceband","ability":"Multiscale","moves":["superpower","outrage","extremespeed","earthquake"],"nature":"Adamant","evs":{"hp":240,"atk":252,"def":0,"spa":0,"spd":0,"spe":16},"ivs":{"hp":31,"atk":31,"def":31,"spa":31,"spd":31,"spe":31}}],"p2team":[{"name":"Full Force","species":"dragonite","item":"lumberry","ability":"Multiscale","moves":["extremespeed","firepunch","outrage","dragondance"],"nature":"Adamant","evs":{"hp":248,"atk":252,"def":0,"spa":0,"spd":8,"spe":0},"ivs":{"hp":31,"atk":31,"def":31,"spa":31,"spd":31,"spe":31}},{"name":"Skar'd For Life","species":"skarmory","item":"rockyhelmet","ability":"Sturdy","moves":["whirlwind","roost","stealthrock","ironhead"],"nature":"Impish","evs":{"hp":248,"atk":0,"def":252,"spa":0,"spd":8,"spe":0},"ivs":{"hp":31,"atk":31,"def":31,"spa":31,"spd":31,"spe":31}},{"name":"Red Rage","species":"gyarados","item":"gyaradosite","ability":"Intimidate","moves":["taunt","waterfall","crunch","dragondance"],"nature":"Adamant","evs":{"hp":0,"atk":252,"def":0,"spa":0,"spd":4,"spe":252},"gender":"M","shiny":true,"ivs":{"hp":31,"atk":31,"def":31,"spa":31,"spd":31,"spe":31}},{"name":"Total Grace","species":"togekiss","item":"leftovers","ability":"Serene Grace","moves":["thunderwave","airslash","roost","dazzlinggleam"],"nature":"Calm","evs":{"hp":252,"atk":0,"def":0,"spa":4,"spd":252,"spe":0},"ivs":{"hp":31,"atk":31,"def":31,"spa":31,"spd":31,"spe":31}},{"name":"Turn it around","species":"thundurus","item":"leftovers","ability":"Prankster","moves":["hiddenpowerice","voltswitch","taunt","thunderwave"],"nature":"Timid","evs":{"hp":0,"atk":0,"def":0,"spa":252,"spd":4,"spe":252},"ivs":{"hp":31,"atk":30,"def":30,"spa":31,"spd":31,"spe":31}},{"name":"Buzz Feed","species":"mandibuzz","item":"leftovers","ability":"Overcoat","moves":["foulplay","roost","defog","toxic"],"nature":"Serious","evs":{"hp":196,"atk":0,"def":56,"spa":0,"spd":200,"spe":56},"ivs":{"hp":31,"atk":31,"def":31,"spa":31,"spd":31,"spe":31}}],"log":["|player|p1|SWL Neßki|swlneki.png","|player|p2|Cheeky Banter|266","|gametype|singles","|gen|6","|tier|Monotype","|rated","|rule|Baton Pass Clause: Limit one Baton Passer, can't pass Spe and other stats simultaneously","|rule|Swagger Clause: Swagger is banned","|rule|Same Type Clause: Pokémon in a team must share a type","|clearpoke","|poke|p1|Garchomp, F","|poke|p1|Latios, M","|poke|p1|Latias, F","|poke|p1|Hydreigon, M","|poke|p1|Kyurem-Black","|poke|p1|Dragonite, M","|poke|p2|Dragonite, F","|poke|p2|Skarmory, F","|poke|p2|Gyarados, M, shiny","|poke|p2|Togekiss, M","|poke|p2|Thundurus, M","|poke|p2|Mandibuzz, F","|rule|Sleep Clause Mod: Limit one foe put to sleep","|rule|Species Clause: Limit one of each Pokémon","|rule|OHKO Clause: OHKO moves are banned","|rule|Moody Clause: Moody is banned","|rule|Evasion Moves Clause: Evasion moves are banned","|rule|Endless Battle Clause: Forcing endless battles is banned","|rule|HP Percentage Mod: HP is shown in percentages","|teampreview","|","|start","|switch|p1a: Kyurem-Black|Kyurem-Black|391/391","|switch|p2a: Turn it around|Thundurus, M|299/299","|-ability|p1a: Kyurem-Black|Teravolt","|turn|1","|","|move|p2a: Turn it around|Thunder Wave|p1a: Kyurem-Black","|-status|p1a: Kyurem-Black|par","|move|p1a: Kyurem-Black|Ice Beam|p2a: Turn it around","|-supereffective|p2a: Turn it around","|-damage|p2a: Turn it around|0 fnt","|faint|p2a: Turn it around","|","|","|switch|p2a: Full Force|Dragonite, F|385/385","|turn|2","|","|switch|p1a: Hydreigon|Hydreigon, M|326/326","|move|p2a: Full Force|Outrage|p1a: Hydreigon","|-supereffective|p1a: Hydreigon","|-enditem|p1a: Hydreigon|Focus Sash","|-damage|p1a: Hydreigon|1/326","|","|turn|3","|","|move|p1a: Hydreigon|Dark Pulse|p2a: Full Force","|-damage|p2a: Full Force|308/385","|move|p2a: Full Force|Outrage|p1a: Hydreigon|[from]lockedmove","|-supereffective|p1a: Hydreigon","|-damage|p1a: Hydreigon|0 fnt","|faint|p1a: Hydreigon","|","|","|switch|p1a: Latios|Latios, M|301/301","|turn|4","|","|move|p1a: Latios|Ice Beam|p2a: Full Force","|-supereffective|p2a: Full Force","|-damage|p2a: Full Force|0 fnt","|faint|p2a: Full Force","|","|","|switch|p2a: Red Rage|Gyarados, M, shiny|331/331","|-ability|p2a: Red Rage|Intimidate","|-unboost|p1a: Latios|atk|1","|turn|5","|","|switch|p1a: Garchomp|Garchomp, F|398/398","|detailschange|p2a: Red Rage|Gyarados-Mega, M, shiny","|-mega|p2a: Red Rage|Gyarados|Gyaradosite","|-ability|p2a: Red Rage|Mold Breaker","|move|p2a: Red Rage|Dragon Dance|p2a: Red Rage","|-boost|p2a: Red Rage|atk|1","|-boost|p2a: Red Rage|spe|1","|","|turn|6","|","|move|p2a: Red Rage|Waterfall|p1a: Garchomp","|-damage|p1a: Garchomp|205/398","|-damage|p2a: Red Rage|290/331|[from] ability: Rough Skin|[of] p1a: Garchomp","|-damage|p2a: Red Rage|235/331|[from] item: Rocky Helmet|[of] p1a: Garchomp","|move|p1a: Garchomp|Dragon Tail|p2a: Red Rage","|-damage|p2a: Red Rage|154/331","|drag|p2a: Total Grace|Togekiss, M|374/374","|","|turn|7","|","|move|p1a: Garchomp|Stealth Rock|p2a: Total Grace","|-sidestart|p2: Cheeky Banter|move: Stealth Rock","|move|p2a: Total Grace|Dazzling Gleam|p1a: Garchomp","|-supereffective|p1a: Garchomp","|-damage|p1a: Garchomp|0 fnt","|faint|p1a: Garchomp","|","|","|switch|p1a: PK-Kaiser|Latias, F|362/362","|turn|8","|","|detailschange|p1a: PK-Kaiser|Latias-Mega, F","|-mega|p1a: PK-Kaiser|Latias|Latiasite","|move|p1a: PK-Kaiser|Thunder Wave|p2a: Total Grace","|-status|p2a: Total Grace|par","|move|p2a: Total Grace|Thunder Wave|p1a: PK-Kaiser","|-status|p1a: PK-Kaiser|par","|","|turn|9","|","|switch|p1a: Latios|Latios, M|301/301","|switch|p2a: Red Rage|Gyarados-Mega, M, shiny|154/331","|-damage|p2a: Red Rage|113/331|[from] Stealth Rock","|-ability|p2a: Red Rage|Mold Breaker","|","|turn|10","|","|move|p1a: Latios|Draco Meteor|p2a: Red Rage","|-damage|p2a: Red Rage|0 fnt","|-unboost|p1a: Latios|spa|2","|faint|p2a: Red Rage","|","|","|switch|p2a: Total Grace|Togekiss, M|374/374 par","|-damage|p2a: Total Grace|281/374 par|[from] Stealth Rock","|turn|11","|","|switch|p1a: PK-Kaiser|Latias-Mega, F|362/362 par","|cant|p2a: Total Grace|par","|","|-heal|p2a: Total Grace|304/374 par|[from] item: Leftovers","|turn|12","|","|switch|p1a: Latios|Latios, M|301/301","|move|p2a: Total Grace|Dazzling Gleam|p1a: Latios","|-supereffective|p1a: Latios","|-damage|p1a: Latios|83/301","|","|-heal|p2a: Total Grace|327/374 par|[from] item: Leftovers","|turn|13","|","|move|p1a: Latios|Ice Beam|p2a: Total Grace","|-crit|p2a: Total Grace","|-supereffective|p2a: Total Grace","|-damage|p2a: Total Grace|125/374 par","|move|p2a: Total Grace|Dazzling Gleam|p1a: Latios","|-supereffective|p1a: Latios","|-damage|p1a: Latios|0 fnt","|faint|p1a: Latios","|","|-heal|p2a: Total Grace|148/374 par|[from] item: Leftovers","|","|switch|p1a: Kyurem-Black|Kyurem-Black|391/391 par","|-ability|p1a: Kyurem-Black|Teravolt","|turn|14","|","|cant|p1a: Kyurem-Black|par","|cant|p2a: Total Grace|par","|","|-heal|p2a: Total Grace|171/374 par|[from] item: Leftovers","|turn|15","|","|cant|p1a: Kyurem-Black|par","|cant|p2a: Total Grace|par","|","|-heal|p2a: Total Grace|194/374 par|[from] item: Leftovers","|turn|16","|","|move|p1a: Kyurem-Black|Fusion Bolt|p2a: Total Grace","|-supereffective|p2a: Total Grace","|-damage|p2a: Total Grace|0 fnt","|faint|p2a: Total Grace","|","|","|switch|p2a: Skar'd For Life|Skarmory, F|333/333","|-damage|p2a: Skar'd For Life|292/333|[from] Stealth Rock","|turn|17","|","|move|p2a: Skar'd For Life|Iron Head|p1a: Kyurem-Black","|-crit|p1a: Kyurem-Black","|-supereffective|p1a: Kyurem-Black","|-damage|p1a: Kyurem-Black|131/391 par","|cant|p1a: Kyurem-Black|par","|","|turn|18","|","|switch|p1a: PK-Kaiser|Latias-Mega, F|362/362 par","|move|p2a: Skar'd For Life|Iron Head|p1a: PK-Kaiser","|-damage|p1a: PK-Kaiser|290/362 par","|","|turn|19","|","|move|p2a: Skar'd For Life|Stealth Rock|p1a: PK-Kaiser","|-sidestart|p1: SWL Neßki|move: Stealth Rock","|move|p1a: PK-Kaiser|Energy Ball|p2a: Skar'd For Life","|-resisted|p2a: Skar'd For Life","|-damage|p2a: Skar'd For Life|263/333","|-unboost|p2a: Skar'd For Life|spd|1","|","|turn|20","|","|switch|p2a: Buzz Feed|Mandibuzz, F|410/410","|-damage|p2a: Buzz Feed|308/410|[from] Stealth Rock","|move|p1a: PK-Kaiser|Defog|p2a: Buzz Feed","|-unboost|p2a: Buzz Feed|evasion|1","|-sideend|p2: Cheeky Banter|Stealth Rock|[from] move: Defog|[of] p2a: Buzz Feed","|-sideend|p1: SWL Neßki|Stealth Rock|[from] move: Defog|[of] p1a: PK-Kaiser","|","|-heal|p2a: Buzz Feed|333/410|[from] item: Leftovers","|turn|21","|","|switch|p1a: Dragonite|Dragonite, M|383/383","|move|p2a: Buzz Feed|Foul Play|p1a: Dragonite","|-crit|p1a: Dragonite","|-damage|p1a: Dragonite|235/383","|","|-heal|p2a: Buzz Feed|358/410|[from] item: Leftovers","|turn|22","|","|switch|p2a: Skar'd For Life|Skarmory, F|263/333","|move|p1a: Dragonite|Outrage|p2a: Skar'd For Life","|-resisted|p2a: Skar'd For Life","|-damage|p2a: Skar'd For Life|158/333","|-damage|p1a: Dragonite|172/383|[from] item: Rocky Helmet|[of] p2a: Skar'd For Life","|","|turn|23","|","|move|p1a: Dragonite|Outrage|p2a: Skar'd For Life|[from]lockedmove","|-resisted|p2a: Skar'd For Life","|-damage|p2a: Skar'd For Life|65/333","|-damage|p1a: Dragonite|109/383|[from] item: Rocky Helmet|[of] p2a: Skar'd For Life","|move|p2a: Skar'd For Life|Roost|p2a: Skar'd For Life","|-heal|p2a: Skar'd For Life|232/333","|","|turn|24","|","|move|p1a: Dragonite|Outrage|p2a: Skar'd For Life|[from]lockedmove","|-resisted|p2a: Skar'd For Life","|-damage|p2a: Skar'd For Life|136/333","|-damage|p1a: Dragonite|46/383|[from] item: Rocky Helmet|[of] p2a: Skar'd For Life","|-start|p1a: Dragonite|confusion|[fatigue]","|move|p2a: Skar'd For Life|Stealth Rock|p1a: Dragonite","|-sidestart|p1: SWL Neßki|move: Stealth Rock","|","|turn|25","|","|switch|p1a: PK-Kaiser|Latias-Mega, F|290/362 par","|-damage|p1a: PK-Kaiser|245/362 par|[from] Stealth Rock","|move|p2a: Skar'd For Life|Roost|p2a: Skar'd For Life","|-heal|p2a: Skar'd For Life|303/333","|","|turn|26","|","|move|p2a: Skar'd For Life|Iron Head|p1a: PK-Kaiser","|-damage|p1a: PK-Kaiser|179/362 par","|move|p1a: PK-Kaiser|Thunder Wave|p2a: Skar'd For Life","|-status|p2a: Skar'd For Life|par","|","|turn|27","|","|move|p1a: PK-Kaiser|Defog|p2a: Skar'd For Life","|-unboost|p2a: Skar'd For Life|evasion|1","|-sideend|p1: SWL Neßki|Stealth Rock|[from] move: Defog|[of] p1a: PK-Kaiser","|move|p2a: Skar'd For Life|Whirlwind|p1a: PK-Kaiser","|drag|p1a: Dragonite|Dragonite, M|46/383","|","|turn|28","|","|move|p1a: Dragonite|Superpower|p2a: Skar'd For Life","|-damage|p2a: Skar'd For Life|176/333 par","|-damage|p1a: Dragonite|0 fnt|[from] item: Rocky Helmet|[of] p2a: Skar'd For Life","|faint|p1a: Dragonite","|cant|p2a: Skar'd For Life|par","|","|","|switch|p1a: PK-Kaiser|Latias-Mega, F|179/362 par","|turn|29","|","|switch|p2a: Buzz Feed|Mandibuzz, F|358/410","|move|p1a: PK-Kaiser|Healing Wish|p1a: PK-Kaiser","|faint|p1a: PK-Kaiser","|","|-heal|p2a: Buzz Feed|383/410|[from] item: Leftovers","|","|switch|p1a: Kyurem-Black|Kyurem-Black|131/391 par","|-heal|p1a: Kyurem-Black|391/391|[from] move: Healing Wish","|-ability|p1a: Kyurem-Black|Teravolt","|turn|30","|","|move|p1a: Kyurem-Black|Ice Beam|p2a: Buzz Feed","|-supereffective|p2a: Buzz Feed","|-damage|p2a: Buzz Feed|153/410","|move|p2a: Buzz Feed|Foul Play|p1a: Kyurem-Black","|-damage|p1a: Kyurem-Black|148/391","|","|-heal|p2a: Buzz Feed|178/410|[from] item: Leftovers","|turn|31","|","|move|p1a: Kyurem-Black|Ice Beam|p2a: Buzz Feed","|-supereffective|p2a: Buzz Feed","|-damage|p2a: Buzz Feed|0 fnt","|faint|p2a: Buzz Feed","|","|","|switch|p2a: Skar'd For Life|Skarmory, F|176/333 par","|turn|32","|","|move|p1a: Kyurem-Black|Ice Beam|p2a: Skar'd For Life","|-damage|p2a: Skar'd For Life|0 fnt","|faint|p2a: Skar'd For Life","|","|win|SWL Neßki"],"p1rating":{"entryid":"388","serverid":"eos","formatid":"monotype","userid":"swlneki","username":"SWL Neßki","w":4,"l":"1","t":"0","gxe":60.6,"r":"1500","rd":"130","sigma":"0","rptime":"1439802000","rpr":1584.4055078307,"rprd":102.83219891053,"rpsigma":"0","acre":1114.2604728515,"lacre":1114.2604728515,"oldacre":"1085.3445083867"},"p2rating":{"entryid":"4494","serverid":"eos","formatid":"monotype","userid":"cheekybanter","username":"Cheeky Banter","w":"3","l":1,"t":"0","gxe":57.7,"r":"1500","rd":"130","sigma":"0","rptime":"1439802000","rpr":1560.8234906758,"rprd":106.91164920561,"rpsigma":"0","acre":1080.7363440373,"lacre":1080.7363440373,"oldacre":"1107.3151552345"},"endType":"normal"}