{"seed":[54316,56426,9554,8071],"turns":29,"p1":"Alpha알파α큐레무Kyurem","p2":"Just'HydroSH","p1team":[{"name":"ラティオス","species":"latios","item":"choicescarf","ability":"Levitate","moves":["shadowball","dragonpulse","psyshock","icebeam"],"nature":"Timid","evs":{"hp":0,"atk":0,"def":4,"spa":252,"spd":0,"spe":252},"ivs":{"hp":31,"atk":0,"def":31,"spa":31,"spd":31,"spe":31}},{"name":"キュレム","species":"kyuremblack","item":"choiceband","ability":"Teravolt","moves":["zenheadbutt","outrage","fusionbolt","ironhead"],"nature":"Adamant","evs":{"hp":0,"atk":252,"def":4,"spa":0,"spd":0,"spe":252},"shiny":true,"ivs":{"hp":31,"atk":31,"def":31,"spa":31,"spd":31,"spe":31}},{"name":"サザンドラ","species":"hydreigon","item":"lifeorb","ability":"Levitate","moves":["darkpulse","flamethrower","dracometeor","flashcannon"],"nature":"Timid","evs":{"hp":0,"atk":0,"def":4,"spa":252,"spd":0,"spe":252},"shiny":true,"ivs":{"hp":31,"atk":31,"def":31,"spa":31,"spd":31,"spe":31}},{"name":"ガブリアス","species":"garchomp","item":"rockyhelmet","ability":"Rough Skin","moves":["stealthrock","earthquake","dragontail","endure"],"nature":"Impish","evs":{"hp":252,"atk":0,"def":232,"spa":0,"spd":24,"spe":0},"ivs":{"hp":31,"atk":31,"def":31,"spa":31,"spd":31,"spe":31}},{"name":"ラティアス","species":"latias","item":"latiasite","ability":"Levitate","moves":["calmmind","recover","storedpower","substitute"],"nature":"Bold","evs":{"hp":252,"atk":0,"def":240,"spa":0,"spd":0,"spe":16},"ivs":{"hp":31,"atk":0,"def":31,"spa":31,"spd":31,"spe":31}},{"name":"ヌメルゴン","species":"goodra","item":"assaultvest","ability":"Gooey","moves":["fireblast","dracometeor","sludgebomb","muddywater"],"nature":"Modest","evs":{"hp":248,"atk":0,"def":8,"spa":252,"spd":0,"spe":0},"ivs":{"hp":31,"atk":31,"def":31,"spa":31,"spd":31,"spe":31}}],"p2team":[{"name":"KinderBlue","species":"azumarill","item":"assaultvest","ability":"Huge Power","moves":["waterfall","playrough","aquajet","knockoff"],"nature":"","evs":{"hp":172,"atk":252,"def":84,"spa":0,"spd":0,"spe":0},"gender":"F","ivs":{"hp":31,"atk":31,"def":31,"spa":31,"spd":31,"spe":31}},{"name":"Fabelous<3","species":"milotic","item":"focussash","ability":"Competitive","moves":["scald","recover","dragontail","icebeam"],"nature":"","evs":{"hp":88,"atk":0,"def":0,"spa":252,"spd":0,"spe":168},"gender":"F","shiny":true,"ivs":{"hp":31,"atk":31,"def":31,"spa":31,"spd":31,"spe":31}},{"name":"UneLampe","species":"lanturn","item":"leftovers","ability":"Volt Absorb","moves":["scald","voltswitch","icebeam","thunderbolt"],"nature":"Timid","evs":{"hp":0,"atk":0,"def":0,"spa":204,"spd":52,"spe":252},"gender":"M","ivs":{"hp":31,"atk":31,"def":31,"spa":31,"spd":31,"spe":31}},{"name":"DentDeLaMerde","species":"sharpedo","item":"lifeorb","ability":"Speed Boost","moves":["protect","waterfall","crunch","icefang"],"nature":"Naughty","evs":{"hp":0,"atk":252,"def":4,"spa":0,"spd":0,"spe":252},"gender":"F","ivs":{"hp":31,"atk":31,"def":31,"spa":31,"spd":31,"spe":31}},{"name":"CrachDeLaPluie","species":"politoed","item":"sitrusberry","ability":"Drizzle","moves":["scald","hypnosis","icebeam","earthquake"],"nature":"","evs":{"hp":164,"atk":0,"def":0,"spa":248,"spd":0,"spe":96},"gender":"F","shiny":true,"ivs":{"hp":31,"atk":31,"def":31,"spa":31,"spd":31,"spe":31}},{"name":"Gyarados","species":"Gyarados","item":"gyaradosite","ability":"Intimidate","moves":["dragondance","crunch","waterfall","earthquake"],"nature":"Adamant","evs":{"hp":252,"atk":0,"def":4,"spa":0,"spd":0,"spe":252},"gender":"M","shiny":true,"ivs":{"hp":31,"atk":31,"def":31,"spa":31,"spd":31,"spe":31}}],"log":["|player|p1|Alpha알파α큐레무Kyurem|alphakyurem.gif","|player|p2|Just'HydroSH|267","|gametype|singles","|gen|6","|tier|Monotype","|rated","|rule|Baton Pass Clause: Limit one Baton Passer, can't pass Spe and other stats simultaneously","|rule|Swagger Clause: Swagger is banned","|rule|Same Type Clause: Pokémon in a team must share a type","|clearpoke","|poke|p1|Latios, M","|poke|p1|Kyurem-Black, shiny","|poke|p1|Hydreigon, M, shiny","|poke|p1|Garchomp, M","|poke|p1|Latias, F","|poke|p1|Goodra, M","|poke|p2|Azumarill, F","|poke|p2|Milotic, F, shiny","|poke|p2|Lanturn, M","|poke|p2|Sharpedo, F","|poke|p2|Politoed, F, shiny","|poke|p2|Gyarados, M, shiny","|rule|Sleep Clause Mod: Limit one foe put to sleep","|rule|Species Clause: Limit one of each Pokémon","|rule|OHKO Clause: OHKO moves are banned","|rule|Moody Clause: Moody is banned","|rule|Evasion Moves Clause: Evasion moves are banned","|rule|Endless Battle Clause: Forcing endless battles is banned","|rule|HP Percentage Mod: HP is shown in percentages","|teampreview","|","|start","|switch|p1a: キュレム|Kyurem-Black, shiny|391/391","|switch|p2a: DentDeLaMerde|Sharpedo, F|281/281","|-ability|p1a: キュレム|Teravolt","|turn|1","|","|switch|p1a: ガブリアス|Garchomp, M|420/420","|move|p2a: DentDeLaMerde|Protect|p2a: DentDeLaMerde","|-fail|p2a: DentDeLaMerde","|","|-boost|p2a: DentDeLaMerde|spe|1|[from] ability: Speed Boost","|turn|2","|","|move|p2a: DentDeLaMerde|Waterfall|p1a: ガブリアス","|-damage|p1a: ガブリアス|284/420","|-damage|p2a: DentDeLaMerde|246/281|[from] ability: Rough Skin|[of] p1a: ガブリアス","|-damage|p2a: DentDeLaMerde|200/281|[from] item: Rocky Helmet|[of] p1a: ガブリアス","|-damage|p2a: DentDeLaMerde|172/281|[from] item: Life Orb","|move|p1a: ガブリアス|Stealth Rock|p2a: DentDeLaMerde","|-sidestart|p2: Just'HydroSH|move: Stealth Rock","|","|-boost|p2a: DentDeLaMerde|spe|1|[from] ability: Speed Boost","|turn|3","|","|move|p2a: DentDeLaMerde|Ice Fang|p1a: ガブリアス","|-supereffective|p1a: ガブリアス","|-damage|p1a: ガブリアス|0 fnt","|-damage|p2a: DentDeLaMerde|137/281|[from] ability: Rough Skin|[of] p1a: ガブリアス","|-damage|p2a: DentDeLaMerde|91/281|[from] item: Rocky Helmet|[of] p1a: ガブリアス","|-damage|p2a: DentDeLaMerde|63/281|[from] item: Life Orb","|faint|p1a: ガブリアス","|","|-boost|p2a: DentDeLaMerde|spe|1|[from] ability: Speed Boost","|","|switch|p1a: サザンドラ|Hydreigon, M, shiny|325/325","|turn|4","|","|move|p2a: DentDeLaMerde|Ice Fang|p1a: サザンドラ","|-supereffective|p1a: サザンドラ","|-damage|p1a: サザンドラ|78/325","|-damage|p2a: DentDeLaMerde|35/281|[from] item: Life Orb","|move|p1a: サザンドラ|Flash Cannon|p2a: DentDeLaMerde","|-resisted|p2a: DentDeLaMerde","|-damage|p2a: DentDeLaMerde|0 fnt","|-damage|p1a: サザンドラ|46/325|[from] item: Life Orb","|faint|p2a: DentDeLaMerde","|","|","|switch|p2a: Fabelous<3|Milotic, F, shiny|353/353","|-damage|p2a: Fabelous<3|309/353|[from] Stealth Rock","|turn|5","|","|move|p1a: サザンドラ|Draco Meteor|p2a: Fabelous<3","|-damage|p2a: Fabelous<3|46/353","|-unboost|p1a: サザンドラ|spa|2","|-damage|p1a: サザンドラ|14/325|[from] item: Life Orb","|move|p2a: Fabelous<3|Ice Beam|p1a: サザンドラ","|-supereffective|p1a: サザンドラ","|-damage|p1a: サザンドラ|0 fnt","|faint|p1a: サザンドラ","|","|","|switch|p1a: ラティアス|Latias, F|364/364","|turn|6","|","|detailschange|p1a: ラティアス|Latias-Mega, F","|-mega|p1a: ラティアス|Latias|Latiasite","|move|p1a: ラティアス|Calm Mind|p1a: ラティアス","|-boost|p1a: ラティアス|spa|1","|-boost|p1a: ラティアス|spd|1","|move|p2a: Fabelous<3|Dragon Tail|p1a: ラティアス","|-crit|p1a: ラティアス","|-supereffective|p1a: ラティアス","|-damage|p1a: ラティアス|300/364","|drag|p1a: ラティオス|Latios, M|301/301","|","|turn|7","|","|move|p1a: ラティオス|Psyshock|p2a: Fabelous<3","|-damage|p2a: Fabelous<3|0 fnt","|faint|p2a: Fabelous<3","|","|","|switch|p2a: UneLampe|Lanturn, M|391/391","|-damage|p2a: UneLampe|343/391|[from] Stealth Rock","|turn|8","|","|move|p1a: ラティオス|Psyshock|p2a: UneLampe","|-damage|p2a: UneLampe|115/391","|move|p2a: UneLampe|Ice Beam|p1a: ラティオス","|-supereffective|p1a: ラティオス","|-damage|p1a: ラティオス|161/301","|-status|p1a: ラティオス|frz","|","|-heal|p2a: UneLampe|139/391|[from] item: Leftovers","|turn|9","|","|cant|p1a: ラティオス|frz","|move|p2a: UneLampe|Ice Beam|p1a: ラティオス","|-supereffective|p1a: ラティオス","|-damage|p1a: ラティオス|39/301 frz","|","|-heal|p2a: UneLampe|163/391|[from] item: Leftovers","|turn|10","|","|cant|p1a: ラティオス|frz","|move|p2a: UneLampe|Ice Beam|p1a: ラティオス","|-crit|p1a: ラティオス","|-supereffective|p1a: ラティオス","|-damage|p1a: ラティオス|0 fnt","|faint|p1a: ラティオス","|","|-heal|p2a: UneLampe|187/391|[from] item: Leftovers","|","|switch|p1a: ラティアス|Latias-Mega, F|300/364","|turn|11","|","|move|p1a: ラティアス|Substitute|p1a: ラティアス","|-start|p1a: ラティアス|Substitute","|-damage|p1a: ラティアス|209/364","|move|p2a: UneLampe|Ice Beam|p1a: ラティアス","|-supereffective|p1a: ラティアス","|-end|p1a: ラティアス|Substitute","|","|-heal|p2a: UneLampe|211/391|[from] item: Leftovers","|turn|12","|","|move|p1a: ラティアス|Calm Mind|p1a: ラティアス","|-boost|p1a: ラティアス|spa|1","|-boost|p1a: ラティアス|spd|1","|move|p2a: UneLampe|Ice Beam|p1a: ラティアス","|-supereffective|p1a: ラティアス","|-damage|p1a: ラティアス|145/364","|","|-heal|p2a: UneLampe|235/391|[from] item: Leftovers","|turn|13","|","|move|p1a: ラティアス|Substitute|p1a: ラティアス","|-start|p1a: ラティアス|Substitute","|-damage|p1a: ラティアス|54/364","|move|p2a: UneLampe|Volt Switch|p1a: ラティアス","|-resisted|p1a: ラティアス","|-activate|p1a: ラティアス|Substitute|[damage]","|","|switch|p2a: CrachDeLaPluie|Politoed, F, shiny|362/362","|-damage|p2a: CrachDeLaPluie|317/362|[from] Stealth Rock","|-weather|RainDance","|","|-weather|RainDance|[upkeep]","|turn|14","|","|move|p1a: ラティアス|Recover|p1a: ラティアス","|-heal|p1a: ラティアス|236/364","|move|p2a: CrachDeLaPluie|Scald|p1a: ラティアス","|-resisted|p1a: ラティアス","|-activate|p1a: ラティアス|Substitute|[damage]","|","|-weather|RainDance|[upkeep]","|turn|15","|","|move|p1a: ラティアス|Calm Mind|p1a: ラティアス","|-boost|p1a: ラティアス|spa|1","|-boost|p1a: ラティアス|spd|1","|move|p2a: CrachDeLaPluie|Ice Beam|p1a: ラティアス","|-supereffective|p1a: ラティアス","|-end|p1a: ラティアス|Substitute","|","|-weather|RainDance|[upkeep]","|turn|16","|","|move|p1a: ラティアス|Substitute|p1a: ラティアス","|-start|p1a: ラティアス|Substitute","|-damage|p1a: ラティアス|145/364","|move|p2a: CrachDeLaPluie|Hypnosis|p1a: ラティアス|[miss]","|-miss|p2a: CrachDeLaPluie|p1a: ラティアス","|","|-weather|RainDance|[upkeep]","|turn|17","|","|move|p1a: ラティアス|Calm Mind|p1a: ラティアス","|-boost|p1a: ラティアス|spa|1","|-boost|p1a: ラティアス|spd|1","|move|p2a: CrachDeLaPluie|Ice Beam|p1a: ラティアス","|-supereffective|p1a: ラティアス","|-activate|p1a: ラティアス|Substitute|[damage]","|","|-weather|none","|turn|18","|","|move|p1a: ラティアス|Recover|p1a: ラティアス","|-heal|p1a: ラティアス|327/364","|move|p2a: CrachDeLaPluie|Ice Beam|p1a: ラティアス","|-supereffective|p1a: ラティアス","|-end|p1a: ラティアス|Substitute","|","|turn|19","|","|move|p1a: ラティアス|Substitute|p1a: ラティアス","|-start|p1a: ラティアス|Substitute","|-damage|p1a: ラティアス|236/364","|move|p2a: CrachDeLaPluie|Hypnosis|p1a: ラティアス|[miss]","|-miss|p2a: CrachDeLaPluie|p1a: ラティアス","|","|turn|20","|","|move|p1a: ラティアス|Calm Mind|p1a: ラティアス","|-boost|p1a: ラティアス|spa|1","|-boost|p1a: ラティアス|spd|1","|move|p2a: CrachDeLaPluie|Ice Beam|p1a: ラティアス","|-supereffective|p1a: ラティアス","|-activate|p1a: ラティアス|Substitute|[damage]","|","|turn|21","|","|move|p1a: ラティアス|Calm Mind|p1a: ラティアス","|-boost|p1a: ラティアス|spa|1","|-boost|p1a: ラティアス|spd|1","|move|p2a: CrachDeLaPluie|Ice Beam|p1a: ラティアス","|-supereffective|p1a: ラティアス","|-activate|p1a: ラティアス|Substitute|[damage]","|","|turn|22","|","|move|p1a: ラティアス|Calm Mind|p1a: ラティアス","|-boost|p1a: ラティアス|spa|1","|-boost|p1a: ラティアス|spd|1","|move|p2a: CrachDeLaPluie|Ice Beam|p1a: ラティアス","|-supereffective|p1a: ラティアス","|-end|p1a: ラティアス|Substitute","|","|turn|23","|","|move|p1a: ラティアス|Substitute|p1a: ラティアス","|-start|p1a: ラティアス|Substitute","|-damage|p1a: ラティアス|145/364","|move|p2a: CrachDeLaPluie|Hypnosis|p1a: ラティアス|[miss]","|-miss|p2a: CrachDeLaPluie|p1a: ラティアス","|","|turn|24","|","|move|p1a: ラティアス|Recover|p1a: ラティアス","|-heal|p1a: ラティアス|327/364","|move|p2a: CrachDeLaPluie|Ice Beam|p1a: ラティアス","|-supereffective|p1a: ラティアス","|-activate|p1a: ラティアス|Substitute|[damage]","|","|turn|25","|","|move|p1a: ラティアス|Stored Power|p2a: CrachDeLaPluie","|-damage|p2a: CrachDeLaPluie|0 fnt","|faint|p2a: CrachDeLaPluie","|","|","|switch|p2a: Gyarados|Gyarados, M, shiny|394/394","|-damage|p2a: Gyarados|296/394|[from] Stealth Rock","|-ability|p2a: Gyarados|Intimidate","|-activate|p1a: ラティアス|Substitute|ability: Intimidate|[of] p2a: Gyarados","|turn|26","|","|switch|p1a: キュレム|Kyurem-Black, shiny|391/391","|-ability|p1a: キュレム|Teravolt","|detailschange|p2a: Gyarados|Gyarados-Mega, M, shiny","|-mega|p2a: Gyarados|Gyarados|Gyaradosite","|-ability|p2a: Gyarados|Mold Breaker","|move|p2a: Gyarados|Crunch|p1a: キュレム","|-damage|p1a: キュレム|241/391","|","|turn|27","|","|move|p1a: キュレム|Fusion Bolt|p2a: Gyarados","|-supereffective|p2a: Gyarados","|-damage|p2a: Gyarados|0 fnt","|faint|p2a: Gyarados","|","|","|switch|p2a: KinderBlue|Azumarill, F|384/384","|-damage|p2a: KinderBlue|336/384|[from] Stealth Rock","|turn|28","|","|move|p1a: キュレム|Fusion Bolt|p2a: KinderBlue","|-supereffective|p2a: KinderBlue","|-damage|p2a: KinderBlue|0 fnt","|faint|p2a: KinderBlue","|","|","|switch|p2a: UneLampe|Lanturn, M|235/391","|-damage|p2a: UneLampe|187/391|[from] Stealth Rock","|turn|29","|","|move|p1a: キュレム|Fusion Bolt|p2a: UneLampe","|-damage|p2a: UneLampe|0 fnt","|faint|p2a: UneLampe","|","|win|Alpha알파α큐레무Kyurem"],"p1rating":{"entryid":"22404","serverid":"eos","formatid":"monotype","userid":"alphakyurem","username":"Alpha알파α큐레무Kyurem","w":2,"l":"0","t":"0","gxe":59,"r":"1540.1606143388","rd":"122.8583080769","sigma":"0","rptime":"1439888400","rpr":1572.6173197679,"rprd":116.84146468108,"rpsigma":"0","acre":1072.4592424032,"lacre":1072.4592424032,"oldacre":"1040"},"p2rating":{"entryid":"27300","serverid":"eos","formatid":"monotype","userid":"justhydrosh","username":"Just'HydroSH","w":"1","l":5,"t":"0","gxe":37.3,"r":"1500","rd":"130","sigma":"0","rptime":"1439888400","rpr":1397.9507165891,"rprd":99.172559068326,"rpsigma":"0","acre":1011.2259435868,"lacre":1011.2259435868,"oldacre":"1024.2446792362"},"endType":"normal"}