{"seed":[32907,22630,60541,24322],"turns":23,"p1":"GTX♅Cool","p2":"Guard Wanderer","p1team":[{"name":"Manaphy","species":"Manaphy","item":"leftovers","ability":"Hydration","moves":["tailglow","raindance","scald","icebeam"],"nature":"","evs":{"hp":96,"atk":0,"def":0,"spa":252,"spd":0,"spe":160},"ivs":{"hp":31,"atk":31,"def":31,"spa":31,"spd":31,"spe":31}},{"name":"Empoleon","species":"Empoleon","item":"leftovers","ability":"Defiant","moves":["scald","roar","toxic","waterfall"],"nature":"","evs":{"hp":248,"atk":0,"def":8,"spa":0,"spd":252,"spe":0},"ivs":{"hp":31,"atk":31,"def":31,"spa":31,"spd":31,"spe":31}},{"name":"Keldeo","species":"Keldeo","item":"","ability":"Justified","moves":["scald","sacredsword","hydropump","icywind"],"nature":"Timid","evs":{"hp":0,"atk":0,"def":4,"spa":252,"spd":0,"spe":252},"ivs":{"hp":31,"atk":31,"def":31,"spa":31,"spd":31,"spe":31}},{"name":"Gyarados","species":"Gyarados","item":"lumberry","ability":"Moxie","moves":["waterfall","earthquake","dragondance","protect"],"nature":"Adamant","evs":{"hp":12,"atk":252,"def":0,"spa":0,"spd":0,"spe":244},"ivs":{"hp":31,"atk":31,"def":31,"spa":31,"spd":31,"spe":31}},{"name":"Swampert","species":"Swampert","item":"swampertite","ability":"Damp","moves":["waterfall","earthquake","icepunch","poweruppunch"],"nature":"Adamant","evs":{"hp":0,"atk":252,"def":4,"spa":0,"spd":0,"spe":252},"ivs":{"hp":31,"atk":31,"def":31,"spa":31,"spd":31,"spe":31}},{"name":"Azumarill","species":"Azumarill","item":"sitrusberry","ability":"Sap Sipper","moves":["bellydrum","aquajet","playrough","knockoff"],"nature":"Adamant","evs":{"hp":92,"atk":252,"def":0,"spa":0,"spd":0,"spe":164},"ivs":{"hp":31,"atk":31,"def":31,"spa":31,"spd":31,"spe":31}}],"p2team":[{"name":"Weezing","species":"Weezing","item":"sitrusberry","ability":"Levitate","moves":["toxicspikes","willowisp","memento","thief"],"nature":"Careful","evs":{"hp":248,"atk":8,"def":0,"spa":0,"spd":252,"spe":0},"ivs":{"hp":31,"atk":31,"def":31,"spa":31,"spd":31,"spe":31}},{"name":"Tentacruel","species":"Tentacruel","item":"assaultvest","ability":"Liquid Ooze","moves":["scald","acidspray","gigadrain","hex"],"nature":"Timid","evs":{"hp":0,"atk":0,"def":4,"spa":252,"spd":0,"spe":252},"ivs":{"hp":31,"atk":31,"def":31,"spa":31,"spd":31,"spe":31}},{"name":"Skuntank","species":"Skuntank","item":"","ability":"Stench","moves":["snatch","thief","suckerpunch","poisonjab"],"nature":"Adamant","evs":{"hp":248,"atk":252,"def":0,"spa":0,"spd":8,"spe":0},"ivs":{"hp":31,"atk":31,"def":31,"spa":31,"spd":31,"spe":31}},{"name":"Crobat","species":"Crobat","item":"whiteherb","ability":"Infiltrator","moves":["curse","acrobatics","roost","hypnosis"],"nature":"Jolly","evs":{"hp":248,"atk":8,"def":0,"spa":0,"spd":0,"spe":252},"ivs":{"hp":31,"atk":31,"def":31,"spa":31,"spd":31,"spe":31}},{"name":"Gengar","species":"Gengar","item":"choicescarf","ability":"Levitate","moves":["trick","destinybond","venoshock","hex"],"nature":"Timid","evs":{"hp":0,"atk":0,"def":0,"spa":252,"spd":4,"spe":252},"ivs":{"hp":31,"atk":31,"def":31,"spa":31,"spd":31,"spe":31}},{"name":"Amoonguss","species":"Amoonguss","item":"blacksludge","ability":"Regenerator","moves":["spore","gigadrain","gastroacid","stunspore"],"nature":"Calm","evs":{"hp":248,"atk":0,"def":0,"spa":8,"spd":252,"spe":0},"shiny":true,"ivs":{"hp":31,"atk":31,"def":31,"spa":31,"spd":31,"spe":31}}],"log":["|player|p1|GTX♅Cool|163","|player|p2|Guard Wanderer|235","|gametype|singles","|gen|6","|tier|Monotype","|rated","|rule|Baton Pass Clause: Limit one Baton Passer, can't pass Spe and other stats simultaneously","|rule|Swagger Clause: Swagger is banned","|rule|Same Type Clause: Pokémon in a team must share a type","|clearpoke","|poke|p1|Manaphy","|poke|p1|Empoleon, F","|poke|p1|Keldeo","|poke|p1|Gyarados, M","|poke|p1|Swampert, F","|poke|p1|Azumarill, F","|poke|p2|Weezing, M","|poke|p2|Tentacruel, F","|poke|p2|Skuntank, M","|poke|p2|Crobat, M","|poke|p2|Gengar, M","|poke|p2|Amoonguss, F, shiny","|rule|Sleep Clause Mod: Limit one foe put to sleep","|rule|Species Clause: Limit one of each Pokémon","|rule|OHKO Clause: OHKO moves are banned","|rule|Moody Clause: Moody is banned","|rule|Evasion Moves Clause: Evasion moves are banned","|rule|Endless Battle Clause: Forcing endless battles is banned","|rule|HP Percentage Mod: HP is shown in percentages","|teampreview","|","|start","|switch|p1a: Swampert|Swampert, F|341/341","|switch|p2a: Weezing|Weezing, M|333/333","|turn|1","|","|detailschange|p1a: Swampert|Swampert-Mega, F","|-mega|p1a: Swampert|Swampert|Swampertite","|move|p1a: Swampert|Waterfall|p2a: Weezing","|-crit|p2a: Weezing","|-damage|p2a: Weezing|120/333","|-enditem|p2a: Weezing|Sitrus Berry|[eat]","|-heal|p2a: Weezing|203/333|[from] item: Sitrus Berry","|move|p2a: Weezing|Will-O-Wisp|p1a: Swampert","|-status|p1a: Swampert|brn","|","|-damage|p1a: Swampert|299/341 brn|[from] brn","|turn|2","|","|move|p1a: Swampert|Power-Up Punch|p2a: Weezing","|-resisted|p2a: Weezing","|-damage|p2a: Weezing|191/333","|-boost|p1a: Swampert|atk|1","|move|p2a: Weezing|Toxic Spikes|p1a: Swampert","|-sidestart|p1: GTX♅Cool|move: Toxic Spikes","|","|-damage|p1a: Swampert|257/341 brn|[from] brn","|turn|3","|","|move|p1a: Swampert|Waterfall|p2a: Weezing","|-damage|p2a: Weezing|89/333","|cant|p2a: Weezing|flinch","|","|-damage|p1a: Swampert|215/341 brn|[from] brn","|turn|4","|","|switch|p2a: Tentacruel|Tentacruel, F|301/301","|move|p1a: Swampert|Waterfall|p2a: Tentacruel","|-resisted|p2a: Tentacruel","|-damage|p2a: Tentacruel|214/301","|","|-damage|p1a: Swampert|173/341 brn|[from] brn","|turn|5","|","|move|p2a: Tentacruel|Giga Drain|p1a: Swampert","|-supereffective|p1a: Swampert","|-damage|p1a: Swampert|0 fnt","|-heal|p2a: Tentacruel|301/301|[from] drain|[of] p1a: Swampert","|faint|p1a: Swampert","|","|","|switch|p1a: Gyarados|Gyarados, M|334/334","|turn|6","|","|move|p2a: Tentacruel|Acid Spray|p1a: Gyarados","|-damage|p1a: Gyarados|280/334","|-unboost|p1a: Gyarados|spd|2","|move|p1a: Gyarados|Earthquake|p2a: Tentacruel","|-supereffective|p2a: Tentacruel","|-damage|p2a: Tentacruel|0 fnt","|faint|p2a: Tentacruel","|-boost|p1a: Gyarados|atk|1|[from] ability: Moxie","|","|","|switch|p2a: Crobat|Crobat, M|373/373","|turn|7","|","|move|p2a: Crobat|Hypnosis|p1a: Gyarados","|-status|p1a: Gyarados|slp","|-enditem|p1a: Gyarados|Lum Berry|[eat]","|-curestatus|p1a: Gyarados|slp","|move|p1a: Gyarados|Waterfall|p2a: Crobat","|-damage|p2a: Crobat|76/373","|","|turn|8","|","|move|p2a: Crobat|Hypnosis|p1a: Gyarados","|-status|p1a: Gyarados|slp","|cant|p1a: Gyarados|slp","|","|turn|9","|","|switch|p1a: Keldeo|Keldeo|323/323","|-status|p1a: Keldeo|psn","|move|p2a: Crobat|Curse|p2a: Crobat","|-unboost|p2a: Crobat|spe|1","|-boost|p2a: Crobat|atk|1","|-boost|p2a: Crobat|def|1","|-enditem|p2a: Crobat|White Herb","|-restoreboost|p2a: Crobat|[silent]","|","|-damage|p1a: Keldeo|283/323 psn|[from] psn","|turn|10","|","|move|p2a: Crobat|Acrobatics|p1a: Keldeo","|-supereffective|p1a: Keldeo","|-damage|p1a: Keldeo|0 fnt","|faint|p1a: Keldeo","|","|","|switch|p1a: Empoleon|Empoleon, F|371/371","|turn|11","|","|move|p2a: Crobat|Roost|p2a: Crobat","|-heal|p2a: Crobat|263/373","|move|p1a: Empoleon|Scald|p2a: Crobat","|-damage|p2a: Crobat|140/373","|","|turn|12","|","|switch|p2a: Amoonguss|Amoonguss, F, shiny|431/431","|move|p1a: Empoleon|Scald|p2a: Amoonguss","|-resisted|p2a: Amoonguss","|-damage|p2a: Amoonguss|384/431","|","|-heal|p2a: Amoonguss|410/431|[from] item: Black Sludge","|turn|13","|","|switch|p1a: Azumarill|Azumarill, F|364/364","|-status|p1a: Azumarill|psn","|move|p2a: Amoonguss|Stun Spore|p1a: Azumarill","|-boost|p1a: Azumarill|atk|1|[from] ability: Sap Sipper","|","|-heal|p2a: Amoonguss|431/431|[from] item: Black Sludge","|-damage|p1a: Azumarill|319/364 psn|[from] psn","|turn|14","|","|switch|p2a: Weezing|Weezing, M|89/333","|move|p1a: Azumarill|Knock Off|p2a: Weezing","|-damage|p2a: Weezing|26/333","|","|-damage|p1a: Azumarill|274/364 psn|[from] psn","|turn|15","|","|switch|p1a: Empoleon|Empoleon, F|371/371","|move|p2a: Weezing|Toxic Spikes|p1a: Empoleon","|-sidestart|p1: GTX♅Cool|move: Toxic Spikes","|","|turn|16","|","|move|p2a: Weezing|Will-O-Wisp|p1a: Empoleon","|-status|p1a: Empoleon|brn","|move|p1a: Empoleon|Scald|p2a: Weezing","|-damage|p2a: Weezing|0 fnt","|faint|p2a: Weezing","|","|-damage|p1a: Empoleon|325/371 brn|[from] brn","|","|switch|p2a: Gengar|Gengar, M|261/261","|turn|17","|","|move|p2a: Gengar|Hex|p1a: Empoleon","|-damage|p1a: Empoleon|127/371 brn","|move|p1a: Empoleon|Waterfall|p2a: Gengar","|-damage|p2a: Gengar|199/261","|","|-heal|p1a: Empoleon|150/371 brn|[from] item: Leftovers","|-damage|p1a: Empoleon|104/371 brn|[from] brn","|turn|18","|","|move|p2a: Gengar|Hex|p1a: Empoleon","|-damage|p1a: Empoleon|0 fnt","|faint|p1a: Empoleon","|","|","|switch|p1a: Manaphy|Manaphy|365/365","|-status|p1a: Manaphy|tox","|turn|19","|","|move|p2a: Gengar|Hex|p1a: Manaphy","|-damage|p1a: Manaphy|122/365 tox","|move|p1a: Manaphy|Scald|p2a: Gengar","|-damage|p2a: Gengar|45/261","|","|-heal|p1a: Manaphy|144/365 tox|[from] item: Leftovers","|-damage|p1a: Manaphy|122/365 tox|[from] psn","|turn|20","|","|move|p2a: Gengar|Hex|p1a: Manaphy","|-damage|p1a: Manaphy|0 fnt","|faint|p1a: Manaphy","|","|","|switch|p1a: Azumarill|Azumarill, F|274/364 psn","|turn|21","|","|switch|p2a: Amoonguss|Amoonguss, F, shiny|431/431","|move|p1a: Azumarill|Aqua Jet|p2a: Amoonguss","|-resisted|p2a: Amoonguss","|-damage|p2a: Amoonguss|400/431","|","|-heal|p2a: Amoonguss|426/431|[from] item: Black Sludge","|-damage|p1a: Azumarill|229/364 psn|[from] psn","|turn|22","|","|move|p1a: Azumarill|Play Rough|p2a: Amoonguss","|-resisted|p2a: Amoonguss","|-damage|p2a: Amoonguss|364/431","|move|p2a: Amoonguss|Gastro Acid|p1a: Azumarill","|-endability|p1a: Azumarill","|","|-heal|p2a: Amoonguss|390/431|[from] item: Black Sludge","|-damage|p1a: Azumarill|184/364 psn|[from] psn","|turn|23","|","|move|p1a: Azumarill|Knock Off|p2a: Amoonguss","|-damage|p2a: Amoonguss|298/431","|-enditem|p2a: Amoonguss|Black Sludge|[from] move: Knock Off|[of] p1a: Azumarill","|move|p2a: Amoonguss|Giga Drain|p1a: Azumarill","|-supereffective|p1a: Azumarill","|-damage|p1a: Azumarill|0 fnt","|-heal|p2a: Amoonguss|390/431|[from] drain|[of] p1a: Azumarill","|faint|p1a: Azumarill","|","|","|win|Guard Wanderer"],"p1rating":{"entryid":"10847","serverid":"eos","formatid":"monotype","userid":"gtxcool","username":"GTX♅Cool","w":"0","l":5,"t":"0","gxe":32.8,"r":"1500","rd":"130","sigma":"0","rptime":"1439802000","rpr":1359.3241536154,"rprd":102.83219891053,"rpsigma":"0","acre":1000,"lacre":1000,"oldacre":"1000"},"p2rating":{"entryid":"9966","serverid":"eos","formatid":"monotype","userid":"guardwanderer","username":"Guard Wanderer","w":2,"l":"3","t":"0","gxe":46.4,"r":"1500","rd":"130","sigma":"0","rptime":"1439802000","rpr":1471.8648307231,"rprd":102.83219891053,"rpsigma":"0","acre":1060.1583810347,"lacre":1060.1583810347,"oldacre":"1026.9954214129"},"endType":"forfeit"}