{"seed":[2019,3407,63010,46231],"turns":23,"p1":"Alpha알파α큐레무Kyurem","p2":"Imp❇ Jk","p1team":[{"name":"ラティオス","species":"latios","item":"choicescarf","ability":"Levitate","moves":["shadowball","dragonpulse","psyshock","icebeam"],"nature":"Timid","evs":{"hp":0,"atk":0,"def":4,"spa":252,"spd":0,"spe":252},"ivs":{"hp":31,"atk":0,"def":31,"spa":31,"spd":31,"spe":31}},{"name":"キュレム","species":"kyuremblack","item":"choiceband","ability":"Teravolt","moves":["zenheadbutt","outrage","fusionbolt","ironhead"],"nature":"Adamant","evs":{"hp":0,"atk":252,"def":4,"spa":0,"spd":0,"spe":252},"shiny":true,"ivs":{"hp":31,"atk":31,"def":31,"spa":31,"spd":31,"spe":31}},{"name":"サザンドラ","species":"hydreigon","item":"lifeorb","ability":"Levitate","moves":["darkpulse","flamethrower","dracometeor","flashcannon"],"nature":"Timid","evs":{"hp":0,"atk":0,"def":4,"spa":252,"spd":0,"spe":252},"shiny":true,"ivs":{"hp":31,"atk":31,"def":31,"spa":31,"spd":31,"spe":31}},{"name":"ガブリアス","species":"garchomp","item":"rockyhelmet","ability":"Rough Skin","moves":["stealthrock","earthquake","dragontail","endure"],"nature":"Impish","evs":{"hp":252,"atk":0,"def":232,"spa":0,"spd":24,"spe":0},"ivs":{"hp":31,"atk":31,"def":31,"spa":31,"spd":31,"spe":31}},{"name":"ラティアス","species":"latias","item":"latiasite","ability":"Levitate","moves":["calmmind","recover","storedpower","substitute"],"nature":"Bold","evs":{"hp":252,"atk":0,"def":240,"spa":0,"spd":0,"spe":16},"ivs":{"hp":31,"atk":0,"def":31,"spa":31,"spd":31,"spe":31}},{"name":"ヌメルゴン","species":"goodra","item":"assaultvest","ability":"Gooey","moves":["fireblast","dracometeor","sludgebomb","muddywater"],"nature":"Modest","evs":{"hp":248,"atk":0,"def":8,"spa":252,"spd":0,"spe":0},"ivs":{"hp":31,"atk":31,"def":31,"spa":31,"spd":31,"spe":31}}],"p2team":[{"name":"terra 2 :P","species":"mamoswine","item":"choicescarf","ability":"Thick Fat","moves":["iciclecrash","earthquake","superpower","stoneedge"],"nature":"Adamant","evs":{"hp":0,"atk":252,"def":0,"spa":0,"spd":0,"spe":252},"ivs":{"hp":31,"atk":31,"def":31,"spa":31,"spd":31,"spe":31}},{"name":"jimmy","species":"steelix","item":"weaknesspolicy","ability":"Sturdy","moves":["gyroball","earthquake","stoneedge","payback"],"nature":"Adamant","evs":{"hp":252,"atk":228,"def":28,"spa":0,"spd":0,"spe":0},"ivs":{"hp":31,"atk":31,"def":31,"spa":31,"spd":31,"spe":0}},{"name":"volcano.alive","species":"camerupt","item":"cameruptite","ability":"Solid Rock","moves":["flamethrower","ancientpower","flashcannon","earthpower"],"nature":"Modest","evs":{"hp":252,"atk":0,"def":0,"spa":252,"spd":0,"spe":0},"ivs":{"hp":31,"atk":31,"def":31,"spa":31,"spd":31,"spe":31}},{"name":"sluggish.stall","species":"gastrodon","item":"leftovers","ability":"Storm Drain","moves":["scald","clearsmog","recover","toxic"],"nature":"Calm","evs":{"hp":252,"atk":0,"def":0,"spa":4,"spd":252,"spe":0},"ivs":{"hp":31,"atk":31,"def":31,"spa":31,"spd":31,"spe":31}},{"name":"mre.like.digimon","species":"landorus","item":"lifeorb","ability":"Sheer Force","moves":["gravity","earthpower","sludgewave","psychic"],"nature":"Timid","evs":{"hp":0,"atk":0,"def":0,"spa":252,"spd":0,"spe":252},"ivs":{"hp":31,"atk":31,"def":31,"spa":31,"spd":31,"spe":31}},{"name":"island.aboard","species":"torterra","item":"focussash","ability":"Overgrow","moves":["earthquake","woodhammer","stoneedge","stealthrock"],"nature":"Adamant","evs":{"hp":252,"atk":4,"def":252,"spa":0,"spd":0,"spe":0},"ivs":{"hp":31,"atk":31,"def":31,"spa":31,"spd":31,"spe":31}}],"log":["|player|p1|Alpha알파α큐레무Kyurem|alphakyurem.gif","|player|p2|Imp❇ Jk|196","|gametype|singles","|gen|6","|tier|Monotype","|rated","|rule|Baton Pass Clause: Limit one Baton Passer, can't pass Spe and other stats simultaneously","|rule|Swagger Clause: Swagger is banned","|rule|Same Type Clause: Pokémon in a team must share a type","|clearpoke","|poke|p1|Latios, M","|poke|p1|Kyurem-Black, shiny","|poke|p1|Hydreigon, F, shiny","|poke|p1|Garchomp, M","|poke|p1|Latias, F","|poke|p1|Goodra, M","|poke|p2|Mamoswine, F","|poke|p2|Steelix, F","|poke|p2|Camerupt, M","|poke|p2|Gastrodon, F","|poke|p2|Landorus, M","|poke|p2|Torterra, F","|rule|Sleep Clause Mod: Limit one foe put to sleep","|rule|Species Clause: Limit one of each Pokémon","|rule|OHKO Clause: OHKO moves are banned","|rule|Moody Clause: Moody is banned","|rule|Evasion Moves Clause: Evasion moves are banned","|rule|Endless Battle Clause: Forcing endless battles is banned","|rule|HP Percentage Mod: HP is shown in percentages","|teampreview","|","|start","|switch|p1a: サザンドラ|Hydreigon, F, shiny|325/325","|switch|p2a: island.aboard|Torterra, F|394/394","|turn|1","|","|switch|p2a: sluggish.stall|Gastrodon, F|426/426","|move|p1a: サザンドラ|Flamethrower|p2a: sluggish.stall","|-resisted|p2a: sluggish.stall","|-damage|p2a: sluggish.stall|369/426","|-damage|p1a: サザンドラ|293/325|[from] item: Life Orb","|","|-heal|p2a: sluggish.stall|395/426|[from] item: Leftovers","|turn|2","|","|switch|p1a: ヌメルゴン|Goodra, M|383/383","|move|p2a: sluggish.stall|Toxic|p1a: ヌメルゴン","|-status|p1a: ヌメルゴン|tox","|","|-heal|p2a: sluggish.stall|421/426|[from] item: Leftovers","|-damage|p1a: ヌメルゴン|360/383 tox|[from] psn","|turn|3","|","|move|p1a: ヌメルゴン|Sludge Bomb|p2a: sluggish.stall","|-resisted|p2a: sluggish.stall","|-damage|p2a: sluggish.stall|381/426","|move|p2a: sluggish.stall|Scald|p1a: ヌメルゴン","|-resisted|p1a: ヌメルゴン","|-damage|p1a: ヌメルゴン|340/383 tox","|","|-heal|p2a: sluggish.stall|407/426|[from] item: Leftovers","|-damage|p1a: ヌメルゴン|294/383 tox|[from] psn","|turn|4","|","|move|p1a: ヌメルゴン|Sludge Bomb|p2a: sluggish.stall","|-resisted|p2a: sluggish.stall","|-damage|p2a: sluggish.stall|366/426","|move|p2a: sluggish.stall|Scald|p1a: ヌメルゴン","|-resisted|p1a: ヌメルゴン","|-damage|p1a: ヌメルゴン|275/383 tox","|","|-heal|p2a: sluggish.stall|392/426|[from] item: Leftovers","|-damage|p1a: ヌメルゴン|206/383 tox|[from] psn","|turn|5","|","|switch|p2a: jimmy|Steelix, F|354/354","|move|p1a: ヌメルゴン|Sludge Bomb|p2a: jimmy","|-immune|p2a: jimmy|[msg]","|","|-damage|p1a: ヌメルゴン|114/383 tox|[from] psn","|turn|6","|","|switch|p2a: sluggish.stall|Gastrodon, F|392/426","|move|p1a: ヌメルゴン|Fire Blast|p2a: sluggish.stall|[miss]","|-miss|p1a: ヌメルゴン|p2a: sluggish.stall","|","|-heal|p2a: sluggish.stall|418/426|[from] item: Leftovers","|-damage|p1a: ヌメルゴン|0 fnt|[from] psn","|faint|p1a: ヌメルゴン","|","|switch|p1a: ガブリアス|Garchomp, M|420/420","|turn|7","|","|switch|p2a: island.aboard|Torterra, F|394/394","|move|p1a: ガブリアス|Stealth Rock|p2a: island.aboard","|-sidestart|p2: Imp❇ Jk|move: Stealth Rock","|","|turn|8","|","|switch|p1a: キュレム|Kyurem-Black, shiny|391/391","|-ability|p1a: キュレム|Teravolt","|move|p2a: island.aboard|Stealth Rock|p1a: キュレム","|-sidestart|p1: Alpha알파α큐레무Kyurem|move: Stealth Rock","|","|turn|9","|","|move|p1a: キュレム|Zen Headbutt|p2a: island.aboard","|-crit|p2a: island.aboard","|-damage|p2a: island.aboard|173/394","|move|p2a: island.aboard|Stone Edge|p1a: キュレム","|-supereffective|p1a: キュレム","|-damage|p1a: キュレム|197/391","|","|turn|10","|","|move|p1a: キュレム|Zen Headbutt|p2a: island.aboard","|-damage|p2a: island.aboard|21/394","|move|p2a: island.aboard|Stone Edge|p1a: キュレム","|-crit|p1a: キュレム","|-supereffective|p1a: キュレム","|-damage|p1a: キュレム|0 fnt","|faint|p1a: キュレム","|","|","|switch|p1a: ラティアス|Latias, F|364/364","|-damage|p1a: ラティアス|319/364|[from] Stealth Rock","|turn|11","|","|detailschange|p1a: ラティアス|Latias-Mega, F","|-mega|p1a: ラティアス|Latias|Latiasite","|move|p1a: ラティアス|Calm Mind|p1a: ラティアス","|-boost|p1a: ラティアス|spa|1","|-boost|p1a: ラティアス|spd|1","|move|p2a: island.aboard|Stone Edge|p1a: ラティアス|[miss]","|-miss|p2a: island.aboard|p1a: ラティアス","|","|turn|12","|","|switch|p2a: sluggish.stall|Gastrodon, F|418/426","|-damage|p2a: sluggish.stall|392/426|[from] Stealth Rock","|move|p1a: ラティアス|Calm Mind|p1a: ラティアス","|-boost|p1a: ラティアス|spa|1","|-boost|p1a: ラティアス|spd|1","|","|-heal|p2a: sluggish.stall|418/426|[from] item: Leftovers","|turn|13","|","|move|p1a: ラティアス|Substitute|p1a: ラティアス","|-start|p1a: ラティアス|Substitute","|-damage|p1a: ラティアス|228/364","|move|p2a: sluggish.stall|Clear Smog|p1a: ラティアス","|-activate|p1a: ラティアス|Substitute|[damage]","|","|-heal|p2a: sluggish.stall|426/426|[from] item: Leftovers","|turn|14","|","|move|p1a: ラティアス|Calm Mind|p1a: ラティアス","|-boost|p1a: ラティアス|spa|1","|-boost|p1a: ラティアス|spd|1","|move|p2a: sluggish.stall|Scald|p1a: ラティアス","|-resisted|p1a: ラティアス","|-activate|p1a: ラティアス|Substitute|[damage]","|","|turn|15","|","|move|p1a: ラティアス|Calm Mind|p1a: ラティアス","|-boost|p1a: ラティアス|spa|1","|-boost|p1a: ラティアス|spd|1","|move|p2a: sluggish.stall|Clear Smog|p1a: ラティアス","|-activate|p1a: ラティアス|Substitute|[damage]","|","|turn|16","|","|move|p1a: ラティアス|Calm Mind|p1a: ラティアス","|-boost|p1a: ラティアス|spa|1","|-boost|p1a: ラティアス|spd|1","|move|p2a: sluggish.stall|Clear Smog|p1a: ラティアス","|-activate|p1a: ラティアス|Substitute|[damage]","|","|turn|17","|","|move|p1a: ラティアス|Calm Mind|p1a: ラティアス","|-boost|p1a: ラティアス|spa|1","|-boost|p1a: ラティアス|spd|1","|move|p2a: sluggish.stall|Clear Smog|p1a: ラティアス","|-activate|p1a: ラティアス|Substitute|[damage]","|","|turn|18","|","|move|p1a: ラティアス|Recover|p1a: ラティアス","|-heal|p1a: ラティアス|364/364","|move|p2a: sluggish.stall|Clear Smog|p1a: ラティアス","|-activate|p1a: ラティアス|Substitute|[damage]","|","|turn|19","|","|move|p1a: ラティアス|Stored Power|p2a: sluggish.stall","|-damage|p2a: sluggish.stall|0 fnt","|faint|p2a: sluggish.stall","|","|","|switch|p2a: mre.like.digimon|Landorus, M|319/319","|-damage|p2a: mre.like.digimon|280/319|[from] Stealth Rock","|turn|20","|","|move|p2a: mre.like.digimon|Sludge Wave|p1a: ラティアス","|-activate|p1a: ラティアス|Substitute|[damage]","|move|p1a: ラティアス|Stored Power|p2a: mre.like.digimon","|-damage|p2a: mre.like.digimon|0 fnt","|faint|p2a: mre.like.digimon","|","|","|switch|p2a: jimmy|Steelix, F|354/354","|-damage|p2a: jimmy|343/354|[from] Stealth Rock","|turn|21","|","|move|p1a: ラティアス|Stored Power|p2a: jimmy","|-resisted|p2a: jimmy","|-damage|p2a: jimmy|0 fnt","|faint|p2a: jimmy","|","|","|switch|p2a: volcano.alive|Camerupt, M|344/344","|-damage|p2a: volcano.alive|301/344|[from] Stealth Rock","|turn|22","|","|detailschange|p2a: volcano.alive|Camerupt-Mega, M","|-mega|p2a: volcano.alive|Camerupt|Cameruptite","|move|p1a: ラティアス|Stored Power|p2a: volcano.alive","|-damage|p2a: volcano.alive|0 fnt","|faint|p2a: volcano.alive","|","|","|switch|p2a: terra 2 :P|Mamoswine, F|361/361","|-damage|p2a: terra 2 :P|316/361|[from] Stealth Rock","|turn|23","|","|move|p2a: terra 2 :P|Icicle Crash|p1a: ラティアス","|-supereffective|p1a: ラティアス","|-end|p1a: ラティアス|Substitute","|move|p1a: ラティアス|Stored Power|p2a: terra 2 :P","|-damage|p2a: terra 2 :P|0 fnt","|faint|p2a: terra 2 :P","|","|","|switch|p2a: island.aboard|Torterra, F|21/394","|-damage|p2a: island.aboard|0 fnt|[from] Stealth Rock","|faint|p2a: island.aboard","|","|win|Alpha알파α큐레무Kyurem"],"p1rating":{"entryid":"22404","serverid":"eos","formatid":"monotype","userid":"alphakyurem","username":"Alpha알파α큐레무Kyurem","w":8,"l":"0","t":"0","gxe":72.1,"r":"1540.1606143388","rd":"122.8583080769","sigma":"0","rptime":"1439888400","rpr":1684.5689218726,"rprd":93.151927242049,"rpsigma":"0","acre":1191.9623478234,"lacre":1191.9623478234,"oldacre":"1175.6883812879"},"p2rating":{"entryid":"86215","serverid":"eos","formatid":"monotype","userid":"impjk","username":"Imp❇ Jk","w":"2","l":3,"t":"0","gxe":45.4,"r":"1500","rd":"130","sigma":"0","rptime":"1439888400","rpr":1463.4939260165,"rprd":103.24634158317,"rpsigma":"0","acre":1037.7957798836,"lacre":1037.7957798836,"oldacre":"1049.0996420917"},"endType":"normal"}