{"seed":[63494,46473,3344,38318],"turns":29,"p1":"Guаrd Wսlf","p2":"emforbes","p1team":[{"name":"Klefki","species":"Klefki","item":"lightclay","ability":"Prankster","moves":["thunderwave","foulplay","lightscreen","reflect"],"nature":"Bold","evs":{"hp":248,"atk":0,"def":252,"spa":0,"spd":8,"spe":0},"shiny":true,"ivs":{"hp":31,"atk":31,"def":31,"spa":31,"spd":31,"spe":31}},{"name":"Clefable","species":"Clefable","item":"leftovers","ability":"Magic Guard","moves":["cosmicpower","moonblast","softboiled","toxic"],"nature":"Bold","evs":{"hp":244,"atk":0,"def":252,"spa":0,"spd":12,"spe":0},"shiny":true,"ivs":{"hp":31,"atk":31,"def":31,"spa":31,"spd":31,"spe":31}},{"name":"Sylveon","species":"Sylveon","item":"leftovers","ability":"Pixilate","moves":["hypervoice","protect","healbell","wish"],"nature":"Calm","evs":{"hp":252,"atk":0,"def":0,"spa":4,"spd":252,"spe":0},"shiny":true,"ivs":{"hp":31,"atk":31,"def":31,"spa":31,"spd":31,"spe":31}},{"name":"Togekiss","species":"Togekiss","item":"leftovers","ability":"Serene Grace","moves":["airslash","roost","defog","thunderwave"],"nature":"Calm","evs":{"hp":252,"atk":0,"def":0,"spa":4,"spd":252,"spe":0},"shiny":true,"ivs":{"hp":31,"atk":31,"def":31,"spa":31,"spd":31,"spe":31}},{"name":"Slurpuff","species":"Slurpuff","item":"sitrusberry","ability":"Unburden","moves":["bellydrum","drainpunch","playrough","flamethrower"],"nature":"Naughty","evs":{"hp":4,"atk":252,"def":0,"spa":0,"spd":0,"spe":252},"shiny":true,"ivs":{"hp":31,"atk":31,"def":31,"spa":31,"spd":31,"spe":31}},{"name":"Gardevoir","species":"Gardevoir","item":"gardevoirite","ability":"Trace","moves":["substitute","hypervoice","psyshock","focusblast"],"nature":"Timid","evs":{"hp":0,"atk":0,"def":0,"spa":252,"spd":4,"spe":252},"shiny":true,"ivs":{"hp":31,"atk":31,"def":31,"spa":31,"spd":31,"spe":31}}],"p2team":[{"name":"Ampharos","species":"Ampharos","item":"ampharosite","ability":"Static","moves":["voltswitch","dragonpulse","hiddenpowergrass","agility"],"nature":"Modest","evs":{"hp":0,"atk":0,"def":0,"spa":252,"spd":4,"spe":252},"ivs":{"hp":31,"atk":30,"def":31,"spa":30,"spd":31,"spe":31},"shiny":true},{"name":"Rotom-Wash","species":"Rotom-Wash","item":"leftovers","ability":"Levitate","moves":["hydropump","voltswitch","willowisp","painsplit"],"nature":"Calm","evs":{"hp":252,"atk":0,"def":0,"spa":4,"spd":252,"spe":0},"ivs":{"hp":31,"atk":0,"def":31,"spa":31,"spd":31,"spe":31},"shiny":true},{"name":"Zapdos","species":"Zapdos","item":"leftovers","ability":"Pressure","moves":["defog","roost","heatwave","thunderbolt"],"nature":"Modest","evs":{"hp":252,"atk":0,"def":0,"spa":252,"spd":4,"spe":0},"ivs":{"hp":31,"atk":0,"def":31,"spa":31,"spd":31,"spe":31}},{"name":"Magnezone","species":"Magnezone","item":"choicescarf","ability":"Magnet Pull","moves":["voltswitch","flashcannon","hiddenpowerfire","thunderbolt"],"nature":"Timid","evs":{"hp":0,"atk":0,"def":0,"spa":252,"spd":4,"spe":252},"ivs":{"hp":31,"atk":30,"def":31,"spa":30,"spd":31,"spe":30},"shiny":true},{"name":"Thundurus","species":"Thundurus","item":"lifeorb","ability":"Prankster","moves":["thunderbolt","thunderwave","hiddenpowerice","grassknot"],"nature":"Timid","evs":{"hp":0,"atk":0,"def":0,"spa":252,"spd":4,"spe":252},"ivs":{"hp":31,"atk":30,"def":30,"spa":31,"spd":31,"spe":31}},{"name":"Luxray","species":"Luxray","item":"toxicorb","ability":"Guts","moves":["facade","wildcharge","crunch","superpower"],"nature":"Jolly","evs":{"hp":0,"atk":252,"def":0,"spa":0,"spd":4,"spe":252},"shiny":true,"ivs":{"hp":31,"atk":31,"def":31,"spa":31,"spd":31,"spe":31}}],"log":["|player|p1|Guаrd Wսlf|163","|player|p2|emforbes|190","|gametype|singles","|gen|6","|tier|Monotype","|rated","|rule|Baton Pass Clause: Limit one Baton Passer, can't pass Spe and other stats simultaneously","|rule|Swagger Clause: Swagger is banned","|rule|Same Type Clause: Pokémon in a team must share a type","|clearpoke","|poke|p1|Klefki, F, shiny","|poke|p1|Clefable, M, shiny","|poke|p1|Sylveon, M, shiny","|poke|p1|Togekiss, F, shiny","|poke|p1|Slurpuff, F, shiny","|poke|p1|Gardevoir, F, shiny","|poke|p2|Ampharos, M, shiny","|poke|p2|Rotom-Wash, shiny","|poke|p2|Zapdos","|poke|p2|Magnezone, shiny","|poke|p2|Thundurus, M","|poke|p2|Luxray, M, shiny","|rule|Sleep Clause Mod: Limit one foe put to sleep","|rule|Species Clause: Limit one of each Pokémon","|rule|OHKO Clause: OHKO moves are banned","|rule|Moody Clause: Moody is banned","|rule|Evasion Moves Clause: Evasion moves are banned","|rule|Endless Battle Clause: Forcing endless battles is banned","|rule|HP Percentage Mod: HP is shown in percentages","|teampreview","|","|start","|switch|p1a: Gardevoir|Gardevoir, F, shiny|277/277","|switch|p2a: Magnezone|Magnezone, shiny|281/281","|-ability|p1a: Gardevoir|Magnet Pull|[from] ability: Trace|[of] p2a: Magnezone","|turn|1","|","|detailschange|p1a: Gardevoir|Gardevoir-Mega, F, shiny","|-mega|p1a: Gardevoir|Gardevoir|Gardevoirite","|move|p2a: Magnezone|Flash Cannon|p1a: Gardevoir","|-supereffective|p1a: Gardevoir","|-damage|p1a: Gardevoir|61/277","|move|p1a: Gardevoir|Focus Blast|p2a: Magnezone","|-supereffective|p2a: Magnezone","|-damage|p2a: Magnezone|0 fnt","|faint|p2a: Magnezone","|","|","|switch|p2a: Thundurus|Thundurus, M|299/299","|turn|2","|","|move|p2a: Thundurus|Thunderbolt|p1a: Gardevoir","|-damage|p1a: Gardevoir|0 fnt","|-damage|p2a: Thundurus|270/299|[from] item: Life Orb","|faint|p1a: Gardevoir","|","|","|switch|p1a: Sylveon|Sylveon, M, shiny|394/394","|turn|3","|","|switch|p2a: Ampharos|Ampharos, M, shiny|321/321","|move|p1a: Sylveon|Hyper Voice|p2a: Ampharos","|-damage|p2a: Ampharos|147/321","|","|turn|4","|","|detailschange|p2a: Ampharos|Ampharos-Mega, M, shiny","|-mega|p2a: Ampharos|Ampharos|Ampharosite","|-ability|p2a: Ampharos|Mold Breaker","|move|p2a: Ampharos|Hidden Power|p1a: Sylveon","|-damage|p1a: Sylveon|341/394","|move|p1a: Sylveon|Hyper Voice|p2a: Ampharos","|-supereffective|p2a: Ampharos","|-damage|p2a: Ampharos|0 fnt","|faint|p2a: Ampharos","|","|-heal|p1a: Sylveon|365/394|[from] item: Leftovers","|","|switch|p2a: Rotom-Wash|Rotom-Wash, shiny|304/304","|turn|5","|","|move|p2a: Rotom-Wash|Volt Switch|p1a: Sylveon","|-damage|p1a: Sylveon|311/394","|","|switch|p2a: Luxray|Luxray, M, shiny|301/301","|move|p1a: Sylveon|Wish|p1a: Sylveon","|","|-heal|p1a: Sylveon|335/394|[from] item: Leftovers","|-status|p2a: Luxray|tox|[from] item: Toxic Orb","|turn|6","|","|switch|p1a: Klefki|Klefki, F, shiny|317/317","|move|p2a: Luxray|Wild Charge|p1a: Klefki","|-damage|p1a: Klefki|128/317","|-damage|p2a: Luxray|254/301 tox|[from] recoil|[of] p1a: Klefki","|","|-heal|p1a: Klefki|317/317|[from] move: Wish|[wisher] Sylveon","|-damage|p2a: Luxray|236/301 tox|[from] psn","|turn|7","|","|move|p1a: Klefki|Reflect|p1a: Klefki","|-sidestart|p1: Guаrd Wսlf|Reflect","|move|p2a: Luxray|Wild Charge|p1a: Klefki","|-damage|p1a: Klefki|233/317","|-damage|p2a: Luxray|215/301 tox|[from] recoil|[of] p1a: Klefki","|","|-damage|p2a: Luxray|179/301 tox|[from] psn","|turn|8","|","|move|p1a: Klefki|Light Screen|p1a: Klefki","|-sidestart|p1: Guаrd Wսlf|move: Light Screen","|move|p2a: Luxray|Wild Charge|p1a: Klefki","|-damage|p1a: Klefki|141/317","|-damage|p2a: Luxray|156/301 tox|[from] recoil|[of] p1a: Klefki","|","|-damage|p2a: Luxray|102/301 tox|[from] psn","|turn|9","|","|switch|p2a: Rotom-Wash|Rotom-Wash, shiny|304/304","|move|p1a: Klefki|Foul Play|p2a: Rotom-Wash","|-damage|p2a: Rotom-Wash|266/304","|","|-heal|p2a: Rotom-Wash|285/304|[from] item: Leftovers","|turn|10","|","|switch|p1a: Sylveon|Sylveon, M, shiny|335/394","|move|p2a: Rotom-Wash|Hydro Pump|p1a: Sylveon","|-damage|p1a: Sylveon|293/394","|","|-heal|p2a: Rotom-Wash|304/304|[from] item: Leftovers","|-heal|p1a: Sylveon|317/394|[from] item: Leftovers","|turn|11","|","|move|p2a: Rotom-Wash|Will-O-Wisp|p1a: Sylveon","|-status|p1a: Sylveon|brn","|move|p1a: Sylveon|Wish|p1a: Sylveon","|","|-heal|p1a: Sylveon|341/394 brn|[from] item: Leftovers","|-damage|p1a: Sylveon|292/394 brn|[from] brn","|turn|12","|","|move|p2a: Rotom-Wash|Volt Switch|p1a: Sylveon","|-damage|p1a: Sylveon|267/394 brn","|","|switch|p2a: Zapdos|Zapdos|384/384","|-ability|p2a: Zapdos|Pressure","|move|p1a: Sylveon|Heal Bell|p1a: Sylveon","|-cureteam|p1a: Sylveon|[from] move: HealBell","|","|-heal|p1a: Sylveon|394/394|[from] move: Wish|[wisher] Sylveon","|turn|13","|","|move|p2a: Zapdos|Defog|p1a: Sylveon","|-unboost|p1a: Sylveon|evasion|1","|-sideend|p1: Guаrd Wսlf|Reflect","|-sideend|p1: Guаrd Wսlf|move: Light Screen","|move|p1a: Sylveon|Wish|p1a: Sylveon","|","|turn|14","|","|switch|p1a: Klefki|Klefki, F, shiny|141/317","|move|p2a: Zapdos|Thunderbolt|p1a: Klefki","|-damage|p1a: Klefki|0 fnt","|faint|p1a: Klefki","|","|","|switch|p1a: Clefable|Clefable, M, shiny|392/392","|turn|15","|","|switch|p2a: Luxray|Luxray, M, shiny|102/301 tox","|move|p1a: Clefable|Cosmic Power|p1a: Clefable","|-boost|p1a: Clefable|def|1","|-boost|p1a: Clefable|spd|1","|","|-damage|p2a: Luxray|84/301 tox|[from] psn","|turn|16","|","|move|p2a: Luxray|Wild Charge|p1a: Clefable","|-damage|p1a: Clefable|251/392","|-damage|p2a: Luxray|49/301 tox|[from] recoil|[of] p1a: Clefable","|move|p1a: Clefable|Cosmic Power|p1a: Clefable","|-boost|p1a: Clefable|def|1","|-boost|p1a: Clefable|spd|1","|","|-heal|p1a: Clefable|275/392|[from] item: Leftovers","|-damage|p2a: Luxray|13/301 tox|[from] psn","|turn|17","|","|move|p2a: Luxray|Wild Charge|p1a: Clefable","|-crit|p1a: Clefable","|-damage|p1a: Clefable|0 fnt","|-damage|p2a: Luxray|0 fnt|[from] recoil|[of] p1a: Clefable","|faint|p1a: Clefable","|faint|p2a: Luxray","|","|","|switch|p1a: Slurpuff|Slurpuff, F, shiny|306/306","|switch|p2a: Zapdos|Zapdos|384/384","|-ability|p2a: Zapdos|Pressure","|turn|18","|","|move|p1a: Slurpuff|Belly Drum|p1a: Slurpuff","|-damage|p1a: Slurpuff|153/306","|-setboost|p1a: Slurpuff|atk|6|[from] move: Belly Drum","|-enditem|p1a: Slurpuff|Sitrus Berry|[eat]","|-heal|p1a: Slurpuff|229/306|[from] item: Sitrus Berry","|move|p2a: Zapdos|Thunderbolt|p1a: Slurpuff","|-damage|p1a: Slurpuff|0 fnt","|faint|p1a: Slurpuff","|","|","|switch|p1a: Sylveon|Sylveon, M, shiny|394/394","|turn|19","|","|move|p2a: Zapdos|Thunderbolt|p1a: Sylveon","|-damage|p1a: Sylveon|283/394","|move|p1a: Sylveon|Hyper Voice|p2a: Zapdos","|-damage|p2a: Zapdos|212/384","|","|-heal|p2a: Zapdos|236/384|[from] item: Leftovers","|-heal|p1a: Sylveon|307/394|[from] item: Leftovers","|turn|20","|","|move|p2a: Zapdos|Thunderbolt|p1a: Sylveon","|-damage|p1a: Sylveon|205/394","|move|p1a: Sylveon|Hyper Voice|p2a: Zapdos","|-damage|p2a: Zapdos|65/384","|","|-heal|p2a: Zapdos|89/384|[from] item: Leftovers","|-heal|p1a: Sylveon|229/394|[from] item: Leftovers","|turn|21","|","|move|p2a: Zapdos|Thunderbolt|p1a: Sylveon","|-damage|p1a: Sylveon|126/394","|move|p1a: Sylveon|Wish|p1a: Sylveon","|","|-heal|p2a: Zapdos|113/384|[from] item: Leftovers","|-heal|p1a: Sylveon|150/394|[from] item: Leftovers","|turn|22","|","|move|p2a: Zapdos|Roost|p2a: Zapdos","|-heal|p2a: Zapdos|305/384","|move|p1a: Sylveon|Hyper Voice|p2a: Zapdos","|-damage|p2a: Zapdos|142/384","|","|-heal|p1a: Sylveon|347/394|[from] move: Wish|[wisher] Sylveon","|-heal|p2a: Zapdos|166/384|[from] item: Leftovers","|-heal|p1a: Sylveon|371/394|[from] item: Leftovers","|turn|23","|","|move|p2a: Zapdos|Roost|p2a: Zapdos","|-heal|p2a: Zapdos|358/384","|move|p1a: Sylveon|Hyper Voice|p2a: Zapdos","|-damage|p2a: Zapdos|190/384","|","|-heal|p2a: Zapdos|214/384|[from] item: Leftovers","|-heal|p1a: Sylveon|394/394|[from] item: Leftovers","|turn|24","|","|move|p2a: Zapdos|Roost|p2a: Zapdos","|-heal|p2a: Zapdos|384/384","|move|p1a: Sylveon|Hyper Voice|p2a: Zapdos","|-damage|p2a: Zapdos|212/384","|","|-heal|p2a: Zapdos|236/384|[from] item: Leftovers","|turn|25","|","|move|p2a: Zapdos|Thunderbolt|p1a: Sylveon","|-damage|p1a: Sylveon|283/394","|move|p1a: Sylveon|Wish|p1a: Sylveon","|","|-heal|p2a: Zapdos|260/384|[from] item: Leftovers","|-heal|p1a: Sylveon|307/394|[from] item: Leftovers","|turn|26","|","|move|p2a: Zapdos|Heat Wave|p1a: Sylveon","|-crit|p1a: Sylveon","|-damage|p1a: Sylveon|200/394","|move|p1a: Sylveon|Hyper Voice|p2a: Zapdos","|-damage|p2a: Zapdos|103/384","|","|-heal|p1a: Sylveon|394/394|[from] move: Wish|[wisher] Sylveon","|-heal|p2a: Zapdos|127/384|[from] item: Leftovers","|turn|27","|","|move|p2a: Zapdos|Roost|p2a: Zapdos","|-heal|p2a: Zapdos|319/384","|move|p1a: Sylveon|Hyper Voice|p2a: Zapdos","|-damage|p2a: Zapdos|159/384","|","|-heal|p2a: Zapdos|183/384|[from] item: Leftovers","|turn|28","|","|move|p2a: Zapdos|Roost|p2a: Zapdos","|-heal|p2a: Zapdos|375/384","|move|p1a: Sylveon|Wish|p1a: Sylveon","|","|-heal|p2a: Zapdos|384/384|[from] item: Leftovers","|turn|29","|","|win|emforbes"],"p1rating":{"entryid":"63748","serverid":"eos","formatid":"monotype","userid":"gurdwlf","username":"Guаrd Wսlf","w":"0","l":3,"t":"0","gxe":37.3,"r":"1500","rd":"130","sigma":"0","rptime":"1439888400","rpr":1396.9317345384,"rprd":111.49849857824,"rpsigma":"0","acre":1000,"lacre":1000,"oldacre":"1000"},"p2rating":{"entryid":"58456","serverid":"eos","formatid":"monotype","userid":"emforbes","username":"emforbes","w":6,"l":"1","t":"0","gxe":64.9,"r":"1500","rd":"130","sigma":"0","rptime":"1439888400","rpr":1619.871454327,"rprd":95.890533365071,"rpsigma":"0","acre":1141.3842235482,"lacre":1141.3842235482,"oldacre":"1125.0103625962"},"endType":"forfeit"}