{"seed":[28935,53618,6581,11003],"turns":23,"p1":"LightOfAKnowing","p2":"Twizz","p1team":[{"name":"Vespiquen","species":"Vespiquen","item":"laxincense","ability":"Pressure","moves":["defendorder","infestation","mudslap","roost"],"nature":"Gentle","evs":{"hp":248,"atk":8,"def":0,"spa":0,"spd":252,"spe":0},"ivs":{"hp":31,"atk":31,"def":31,"spa":31,"spd":31,"spe":31}},{"name":"Heracross","species":"Heracross","item":"choicescarf","ability":"Moxie","moves":["closecombat","megahorn","knockoff","pursuit"],"nature":"Jolly","evs":{"hp":0,"atk":252,"def":0,"spa":0,"spd":4,"spe":252},"ivs":{"hp":31,"atk":31,"def":31,"spa":31,"spd":31,"spe":31}},{"name":"Forretress","species":"Forretress","item":"custapberry","ability":"Sturdy","moves":["stealthrock","rapidspin","explosion","spikes"],"nature":"Impish","evs":{"hp":248,"atk":8,"def":252,"spa":0,"spd":0,"spe":0},"ivs":{"hp":31,"atk":31,"def":31,"spa":31,"spd":31,"spe":31}},{"name":"Galvantula","species":"Galvantula","item":"focussash","ability":"Swarm","moves":["stickyweb","bugbuzz","voltswitch","suckerpunch"],"nature":"Hasty","evs":{"hp":0,"atk":4,"def":0,"spa":252,"spd":0,"spe":252},"ivs":{"hp":31,"atk":31,"def":31,"spa":31,"spd":31,"spe":31}},{"name":"Pinsir","species":"Pinsir","item":"pinsirite","ability":"Moxie","moves":["quickattack","xscissor","frustration","closecombat"],"nature":"Adamant","evs":{"hp":248,"atk":252,"def":0,"spa":0,"spd":8,"spe":0},"happiness":0,"ivs":{"hp":31,"atk":31,"def":31,"spa":31,"spd":31,"spe":31}},{"name":"Genesect","species":"Genesect","item":"choicescarf","ability":"Download","moves":["icebeam","bugbuzz","technoblast","flashcannon"],"nature":"Timid","evs":{"hp":0,"atk":0,"def":4,"spa":252,"spd":0,"spe":252},"happiness":0,"ivs":{"hp":31,"atk":31,"def":31,"spa":31,"spd":31,"spe":31}}],"p2team":[{"name":"Magnezone","species":"Magnezone","item":"leftovers","ability":"Sturdy","moves":["flashcannon","thunderbolt","protect","hiddenpowerice"],"nature":"Modest","evs":{"hp":76,"atk":0,"def":180,"spa":252,"spd":0,"spe":0},"ivs":{"hp":31,"atk":30,"def":30,"spa":31,"spd":31,"spe":31}},{"name":"Zapdos","species":"Zapdos","item":"leftovers","ability":"Pressure","moves":["discharge","heatwave","toxic","roost"],"nature":"Bold","evs":{"hp":4,"atk":0,"def":252,"spa":56,"spd":196,"spe":0},"ivs":{"hp":31,"atk":31,"def":31,"spa":31,"spd":31,"spe":31}},{"name":"Ampharos","species":"Ampharos","item":"ampharosite","ability":"Static","moves":["cottonguard","rest","sleeptalk","dragonpulse"],"nature":"Bold","evs":{"hp":0,"atk":0,"def":252,"spa":136,"spd":120,"spe":0},"ivs":{"hp":31,"atk":31,"def":31,"spa":31,"spd":31,"spe":31}},{"name":"Raikou","species":"Raikou","item":"leftovers","ability":"Pressure","moves":["calmmind","substitute","thunderbolt","extrasensory"],"nature":"Timid","evs":{"hp":0,"atk":0,"def":0,"spa":252,"spd":4,"spe":252},"ivs":{"hp":31,"atk":31,"def":31,"spa":31,"spd":31,"spe":31}},{"name":"Rotom-Wash","species":"Rotom-Wash","item":"choicescarf","ability":"Levitate","moves":["voltswitch","hydropump","willowisp","trick"],"nature":"Timid","evs":{"hp":0,"atk":0,"def":0,"spa":252,"spd":4,"spe":252},"ivs":{"hp":31,"atk":31,"def":31,"spa":31,"spd":31,"spe":31}},{"name":"Condom","species":"eelektross","item":"assaultvest","ability":"Levitate","moves":["gigadrain","thunderbolt","drainpunch","knockoff"],"nature":"Quiet","evs":{"hp":3,"atk":136,"def":0,"spa":108,"spd":252,"spe":0},"ivs":{"hp":31,"atk":31,"def":31,"spa":31,"spd":31,"spe":31}}],"log":["|player|p1|LightOfAKnowing|lightofaknowing.gif","|player|p2|Twizz|264","|gametype|singles","|gen|6","|tier|Monotype","|rated","|rule|Baton Pass Clause: Limit one Baton Passer, can't pass Spe and other stats simultaneously","|rule|Swagger Clause: Swagger is banned","|rule|Same Type Clause: Pokémon in a team must share a type","|clearpoke","|poke|p1|Vespiquen, F","|poke|p1|Heracross, F","|poke|p1|Forretress, M","|poke|p1|Galvantula, M","|poke|p1|Pinsir, F","|poke|p1|Genesect-*","|poke|p2|Magnezone","|poke|p2|Zapdos","|poke|p2|Ampharos, M","|poke|p2|Raikou","|poke|p2|Rotom-Wash","|poke|p2|Eelektross, F","|rule|Sleep Clause Mod: Limit one foe put to sleep","|rule|Species Clause: Limit one of each Pokémon","|rule|OHKO Clause: OHKO moves are banned","|rule|Moody Clause: Moody is banned","|rule|Evasion Moves Clause: Evasion moves are banned","|rule|Endless Battle Clause: Forcing endless battles is banned","|rule|HP Percentage Mod: HP is shown in percentages","|teampreview","|","|start","|switch|p1a: Forretress|Forretress, M|353/353","|switch|p2a: Rotom-Wash|Rotom-Wash|241/241","|turn|1","|","|move|p2a: Rotom-Wash|Trick|p1a: Forretress","|-activate|p2a: Rotom-Wash|move: Trick|[of] p1a: Forretress","|-item|p1a: Forretress|Choice Scarf|[from] move: Trick","|-item|p2a: Rotom-Wash|Custap Berry|[from] move: Trick","|move|p1a: Forretress|Stealth Rock|p2a: Rotom-Wash","|-sidestart|p2: Twizz|move: Stealth Rock","|","|turn|2","|","|switch|p1a: Galvantula|Galvantula, M|281/281","|move|p2a: Rotom-Wash|Will-O-Wisp|p1a: Galvantula","|-status|p1a: Galvantula|brn","|","|-damage|p1a: Galvantula|246/281 brn|[from] brn","|turn|3","|","|move|p1a: Galvantula|Sticky Web|p2a: Rotom-Wash","|-sidestart|p2: Twizz|move: Sticky Web","|move|p2a: Rotom-Wash|Volt Switch|p1a: Galvantula","|-resisted|p1a: Galvantula","|-damage|p1a: Galvantula|165/281 brn","|","|switch|p2a: Condom|Eelektross, F|311/311","|-damage|p2a: Condom|273/311|[from] Stealth Rock","|","|-damage|p1a: Galvantula|130/281 brn|[from] brn","|turn|4","|","|move|p1a: Galvantula|Bug Buzz|p2a: Condom","|-damage|p2a: Condom|197/311","|move|p2a: Condom|Knock Off|p1a: Galvantula","|-damage|p1a: Galvantula|0 fnt","|-enditem|p1a: Galvantula|Focus Sash|[from] move: Knock Off|[of] p2a: Condom","|faint|p1a: Galvantula","|","|","|switch|p1a: Forretress|Forretress, M|353/353","|turn|5","|","|move|p1a: Forretress|Explosion|p2a: Condom","|-damage|p2a: Condom|0 fnt","|faint|p1a: Forretress","|faint|p2a: Condom","|","|","|switch|p2a: Rotom-Wash|Rotom-Wash|241/241","|switch|p1a: Pinsir|Pinsir, F|333/333","|-damage|p2a: Rotom-Wash|211/241|[from] Stealth Rock","|turn|6","|","|move|p2a: Rotom-Wash|Will-O-Wisp|p1a: Pinsir","|-status|p1a: Pinsir|brn","|move|p1a: Pinsir|Frustration|p2a: Rotom-Wash","|-damage|p2a: Rotom-Wash|148/241","|","|-damage|p1a: Pinsir|292/333 brn|[from] brn","|turn|7","|","|detailschange|p1a: Pinsir|Pinsir-Mega, F","|-mega|p1a: Pinsir|Pinsir|Pinsirite","|move|p2a: Rotom-Wash|Volt Switch|p1a: Pinsir","|-supereffective|p1a: Pinsir","|-damage|p1a: Pinsir|74/333 brn","|","|switch|p2a: Magnezone|Magnezone|300/300","|-damage|p2a: Magnezone|282/300|[from] Stealth Rock","|-activate|p2a: Magnezone|move: Sticky Web","|-unboost|p2a: Magnezone|spe|1","|move|p1a: Pinsir|Frustration|p2a: Magnezone","|-crit|p2a: Magnezone","|-resisted|p2a: Magnezone","|-damage|p2a: Magnezone|241/300","|","|-heal|p2a: Magnezone|259/300|[from] item: Leftovers","|-damage|p1a: Pinsir|33/333 brn|[from] brn","|turn|8","|","|move|p2a: Magnezone|Protect|p2a: Magnezone","|-singleturn|p2a: Magnezone|Protect","|move|p1a: Pinsir|Close Combat|p2a: Magnezone","|-activate|p2a: Magnezone|Protect","|","|-heal|p2a: Magnezone|277/300|[from] item: Leftovers","|-damage|p1a: Pinsir|0 fnt|[from] brn","|faint|p1a: Pinsir","|","|switch|p1a: Heracross|Heracross, F|301/301","|turn|9","|","|move|p1a: Heracross|Knock Off|p2a: Magnezone","|-damage|p2a: Magnezone|198/300","|-enditem|p2a: Magnezone|Leftovers|[from] move: Knock Off|[of] p1a: Heracross","|move|p2a: Magnezone|Thunderbolt|p1a: Heracross","|-damage|p1a: Heracross|124/301","|","|turn|10","|","|switch|p1a: Genesect|Genesect|283/283","|-boost|p1a: Genesect|spa|1|[from] ability: Download","|move|p2a: Magnezone|Protect|p2a: Magnezone","|-fail|p2a: Magnezone","|","|turn|11","|","|move|p2a: Magnezone|Protect|p2a: Magnezone","|-singleturn|p2a: Magnezone|Protect","|move|p1a: Genesect|Flash Cannon|p2a: Magnezone","|-activate|p2a: Magnezone|Protect","|","|turn|12","|","|move|p1a: Genesect|Flash Cannon|p2a: Magnezone","|-resisted|p2a: Magnezone","|-damage|p2a: Magnezone|142/300","|move|p2a: Magnezone|Thunderbolt|p1a: Genesect","|-damage|p1a: Genesect|105/283","|","|turn|13","|","|switch|p1a: Vespiquen|Vespiquen, F|343/343","|-ability|p1a: Vespiquen|Pressure","|move|p2a: Magnezone|Thunderbolt|p1a: Vespiquen","|-supereffective|p1a: Vespiquen","|-damage|p1a: Vespiquen|71/343","|","|turn|14","|","|move|p1a: Vespiquen|Roost|p1a: Vespiquen","|-heal|p1a: Vespiquen|243/343","|move|p2a: Magnezone|Thunderbolt|p1a: Vespiquen","|-damage|p1a: Vespiquen|126/343","|","|turn|15","|","|move|p1a: Vespiquen|Roost|p1a: Vespiquen","|-heal|p1a: Vespiquen|298/343","|move|p2a: Magnezone|Thunderbolt|p1a: Vespiquen","|-damage|p1a: Vespiquen|180/343","|-status|p1a: Vespiquen|par","|","|turn|16","|","|move|p2a: Magnezone|Thunderbolt|p1a: Vespiquen","|-crit|p1a: Vespiquen","|-supereffective|p1a: Vespiquen","|-damage|p1a: Vespiquen|0 fnt","|faint|p1a: Vespiquen","|","|","|switch|p1a: Heracross|Heracross, F|124/301","|turn|17","|","|move|p2a: Magnezone|Protect|p2a: Magnezone","|-singleturn|p2a: Magnezone|Protect","|move|p1a: Heracross|Close Combat|p2a: Magnezone","|-activate|p2a: Magnezone|Protect","|","|turn|18","|","|switch|p1a: Genesect|Genesect|105/283","|-boost|p1a: Genesect|spa|1|[from] ability: Download","|switch|p2a: Zapdos|Zapdos|322/322","|-damage|p2a: Zapdos|242/322|[from] Stealth Rock","|-ability|p2a: Zapdos|Pressure","|","|-heal|p2a: Zapdos|262/322|[from] item: Leftovers","|turn|19","|","|move|p1a: Genesect|Ice Beam|p2a: Zapdos","|-supereffective|p2a: Zapdos","|-damage|p2a: Zapdos|0 fnt","|faint|p2a: Zapdos","|","|","|switch|p2a: Rotom-Wash|Rotom-Wash|148/241","|-damage|p2a: Rotom-Wash|118/241|[from] Stealth Rock","|turn|20","|","|move|p1a: Genesect|Ice Beam|p2a: Rotom-Wash","|-resisted|p2a: Rotom-Wash","|-damage|p2a: Rotom-Wash|45/241","|move|p2a: Rotom-Wash|Hydro Pump|p1a: Genesect|[miss]","|-miss|p2a: Rotom-Wash|p1a: Genesect","|","|turn|21","|-enditem|p2a: Rotom-Wash|Custap Berry|[eat]","|-activate|p2a: Rotom-Wash|Custap Berry","|","|move|p2a: Rotom-Wash|Hydro Pump|p1a: Genesect","|-damage|p1a: Genesect|0 fnt","|faint|p1a: Genesect","|","|","|switch|p1a: Heracross|Heracross, F|124/301","|turn|22","|","|move|p1a: Heracross|Close Combat|p2a: Rotom-Wash","|-damage|p2a: Rotom-Wash|0 fnt","|-unboost|p1a: Heracross|def|1","|-unboost|p1a: Heracross|spd|1","|faint|p2a: Rotom-Wash","|-boost|p1a: Heracross|atk|1|[from] ability: Moxie","|","|","|switch|p2a: Ampharos|Ampharos, M|321/321","|-activate|p2a: Ampharos|move: Sticky Web","|-unboost|p2a: Ampharos|spe|1","|-damage|p2a: Ampharos|281/321|[from] Stealth Rock","|turn|23","|","|detailschange|p2a: Ampharos|Ampharos-Mega, M","|-mega|p2a: Ampharos|Ampharos|Ampharosite","|-ability|p2a: Ampharos|Mold Breaker","|move|p1a: Heracross|Close Combat|p2a: Ampharos","|-damage|p2a: Ampharos|65/321","|-unboost|p1a: Heracross|def|1","|-unboost|p1a: Heracross|spd|1","|move|p2a: Ampharos|Dragon Pulse|p1a: Heracross","|-damage|p1a: Heracross|0 fnt","|faint|p1a: Heracross","|","|win|Twizz"],"p1rating":{"entryid":"386","serverid":"eos","formatid":"monotype","userid":"lightofaknowing","username":"LightOfAKnowing","w":"1","l":4,"t":"0","gxe":39.4,"r":"1439.1765093242","rd":"106.91164920561","sigma":"0","rptime":"1439888400","rpr":1415.5095553798,"rprd":102.93140920561,"rpsigma":"0","acre":1002.38639312,"lacre":1002.38639312,"oldacre":"1010.6680245555"},"p2rating":{"entryid":"66045","serverid":"eos","formatid":"monotype","userid":"twizz","username":"Twizz","w":7,"l":"4","t":"0","gxe":55.4,"r":"1500","rd":"130","sigma":"0","rptime":"1439888400","rpr":1541.6468565794,"rprd":85.59439891018,"rpsigma":"0","acre":1130.762971736,"lacre":1130.762971736,"oldacre":"1112.9149415169"},"endType":"normal"}