{"seed":[61368,60314,15920,8673],"turns":27,"p1":"Alliance-Succubus","p2":"Crystal Blade64","p1team":[{"name":"Gengar","species":"Gengar","item":"choicespecs","ability":"Levitate","moves":["hex","thunderbolt","psychic","focusblast"],"nature":"Timid","evs":{"hp":0,"atk":0,"def":0,"spa":252,"spd":4,"spe":252},"ivs":{"hp":31,"atk":31,"def":31,"spa":31,"spd":31,"spe":31}},{"name":"Beedrill","species":"Beedrill","item":"beedrillite","ability":"Sniper","moves":["protect","xscissor","poisonjab","knockoff"],"nature":"Jolly","evs":{"hp":0,"atk":252,"def":0,"spa":0,"spd":4,"spe":252},"ivs":{"hp":31,"atk":31,"def":31,"spa":31,"spd":31,"spe":31}},{"name":"Crobat","species":"Crobat","item":"","ability":"Infiltrator","moves":["acrobatics","crosspoison","pursuit","uturn"],"nature":"Jolly","evs":{"hp":0,"atk":252,"def":0,"spa":0,"spd":4,"spe":252},"ivs":{"hp":31,"atk":31,"def":31,"spa":31,"spd":31,"spe":31}},{"name":"Roserade","species":"Roserade","item":"choicescarf","ability":"Technician","moves":["sludgebomb","energyball","hiddenpowerfire","petaldance"],"nature":"Timid","evs":{"hp":0,"atk":0,"def":0,"spa":252,"spd":4,"spe":252},"ivs":{"hp":31,"atk":30,"def":31,"spa":30,"spd":31,"spe":30}},{"name":"Drapion","species":"Drapion","item":"blacksludge","ability":"Battle Armor","moves":["toxicspikes","whirlwind","knockoff","acupressure"],"nature":"Impish","evs":{"hp":252,"atk":4,"def":252,"spa":0,"spd":0,"spe":0},"ivs":{"hp":31,"atk":31,"def":31,"spa":31,"spd":31,"spe":31}},{"name":"Weezing","species":"Weezing","item":"blacksludge","ability":"Levitate","moves":["clearsmog","flamethrower","willowisp","painsplit"],"nature":"Calm","evs":{"hp":252,"atk":0,"def":0,"spa":4,"spd":252,"spe":0},"ivs":{"hp":31,"atk":31,"def":31,"spa":31,"spd":31,"spe":31}}],"p2team":[{"name":"Reckless","species":"staraptor","item":"leftovers","ability":"Intimidate","moves":["bravebird","roost","featherdance","defog"],"nature":"Impish","evs":{"hp":252,"atk":4,"def":252,"spa":0,"spd":0,"spe":0},"ivs":{"hp":31,"atk":31,"def":31,"spa":31,"spd":31,"spe":31}},{"name":"BetterThanYou","species":"ditto","item":"choicescarf","ability":"Imposter","moves":["transform"],"nature":"Bold","evs":{"hp":248,"atk":0,"def":252,"spa":0,"spd":8,"spe":0},"happiness":0,"ivs":{"hp":31,"atk":31,"def":31,"spa":31,"spd":31,"spe":31}},{"name":"Nurse Joy pls","species":"chansey","item":"eviolite","ability":"Natural Cure","moves":["aromatherapy","softboiled","thunderwave","seismictoss"],"nature":"Bold","evs":{"hp":248,"atk":0,"def":252,"spa":0,"spd":8,"spe":0},"ivs":{"hp":31,"atk":31,"def":31,"spa":31,"spd":31,"spe":31}},{"name":"EnergizerBunny","species":"lopunny","item":"lopunnite","ability":"Cute Charm","moves":["fakeout","highjumpkick","icepunch","frustration"],"nature":"Jolly","evs":{"hp":4,"atk":252,"def":0,"spa":0,"spd":0,"spe":252},"happiness":0,"ivs":{"hp":31,"atk":31,"def":31,"spa":31,"spd":31,"spe":31}},{"name":"DownloadFreeRAM","species":"porygon2","item":"eviolite","ability":"Trace","moves":["toxic","recover","icebeam","discharge"],"nature":"Bold","evs":{"hp":248,"atk":0,"def":252,"spa":8,"spd":0,"spe":0},"ivs":{"hp":31,"atk":31,"def":31,"spa":31,"spd":31,"spe":31}},{"name":"Diggersby tho","species":"diggersby","item":"choiceband","ability":"Huge Power","moves":["earthquake","quickattack","frustration","uturn"],"nature":"Adamant","evs":{"hp":4,"atk":252,"def":0,"spa":0,"spd":0,"spe":252},"happiness":0,"ivs":{"hp":31,"atk":31,"def":31,"spa":31,"spd":31,"spe":31}}],"log":["|player|p1|Alliance-Succubus|96","|player|p2|Crystal Blade64|165","|gametype|singles","|gen|6","|tier|Monotype","|rated","|rule|Baton Pass Clause: Limit one Baton Passer, can't pass Spe and other stats simultaneously","|rule|Swagger Clause: Swagger is banned","|rule|Same Type Clause: Pokémon in a team must share a type","|clearpoke","|poke|p1|Gengar, M","|poke|p1|Beedrill, F","|poke|p1|Crobat, M","|poke|p1|Roserade, M","|poke|p1|Drapion, M","|poke|p1|Weezing, F","|poke|p2|Staraptor, M","|poke|p2|Ditto","|poke|p2|Chansey, F","|poke|p2|Lopunny, F","|poke|p2|Porygon2","|poke|p2|Diggersby, M","|rule|Sleep Clause Mod: Limit one foe put to sleep","|rule|Species Clause: Limit one of each Pokémon","|rule|OHKO Clause: OHKO moves are banned","|rule|Moody Clause: Moody is banned","|rule|Evasion Moves Clause: Evasion moves are banned","|rule|Endless Battle Clause: Forcing endless battles is banned","|rule|HP Percentage Mod: HP is shown in percentages","|teampreview","|","|start","|switch|p1a: Drapion|Drapion, M|344/344","|switch|p2a: Diggersby tho|Diggersby, M|312/312","|turn|1","|","|switch|p1a: Weezing|Weezing, F|334/334","|move|p2a: Diggersby tho|Frustration|p1a: Weezing","|-damage|p1a: Weezing|31/334","|","|-heal|p1a: Weezing|51/334|[from] item: Black Sludge","|turn|2","|","|switch|p2a: EnergizerBunny|Lopunny, F|272/272","|move|p1a: Weezing|Pain Split|p2a: EnergizerBunny","|-sethp|p2a: EnergizerBunny|161/272|p1a: Weezing|161/334|[from] move: Pain Split","|","|-heal|p1a: Weezing|181/334|[from] item: Black Sludge","|turn|3","|","|detailschange|p2a: EnergizerBunny|Lopunny-Mega, F","|-mega|p2a: EnergizerBunny|Lopunny|Lopunnite","|move|p2a: EnergizerBunny|Fake Out|p1a: Weezing","|-damage|p1a: Weezing|112/334","|cant|p1a: Weezing|flinch","|","|-heal|p1a: Weezing|132/334|[from] item: Black Sludge","|turn|4","|","|move|p2a: EnergizerBunny|Frustration|p1a: Weezing","|-damage|p1a: Weezing|0 fnt","|faint|p1a: Weezing","|","|","|switch|p1a: Crobat|Crobat, M|311/311","|turn|5","|","|switch|p2a: DownloadFreeRAM|Porygon2|373/373","|-ability|p2a: DownloadFreeRAM|Infiltrator|[from] ability: Trace|[of] p1a: Crobat","|move|p1a: Crobat|Acrobatics|p2a: DownloadFreeRAM","|-damage|p2a: DownloadFreeRAM|295/373","|","|turn|6","|","|move|p1a: Crobat|U-turn|p2a: DownloadFreeRAM","|-damage|p2a: DownloadFreeRAM|259/373","|","|switch|p1a: Drapion|Drapion, M|344/344","|move|p2a: DownloadFreeRAM|Ice Beam|p1a: Drapion","|-damage|p1a: Drapion|254/344","|","|-heal|p1a: Drapion|275/344|[from] item: Black Sludge","|turn|7","|","|move|p1a: Drapion|Toxic Spikes|p2a: DownloadFreeRAM","|-sidestart|p2: Crystal Blade64|move: Toxic Spikes","|move|p2a: DownloadFreeRAM|Discharge|p1a: Drapion","|-damage|p1a: Drapion|193/344","|","|-heal|p1a: Drapion|214/344|[from] item: Black Sludge","|turn|8","|","|switch|p2a: Reckless|Staraptor, M|374/374","|-ability|p2a: Reckless|Intimidate","|-unboost|p1a: Drapion|atk|1","|move|p1a: Drapion|Toxic Spikes|p2a: Reckless","|-sidestart|p2: Crystal Blade64|move: Toxic Spikes","|","|-heal|p1a: Drapion|235/344|[from] item: Black Sludge","|turn|9","|","|move|p2a: Reckless|Defog|p1a: Drapion","|-unboost|p1a: Drapion|evasion|1","|-sideend|p2: Crystal Blade64|Toxic Spikes|[from] move: Defog|[of] p2a: Reckless","|move|p1a: Drapion|Knock Off|p2a: Reckless","|-damage|p2a: Reckless|308/374","|-enditem|p2a: Reckless|Leftovers|[from] move: Knock Off|[of] p1a: Drapion","|","|-heal|p1a: Drapion|256/344|[from] item: Black Sludge","|turn|10","|","|move|p2a: Reckless|Feather Dance|p1a: Drapion","|-unboost|p1a: Drapion|atk|2","|move|p1a: Drapion|Acupressure|p1a: Drapion","|-boost|p1a: Drapion|atk|2","|","|-heal|p1a: Drapion|277/344|[from] item: Black Sludge","|turn|11","|","|move|p2a: Reckless|Brave Bird|p1a: Drapion","|-damage|p1a: Drapion|157/344","|-damage|p2a: Reckless|268/374|[from] recoil|[of] p1a: Drapion","|move|p1a: Drapion|Acupressure|p1a: Drapion","|-boost|p1a: Drapion|evasion|2","|","|-heal|p1a: Drapion|178/344|[from] item: Black Sludge","|turn|12","|","|move|p2a: Reckless|Brave Bird|p1a: Drapion","|-damage|p1a: Drapion|72/344","|-damage|p2a: Reckless|233/374|[from] recoil|[of] p1a: Drapion","|move|p1a: Drapion|Acupressure|p1a: Drapion","|-boost|p1a: Drapion|spa|2","|","|-heal|p1a: Drapion|93/344|[from] item: Black Sludge","|turn|13","|","|move|p2a: Reckless|Brave Bird|p1a: Drapion","|-damage|p1a: Drapion|0 fnt","|-damage|p2a: Reckless|202/374|[from] recoil|[of] p1a: Drapion","|faint|p1a: Drapion","|","|","|switch|p1a: Gengar|Gengar, M|261/261","|turn|14","|","|switch|p2a: Nurse Joy pls|Chansey, F|703/703","|move|p1a: Gengar|Thunderbolt|p2a: Nurse Joy pls","|-damage|p2a: Nurse Joy pls|607/703","|","|turn|15","|","|switch|p1a: Roserade|Roserade, M|261/261","|move|p2a: Nurse Joy pls|Thunder Wave|p1a: Roserade","|-status|p1a: Roserade|par","|","|turn|16","|","|switch|p1a: Crobat|Crobat, M|311/311","|move|p2a: Nurse Joy pls|Seismic Toss|p1a: Crobat","|-damage|p1a: Crobat|211/311","|","|turn|17","|","|switch|p2a: Reckless|Staraptor, M|202/374","|-ability|p2a: Reckless|Intimidate","|-unboost|p1a: Crobat|atk|1","|move|p1a: Crobat|Cross Poison|p2a: Reckless","|-damage|p2a: Reckless|142/374","|","|turn|18","|","|move|p1a: Crobat|U-turn|p2a: Reckless","|-resisted|p2a: Reckless","|-damage|p2a: Reckless|124/374","|","|switch|p1a: Roserade|Roserade, M|261/261 par","|move|p2a: Reckless|Roost|p2a: Reckless","|-heal|p2a: Reckless|311/374","|","|turn|19","|","|move|p2a: Reckless|Brave Bird|p1a: Roserade","|-supereffective|p1a: Roserade","|-damage|p1a: Roserade|0 fnt","|-damage|p2a: Reckless|225/374|[from] recoil|[of] p1a: Roserade","|faint|p1a: Roserade","|","|","|switch|p1a: Beedrill|Beedrill, F|271/271","|turn|20","|","|detailschange|p1a: Beedrill|Beedrill-Mega, F","|-mega|p1a: Beedrill|Beedrill|Beedrillite","|move|p1a: Beedrill|Protect|p1a: Beedrill","|-singleturn|p1a: Beedrill|Protect","|move|p2a: Reckless|Brave Bird|p1a: Beedrill","|-activate|p1a: Beedrill|Protect","|","|turn|21","|","|switch|p2a: DownloadFreeRAM|Porygon2|259/373","|-ability|p2a: DownloadFreeRAM|Adaptability|[from] ability: Trace|[of] p1a: Beedrill","|move|p1a: Beedrill|Knock Off|p2a: DownloadFreeRAM","|-damage|p2a: DownloadFreeRAM|193/373","|-enditem|p2a: DownloadFreeRAM|Eviolite|[from] move: Knock Off|[of] p1a: Beedrill","|","|turn|22","|","|move|p1a: Beedrill|Poison Jab|p2a: DownloadFreeRAM","|-damage|p2a: DownloadFreeRAM|43/373","|move|p2a: DownloadFreeRAM|Discharge|p1a: Beedrill","|-crit|p1a: Beedrill","|-damage|p1a: Beedrill|159/271","|-status|p1a: Beedrill|par","|","|turn|23","|","|switch|p2a: Reckless|Staraptor, M|225/374","|-ability|p2a: Reckless|Intimidate","|-unboost|p1a: Beedrill|atk|1","|move|p1a: Beedrill|Poison Jab|p2a: Reckless","|-crit|p2a: Reckless","|-damage|p2a: Reckless|0 fnt","|faint|p2a: Reckless","|","|","|switch|p2a: Diggersby tho|Diggersby, M|312/312","|turn|24","|","|move|p2a: Diggersby tho|U-turn|p1a: Beedrill","|-resisted|p1a: Beedrill","|-damage|p1a: Beedrill|0 fnt","|faint|p1a: Beedrill","|","|switch|p2a: EnergizerBunny|Lopunny-Mega, F|161/272","|","|","|switch|p1a: Gengar|Gengar, M|261/261","|turn|25","|","|move|p2a: EnergizerBunny|Fake Out|p1a: Gengar","|-damage|p1a: Gengar|143/261","|cant|p1a: Gengar|flinch","|","|turn|26","|","|move|p2a: EnergizerBunny|Frustration|p1a: Gengar","|-damage|p1a: Gengar|0 fnt","|faint|p1a: Gengar","|","|","|switch|p1a: Crobat|Crobat, M|211/311","|turn|27","|","|move|p2a: EnergizerBunny|Ice Punch|p1a: Crobat","|-crit|p1a: Crobat","|-supereffective|p1a: Crobat","|-damage|p1a: Crobat|0 fnt","|faint|p1a: Crobat","|","|win|Crystal Blade64"],"p1rating":{"entryid":"50240","serverid":"eos","formatid":"monotype","userid":"alliancesuccubus","username":"Alliance-Succubus","w":"3","l":6,"t":"0","gxe":41.1,"r":"1500","rd":"130","sigma":"0","rptime":"1439888400","rpr":1430.0547483788,"rprd":90.188163047796,"rpsigma":"0","acre":1006.7667698686,"lacre":1006.7667698686,"oldacre":"1018.8066660937"},"p2rating":{"entryid":"73557","serverid":"eos","formatid":"monotype","userid":"crystalblade64","username":"Crystal Blade64","w":2,"l":"1","t":"0","gxe":54.2,"r":"1500","rd":"130","sigma":"0","rptime":"1439888400","rpr":1533.0891783611,"rprd":111.51861011339,"rpsigma":"0","acre":1071.9285917165,"lacre":1071.9285917165,"oldacre":"1040"},"endType":"normal"}