{"seed":[9606,32263,48157,29984],"turns":26,"p1":"Void Chrono","p2":"Imp Wisp","p1team":[{"name":"Stick Armed Forces","species":"gallade","item":"galladite","ability":"Justified","moves":["drainpunch","psychocut","knockoff","magiccoat"],"nature":"Jolly","evs":{"hp":84,"atk":172,"def":0,"spa":0,"spd":0,"spe":252},"ivs":{"hp":31,"atk":31,"def":31,"spa":31,"spd":31,"spe":31}},{"name":"Doom Shroom","species":"breloom","item":"focussash","ability":"Technician","moves":["spore","swordsdance","machpunch","bulletseed"],"nature":"Adamant","evs":{"hp":4,"atk":252,"def":0,"spa":0,"spd":0,"spe":252},"ivs":{"hp":31,"atk":31,"def":31,"spa":31,"spd":31,"spe":31}},{"name":"Dear Deer","species":"cobalion","item":"leftovers","ability":"Justified","moves":["thunderwave","ironhead","stealthrock","roar"],"nature":"Impish","evs":{"hp":252,"atk":0,"def":252,"spa":0,"spd":4,"spe":0},"shiny":true,"ivs":{"hp":31,"atk":31,"def":31,"spa":31,"spd":31,"spe":31}},{"name":"Red Bull","species":"terrakion","item":"choicescarf","ability":"Justified","moves":["closecombat","stoneedge","ironhead","earthquake"],"nature":"Jolly","evs":{"hp":0,"atk":252,"def":0,"spa":0,"spd":4,"spe":252},"shiny":true,"ivs":{"hp":31,"atk":31,"def":31,"spa":31,"spd":31,"spe":31}},{"name":"MLP Prodigy","species":"keldeoresolute","item":"leftovers","ability":"Justified","moves":["calmmind","substitute","scald","secretsword"],"nature":"Timid","evs":{"hp":0,"atk":0,"def":0,"spa":252,"spd":0,"spe":252},"ivs":{"hp":31,"atk":31,"def":31,"spa":31,"spd":31,"spe":31}},{"name":"Punchbuggy","species":"heracross","item":"choiceband","ability":"Guts","moves":["megahorn","closecombat","knockoff","feint"],"nature":"Adamant","evs":{"hp":0,"atk":252,"def":0,"spa":0,"spd":4,"spe":252},"ivs":{"hp":31,"atk":31,"def":31,"spa":31,"spd":31,"spe":31}}],"p2team":[{"name":"Koume","species":"chandelure","item":"choicescarf","ability":"Flash Fire","moves":["energyball","shadowball","fireblast","hiddenpowerground"],"nature":"Timid","evs":{"hp":0,"atk":0,"def":0,"spa":252,"spd":4,"spe":252},"gender":"F","ivs":{"hp":31,"atk":31,"def":31,"spa":30,"spd":30,"spe":31}},{"name":"Nabooru","species":"jellicent","item":"leftovers","ability":"Cursed Body","moves":["scald","acidarmor","recover","taunt"],"nature":"Calm","evs":{"hp":252,"atk":0,"def":4,"spa":0,"spd":252,"spe":0},"gender":"F","ivs":{"hp":31,"atk":31,"def":31,"spa":31,"spd":31,"spe":0},"shiny":true},{"name":"Tek","species":"gengar","item":"lifeorb","ability":"Levitate","moves":["dazzlinggleam","sludgewave","thunderbolt","destinybond"],"nature":"Timid","evs":{"hp":0,"atk":0,"def":0,"spa":252,"spd":4,"spe":252},"gender":"M","shiny":true,"ivs":{"hp":31,"atk":31,"def":31,"spa":31,"spd":31,"spe":31}},{"name":"Naesanh","species":"aegislash","item":"lifeorb","ability":"Stance Change","moves":["autotomize","shadowsneak","rockslide","swordsdance"],"nature":"Adamant","evs":{"hp":252,"atk":252,"def":4,"spa":0,"spd":0,"spe":0},"gender":"F","ivs":{"hp":31,"atk":31,"def":31,"spa":31,"spd":31,"spe":31}},{"name":"Sen","species":"sableye","item":"sablenite","ability":"Prankster","moves":["fakeout","knockoff","recover","willowisp"],"nature":"Impish","evs":{"hp":248,"atk":8,"def":252,"spa":0,"spd":0,"spe":0},"gender":"M","ivs":{"hp":31,"atk":31,"def":31,"spa":31,"spd":31,"spe":31}},{"name":"Ipse","species":"shedinja","item":"focussash","ability":"Wonder Guard","moves":["secretpower","protect","strugglebug","willowisp"],"nature":"Jolly","evs":{"hp":1,"atk":252,"def":1,"spa":1,"spd":1,"spe":252},"shiny":true,"ivs":{"hp":31,"atk":31,"def":31,"spa":31,"spd":31,"spe":31}}],"log":["|player|p1|Void Chrono|voidchrono.png","|player|p2|Imp Wisp|152","|gametype|singles","|gen|6","|tier|Monotype","|rated","|rule|Baton Pass Clause: Limit one Baton Passer, can't pass Spe and other stats simultaneously","|rule|Swagger Clause: Swagger is banned","|rule|Same Type Clause: Pokémon in a team must share a type","|clearpoke","|poke|p1|Gallade, M","|poke|p1|Breloom, M","|poke|p1|Cobalion, shiny","|poke|p1|Terrakion, shiny","|poke|p1|Keldeo-Resolute","|poke|p1|Heracross, M","|poke|p2|Chandelure, F","|poke|p2|Jellicent, F, shiny","|poke|p2|Gengar, M, shiny","|poke|p2|Aegislash, F","|poke|p2|Sableye, M","|poke|p2|Shedinja, shiny","|rule|Sleep Clause Mod: Limit one foe put to sleep","|rule|Species Clause: Limit one of each Pokémon","|rule|OHKO Clause: OHKO moves are banned","|rule|Moody Clause: Moody is banned","|rule|Evasion Moves Clause: Evasion moves are banned","|rule|Endless Battle Clause: Forcing endless battles is banned","|rule|HP Percentage Mod: HP is shown in percentages","|teampreview","|","|start","|switch|p1a: Stick Armed Forces|Gallade, M|298/298","|switch|p2a: Sen|Sableye, M|303/303","|turn|1","|","|detailschange|p1a: Stick Armed Forces|Gallade-Mega, M","|-mega|p1a: Stick Armed Forces|Gallade|Galladite","|detailschange|p2a: Sen|Sableye-Mega, M","|-mega|p2a: Sen|Sableye|Sablenite","|move|p1a: Stick Armed Forces|Magic Coat|p1a: Stick Armed Forces","|-singleturn|p1a: Stick Armed Forces|move: Magic Coat","|move|p2a: Sen|Will-O-Wisp|p1a: Stick Armed Forces","|move|p1a: Stick Armed Forces|Will-O-Wisp|p2a: Sen|[from]Magic Coat","|-status|p2a: Sen|brn","|","|-damage|p2a: Sen|266/303 brn|[from] brn","|turn|2","|","|switch|p1a: Punchbuggy|Heracross, M|301/301","|move|p2a: Sen|Knock Off|p1a: Punchbuggy","|-resisted|p1a: Punchbuggy","|-damage|p1a: Punchbuggy|267/301","|-enditem|p1a: Punchbuggy|Choice Band|[from] move: Knock Off|[of] p2a: Sen","|","|-damage|p2a: Sen|229/303 brn|[from] brn","|turn|3","|","|move|p1a: Punchbuggy|Megahorn|p2a: Sen|[miss]","|-miss|p1a: Punchbuggy|p2a: Sen","|move|p2a: Sen|Will-O-Wisp|p1a: Punchbuggy","|-status|p1a: Punchbuggy|brn","|","|-damage|p1a: Punchbuggy|230/301 brn|[from] brn","|-damage|p2a: Sen|192/303 brn|[from] brn","|turn|4","|","|move|p1a: Punchbuggy|Knock Off|p2a: Sen","|-damage|p2a: Sen|122/303 brn","|move|p2a: Sen|Recover|p2a: Sen","|-heal|p2a: Sen|274/303 brn","|","|-damage|p1a: Punchbuggy|193/301 brn|[from] brn","|-damage|p2a: Sen|237/303 brn|[from] brn","|turn|5","|","|move|p1a: Punchbuggy|Megahorn|p2a: Sen","|-damage|p2a: Sen|20/303 brn","|move|p2a: Sen|Knock Off|p1a: Punchbuggy","|-resisted|p1a: Punchbuggy","|-damage|p1a: Punchbuggy|170/301 brn","|","|-damage|p1a: Punchbuggy|133/301 brn|[from] brn","|-damage|p2a: Sen|0 fnt|[from] brn","|faint|p2a: Sen","|","|switch|p2a: Ipse|Shedinja, shiny|1/1","|turn|6","|","|move|p2a: Ipse|Protect|p2a: Ipse","|-singleturn|p2a: Ipse|Protect","|move|p1a: Punchbuggy|Knock Off|p2a: Ipse","|-activate|p2a: Ipse|Protect","|","|-damage|p1a: Punchbuggy|96/301 brn|[from] brn","|turn|7","|","|switch|p1a: Dear Deer|Cobalion, shiny|386/386","|move|p2a: Ipse|Secret Power|p1a: Dear Deer","|-resisted|p1a: Dear Deer","|-damage|p1a: Dear Deer|365/386","|","|-heal|p1a: Dear Deer|386/386|[from] item: Leftovers","|turn|8","|","|move|p1a: Dear Deer|Stealth Rock|p2a: Ipse","|-sidestart|p2: Imp Wisp|move: Stealth Rock","|move|p2a: Ipse|Will-O-Wisp|p1a: Dear Deer|[miss]","|-miss|p2a: Ipse|p1a: Dear Deer","|","|turn|9","|","|move|p2a: Ipse|Will-O-Wisp|p1a: Dear Deer","|-status|p1a: Dear Deer|brn","|move|p1a: Dear Deer|Roar|p2a: Ipse","|drag|p2a: Nabooru|Jellicent, F, shiny|404/404","|-damage|p2a: Nabooru|354/404|[from] Stealth Rock","|","|-heal|p2a: Nabooru|379/404|[from] item: Leftovers","|-damage|p1a: Dear Deer|338/386 brn|[from] brn","|turn|10","|","|move|p1a: Dear Deer|Thunder Wave|p2a: Nabooru","|-status|p2a: Nabooru|par","|move|p2a: Nabooru|Taunt|p1a: Dear Deer","|-start|p1a: Dear Deer|move: Taunt","|","|-heal|p1a: Dear Deer|362/386 brn|[from] item: Leftovers","|-heal|p2a: Nabooru|404/404 par|[from] item: Leftovers","|-damage|p1a: Dear Deer|314/386 brn|[from] brn","|turn|11","|","|switch|p1a: Doom Shroom|Breloom, M|262/262","|cant|p2a: Nabooru|par","|","|turn|12","|","|switch|p2a: Ipse|Shedinja, shiny|1/1","|-damage|p2a: Ipse|0 fnt|[from] Stealth Rock","|faint|p2a: Ipse","|move|p1a: Doom Shroom|Swords Dance|p1a: Doom Shroom","|-boost|p1a: Doom Shroom|atk|2","|","|","|switch|p2a: Koume|Chandelure, F|261/261","|-damage|p2a: Koume|196/261|[from] Stealth Rock","|turn|13","|","|move|p2a: Koume|Fire Blast|p1a: Doom Shroom","|-supereffective|p1a: Doom Shroom","|-enditem|p1a: Doom Shroom|Focus Sash","|-damage|p1a: Doom Shroom|1/262","|move|p1a: Doom Shroom|Bullet Seed|p2a: Koume","|-resisted|p2a: Koume","|-damage|p2a: Koume|124/261","|-resisted|p2a: Koume","|-damage|p2a: Koume|38/261","|-hitcount|p2a: Koume|2","|","|turn|14","|","|move|p2a: Koume|Fire Blast|p1a: Doom Shroom","|-supereffective|p1a: Doom Shroom","|-damage|p1a: Doom Shroom|0 fnt","|faint|p1a: Doom Shroom","|","|","|switch|p1a: Red Bull|Terrakion, shiny|323/323","|turn|15","|","|move|p1a: Red Bull|Earthquake|p2a: Koume","|-supereffective|p2a: Koume","|-damage|p2a: Koume|0 fnt","|faint|p2a: Koume","|","|","|switch|p2a: Nabooru|Jellicent, F, shiny|404/404 par","|-damage|p2a: Nabooru|354/404 par|[from] Stealth Rock","|turn|16","|","|switch|p1a: Dear Deer|Cobalion, shiny|314/386 brn","|move|p2a: Nabooru|Scald|p1a: Dear Deer","|-damage|p1a: Dear Deer|212/386 brn","|","|-heal|p1a: Dear Deer|236/386 brn|[from] item: Leftovers","|-heal|p2a: Nabooru|379/404 par|[from] item: Leftovers","|-damage|p1a: Dear Deer|188/386 brn|[from] brn","|turn|17","|","|move|p1a: Dear Deer|Thunder Wave|p2a: Nabooru","|-fail|p2a: Nabooru|par","|cant|p2a: Nabooru|par","|","|-heal|p1a: Dear Deer|212/386 brn|[from] item: Leftovers","|-heal|p2a: Nabooru|404/404 par|[from] item: Leftovers","|-damage|p1a: Dear Deer|164/386 brn|[from] brn","|turn|18","|","|move|p1a: Dear Deer|Thunder Wave|p2a: Nabooru","|-fail|p2a: Nabooru|par","|cant|p2a: Nabooru|par","|","|-heal|p1a: Dear Deer|188/386 brn|[from] item: Leftovers","|-damage|p1a: Dear Deer|140/386 brn|[from] brn","|turn|19","|","|move|p1a: Dear Deer|Thunder Wave|p2a: Nabooru","|-fail|p2a: Nabooru|par","|cant|p2a: Nabooru|par","|","|-heal|p1a: Dear Deer|164/386 brn|[from] item: Leftovers","|-damage|p1a: Dear Deer|116/386 brn|[from] brn","|turn|20","|","|move|p1a: Dear Deer|Thunder Wave|p2a: Nabooru","|-fail|p2a: Nabooru|par","|move|p2a: Nabooru|Scald|p1a: Dear Deer","|-damage|p1a: Dear Deer|16/386 brn","|","|-heal|p1a: Dear Deer|40/386 brn|[from] item: Leftovers","|-damage|p1a: Dear Deer|0 fnt|[from] brn","|faint|p1a: Dear Deer","|","|switch|p1a: Punchbuggy|Heracross, M|96/301 brn","|turn|21","|","|move|p1a: Punchbuggy|Knock Off|p2a: Nabooru","|-supereffective|p2a: Nabooru","|-damage|p2a: Nabooru|0 fnt","|-start|p1a: Punchbuggy|Disable|Knock Off","|-enditem|p2a: Nabooru|Leftovers|[from] move: Knock Off|[of] p1a: Punchbuggy","|faint|p2a: Nabooru","|","|-damage|p1a: Punchbuggy|59/301 brn|[from] brn","|","|switch|p2a: Naesanh|Aegislash, F|324/324","|-damage|p2a: Naesanh|304/324|[from] Stealth Rock","|turn|22","|","|move|p1a: Punchbuggy|Megahorn|p2a: Naesanh","|-resisted|p2a: Naesanh","|-damage|p2a: Naesanh|247/324","|move|p2a: Naesanh|Swords Dance|p2a: Naesanh","|-boost|p2a: Naesanh|atk|2","|","|-damage|p1a: Punchbuggy|22/301 brn|[from] brn","|turn|23","|","|move|p1a: Punchbuggy|Megahorn|p2a: Naesanh","|-resisted|p2a: Naesanh","|-damage|p2a: Naesanh|190/324","|move|p2a: Naesanh|Swords Dance|p2a: Naesanh","|-boost|p2a: Naesanh|atk|2","|","|-damage|p1a: Punchbuggy|0 fnt|[from] brn","|faint|p1a: Punchbuggy","|","|switch|p1a: MLP Prodigy|Keldeo-Resolute|323/323","|turn|24","|","|-formechange|p2a: Naesanh|Aegislash-Blade","|move|p2a: Naesanh|Shadow Sneak|p1a: MLP Prodigy","|-damage|p1a: MLP Prodigy|0 fnt","|-damage|p2a: Naesanh|158/324|[from] item: Life Orb","|faint|p1a: MLP Prodigy","|","|","|switch|p1a: Red Bull|Terrakion, shiny|323/323","|turn|25","|","|move|p2a: Naesanh|Shadow Sneak|p1a: Red Bull","|-damage|p1a: Red Bull|0 fnt","|-damage|p2a: Naesanh|126/324|[from] item: Life Orb","|faint|p1a: Red Bull","|","|","|switch|p1a: Stick Armed Forces|Gallade-Mega, M|298/298","|turn|26","|","|move|p1a: Stick Armed Forces|Magic Coat|p1a: Stick Armed Forces","|-singleturn|p1a: Stick Armed Forces|move: Magic Coat","|move|p2a: Naesanh|Shadow Sneak|p1a: Stick Armed Forces","|-supereffective|p1a: Stick Armed Forces","|-damage|p1a: Stick Armed Forces|0 fnt","|-damage|p2a: Naesanh|94/324|[from] item: Life Orb","|faint|p1a: Stick Armed Forces","|","|win|Imp Wisp"],"p1rating":{"entryid":75443,"formatid":"monotype","userid":"voidchrono","username":"Void Chrono","r":1500,"rd":130,"sigma":0,"rpr":1459.8393856612,"rprd":122.8583080769,"rpsigma":0,"rptime":1439888400,"w":0,"l":1,"t":0,"gxe":45,"acre":1000,"lacre":1000,"oldacre":1000},"p2rating":{"entryid":75444,"formatid":"monotype","userid":"impwisp","username":"Imp Wisp","r":1500,"rd":130,"sigma":0,"rpr":1540.1606143388,"rprd":122.8583080769,"rpsigma":0,"rptime":1439888400,"w":1,"l":0,"t":0,"gxe":55,"acre":1040,"lacre":1040,"oldacre":1000},"endType":"normal"}