{"seed":[2479,14360,60363,46222],"turns":22,"p1":"Mind Trainer Yang","p2":"GTX♅Cool","p1team":[{"name":"Gallient","species":"gallade","item":"focussash","ability":"Steadfast","moves":["psychocut","poisonjab","drainpunch","magiccoat"],"nature":"Adamant","evs":{"hp":248,"atk":252,"def":0,"spa":0,"spd":8,"spe":0},"shiny":true,"ivs":{"hp":31,"atk":31,"def":31,"spa":31,"spd":31,"spe":31}},{"name":"Graceful","species":"gardevoir","item":"gardevoirite","ability":"Synchronize","moves":["psychic","hypervoice","shadowball","calmmind"],"nature":"Modest","evs":{"hp":248,"atk":0,"def":0,"spa":252,"spd":8,"spe":0},"gender":"F","shiny":true,"ivs":{"hp":31,"atk":31,"def":31,"spa":31,"spd":31,"spe":31}},{"name":"Mind Shell","species":"slowking","item":"leftovers","ability":"Regenerator","moves":["scald","psychic","shadowball","slackoff"],"nature":"Bold","evs":{"hp":252,"atk":0,"def":252,"spa":4,"spd":0,"spe":0},"gender":"M","ivs":{"hp":31,"atk":31,"def":31,"spa":31,"spd":31,"spe":31}},{"name":"Tail Shell","species":"slowbro","item":"colburberry","ability":"Regenerator","moves":["scald","psychic","slackoff","toxic"],"nature":"Bold","evs":{"hp":248,"atk":0,"def":252,"spa":8,"spd":0,"spe":0},"gender":"F","ivs":{"hp":31,"atk":31,"def":31,"spa":31,"spd":31,"spe":31}},{"name":"Meteor-X","species":"metagross","item":"lifeorb","ability":"Light Metal","moves":["meteormash","zenheadbutt","earthquake","lightscreen"],"nature":"Jolly","evs":{"hp":0,"atk":252,"def":0,"spa":0,"spd":4,"spe":252},"ivs":{"hp":31,"atk":31,"def":31,"spa":31,"spd":31,"spe":31}},{"name":"Yin","species":"espeon","item":"leftovers","ability":"Magic Bounce","moves":["psychic","shadowball","grassknot","calmmind"],"nature":"Timid","evs":{"hp":0,"atk":0,"def":0,"spa":252,"spd":4,"spe":252},"gender":"F","ivs":{"hp":31,"atk":31,"def":31,"spa":31,"spd":31,"spe":31}}],"p2team":[{"name":"Ludicolo","species":"Ludicolo","item":"lifeorb","ability":"Swift Swim","moves":["surf","gigadrain","icebeam","focusblast"],"nature":"","evs":{"hp":0,"atk":0,"def":0,"spa":252,"spd":4,"spe":252},"ivs":{"hp":31,"atk":31,"def":31,"spa":31,"spd":31,"spe":31}},{"name":"Politoed","species":"Politoed","item":"leftovers","ability":"Drizzle","moves":["scald","icebeam","perishsong","protect"],"nature":"","evs":{"hp":252,"atk":0,"def":76,"spa":76,"spd":100,"spe":4},"ivs":{"hp":31,"atk":31,"def":31,"spa":31,"spd":31,"spe":31}},{"name":"Keldeo","species":"Keldeo","item":"choicescarf","ability":"Justified","moves":["scald","sacredsword","hydropump","icywind"],"nature":"Timid","evs":{"hp":0,"atk":0,"def":4,"spa":252,"spd":0,"spe":252},"ivs":{"hp":31,"atk":31,"def":31,"spa":31,"spd":31,"spe":31}},{"name":"Gyarados","species":"Gyarados","item":"lumberry","ability":"Moxie","moves":["waterfall","earthquake","dragondance","protect"],"nature":"Adamant","evs":{"hp":12,"atk":252,"def":0,"spa":0,"spd":0,"spe":244},"ivs":{"hp":31,"atk":31,"def":31,"spa":31,"spd":31,"spe":31}},{"name":"Swampert","species":"Swampert","item":"swampertite","ability":"Damp","moves":["waterfall","earthquake","icepunch","poweruppunch"],"nature":"Adamant","evs":{"hp":0,"atk":252,"def":4,"spa":0,"spd":0,"spe":252},"ivs":{"hp":31,"atk":31,"def":31,"spa":31,"spd":31,"spe":31}},{"name":"Azumarill","species":"Azumarill","item":"sitrusberry","ability":"Sap Sipper","moves":["bellydrum","aquajet","playrough","knockoff"],"nature":"Adamant","evs":{"hp":92,"atk":252,"def":0,"spa":0,"spd":0,"spe":164},"ivs":{"hp":31,"atk":31,"def":31,"spa":31,"spd":31,"spe":31}}],"log":["|player|p1|Mind Trainer Yang|50","|player|p2|GTX♅Cool|163","|gametype|singles","|gen|6","|tier|Monotype","|rated","|rule|Baton Pass Clause: Limit one Baton Passer, can't pass Spe and other stats simultaneously","|rule|Swagger Clause: Swagger is banned","|rule|Same Type Clause: Pokémon in a team must share a type","|clearpoke","|poke|p1|Gallade, M, shiny","|poke|p1|Gardevoir, F, shiny","|poke|p1|Slowking, M","|poke|p1|Slowbro, F","|poke|p1|Metagross","|poke|p1|Espeon, F","|poke|p2|Ludicolo, M","|poke|p2|Politoed, M","|poke|p2|Keldeo","|poke|p2|Gyarados, M","|poke|p2|Swampert, F","|poke|p2|Azumarill, F","|rule|Sleep Clause Mod: Limit one foe put to sleep","|rule|Species Clause: Limit one of each Pokémon","|rule|OHKO Clause: OHKO moves are banned","|rule|Moody Clause: Moody is banned","|rule|Evasion Moves Clause: Evasion moves are banned","|rule|Endless Battle Clause: Forcing endless battles is banned","|rule|HP Percentage Mod: HP is shown in percentages","|teampreview","|","|start","|switch|p1a: Yin|Espeon, F|271/271","|switch|p2a: Azumarill|Azumarill, F|364/364","|turn|1","|","|move|p1a: Yin|Calm Mind|p1a: Yin","|-boost|p1a: Yin|spa|1","|-boost|p1a: Yin|spd|1","|move|p2a: Azumarill|Knock Off|p1a: Yin","|-crit|p1a: Yin","|-supereffective|p1a: Yin","|-damage|p1a: Yin|0 fnt","|-enditem|p1a: Yin|Leftovers|[from] move: Knock Off|[of] p2a: Azumarill","|faint|p1a: Yin","|","|","|switch|p1a: Gallient|Gallade, M, shiny|339/339","|turn|2","|","|move|p1a: Gallient|Poison Jab|p2a: Azumarill","|-supereffective|p2a: Azumarill","|-damage|p2a: Azumarill|106/364","|-enditem|p2a: Azumarill|Sitrus Berry|[eat]","|-heal|p2a: Azumarill|197/364|[from] item: Sitrus Berry","|move|p2a: Azumarill|Knock Off|p1a: Gallient","|-damage|p1a: Gallient|242/339","|-enditem|p1a: Gallient|Focus Sash|[from] move: Knock Off|[of] p2a: Azumarill","|","|turn|3","|","|move|p2a: Azumarill|Aqua Jet|p1a: Gallient","|-damage|p1a: Gallient|182/339","|move|p1a: Gallient|Poison Jab|p2a: Azumarill","|-supereffective|p2a: Azumarill","|-damage|p2a: Azumarill|0 fnt","|faint|p2a: Azumarill","|","|","|switch|p2a: Politoed|Politoed, M|384/384","|-weather|RainDance","|turn|4","|","|move|p1a: Gallient|Drain Punch|p2a: Politoed","|-damage|p2a: Politoed|231/384","|-heal|p1a: Gallient|259/339|[from] drain|[of] p2a: Politoed","|move|p2a: Politoed|Scald|p1a: Gallient","|-damage|p1a: Gallient|144/339","|","|-weather|RainDance|[upkeep]","|-heal|p2a: Politoed|255/384|[from] item: Leftovers","|turn|5","|","|move|p1a: Gallient|Psycho Cut|p2a: Politoed","|-crit|p2a: Politoed","|-damage|p2a: Politoed|29/384","|move|p2a: Politoed|Scald|p1a: Gallient","|-damage|p1a: Gallient|23/339","|","|-weather|RainDance|[upkeep]","|-heal|p2a: Politoed|53/384|[from] item: Leftovers","|turn|6","|","|switch|p2a: Gyarados|Gyarados, M|334/334","|move|p1a: Gallient|Psycho Cut|p2a: Gyarados","|-damage|p2a: Gyarados|181/334","|","|-weather|RainDance|[upkeep]","|turn|7","|","|move|p2a: Gyarados|Waterfall|p1a: Gallient","|-damage|p1a: Gallient|0 fnt","|faint|p1a: Gallient","|-boost|p2a: Gyarados|atk|1|[from] ability: Moxie","|","|-weather|RainDance|[upkeep]","|","|switch|p1a: Tail Shell|Slowbro, F|393/393","|turn|8","|","|move|p2a: Gyarados|Earthquake|p1a: Tail Shell","|-damage|p1a: Tail Shell|257/393","|move|p1a: Tail Shell|Toxic|p2a: Gyarados","|-status|p2a: Gyarados|tox","|-enditem|p2a: Gyarados|Lum Berry|[eat]","|-curestatus|p2a: Gyarados|tox","|","|-weather|none","|turn|9","|","|move|p2a: Gyarados|Earthquake|p1a: Tail Shell","|-crit|p1a: Tail Shell","|-damage|p1a: Tail Shell|74/393","|move|p1a: Tail Shell|Psychic|p2a: Gyarados","|-damage|p2a: Gyarados|81/334","|-unboost|p2a: Gyarados|spd|1","|","|turn|10","|","|move|p2a: Gyarados|Earthquake|p1a: Tail Shell","|-damage|p1a: Tail Shell|0 fnt","|faint|p1a: Tail Shell","|-boost|p2a: Gyarados|atk|1|[from] ability: Moxie","|","|","|switch|p1a: Mind Shell|Slowking, M|394/394","|turn|11","|","|move|p2a: Gyarados|Earthquake|p1a: Mind Shell","|-damage|p1a: Mind Shell|185/394","|move|p1a: Mind Shell|Psychic|p2a: Gyarados","|-damage|p2a: Gyarados|0 fnt","|faint|p2a: Gyarados","|","|-heal|p1a: Mind Shell|209/394|[from] item: Leftovers","|","|switch|p2a: Keldeo|Keldeo|323/323","|turn|12","|","|move|p2a: Keldeo|Sacred Sword|p1a: Mind Shell","|-resisted|p1a: Mind Shell","|-damage|p1a: Mind Shell|176/394","|move|p1a: Mind Shell|Psychic|p2a: Keldeo","|-supereffective|p2a: Keldeo","|-damage|p2a: Keldeo|101/323","|","|-heal|p1a: Mind Shell|200/394|[from] item: Leftovers","|turn|13","|","|move|p2a: Keldeo|Sacred Sword|p1a: Mind Shell","|-resisted|p1a: Mind Shell","|-damage|p1a: Mind Shell|169/394","|move|p1a: Mind Shell|Psychic|p2a: Keldeo","|-supereffective|p2a: Keldeo","|-damage|p2a: Keldeo|0 fnt","|faint|p2a: Keldeo","|","|-heal|p1a: Mind Shell|193/394|[from] item: Leftovers","|","|switch|p2a: Swampert|Swampert, F|341/341","|turn|14","|","|detailschange|p2a: Swampert|Swampert-Mega, F","|-mega|p2a: Swampert|Swampert|Swampertite","|move|p2a: Swampert|Earthquake|p1a: Mind Shell","|-damage|p1a: Mind Shell|9/394","|move|p1a: Mind Shell|Slack Off|p1a: Mind Shell","|-heal|p1a: Mind Shell|206/394","|","|-heal|p1a: Mind Shell|230/394|[from] item: Leftovers","|turn|15","|","|move|p2a: Swampert|Earthquake|p1a: Mind Shell","|-damage|p1a: Mind Shell|61/394","|move|p1a: Mind Shell|Psychic|p2a: Swampert","|-damage|p2a: Swampert|238/341","|","|-heal|p1a: Mind Shell|85/394|[from] item: Leftovers","|turn|16","|","|move|p2a: Swampert|Earthquake|p1a: Mind Shell","|-damage|p1a: Mind Shell|0 fnt","|faint|p1a: Mind Shell","|","|","|switch|p1a: Graceful|Gardevoir, F, shiny|339/339","|turn|17","|","|detailschange|p1a: Graceful|Gardevoir-Mega, F, shiny","|-mega|p1a: Graceful|Gardevoir|Gardevoirite","|move|p2a: Swampert|Earthquake|p1a: Graceful","|-damage|p1a: Graceful|36/339","|move|p1a: Graceful|Psychic|p2a: Swampert","|-damage|p2a: Swampert|27/341","|","|turn|18","|","|move|p2a: Swampert|Earthquake|p1a: Graceful","|-damage|p1a: Graceful|0 fnt","|faint|p1a: Graceful","|","|","|switch|p1a: Meteor-X|Metagross|301/301","|turn|19","|","|move|p1a: Meteor-X|Zen Headbutt|p2a: Swampert","|-damage|p2a: Swampert|0 fnt","|-damage|p1a: Meteor-X|271/301|[from] item: Life Orb","|faint|p2a: Swampert","|","|","|switch|p2a: Politoed|Politoed, M|53/384","|-weather|RainDance","|turn|20","|","|move|p1a: Meteor-X|Earthquake|p2a: Politoed","|-damage|p2a: Politoed|0 fnt","|-damage|p1a: Meteor-X|241/301|[from] item: Life Orb","|faint|p2a: Politoed","|","|-weather|RainDance|[upkeep]","|","|switch|p2a: Ludicolo|Ludicolo, M|301/301","|turn|21","|","|move|p2a: Ludicolo|Focus Blast|p1a: Meteor-X","|-damage|p1a: Meteor-X|75/301","|-damage|p2a: Ludicolo|271/301|[from] item: Life Orb","|move|p1a: Meteor-X|Light Screen|p1a: Meteor-X","|-sidestart|p1: Mind Trainer Yang|move: Light Screen","|","|-weather|RainDance|[upkeep]","|turn|22","|","|move|p2a: Ludicolo|Focus Blast|p1a: Meteor-X","|-damage|p1a: Meteor-X|2/301","|-damage|p2a: Ludicolo|241/301|[from] item: Life Orb","|move|p1a: Meteor-X|Zen Headbutt|p2a: Ludicolo","|-damage|p2a: Ludicolo|0 fnt","|-damage|p1a: Meteor-X|0 fnt|[from] item: Life Orb","|faint|p2a: Ludicolo","|faint|p1a: Meteor-X","|","|win|Mind Trainer Yang"],"p1rating":{"entryid":"81784","serverid":"eos","formatid":"monotype","userid":"mindtraineryang","username":"Mind Trainer Yang","w":1,"l":"3","t":"0","gxe":40.8,"r":"1500","rd":"130","sigma":"0","rptime":"1439888400","rpr":1426.7367842646,"rprd":107.3952517754,"rpsigma":"0","acre":1044.6540410918,"lacre":1044.6540410918,"oldacre":"1000"},"p2rating":{"entryid":"10847","serverid":"eos","formatid":"monotype","userid":"gtxcool","username":"GTX♅Cool","w":"2","l":11,"t":"0","gxe":30.3,"r":"1342.945816768","rd":"99.186710102519","sigma":"0","rptime":"1439888400","rpr":1338.604942922,"rprd":83.488887466368,"rpsigma":"0","acre":1022.6449051901,"lacre":1022.6449051901,"oldacre":"1040.6083997857"},"endType":"normal"}