{"seed":[13635,59469,28422,64523],"turns":25,"p1":"DOBBY IS DANK","p2":"Mind Trainer Yang","p1team":[{"name":"Keldeo","species":"Keldeo","item":"leftovers","ability":"Justified","moves":["scald","secretsword","icywind","calmmind"],"nature":"Timid","evs":{"hp":48,"atk":0,"def":0,"spa":232,"spd":0,"spe":228},"ivs":{"hp":31,"atk":30,"def":30,"spa":31,"spd":31,"spe":31}},{"name":"Hawlucha","species":"Hawlucha","item":"powerherb","ability":"Unburden","moves":["skyattack","acrobatics","highjumpkick","uturn"],"nature":"Jolly","evs":{"hp":4,"atk":252,"def":0,"spa":0,"spd":0,"spe":252},"ivs":{"hp":31,"atk":31,"def":31,"spa":31,"spd":31,"spe":31}},{"name":"Heracross","species":"Heracross","item":"choicescarf","ability":"Moxie","moves":["closecombat","stoneedge","knockoff","megahorn"],"nature":"Jolly","evs":{"hp":4,"atk":252,"def":0,"spa":0,"spd":0,"spe":252},"ivs":{"hp":31,"atk":31,"def":31,"spa":31,"spd":31,"spe":31}},{"name":"Cobalion","species":"Cobalion","item":"sitrusberry","ability":"Justified","moves":["ironhead","thunderwave","reflect","stealthrock"],"nature":"Careful","evs":{"hp":148,"atk":0,"def":108,"spa":0,"spd":0,"spe":252},"ivs":{"hp":31,"atk":31,"def":31,"spa":31,"spd":31,"spe":31}},{"name":"Breloom","species":"Breloom","item":"focussash","ability":"Technician","moves":["machpunch","spore","swordsdance","rocktomb"],"nature":"Jolly","evs":{"hp":0,"atk":252,"def":0,"spa":0,"spd":0,"spe":252},"ivs":{"hp":31,"atk":31,"def":31,"spa":31,"spd":31,"spe":31}},{"name":"Medicham","species":"Medicham","item":"medichamite","ability":"Pure Power","moves":["highjumpkick","icepunch","fakeout","bulletpunch"],"nature":"Jolly","evs":{"hp":4,"atk":252,"def":0,"spa":0,"spd":0,"spe":252},"shiny":true,"ivs":{"hp":31,"atk":31,"def":31,"spa":31,"spd":31,"spe":31}}],"p2team":[{"name":"Gallient","species":"gallade","item":"focussash","ability":"Steadfast","moves":["psychocut","poisonjab","drainpunch","magiccoat"],"nature":"Adamant","evs":{"hp":248,"atk":252,"def":0,"spa":0,"spd":8,"spe":0},"shiny":true,"ivs":{"hp":31,"atk":31,"def":31,"spa":31,"spd":31,"spe":31}},{"name":"Graceful","species":"gardevoir","item":"gardevoirite","ability":"Synchronize","moves":["psychic","hypervoice","shadowball","calmmind"],"nature":"Modest","evs":{"hp":248,"atk":0,"def":0,"spa":252,"spd":8,"spe":0},"gender":"F","shiny":true,"ivs":{"hp":31,"atk":31,"def":31,"spa":31,"spd":31,"spe":31}},{"name":"Mind Shell","species":"slowking","item":"leftovers","ability":"Regenerator","moves":["scald","psychic","shadowball","slackoff"],"nature":"Bold","evs":{"hp":252,"atk":0,"def":252,"spa":4,"spd":0,"spe":0},"gender":"M","ivs":{"hp":31,"atk":31,"def":31,"spa":31,"spd":31,"spe":31}},{"name":"Tail Shell","species":"slowbro","item":"colburberry","ability":"Regenerator","moves":["scald","psychic","slackoff","toxic"],"nature":"Bold","evs":{"hp":248,"atk":0,"def":252,"spa":8,"spd":0,"spe":0},"gender":"F","ivs":{"hp":31,"atk":31,"def":31,"spa":31,"spd":31,"spe":31}},{"name":"Meteor-X","species":"metagross","item":"lifeorb","ability":"Light Metal","moves":["meteormash","zenheadbutt","earthquake","lightscreen"],"nature":"Jolly","evs":{"hp":0,"atk":252,"def":0,"spa":0,"spd":4,"spe":252},"ivs":{"hp":31,"atk":31,"def":31,"spa":31,"spd":31,"spe":31}},{"name":"Yin","species":"espeon","item":"leftovers","ability":"Magic Bounce","moves":["psychic","shadowball","grassknot","calmmind"],"nature":"Timid","evs":{"hp":0,"atk":0,"def":0,"spa":252,"spd":4,"spe":252},"gender":"F","ivs":{"hp":31,"atk":31,"def":31,"spa":31,"spd":31,"spe":31}}],"log":["|player|p1|DOBBY IS DANK|170","|player|p2|Mind Trainer Yang|50","|gametype|singles","|gen|6","|tier|Monotype","|rated","|rule|Baton Pass Clause: Limit one Baton Passer, can't pass Spe and other stats simultaneously","|rule|Swagger Clause: Swagger is banned","|rule|Same Type Clause: Pokémon in a team must share a type","|clearpoke","|poke|p1|Keldeo","|poke|p1|Hawlucha, F","|poke|p1|Heracross, M","|poke|p1|Cobalion","|poke|p1|Breloom, M","|poke|p1|Medicham, F, shiny","|poke|p2|Gallade, M, shiny","|poke|p2|Gardevoir, F, shiny","|poke|p2|Slowking, M","|poke|p2|Slowbro, F","|poke|p2|Metagross","|poke|p2|Espeon, F","|rule|Sleep Clause Mod: Limit one foe put to sleep","|rule|Species Clause: Limit one of each Pokémon","|rule|OHKO Clause: OHKO moves are banned","|rule|Moody Clause: Moody is banned","|rule|Evasion Moves Clause: Evasion moves are banned","|rule|Endless Battle Clause: Forcing endless battles is banned","|rule|HP Percentage Mod: HP is shown in percentages","|teampreview","|","|start","|switch|p1a: Heracross|Heracross, M|302/302","|switch|p2a: Yin|Espeon, F|271/271","|turn|1","|","|move|p1a: Heracross|Megahorn|p2a: Yin","|-supereffective|p2a: Yin","|-damage|p2a: Yin|0 fnt","|faint|p2a: Yin","|-boost|p1a: Heracross|atk|1|[from] ability: Moxie","|","|","|switch|p2a: Meteor-X|Metagross|301/301","|turn|2","|","|switch|p1a: Cobalion|Cobalion|360/360","|move|p2a: Meteor-X|Zen Headbutt|p1a: Cobalion","|-damage|p1a: Cobalion|214/360","|-damage|p2a: Meteor-X|271/301|[from] item: Life Orb","|","|turn|3","|","|move|p1a: Cobalion|Reflect|p1a: Cobalion","|-sidestart|p1: DOBBY IS DANK|Reflect","|move|p2a: Meteor-X|Earthquake|p1a: Cobalion","|-supereffective|p1a: Cobalion","|-damage|p1a: Cobalion|96/360","|-damage|p2a: Meteor-X|241/301|[from] item: Life Orb","|-enditem|p1a: Cobalion|Sitrus Berry|[eat]","|-heal|p1a: Cobalion|186/360|[from] item: Sitrus Berry","|","|turn|4","|","|move|p1a: Cobalion|Thunder Wave|p2a: Meteor-X","|-status|p2a: Meteor-X|par","|move|p2a: Meteor-X|Light Screen|p2a: Meteor-X","|-sidestart|p2: Mind Trainer Yang|move: Light Screen","|","|turn|5","|","|move|p1a: Cobalion|Stealth Rock|p2a: Meteor-X","|-sidestart|p2: Mind Trainer Yang|move: Stealth Rock","|cant|p2a: Meteor-X|par","|","|turn|6","|","|switch|p1a: Keldeo|Keldeo|335/335","|move|p2a: Meteor-X|Earthquake|p1a: Keldeo","|-damage|p1a: Keldeo|243/335","|-damage|p2a: Meteor-X|211/301 par|[from] item: Life Orb","|","|-heal|p1a: Keldeo|263/335|[from] item: Leftovers","|turn|7","|","|move|p1a: Keldeo|Calm Mind|p1a: Keldeo","|-boost|p1a: Keldeo|spa|1","|-boost|p1a: Keldeo|spd|1","|move|p2a: Meteor-X|Zen Headbutt|p1a: Keldeo","|-supereffective|p1a: Keldeo","|-damage|p1a: Keldeo|67/335","|-damage|p2a: Meteor-X|181/301 par|[from] item: Life Orb","|","|-heal|p1a: Keldeo|87/335|[from] item: Leftovers","|-sideend|p1: DOBBY IS DANK|Reflect","|turn|8","|","|move|p1a: Keldeo|Scald|p2a: Meteor-X","|-damage|p2a: Meteor-X|58/301 par","|cant|p2a: Meteor-X|par","|","|-heal|p1a: Keldeo|107/335|[from] item: Leftovers","|-sideend|p2: Mind Trainer Yang|move: Light Screen","|turn|9","|","|move|p1a: Keldeo|Scald|p2a: Meteor-X","|-damage|p2a: Meteor-X|0 fnt","|faint|p2a: Meteor-X","|","|-heal|p1a: Keldeo|127/335|[from] item: Leftovers","|","|switch|p2a: Mind Shell|Slowking, M|394/394","|-damage|p2a: Mind Shell|345/394|[from] Stealth Rock","|turn|10","|","|move|p1a: Keldeo|Scald|p2a: Mind Shell","|-resisted|p2a: Mind Shell","|-damage|p2a: Mind Shell|242/394","|move|p2a: Mind Shell|Psychic|p1a: Keldeo","|-supereffective|p1a: Keldeo","|-damage|p1a: Keldeo|0 fnt","|faint|p1a: Keldeo","|","|-heal|p2a: Mind Shell|266/394|[from] item: Leftovers","|","|switch|p1a: Heracross|Heracross, M|302/302","|turn|11","|","|move|p1a: Heracross|Knock Off|p2a: Mind Shell","|-supereffective|p2a: Mind Shell","|-damage|p2a: Mind Shell|70/394","|-enditem|p2a: Mind Shell|Leftovers|[from] move: Knock Off|[of] p1a: Heracross","|move|p2a: Mind Shell|Psychic|p1a: Heracross","|-supereffective|p1a: Heracross","|-damage|p1a: Heracross|86/302","|","|turn|12","|","|switch|p1a: Cobalion|Cobalion|186/360","|move|p2a: Mind Shell|Psychic|p1a: Cobalion","|-damage|p1a: Cobalion|63/360","|","|turn|13","|","|move|p1a: Cobalion|Thunder Wave|p2a: Mind Shell","|-status|p2a: Mind Shell|par","|move|p2a: Mind Shell|Slack Off|p2a: Mind Shell","|-heal|p2a: Mind Shell|267/394 par","|","|turn|14","|","|move|p1a: Cobalion|Reflect|p1a: Cobalion","|-sidestart|p1: DOBBY IS DANK|Reflect","|move|p2a: Mind Shell|Scald|p1a: Cobalion","|-damage|p1a: Cobalion|0 fnt","|faint|p1a: Cobalion","|","|","|switch|p1a: Hawlucha|Hawlucha, F|298/298","|turn|15","|","|move|p1a: Hawlucha|Sky Attack|p2a: Mind Shell|[still]","|-prepare|p1a: Hawlucha|Sky Attack|p2a: Mind Shell","|-enditem|p1a: Hawlucha|Power Herb","|-anim|p1a: Hawlucha|Sky Attack|p2a: Mind Shell","|-damage|p2a: Mind Shell|107/394 par","|cant|p2a: Mind Shell|flinch","|","|turn|16","|","|move|p1a: Hawlucha|Acrobatics|p2a: Mind Shell","|-damage|p2a: Mind Shell|0 fnt","|faint|p2a: Mind Shell","|","|","|switch|p2a: Tail Shell|Slowbro, F|393/393","|-damage|p2a: Tail Shell|344/393|[from] Stealth Rock","|turn|17","|","|move|p1a: Hawlucha|U-turn|p2a: Tail Shell","|-crit|p2a: Tail Shell","|-supereffective|p2a: Tail Shell","|-damage|p2a: Tail Shell|212/393","|","|switch|p1a: Heracross|Heracross, M|86/302","|move|p2a: Tail Shell|Psychic|p1a: Heracross","|-crit|p1a: Heracross","|-supereffective|p1a: Heracross","|-damage|p1a: Heracross|0 fnt","|faint|p1a: Heracross","|","|","|switch|p1a: Breloom|Breloom, M|261/261","|turn|18","|","|move|p1a: Breloom|Spore|p2a: Tail Shell","|-status|p2a: Tail Shell|slp","|cant|p2a: Tail Shell|slp","|","|-sideend|p1: DOBBY IS DANK|Reflect","|turn|19","|","|move|p1a: Breloom|Swords Dance|p1a: Breloom","|-boost|p1a: Breloom|atk|2","|cant|p2a: Tail Shell|slp","|","|turn|20","|","|move|p1a: Breloom|Swords Dance|p1a: Breloom","|-boost|p1a: Breloom|atk|2","|-curestatus|p2a: Tail Shell|slp","|move|p2a: Tail Shell|Scald|p1a: Breloom","|-crit|p1a: Breloom","|-resisted|p1a: Breloom","|-damage|p1a: Breloom|156/261","|","|turn|21","|","|move|p1a: Breloom|Rock Tomb|p2a: Tail Shell","|-damage|p2a: Tail Shell|0 fnt","|faint|p2a: Tail Shell","|","|","|switch|p2a: Gallient|Gallade, M, shiny|339/339","|-damage|p2a: Gallient|318/339|[from] Stealth Rock","|turn|22","|","|move|p1a: Breloom|Mach Punch|p2a: Gallient","|-resisted|p2a: Gallient","|-damage|p2a: Gallient|95/339","|move|p2a: Gallient|Psycho Cut|p1a: Breloom","|-supereffective|p1a: Breloom","|-damage|p1a: Breloom|0 fnt","|faint|p1a: Breloom","|","|","|switch|p1a: Medicham|Medicham, F, shiny|262/262","|turn|23","|","|detailschange|p1a: Medicham|Medicham-Mega, F, shiny","|-mega|p1a: Medicham|Medicham|Medichamite","|move|p1a: Medicham|Fake Out|p2a: Gallient","|-damage|p2a: Gallient|0 fnt","|faint|p2a: Gallient","|","|","|switch|p2a: Graceful|Gardevoir, F, shiny|339/339","|-damage|p2a: Graceful|297/339|[from] Stealth Rock","|turn|24","|","|detailschange|p2a: Graceful|Gardevoir-Mega, F, shiny","|-mega|p2a: Graceful|Gardevoir|Gardevoirite","|move|p1a: Medicham|Ice Punch|p2a: Graceful","|-damage|p2a: Graceful|90/339","|-status|p2a: Graceful|frz","|-curestatus|p2a: Graceful|frz","|move|p2a: Graceful|Hyper Voice|p1a: Medicham","|-supereffective|p1a: Medicham","|-damage|p1a: Medicham|0 fnt","|faint|p1a: Medicham","|","|","|switch|p1a: Hawlucha|Hawlucha, F|298/298","|turn|25","|","|move|p1a: Hawlucha|Acrobatics|p2a: Graceful","|-crit|p2a: Graceful","|-damage|p2a: Graceful|0 fnt","|faint|p2a: Graceful","|","|win|DOBBY IS DANK"],"p1rating":{"entryid":"81776","serverid":"eos","formatid":"monotype","userid":"dobbyisdank","username":"DOBBY IS DANK","w":1,"l":"1","t":"0","gxe":50,"r":"1500","rd":"130","sigma":"0","rptime":"1439888400","rpr":1500,"rprd":116.77753930647,"rpsigma":"0","acre":1040,"lacre":1040,"oldacre":"1000"},"p2rating":{"entryid":"81784","serverid":"eos","formatid":"monotype","userid":"mindtraineryang","username":"Mind Trainer Yang","w":"0","l":2,"t":"0","gxe":41,"r":"1500","rd":"130","sigma":"0","rptime":"1439888400","rpr":1427.4328741711,"rprd":116.77753930647,"rpsigma":"0","acre":1000,"lacre":1000,"oldacre":"1000"},"endType":"normal"}