{"seed":[46090,9912,58859,21974],"turns":28,"p1":"Twizz","p2":"Shining Yin","p1team":[{"name":"Magnezone","species":"Magnezone","item":"leftovers","ability":"Sturdy","moves":["flashcannon","thunderbolt","protect","hiddenpowerice"],"nature":"Modest","evs":{"hp":76,"atk":0,"def":180,"spa":252,"spd":0,"spe":0},"ivs":{"hp":31,"atk":30,"def":30,"spa":31,"spd":31,"spe":31}},{"name":"Zapdos","species":"Zapdos","item":"leftovers","ability":"Pressure","moves":["discharge","heatwave","toxic","roost"],"nature":"Bold","evs":{"hp":4,"atk":0,"def":252,"spa":56,"spd":196,"spe":0},"ivs":{"hp":31,"atk":31,"def":31,"spa":31,"spd":31,"spe":31}},{"name":"Ampharos","species":"Ampharos","item":"ampharosite","ability":"Static","moves":["cottonguard","rest","sleeptalk","dragonpulse"],"nature":"Bold","evs":{"hp":0,"atk":0,"def":252,"spa":136,"spd":120,"spe":0},"ivs":{"hp":31,"atk":31,"def":31,"spa":31,"spd":31,"spe":31}},{"name":"Raikou","species":"Raikou","item":"leftovers","ability":"Pressure","moves":["calmmind","substitute","thunderbolt","extrasensory"],"nature":"Timid","evs":{"hp":0,"atk":0,"def":0,"spa":252,"spd":4,"spe":252},"ivs":{"hp":31,"atk":31,"def":31,"spa":31,"spd":31,"spe":31}},{"name":"Rotom-Wash","species":"Rotom-Wash","item":"choicescarf","ability":"Levitate","moves":["voltswitch","hydropump","willowisp","trick"],"nature":"Timid","evs":{"hp":0,"atk":0,"def":0,"spa":252,"spd":4,"spe":252},"ivs":{"hp":31,"atk":31,"def":31,"spa":31,"spd":31,"spe":31}},{"name":"Condom","species":"eelektross","item":"assaultvest","ability":"Levitate","moves":["gigadrain","thunderbolt","drainpunch","knockoff"],"nature":"Quiet","evs":{"hp":3,"atk":136,"def":0,"spa":108,"spd":252,"spe":0},"ivs":{"hp":31,"atk":31,"def":31,"spa":31,"spd":31,"spe":31}}],"p2team":[{"name":"Infernape","species":"Infernape","item":"focussash","ability":"Iron Fist","moves":["overheat","closecombat","stealthrock","taunt"],"nature":"Naive","evs":{"hp":0,"atk":168,"def":0,"spa":88,"spd":0,"spe":252},"ivs":{"hp":31,"atk":31,"def":31,"spa":31,"spd":31,"spe":31}},{"name":"Charizard","species":"Charizard","item":"charizarditey","ability":"Blaze","moves":["fireblast","defog","solarbeam","roost"],"nature":"Modest","evs":{"hp":0,"atk":0,"def":0,"spa":252,"spd":4,"spe":252},"ivs":{"hp":31,"atk":31,"def":31,"spa":31,"spd":31,"spe":31}},{"name":"Darmanitan","species":"Darmanitan","item":"choicescarf","ability":"Sheer Force","moves":["flareblitz","superpower","uturn","rockslide"],"nature":"Jolly","evs":{"hp":0,"atk":252,"def":0,"spa":0,"spd":4,"spe":252},"ivs":{"hp":31,"atk":31,"def":31,"spa":31,"spd":31,"spe":31}},{"name":"Fletchinder","species":"Fletchinder","item":"","ability":"Gale Wings","moves":["acrobatics","swordsdance","willowisp","tailwind"],"nature":"Adamant","evs":{"hp":0,"atk":252,"def":4,"spa":0,"spd":0,"spe":252},"shiny":true,"ivs":{"hp":31,"atk":31,"def":31,"spa":31,"spd":31,"spe":31}},{"name":"Rotom-Heat","species":"Rotom-Heat","item":"choicespecs","ability":"Levitate","moves":["discharge","voltswitch","overheat","trick"],"nature":"Modest","evs":{"hp":0,"atk":0,"def":0,"spa":252,"spd":4,"spe":252},"ivs":{"hp":31,"atk":31,"def":31,"spa":31,"spd":31,"spe":31}},{"name":"Victini","species":"Victini","item":"choicescarf","ability":"Victory Star","moves":["vcreate","boltstrike","uturn","zenheadbutt"],"nature":"Jolly","evs":{"hp":0,"atk":252,"def":0,"spa":0,"spd":4,"spe":252},"ivs":{"hp":31,"atk":31,"def":31,"spa":31,"spd":31,"spe":31}}],"log":["|player|p1|Twizz|264","|player|p2|Shining Yin|277","|gametype|singles","|gen|6","|tier|Monotype","|rated","|rule|Baton Pass Clause: Limit one Baton Passer, can't pass Spe and other stats simultaneously","|rule|Swagger Clause: Swagger is banned","|rule|Same Type Clause: Pokémon in a team must share a type","|clearpoke","|poke|p1|Magnezone","|poke|p1|Zapdos","|poke|p1|Ampharos, M","|poke|p1|Raikou","|poke|p1|Rotom-Wash","|poke|p1|Eelektross, F","|poke|p2|Infernape, F","|poke|p2|Charizard, F","|poke|p2|Darmanitan, M","|poke|p2|Fletchinder, F, shiny","|poke|p2|Rotom-Heat","|poke|p2|Victini","|rule|Sleep Clause Mod: Limit one foe put to sleep","|rule|Species Clause: Limit one of each Pokémon","|rule|OHKO Clause: OHKO moves are banned","|rule|Moody Clause: Moody is banned","|rule|Evasion Moves Clause: Evasion moves are banned","|rule|Endless Battle Clause: Forcing endless battles is banned","|rule|HP Percentage Mod: HP is shown in percentages","|teampreview","|","|start","|switch|p1a: Rotom-Wash|Rotom-Wash|241/241","|switch|p2a: Charizard|Charizard, F|297/297","|turn|1","|","|detailschange|p2a: Charizard|Charizard-Mega-Y, F","|-mega|p2a: Charizard|Charizard|Charizardite Y","|-weather|SunnyDay","|move|p1a: Rotom-Wash|Volt Switch|p2a: Charizard","|-supereffective|p2a: Charizard","|-damage|p2a: Charizard|103/297","|","|switch|p1a: Condom|Eelektross, F|311/311","|move|p2a: Charizard|Roost|p2a: Charizard","|-heal|p2a: Charizard|252/297","|","|-weather|SunnyDay|[upkeep]","|turn|2","|","|switch|p2a: Rotom-Heat|Rotom-Heat|241/241","|move|p1a: Condom|Thunderbolt|p2a: Rotom-Heat","|-resisted|p2a: Rotom-Heat","|-damage|p2a: Rotom-Heat|181/241","|","|-weather|SunnyDay|[upkeep]","|turn|3","|","|move|p2a: Rotom-Heat|Trick|p1a: Condom","|-activate|p2a: Rotom-Heat|move: Trick|[of] p1a: Condom","|-item|p1a: Condom|Choice Specs|[from] move: Trick","|-item|p2a: Rotom-Heat|Assault Vest|[from] move: Trick","|move|p1a: Condom|Drain Punch|p2a: Rotom-Heat","|-damage|p2a: Rotom-Heat|107/241","|","|-weather|SunnyDay|[upkeep]","|turn|4","|","|switch|p1a: Raikou|Raikou|321/321","|-ability|p1a: Raikou|Pressure","|move|p2a: Rotom-Heat|Overheat|p1a: Raikou","|-crit|p1a: Raikou","|-damage|p1a: Raikou|0 fnt","|-unboost|p2a: Rotom-Heat|spa|2","|faint|p1a: Raikou","|","|-weather|SunnyDay|[upkeep]","|","|switch|p1a: Ampharos|Ampharos, M|321/321","|turn|5","|","|detailschange|p1a: Ampharos|Ampharos-Mega, M","|-mega|p1a: Ampharos|Ampharos|Ampharosite","|-ability|p1a: Ampharos|Mold Breaker","|move|p2a: Rotom-Heat|Volt Switch|p1a: Ampharos","|-resisted|p1a: Ampharos","|-damage|p1a: Ampharos|310/321","|","|switch|p2a: Victini|Victini|341/341","|move|p1a: Ampharos|Cotton Guard|p1a: Ampharos","|-boost|p1a: Ampharos|def|3","|","|-weather|none","|turn|6","|","|switch|p1a: Rotom-Wash|Rotom-Wash|241/241","|move|p2a: Victini|U-turn|p1a: Rotom-Wash","|-damage|p1a: Rotom-Wash|175/241","|","|switch|p2a: Charizard|Charizard-Mega-Y, F|252/297","|-weather|SunnyDay","|","|-weather|SunnyDay|[upkeep]","|turn|7","|","|move|p1a: Rotom-Wash|Volt Switch|p2a: Charizard","|-supereffective|p2a: Charizard","|-damage|p2a: Charizard|42/297","|","|switch|p1a: Ampharos|Ampharos-Mega, M|310/321","|-ability|p1a: Ampharos|Mold Breaker","|move|p2a: Charizard|Roost|p2a: Charizard","|-heal|p2a: Charizard|191/297","|","|-weather|SunnyDay|[upkeep]","|turn|8","|","|move|p2a: Charizard|Fire Blast|p1a: Ampharos","|-resisted|p1a: Ampharos","|-damage|p1a: Ampharos|169/321","|move|p1a: Ampharos|Cotton Guard|p1a: Ampharos","|-boost|p1a: Ampharos|def|3","|","|-weather|SunnyDay|[upkeep]","|turn|9","|","|move|p2a: Charizard|Fire Blast|p1a: Ampharos","|-resisted|p1a: Ampharos","|-damage|p1a: Ampharos|11/321","|move|p1a: Ampharos|Rest|p1a: Ampharos","|-status|p1a: Ampharos|slp","|-heal|p1a: Ampharos|321/321 slp|[silent]","|-status|p1a: Ampharos|slp|[from] move: Rest","|","|-weather|SunnyDay|[upkeep]","|turn|10","|","|move|p2a: Charizard|Fire Blast|p1a: Ampharos","|-resisted|p1a: Ampharos","|-damage|p1a: Ampharos|156/321 slp","|cant|p1a: Ampharos|slp","|move|p1a: Ampharos|Sleep Talk|p1a: Ampharos","|move|p1a: Ampharos|Rest|p1a: Ampharos|[from]Sleep Talk","|-fail|p1a: Ampharos","|","|-weather|none","|turn|11","|","|move|p2a: Charizard|Fire Blast|p1a: Ampharos","|-resisted|p1a: Ampharos","|-damage|p1a: Ampharos|56/321 slp","|cant|p1a: Ampharos|slp","|move|p1a: Ampharos|Sleep Talk|p1a: Ampharos","|move|p1a: Ampharos|Dragon Pulse|p2a: Charizard|[from]Sleep Talk","|-damage|p2a: Charizard|44/297","|","|turn|12","|","|switch|p1a: Rotom-Wash|Rotom-Wash|175/241","|move|p2a: Charizard|Fire Blast|p1a: Rotom-Wash","|-resisted|p1a: Rotom-Wash","|-damage|p1a: Rotom-Wash|56/241","|","|turn|13","|","|switch|p2a: Fletchinder|Fletchinder, F, shiny|265/265","|move|p1a: Rotom-Wash|Volt Switch|p2a: Fletchinder","|-supereffective|p2a: Fletchinder","|-damage|p2a: Fletchinder|0 fnt","|faint|p2a: Fletchinder","|","|switch|p1a: Condom|Eelektross, F|311/311","|","|","|switch|p2a: Infernape|Infernape, F|293/293","|turn|14","|","|move|p2a: Infernape|Stealth Rock|p1a: Condom","|-sidestart|p1: Twizz|move: Stealth Rock","|move|p1a: Condom|Thunderbolt|p2a: Infernape","|-enditem|p2a: Infernape|Focus Sash","|-damage|p2a: Infernape|1/293","|","|turn|15","|","|move|p2a: Infernape|Close Combat|p1a: Condom","|-damage|p1a: Condom|88/311","|-unboost|p2a: Infernape|def|1","|-unboost|p2a: Infernape|spd|1","|move|p1a: Condom|Thunderbolt|p2a: Infernape","|-damage|p2a: Infernape|0 fnt","|faint|p2a: Infernape","|","|","|switch|p2a: Darmanitan|Darmanitan, M|351/351","|turn|16","|","|move|p2a: Darmanitan|Flare Blitz|p1a: Condom","|-damage|p1a: Condom|0 fnt","|-damage|p2a: Darmanitan|322/351|[from] recoil|[of] p1a: Condom","|faint|p1a: Condom","|","|","|switch|p1a: Magnezone|Magnezone|300/300","|-damage|p1a: Magnezone|282/300|[from] Stealth Rock","|turn|17","|","|switch|p2a: Rotom-Heat|Rotom-Heat|107/241","|move|p1a: Magnezone|Protect|p1a: Magnezone","|-fail|p1a: Magnezone","|","|-heal|p1a: Magnezone|300/300|[from] item: Leftovers","|turn|18","|","|switch|p1a: Ampharos|Ampharos-Mega, M|56/321 slp","|-damage|p1a: Ampharos|16/321 slp|[from] Stealth Rock","|-ability|p1a: Ampharos|Mold Breaker","|move|p2a: Rotom-Heat|Overheat|p1a: Ampharos","|-crit|p1a: Ampharos","|-resisted|p1a: Ampharos","|-damage|p1a: Ampharos|0 fnt","|-unboost|p2a: Rotom-Heat|spa|2","|faint|p1a: Ampharos","|","|","|switch|p1a: Rotom-Wash|Rotom-Wash|56/241","|-damage|p1a: Rotom-Wash|26/241|[from] Stealth Rock","|turn|19","|","|switch|p2a: Charizard|Charizard-Mega-Y, F|44/297","|-weather|SunnyDay","|move|p1a: Rotom-Wash|Hydro Pump|p2a: Charizard","|-supereffective|p2a: Charizard","|-damage|p2a: Charizard|0 fnt","|faint|p2a: Charizard","|","|-weather|SunnyDay|[upkeep]","|","|switch|p2a: Victini|Victini|341/341","|turn|20","|","|move|p2a: Victini|U-turn|p1a: Rotom-Wash","|-damage|p1a: Rotom-Wash|0 fnt","|faint|p1a: Rotom-Wash","|","|switch|p2a: Darmanitan|Darmanitan, M|322/351","|","|-weather|SunnyDay|[upkeep]","|","|switch|p1a: Magnezone|Magnezone|300/300","|-damage|p1a: Magnezone|282/300|[from] Stealth Rock","|turn|21","|","|switch|p2a: Rotom-Heat|Rotom-Heat|107/241","|move|p1a: Magnezone|Protect|p1a: Magnezone","|-fail|p1a: Magnezone","|","|-weather|SunnyDay|[upkeep]","|-heal|p1a: Magnezone|300/300|[from] item: Leftovers","|turn|22","|","|move|p1a: Magnezone|Protect|p1a: Magnezone","|-singleturn|p1a: Magnezone|Protect","|move|p2a: Rotom-Heat|Overheat|p1a: Magnezone","|-activate|p1a: Magnezone|Protect","|","|-weather|SunnyDay|[upkeep]","|turn|23","|","|switch|p1a: Zapdos|Zapdos|322/322","|-damage|p1a: Zapdos|242/322|[from] Stealth Rock","|-ability|p1a: Zapdos|Pressure","|move|p2a: Rotom-Heat|Overheat|p1a: Zapdos","|-damage|p1a: Zapdos|0 fnt","|-unboost|p2a: Rotom-Heat|spa|2","|faint|p1a: Zapdos","|","|-weather|none","|","|switch|p1a: Magnezone|Magnezone|300/300","|-damage|p1a: Magnezone|282/300|[from] Stealth Rock","|turn|24","|","|switch|p2a: Victini|Victini|341/341","|move|p1a: Magnezone|Thunderbolt|p2a: Victini","|-damage|p2a: Victini|172/341","|","|-heal|p1a: Magnezone|300/300|[from] item: Leftovers","|turn|25","|","|move|p1a: Magnezone|Protect|p1a: Magnezone","|-singleturn|p1a: Magnezone|Protect","|move|p2a: Victini|U-turn|p1a: Magnezone","|-activate|p1a: Magnezone|Protect","|","|turn|26","|","|move|p2a: Victini|U-turn|p1a: Magnezone","|-crit|p1a: Magnezone","|-resisted|p1a: Magnezone","|-damage|p1a: Magnezone|259/300","|","|switch|p2a: Rotom-Heat|Rotom-Heat|107/241","|move|p1a: Magnezone|Thunderbolt|p2a: Rotom-Heat","|-resisted|p2a: Rotom-Heat","|-damage|p2a: Rotom-Heat|53/241","|","|-heal|p1a: Magnezone|277/300|[from] item: Leftovers","|turn|27","|","|move|p1a: Magnezone|Protect|p1a: Magnezone","|-singleturn|p1a: Magnezone|Protect","|move|p2a: Rotom-Heat|Overheat|p1a: Magnezone","|-activate|p1a: Magnezone|Protect","|","|-heal|p1a: Magnezone|295/300|[from] item: Leftovers","|turn|28","|","|move|p2a: Rotom-Heat|Overheat|p1a: Magnezone","|-supereffective|p1a: Magnezone","|-damage|p1a: Magnezone|0 fnt","|-unboost|p2a: Rotom-Heat|spa|2","|faint|p1a: Magnezone","|","|win|Shining Yin"],"p1rating":{"entryid":"66045","serverid":"eos","formatid":"monotype","userid":"twizz","username":"Twizz","w":"3","l":3,"t":"0","gxe":49.3,"r":"1500","rd":"130","sigma":"0","rptime":"1439888400","rpr":1494.3428074193,"rprd":99.158414089219,"rpsigma":"0","acre":1074.0245992031,"lacre":1074.0245992031,"oldacre":"1099.6785660375"},"p2rating":{"entryid":"71235","serverid":"eos","formatid":"monotype","userid":"shiningyin","username":"Shining Yin","w":4,"l":"2","t":"0","gxe":56.3,"r":"1500","rd":"130","sigma":"0","rptime":"1439888400","rpr":1549.7128259515,"rprd":99.172559068326,"rpsigma":"0","acre":1117.1599954699,"lacre":1117.1599954699,"oldacre":"1089.898607489"},"endType":"normal"}