{"seed":[46536,40658,40513,10729],"turns":16,"p1":"Inferno Sableye","p2":"DOBBY IS DANK","p1team":[{"name":"Sableye","species":"Sableye","item":"sablenite","ability":"Prankster","moves":["calmmind","recover","shadowball","willowisp"],"nature":"Bold","evs":{"hp":248,"atk":0,"def":196,"spa":0,"spd":64,"spe":0},"shiny":true,"ivs":{"hp":31,"atk":31,"def":31,"spa":31,"spd":31,"spe":31}},{"name":"Hoopa-Unbound","species":"Hoopa-Unbound","item":"choicescarf","ability":"Magician","moves":["darkpulse","psyshock","gunkshot","drainpunch"],"nature":"Mild","evs":{"hp":0,"atk":160,"def":0,"spa":96,"spd":0,"spe":252},"ivs":{"hp":31,"atk":31,"def":31,"spa":31,"spd":31,"spe":31}},{"name":"Bisharp","species":"Bisharp","item":"choicescarf","ability":"Defiant","moves":["poisonjab","ironhead","psychocut","knockoff"],"nature":"Jolly","evs":{"hp":0,"atk":252,"def":0,"spa":0,"spd":4,"spe":252},"ivs":{"hp":31,"atk":31,"def":31,"spa":31,"spd":31,"spe":31}},{"name":"Hydreigon","species":"Hydreigon","item":"choicescarf","ability":"Levitate","moves":["dracometeor","earthpower","uturn","darkpulse"],"nature":"Timid","evs":{"hp":0,"atk":0,"def":0,"spa":252,"spd":4,"spe":252},"ivs":{"hp":31,"atk":31,"def":31,"spa":31,"spd":31,"spe":31}},{"name":"Weavile","species":"Weavile","item":"lifeorb","ability":"Pressure","moves":["iciclecrash","iceshard","knockoff","lowkick"],"nature":"Jolly","evs":{"hp":0,"atk":252,"def":0,"spa":0,"spd":4,"spe":252},"ivs":{"hp":31,"atk":31,"def":31,"spa":31,"spd":31,"spe":31}},{"name":"Mandibuzz","species":"Mandibuzz","item":"leftovers","ability":"Overcoat","moves":["bravebird","foulplay","roost","toxic"],"nature":"Impish","evs":{"hp":252,"atk":4,"def":252,"spa":0,"spd":0,"spe":0},"ivs":{"hp":31,"atk":31,"def":31,"spa":31,"spd":31,"spe":31}}],"p2team":[{"name":"Scrafty","species":"Scrafty","item":"leftovers","ability":"Shed Skin","moves":["drainpunch","icepunch","rest","bulkup"],"nature":"Careful","evs":{"hp":164,"atk":0,"def":92,"spa":0,"spd":252,"spe":0},"ivs":{"hp":31,"atk":31,"def":31,"spa":31,"spd":31,"spe":31}}],"log":["|player|p1|Inferno Sableye|2","|player|p2|DOBBY IS DANK|170","|gametype|singles","|gen|6","|tier|Monotype","|rated","|rule|Baton Pass Clause: Limit one Baton Passer, can't pass Spe and other stats simultaneously","|rule|Swagger Clause: Swagger is banned","|rule|Same Type Clause: Pokémon in a team must share a type","|clearpoke","|poke|p1|Sableye, F, shiny","|poke|p1|Hoopa-Unbound","|poke|p1|Bisharp, M","|poke|p1|Hydreigon, M","|poke|p1|Weavile, M","|poke|p1|Mandibuzz, F","|poke|p2|Scrafty, F","|rule|Sleep Clause Mod: Limit one foe put to sleep","|rule|Species Clause: Limit one of each Pokémon","|rule|OHKO Clause: OHKO moves are banned","|rule|Moody Clause: Moody is banned","|rule|Evasion Moves Clause: Evasion moves are banned","|rule|Endless Battle Clause: Forcing endless battles is banned","|rule|HP Percentage Mod: HP is shown in percentages","|teampreview","|","|start","|switch|p1a: Sableye|Sableye, F, shiny|303/303","|switch|p2a: Scrafty|Scrafty, F|312/312","|turn|1","|","|detailschange|p1a: Sableye|Sableye-Mega, F, shiny","|-mega|p1a: Sableye|Sableye|Sablenite","|move|p1a: Sableye|Will-O-Wisp|p2a: Scrafty","|-status|p2a: Scrafty|brn","|move|p2a: Scrafty|Bulk Up|p2a: Scrafty","|-boost|p2a: Scrafty|atk|1","|-boost|p2a: Scrafty|def|1","|","|-damage|p2a: Scrafty|273/312 brn|[from] brn","|turn|2","|","|move|p2a: Scrafty|Bulk Up|p2a: Scrafty","|-boost|p2a: Scrafty|atk|1","|-boost|p2a: Scrafty|def|1","|move|p1a: Sableye|Calm Mind|p1a: Sableye","|-boost|p1a: Sableye|spa|1","|-boost|p1a: Sableye|spd|1","|","|-heal|p2a: Scrafty|292/312 brn|[from] item: Leftovers","|-damage|p2a: Scrafty|253/312 brn|[from] brn","|turn|3","|","|move|p2a: Scrafty|Bulk Up|p2a: Scrafty","|-boost|p2a: Scrafty|atk|1","|-boost|p2a: Scrafty|def|1","|move|p1a: Sableye|Shadow Ball|p2a: Scrafty","|-crit|p2a: Scrafty","|-resisted|p2a: Scrafty","|-damage|p2a: Scrafty|188/312 brn","|","|-heal|p2a: Scrafty|207/312 brn|[from] item: Leftovers","|-damage|p2a: Scrafty|168/312 brn|[from] brn","|turn|4","|","|switch|p1a: Mandibuzz|Mandibuzz, F|424/424","|move|p2a: Scrafty|Bulk Up|p2a: Scrafty","|-boost|p2a: Scrafty|atk|1","|-boost|p2a: Scrafty|def|1","|","|-activate|p2a: Scrafty|ability: Shed Skin","|-curestatus|p2a: Scrafty|brn","|-heal|p2a: Scrafty|187/312|[from] item: Leftovers","|turn|5","|","|move|p1a: Mandibuzz|Foul Play|p2a: Scrafty","|-resisted|p2a: Scrafty","|-damage|p2a: Scrafty|165/312","|move|p2a: Scrafty|Drain Punch|p1a: Mandibuzz","|-damage|p1a: Mandibuzz|261/424","|-heal|p2a: Scrafty|247/312|[from] drain|[of] p1a: Mandibuzz","|","|-heal|p1a: Mandibuzz|287/424|[from] item: Leftovers","|-heal|p2a: Scrafty|266/312|[from] item: Leftovers","|turn|6","|","|move|p1a: Mandibuzz|Toxic|p2a: Scrafty","|-status|p2a: Scrafty|tox","|move|p2a: Scrafty|Ice Punch|p1a: Mandibuzz","|-supereffective|p1a: Mandibuzz","|-damage|p1a: Mandibuzz|43/424","|","|-heal|p1a: Mandibuzz|69/424|[from] item: Leftovers","|-heal|p2a: Scrafty|285/312 tox|[from] item: Leftovers","|-damage|p2a: Scrafty|266/312 tox|[from] psn","|turn|7","|","|move|p1a: Mandibuzz|Brave Bird|p2a: Scrafty","|-supereffective|p2a: Scrafty","|-damage|p2a: Scrafty|216/312 tox","|-damage|p1a: Mandibuzz|52/424|[from] recoil|[of] p2a: Scrafty","|move|p2a: Scrafty|Ice Punch|p1a: Mandibuzz","|-supereffective|p1a: Mandibuzz","|-damage|p1a: Mandibuzz|0 fnt","|faint|p1a: Mandibuzz","|","|-activate|p2a: Scrafty|ability: Shed Skin","|-curestatus|p2a: Scrafty|tox","|-heal|p2a: Scrafty|235/312|[from] item: Leftovers","|","|switch|p1a: Sableye|Sableye-Mega, F, shiny|303/303","|turn|8","|","|move|p2a: Scrafty|Ice Punch|p1a: Sableye","|-crit|p1a: Sableye","|-damage|p1a: Sableye|156/303","|move|p1a: Sableye|Will-O-Wisp|p2a: Scrafty","|-status|p2a: Scrafty|brn","|","|-heal|p2a: Scrafty|254/312 brn|[from] item: Leftovers","|-damage|p2a: Scrafty|215/312 brn|[from] brn","|turn|9","|","|move|p2a: Scrafty|Bulk Up|p2a: Scrafty","|-boost|p2a: Scrafty|atk|1","|-boost|p2a: Scrafty|def|1","|move|p1a: Sableye|Recover|p1a: Sableye","|-heal|p1a: Sableye|303/303","|","|-activate|p2a: Scrafty|ability: Shed Skin","|-curestatus|p2a: Scrafty|brn","|-heal|p2a: Scrafty|234/312|[from] item: Leftovers","|turn|10","|","|move|p2a: Scrafty|Bulk Up|p2a: Scrafty","|-boost|p2a: Scrafty|atk|1","|-boost|p2a: Scrafty|def|1","|move|p1a: Sableye|Will-O-Wisp|p2a: Scrafty","|-status|p2a: Scrafty|brn","|","|-heal|p2a: Scrafty|253/312 brn|[from] item: Leftovers","|-damage|p2a: Scrafty|214/312 brn|[from] brn","|turn|11","|","|switch|p1a: Weavile|Weavile, M|281/281","|-ability|p1a: Weavile|Pressure","|move|p2a: Scrafty|Ice Punch|p1a: Weavile","|-resisted|p1a: Weavile","|-damage|p1a: Weavile|208/281","|","|-activate|p2a: Scrafty|ability: Shed Skin","|-curestatus|p2a: Scrafty|brn","|-heal|p2a: Scrafty|233/312|[from] item: Leftovers","|turn|12","|","|move|p1a: Weavile|Knock Off|p2a: Scrafty","|-resisted|p2a: Scrafty","|-damage|p2a: Scrafty|224/312","|-enditem|p2a: Scrafty|Leftovers|[from] move: Knock Off|[of] p1a: Weavile","|-damage|p1a: Weavile|180/281|[from] item: Life Orb","|move|p2a: Scrafty|Drain Punch|p1a: Weavile","|-supereffective|p1a: Weavile","|-damage|p1a: Weavile|0 fnt","|-heal|p2a: Scrafty|312/312|[from] drain|[of] p1a: Weavile","|faint|p1a: Weavile","|","|","|switch|p1a: Sableye|Sableye-Mega, F, shiny|303/303","|turn|13","|","|move|p2a: Scrafty|Ice Punch|p1a: Sableye","|-damage|p1a: Sableye|156/303","|move|p1a: Sableye|Will-O-Wisp|p2a: Scrafty","|-status|p2a: Scrafty|brn","|","|-activate|p2a: Scrafty|ability: Shed Skin","|-curestatus|p2a: Scrafty|brn","|turn|14","|","|move|p2a: Scrafty|Ice Punch|p1a: Sableye","|-damage|p1a: Sableye|7/303","|move|p1a: Sableye|Will-O-Wisp|p2a: Scrafty","|-status|p2a: Scrafty|brn","|","|-activate|p2a: Scrafty|ability: Shed Skin","|-curestatus|p2a: Scrafty|brn","|turn|15","|","|move|p2a: Scrafty|Ice Punch|p1a: Sableye","|-damage|p1a: Sableye|0 fnt","|faint|p1a: Sableye","|","|","|switch|p1a: Hoopa-Unbound|Hoopa-Unbound|301/301","|turn|16","|","|move|p1a: Hoopa-Unbound|Drain Punch|p2a: Scrafty","|-supereffective|p2a: Scrafty","|-damage|p2a: Scrafty|268/312","|move|p2a: Scrafty|Drain Punch|p1a: Hoopa-Unbound","|-damage|p1a: Hoopa-Unbound|0 fnt","|-heal|p2a: Scrafty|312/312|[from] drain|[of] p1a: Hoopa-Unbound","|faint|p1a: Hoopa-Unbound","|","|","|win|DOBBY IS DANK"],"p1rating":{"entryid":83803,"formatid":"monotype","userid":"infernosableye","username":"Inferno Sableye","r":1500,"rd":130,"sigma":0,"rpr":1459.8393856612,"rprd":122.8583080769,"rpsigma":0,"rptime":1439888400,"w":0,"l":1,"t":0,"gxe":45,"acre":1000,"lacre":1000,"oldacre":1000},"p2rating":{"entryid":"81776","serverid":"eos","formatid":"monotype","userid":"dobbyisdank","username":"DOBBY IS DANK","w":3,"l":"1","t":"0","gxe":56.2,"r":"1500","rd":"130","sigma":"0","rptime":"1439888400","rpr":1549.4867669426,"rprd":107.3952517754,"rpsigma":"0","acre":1096.8360342639,"lacre":1096.8360342639,"oldacre":"1074"},"endType":"forfeit"}