{"seed":[23919,21390,9435,52039],"turns":20,"p1":"GTX♅Cool","p2":"Feety Wep","p1team":[{"name":"Ludicolo","species":"Ludicolo","item":"lifeorb","ability":"Swift Swim","moves":["surf","gigadrain","icebeam","focusblast"],"nature":"","evs":{"hp":0,"atk":0,"def":0,"spa":252,"spd":4,"spe":252},"ivs":{"hp":31,"atk":31,"def":31,"spa":31,"spd":31,"spe":31}},{"name":"Politoed","species":"Politoed","item":"leftovers","ability":"Drizzle","moves":["scald","icebeam","perishsong","protect"],"nature":"","evs":{"hp":252,"atk":0,"def":76,"spa":76,"spd":100,"spe":4},"ivs":{"hp":31,"atk":31,"def":31,"spa":31,"spd":31,"spe":31}},{"name":"Keldeo","species":"Keldeo","item":"choicescarf","ability":"Justified","moves":["scald","sacredsword","hydropump","icywind"],"nature":"Timid","evs":{"hp":0,"atk":0,"def":4,"spa":252,"spd":0,"spe":252},"ivs":{"hp":31,"atk":31,"def":31,"spa":31,"spd":31,"spe":31}},{"name":"Gyarados","species":"Gyarados","item":"choicescarf","ability":"Moxie","moves":["waterfall","earthquake","dragondance","protect"],"nature":"Adamant","evs":{"hp":12,"atk":252,"def":0,"spa":0,"spd":0,"spe":244},"ivs":{"hp":31,"atk":31,"def":31,"spa":31,"spd":31,"spe":31}},{"name":"Swampert","species":"Swampert","item":"swampertite","ability":"Damp","moves":["waterfall","earthquake","icepunch","poweruppunch"],"nature":"Adamant","evs":{"hp":0,"atk":252,"def":4,"spa":0,"spd":0,"spe":252},"ivs":{"hp":31,"atk":31,"def":31,"spa":31,"spd":31,"spe":31}},{"name":"Azumarill","species":"Azumarill","item":"sitrusberry","ability":"Sap Sipper","moves":["bellydrum","aquajet","playrough","knockoff"],"nature":"Adamant","evs":{"hp":92,"atk":252,"def":0,"spa":0,"spd":0,"spe":164},"ivs":{"hp":31,"atk":31,"def":31,"spa":31,"spd":31,"spe":31}}],"p2team":[{"name":"Lopunny","species":"Lopunny","item":"lopunnite","ability":"Limber","moves":["highjumpkick","fakeout","return","icepunch"],"nature":"Jolly","evs":{"hp":4,"atk":252,"def":0,"spa":0,"spd":0,"spe":252},"gender":"F","ivs":{"hp":31,"atk":31,"def":31,"spa":31,"spd":31,"spe":31}},{"name":"Porygon2","species":"Porygon2","item":"eviolite","ability":"Trace","moves":["icebeam","toxic","discharge","recover"],"nature":"Bold","evs":{"hp":252,"atk":0,"def":252,"spa":4,"spd":0,"spe":0},"ivs":{"hp":31,"atk":0,"def":31,"spa":31,"spd":31,"spe":31}},{"name":"Staraptor","species":"Staraptor","item":"leftovers","ability":"Intimidate","moves":["bravebird","roost","defog","featherdance"],"nature":"Impish","evs":{"hp":252,"atk":4,"def":252,"spa":0,"spd":0,"spe":0},"ivs":{"hp":31,"atk":31,"def":31,"spa":31,"spd":31,"spe":31}},{"name":"Chansey","species":"Chansey","item":"eviolite","ability":"Natural Cure","moves":["softboiled","seismictoss","thunderwave","healbell"],"nature":"Calm","evs":{"hp":4,"atk":0,"def":252,"spa":0,"spd":252,"spe":0},"ivs":{"hp":31,"atk":0,"def":31,"spa":31,"spd":31,"spe":31}},{"name":"Exploud","species":"Exploud","item":"choicespecs","ability":"Scrappy","moves":["boomburst","overheat","focusblast","surf"],"nature":"Modest","evs":{"hp":4,"atk":0,"def":0,"spa":252,"spd":0,"spe":252},"gender":"M","ivs":{"hp":31,"atk":0,"def":31,"spa":31,"spd":31,"spe":31}},{"name":"Smeargle","species":"Smeargle","item":"focussash","ability":"Technician","moves":["darkvoid","stickyweb","magiccoat","stealthrock"],"nature":"Timid","evs":{"hp":252,"atk":0,"def":0,"spa":0,"spd":4,"spe":252},"gender":"F","ivs":{"hp":31,"atk":0,"def":31,"spa":31,"spd":31,"spe":31}}],"log":["|player|p1|GTX♅Cool|163","|player|p2|Feety Wep|278","|gametype|singles","|gen|6","|tier|Monotype","|rated","|rule|Baton Pass Clause: Limit one Baton Passer, can't pass Spe and other stats simultaneously","|rule|Swagger Clause: Swagger is banned","|rule|Same Type Clause: Pokémon in a team must share a type","|clearpoke","|poke|p1|Ludicolo, F","|poke|p1|Politoed, F","|poke|p1|Keldeo","|poke|p1|Gyarados, F","|poke|p1|Swampert, F","|poke|p1|Azumarill, F","|poke|p2|Lopunny, F","|poke|p2|Porygon2","|poke|p2|Staraptor, F","|poke|p2|Chansey, F","|poke|p2|Exploud, M","|poke|p2|Smeargle, F","|rule|Sleep Clause Mod: Limit one foe put to sleep","|rule|Species Clause: Limit one of each Pokémon","|rule|OHKO Clause: OHKO moves are banned","|rule|Moody Clause: Moody is banned","|rule|Evasion Moves Clause: Evasion moves are banned","|rule|Endless Battle Clause: Forcing endless battles is banned","|rule|HP Percentage Mod: HP is shown in percentages","|teampreview","|","|start","|switch|p1a: Azumarill|Azumarill, F|364/364","|switch|p2a: Smeargle|Smeargle, F|314/314","|turn|1","|","|move|p2a: Smeargle|Dark Void|p1a: Azumarill","|-status|p1a: Azumarill|slp","|cant|p1a: Azumarill|slp","|","|turn|2","|","|switch|p1a: Swampert|Swampert, F|341/341","|move|p2a: Smeargle|Stealth Rock|p1a: Swampert","|-sidestart|p1: GTX♅Cool|move: Stealth Rock","|","|turn|3","|","|detailschange|p1a: Swampert|Swampert-Mega, F","|-mega|p1a: Swampert|Swampert|Swampertite","|move|p2a: Smeargle|Sticky Web|p1a: Swampert","|-sidestart|p1: GTX♅Cool|move: Sticky Web","|move|p1a: Swampert|Power-Up Punch|p2a: Smeargle","|-supereffective|p2a: Smeargle","|-damage|p2a: Smeargle|62/314","|-boost|p1a: Swampert|atk|1","|","|turn|4","|","|move|p2a: Smeargle|Magic Coat|p2a: Smeargle","|-singleturn|p2a: Smeargle|move: Magic Coat","|move|p1a: Swampert|Power-Up Punch|p2a: Smeargle","|-supereffective|p2a: Smeargle","|-damage|p2a: Smeargle|0 fnt","|-boost|p1a: Swampert|atk|1","|faint|p2a: Smeargle","|","|","|switch|p2a: Chansey|Chansey, F|642/642","|turn|5","|","|move|p1a: Swampert|Power-Up Punch|p2a: Chansey","|-supereffective|p2a: Chansey","|-damage|p2a: Chansey|282/642","|-boost|p1a: Swampert|atk|1","|move|p2a: Chansey|Seismic Toss|p1a: Swampert","|-damage|p1a: Swampert|241/341","|","|turn|6","|","|move|p1a: Swampert|Waterfall|p2a: Chansey","|-damage|p2a: Chansey|0 fnt","|faint|p2a: Chansey","|","|","|switch|p2a: Lopunny|Lopunny, F|272/272","|turn|7","|","|detailschange|p2a: Lopunny|Lopunny-Mega, F","|-mega|p2a: Lopunny|Lopunny|Lopunnite","|move|p2a: Lopunny|Fake Out|p1a: Swampert","|-damage|p1a: Swampert|174/341","|cant|p1a: Swampert|flinch","|","|turn|8","|","|move|p2a: Lopunny|High Jump Kick|p1a: Swampert","|-damage|p1a: Swampert|0 fnt","|faint|p1a: Swampert","|","|","|switch|p1a: Politoed|Politoed, F|384/384","|-damage|p1a: Politoed|336/384|[from] Stealth Rock","|-activate|p1a: Politoed|move: Sticky Web","|-unboost|p1a: Politoed|spe|1","|-weather|RainDance","|turn|9","|","|move|p1a: Politoed|Protect|p1a: Politoed","|-singleturn|p1a: Politoed|Protect","|move|p2a: Lopunny|High Jump Kick|p1a: Politoed","|-activate|p1a: Politoed|Protect","|-damage|p2a: Lopunny|136/272|[from] highjumpkick","|","|-weather|RainDance|[upkeep]","|-heal|p1a: Politoed|360/384|[from] item: Leftovers","|turn|10","|","|move|p2a: Lopunny|High Jump Kick|p1a: Politoed","|-damage|p1a: Politoed|101/384","|move|p1a: Politoed|Scald|p2a: Lopunny","|-damage|p2a: Lopunny|0 fnt","|faint|p2a: Lopunny","|","|-weather|RainDance|[upkeep]","|-heal|p1a: Politoed|125/384|[from] item: Leftovers","|","|switch|p2a: Porygon2|Porygon2|374/374","|-ability|p2a: Porygon2|Drizzle|[from] ability: Trace|[of] p1a: Politoed","|turn|11","|","|move|p2a: Porygon2|Discharge|p1a: Politoed","|-supereffective|p1a: Politoed","|-damage|p1a: Politoed|11/384","|move|p1a: Politoed|Scald|p2a: Porygon2","|-damage|p2a: Porygon2|269/374","|-status|p2a: Porygon2|brn","|","|-weather|RainDance|[upkeep]","|-heal|p1a: Politoed|35/384|[from] item: Leftovers","|-damage|p2a: Porygon2|223/374 brn|[from] brn","|turn|12","|","|move|p2a: Porygon2|Discharge|p1a: Politoed","|-crit|p1a: Politoed","|-supereffective|p1a: Politoed","|-damage|p1a: Politoed|0 fnt","|faint|p1a: Politoed","|","|-weather|RainDance|[upkeep]","|-damage|p2a: Porygon2|177/374 brn|[from] brn","|","|switch|p1a: Keldeo|Keldeo|323/323","|-activate|p1a: Keldeo|move: Sticky Web","|-unboost|p1a: Keldeo|spe|1","|-damage|p1a: Keldeo|303/323|[from] Stealth Rock","|turn|13","|","|move|p1a: Keldeo|Sacred Sword|p2a: Porygon2","|-supereffective|p2a: Porygon2","|-damage|p2a: Porygon2|105/374 brn","|move|p2a: Porygon2|Discharge|p1a: Keldeo","|-supereffective|p1a: Keldeo","|-damage|p1a: Keldeo|163/323","|","|-weather|none","|-damage|p2a: Porygon2|59/374 brn|[from] brn","|turn|14","|","|move|p1a: Keldeo|Sacred Sword|p2a: Porygon2","|-supereffective|p2a: Porygon2","|-damage|p2a: Porygon2|0 fnt","|faint|p2a: Porygon2","|","|","|switch|p2a: Staraptor|Staraptor, F|374/374","|-ability|p2a: Staraptor|Intimidate","|-unboost|p1a: Keldeo|atk|1","|turn|15","|","|move|p1a: Keldeo|Sacred Sword|p2a: Staraptor","|-damage|p2a: Staraptor|328/374","|move|p2a: Staraptor|Brave Bird|p1a: Keldeo","|-supereffective|p1a: Keldeo","|-damage|p1a: Keldeo|0 fnt","|-damage|p2a: Staraptor|274/374|[from] recoil|[of] p1a: Keldeo","|faint|p1a: Keldeo","|","|-heal|p2a: Staraptor|297/374|[from] item: Leftovers","|","|switch|p1a: Ludicolo|Ludicolo, F|301/301","|-damage|p1a: Ludicolo|264/301|[from] Stealth Rock","|-activate|p1a: Ludicolo|move: Sticky Web","|-unboost|p1a: Ludicolo|spe|1","|turn|16","|","|move|p2a: Staraptor|Brave Bird|p1a: Ludicolo","|-supereffective|p1a: Ludicolo","|-damage|p1a: Ludicolo|0 fnt","|-damage|p2a: Staraptor|210/374|[from] recoil|[of] p1a: Ludicolo","|faint|p1a: Ludicolo","|","|-heal|p2a: Staraptor|233/374|[from] item: Leftovers","|","|switch|p1a: Gyarados|Gyarados, F|334/334","|-damage|p1a: Gyarados|251/334|[from] Stealth Rock","|turn|17","|","|move|p1a: Gyarados|Waterfall|p2a: Staraptor","|-damage|p2a: Staraptor|97/374","|move|p2a: Staraptor|Brave Bird|p1a: Gyarados","|-damage|p1a: Gyarados|43/334","|-damage|p2a: Staraptor|28/374|[from] recoil|[of] p1a: Gyarados","|","|-heal|p2a: Staraptor|51/374|[from] item: Leftovers","|turn|18","|","|move|p1a: Gyarados|Waterfall|p2a: Staraptor","|-damage|p2a: Staraptor|0 fnt","|faint|p2a: Staraptor","|-boost|p1a: Gyarados|atk|1|[from] ability: Moxie","|","|","|switch|p2a: Exploud|Exploud, M|350/350","|turn|19","|","|move|p1a: Gyarados|Waterfall|p2a: Exploud","|-damage|p2a: Exploud|5/350","|move|p2a: Exploud|Boomburst|p1a: Gyarados","|-crit|p1a: Gyarados","|-damage|p1a: Gyarados|0 fnt","|faint|p1a: Gyarados","|","|","|switch|p1a: Azumarill|Azumarill, F|364/364 slp","|-activate|p1a: Azumarill|move: Sticky Web","|-unboost|p1a: Azumarill|spe|1","|-damage|p1a: Azumarill|319/364 slp|[from] Stealth Rock","|turn|20","|","|cant|p1a: Azumarill|slp","|move|p2a: Exploud|Boomburst|p1a: Azumarill","|-damage|p1a: Azumarill|0 fnt","|faint|p1a: Azumarill","|","|win|Feety Wep"],"p1rating":{"entryid":"10847","serverid":"eos","formatid":"monotype","userid":"gtxcool","username":"GTX♅Cool","w":"2","l":14,"t":"0","gxe":27.1,"r":"1342.945816768","rd":"99.186710102519","sigma":"0","rptime":"1439888400","rpr":1309.1707647146,"rprd":78.716834350507,"rpsigma":"0","acre":1000,"lacre":1000,"oldacre":"1000"},"p2rating":{"entryid":"87117","serverid":"eos","formatid":"monotype","userid":"feetywep","username":"Feety Wep","w":1,"l":"2","t":"0","gxe":44.2,"r":"1500","rd":"130","sigma":"0","rptime":"1439888400","rpr":1453.6389285534,"rprd":112.06779107254,"rpsigma":"0","acre":1040,"lacre":1040,"oldacre":"1000"},"endType":"normal"}