{"seed":[43980,55021,23219,16064],"turns":29,"p1":"GTX♅Cool","p2":"SWL Jyph","p1team":[{"name":"Manaphy","species":"Manaphy","item":"leftovers","ability":"Hydration","moves":["tailglow","raindance","scald","icebeam"],"nature":"","evs":{"hp":96,"atk":0,"def":0,"spa":252,"spd":0,"spe":160},"ivs":{"hp":31,"atk":31,"def":31,"spa":31,"spd":31,"spe":31}},{"name":"Empoleon","species":"Empoleon","item":"leftovers","ability":"Defiant","moves":["scald","roar","toxic","waterfall"],"nature":"","evs":{"hp":248,"atk":0,"def":8,"spa":0,"spd":252,"spe":0},"ivs":{"hp":31,"atk":31,"def":31,"spa":31,"spd":31,"spe":31}},{"name":"Keldeo","species":"Keldeo","item":"","ability":"Justified","moves":["scald","sacredsword","hydropump","icywind"],"nature":"Timid","evs":{"hp":0,"atk":0,"def":4,"spa":252,"spd":0,"spe":252},"ivs":{"hp":31,"atk":31,"def":31,"spa":31,"spd":31,"spe":31}},{"name":"Gyarados","species":"Gyarados","item":"lumberry","ability":"Moxie","moves":["waterfall","earthquake","dragondance","protect"],"nature":"Adamant","evs":{"hp":12,"atk":252,"def":0,"spa":0,"spd":0,"spe":244},"ivs":{"hp":31,"atk":31,"def":31,"spa":31,"spd":31,"spe":31}},{"name":"Swampert","species":"Swampert","item":"swampertite","ability":"Damp","moves":["waterfall","earthquake","icepunch","poweruppunch"],"nature":"Adamant","evs":{"hp":0,"atk":252,"def":4,"spa":0,"spd":0,"spe":252},"ivs":{"hp":31,"atk":31,"def":31,"spa":31,"spd":31,"spe":31}},{"name":"Azumarill","species":"Azumarill","item":"sitrusberry","ability":"Sap Sipper","moves":["bellydrum","aquajet","playrough","knockoff"],"nature":"Adamant","evs":{"hp":92,"atk":252,"def":0,"spa":0,"spd":0,"spe":164},"ivs":{"hp":31,"atk":31,"def":31,"spa":31,"spd":31,"spe":31}}],"p2team":[{"name":"Amoonguss","species":"Amoonguss","item":"blacksludge","ability":"Regenerator","moves":["spore","sludgebomb","gigadrain","synthesis"],"nature":"Bold","evs":{"hp":252,"atk":0,"def":252,"spa":0,"spd":4,"spe":0},"ivs":{"hp":31,"atk":31,"def":31,"spa":31,"spd":31,"spe":31}},{"name":"Nidoqueen","species":"Nidoqueen","item":"lifeorb","ability":"Sheer Force","moves":["stealthrock","earthpower","fireblast","icebeam"],"nature":"Modest","evs":{"hp":252,"atk":0,"def":0,"spa":252,"spd":4,"spe":0},"ivs":{"hp":31,"atk":31,"def":31,"spa":31,"spd":31,"spe":31}},{"name":"Tentacruel","species":"Tentacruel","item":"blacksludge","ability":"Liquid Ooze","moves":["haze","scald","rapidspin","gigadrain"],"nature":"Calm","evs":{"hp":252,"atk":0,"def":4,"spa":0,"spd":22,"spe":0},"ivs":{"hp":31,"atk":31,"def":31,"spa":31,"spd":31,"spe":31}},{"name":"Gengar","species":"Gengar","item":"lifeorb","ability":"Levitate","moves":["dazzlinggleam","shadowball","sludgewave","thunderbolt"],"nature":"Timid","evs":{"hp":0,"atk":0,"def":0,"spa":252,"spd":4,"spe":252},"ivs":{"hp":31,"atk":31,"def":31,"spa":31,"spd":31,"spe":31}},{"name":"Beedrill","species":"Beedrill","item":"beedrillite","ability":"Swarm","moves":["protect","drillrun","poisonjab","uturn"],"nature":"Jolly","evs":{"hp":0,"atk":252,"def":0,"spa":0,"spd":4,"spe":252},"ivs":{"hp":31,"atk":31,"def":31,"spa":31,"spd":31,"spe":31}},{"name":"Drapion","species":"Drapion","item":"assaultvest","ability":"Battle Armor","moves":["knockoff","pursuit","rockslide","earthquake"],"nature":"Adamant","evs":{"hp":248,"atk":200,"def":0,"spa":0,"spd":60,"spe":0},"ivs":{"hp":31,"atk":31,"def":31,"spa":31,"spd":31,"spe":31}}],"log":["|player|p1|GTX♅Cool|163","|player|p2|SWL Jyph|swljyph.png","|gametype|singles","|gen|6","|tier|Monotype","|rated","|rule|Baton Pass Clause: Limit one Baton Passer, can't pass Spe and other stats simultaneously","|rule|Swagger Clause: Swagger is banned","|rule|Same Type Clause: Pokémon in a team must share a type","|clearpoke","|poke|p1|Manaphy","|poke|p1|Empoleon, M","|poke|p1|Keldeo","|poke|p1|Gyarados, F","|poke|p1|Swampert, M","|poke|p1|Azumarill, M","|poke|p2|Amoonguss, M","|poke|p2|Nidoqueen, F","|poke|p2|Tentacruel, M","|poke|p2|Gengar, M","|poke|p2|Beedrill, M","|poke|p2|Drapion, M","|rule|Sleep Clause Mod: Limit one foe put to sleep","|rule|Species Clause: Limit one of each Pokémon","|rule|OHKO Clause: OHKO moves are banned","|rule|Moody Clause: Moody is banned","|rule|Evasion Moves Clause: Evasion moves are banned","|rule|Endless Battle Clause: Forcing endless battles is banned","|rule|HP Percentage Mod: HP is shown in percentages","|teampreview","|","|start","|switch|p1a: Empoleon|Empoleon, M|371/371","|switch|p2a: Amoonguss|Amoonguss, M|432/432","|turn|1","|","|switch|p2a: Tentacruel|Tentacruel, M|364/364","|move|p1a: Empoleon|Waterfall|p2a: Tentacruel","|-resisted|p2a: Tentacruel","|-damage|p2a: Tentacruel|301/364","|","|-heal|p2a: Tentacruel|323/364|[from] item: Black Sludge","|turn|2","|","|move|p2a: Tentacruel|Scald|p1a: Empoleon","|-resisted|p1a: Empoleon","|-damage|p1a: Empoleon|340/371","|-status|p1a: Empoleon|brn","|move|p1a: Empoleon|Scald|p2a: Tentacruel","|-resisted|p2a: Tentacruel","|-damage|p2a: Tentacruel|281/364","|-status|p2a: Tentacruel|brn","|","|-heal|p2a: Tentacruel|303/364 brn|[from] item: Black Sludge","|-heal|p1a: Empoleon|363/371 brn|[from] item: Leftovers","|-damage|p2a: Tentacruel|258/364 brn|[from] brn","|-damage|p1a: Empoleon|317/371 brn|[from] brn","|turn|3","|","|move|p2a: Tentacruel|Giga Drain|p1a: Empoleon","|-damage|p1a: Empoleon|276/371 brn","|-heal|p2a: Tentacruel|279/364 brn|[from] drain|[of] p1a: Empoleon","|move|p1a: Empoleon|Scald|p2a: Tentacruel","|-resisted|p2a: Tentacruel","|-damage|p2a: Tentacruel|237/364 brn","|","|-heal|p2a: Tentacruel|259/364 brn|[from] item: Black Sludge","|-heal|p1a: Empoleon|299/371 brn|[from] item: Leftovers","|-damage|p2a: Tentacruel|214/364 brn|[from] brn","|-damage|p1a: Empoleon|253/371 brn|[from] brn","|turn|4","|","|switch|p2a: Amoonguss|Amoonguss, M|432/432","|move|p1a: Empoleon|Scald|p2a: Amoonguss","|-resisted|p2a: Amoonguss","|-damage|p2a: Amoonguss|366/432","|","|-heal|p1a: Empoleon|276/371 brn|[from] item: Leftovers","|-heal|p2a: Amoonguss|393/432|[from] item: Black Sludge","|-damage|p1a: Empoleon|230/371 brn|[from] brn","|turn|5","|","|move|p1a: Empoleon|Scald|p2a: Amoonguss","|-resisted|p2a: Amoonguss","|-damage|p2a: Amoonguss|333/432","|move|p2a: Amoonguss|Giga Drain|p1a: Empoleon","|-damage|p1a: Empoleon|173/371 brn","|-heal|p2a: Amoonguss|362/432|[from] drain|[of] p1a: Empoleon","|","|-heal|p1a: Empoleon|196/371 brn|[from] item: Leftovers","|-heal|p2a: Amoonguss|389/432|[from] item: Black Sludge","|-damage|p1a: Empoleon|150/371 brn|[from] brn","|turn|6","|","|switch|p2a: Tentacruel|Tentacruel, M|214/364 brn","|move|p1a: Empoleon|Scald|p2a: Tentacruel","|-resisted|p2a: Tentacruel","|-damage|p2a: Tentacruel|175/364 brn","|","|-heal|p2a: Tentacruel|197/364 brn|[from] item: Black Sludge","|-heal|p1a: Empoleon|173/371 brn|[from] item: Leftovers","|-damage|p2a: Tentacruel|152/364 brn|[from] brn","|-damage|p1a: Empoleon|127/371 brn|[from] brn","|turn|7","|","|move|p2a: Tentacruel|Giga Drain|p1a: Empoleon","|-damage|p1a: Empoleon|89/371 brn","|-heal|p2a: Tentacruel|171/364 brn|[from] drain|[of] p1a: Empoleon","|move|p1a: Empoleon|Scald|p2a: Tentacruel","|-resisted|p2a: Tentacruel","|-damage|p2a: Tentacruel|129/364 brn","|","|-heal|p2a: Tentacruel|151/364 brn|[from] item: Black Sludge","|-heal|p1a: Empoleon|112/371 brn|[from] item: Leftovers","|-damage|p2a: Tentacruel|106/364 brn|[from] brn","|-damage|p1a: Empoleon|66/371 brn|[from] brn","|turn|8","|","|move|p2a: Tentacruel|Giga Drain|p1a: Empoleon","|-damage|p1a: Empoleon|27/371 brn","|-heal|p2a: Tentacruel|126/364 brn|[from] drain|[of] p1a: Empoleon","|move|p1a: Empoleon|Scald|p2a: Tentacruel","|-resisted|p2a: Tentacruel","|-damage|p2a: Tentacruel|84/364 brn","|","|-heal|p2a: Tentacruel|106/364 brn|[from] item: Black Sludge","|-heal|p1a: Empoleon|50/371 brn|[from] item: Leftovers","|-damage|p2a: Tentacruel|61/364 brn|[from] brn","|-damage|p1a: Empoleon|4/371 brn|[from] brn","|turn|9","|","|move|p2a: Tentacruel|Giga Drain|p1a: Empoleon","|-damage|p1a: Empoleon|0 fnt","|-heal|p2a: Tentacruel|63/364 brn|[from] drain|[of] p1a: Empoleon","|faint|p1a: Empoleon","|","|-heal|p2a: Tentacruel|85/364 brn|[from] item: Black Sludge","|-damage|p2a: Tentacruel|40/364 brn|[from] brn","|","|switch|p1a: Gyarados|Gyarados, F|334/334","|turn|10","|","|move|p1a: Gyarados|Earthquake|p2a: Tentacruel","|-crit|p2a: Tentacruel","|-supereffective|p2a: Tentacruel","|-damage|p2a: Tentacruel|0 fnt","|faint|p2a: Tentacruel","|-boost|p1a: Gyarados|atk|1|[from] ability: Moxie","|","|","|switch|p2a: Gengar|Gengar, M|261/261","|turn|11","|","|move|p2a: Gengar|Thunderbolt|p1a: Gyarados","|-supereffective|p1a: Gyarados","|-damage|p1a: Gyarados|0 fnt","|-damage|p2a: Gengar|235/261|[from] item: Life Orb","|faint|p1a: Gyarados","|","|","|switch|p1a: Azumarill|Azumarill, M|364/364","|turn|12","|","|switch|p2a: Amoonguss|Amoonguss, M|432/432","|move|p1a: Azumarill|Belly Drum|p1a: Azumarill","|-damage|p1a: Azumarill|182/364","|-setboost|p1a: Azumarill|atk|6|[from] move: Belly Drum","|-enditem|p1a: Azumarill|Sitrus Berry|[eat]","|-heal|p1a: Azumarill|273/364|[from] item: Sitrus Berry","|","|turn|13","|","|move|p1a: Azumarill|Knock Off|p2a: Amoonguss","|-damage|p2a: Amoonguss|179/432","|-enditem|p2a: Amoonguss|Black Sludge|[from] move: Knock Off|[of] p1a: Azumarill","|move|p2a: Amoonguss|Sludge Bomb|p1a: Azumarill","|-supereffective|p1a: Azumarill","|-damage|p1a: Azumarill|49/364","|","|turn|14","|","|switch|p2a: Nidoqueen|Nidoqueen, F|384/384","|move|p1a: Azumarill|Play Rough|p2a: Nidoqueen","|-resisted|p2a: Nidoqueen","|-damage|p2a: Nidoqueen|160/384","|","|turn|15","|","|move|p1a: Azumarill|Aqua Jet|p2a: Nidoqueen","|-supereffective|p2a: Nidoqueen","|-damage|p2a: Nidoqueen|0 fnt","|faint|p2a: Nidoqueen","|","|","|switch|p2a: Amoonguss|Amoonguss, M|323/432","|turn|16","|","|move|p1a: Azumarill|Play Rough|p2a: Amoonguss","|-resisted|p2a: Amoonguss","|-damage|p2a: Amoonguss|138/432","|move|p2a: Amoonguss|Sludge Bomb|p1a: Azumarill","|-supereffective|p1a: Azumarill","|-damage|p1a: Azumarill|0 fnt","|faint|p1a: Azumarill","|","|","|switch|p1a: Manaphy|Manaphy|365/365","|turn|17","|","|switch|p2a: Drapion|Drapion, M|343/343","|move|p1a: Manaphy|Ice Beam|p2a: Drapion","|-damage|p2a: Drapion|275/343","|","|turn|18","|","|move|p1a: Manaphy|Scald|p2a: Drapion","|-damage|p2a: Drapion|187/343","|move|p2a: Drapion|Knock Off|p1a: Manaphy","|-damage|p1a: Manaphy|220/365","|-enditem|p1a: Manaphy|Leftovers|[from] move: Knock Off|[of] p2a: Drapion","|","|turn|19","|","|move|p1a: Manaphy|Rain Dance|p1a: Manaphy","|-weather|RainDance","|move|p2a: Drapion|Earthquake|p1a: Manaphy","|-damage|p1a: Manaphy|126/365","|","|-weather|RainDance|[upkeep]","|turn|20","|","|move|p1a: Manaphy|Tail Glow|p1a: Manaphy","|-boost|p1a: Manaphy|spa|3","|move|p2a: Drapion|Earthquake|p1a: Manaphy","|-damage|p1a: Manaphy|27/365","|","|-weather|RainDance|[upkeep]","|turn|21","|","|move|p1a: Manaphy|Scald|p2a: Drapion","|-damage|p2a: Drapion|0 fnt","|faint|p2a: Drapion","|","|-weather|RainDance|[upkeep]","|","|switch|p2a: Beedrill|Beedrill, M|271/271","|turn|22","|","|detailschange|p2a: Beedrill|Beedrill-Mega, M","|-mega|p2a: Beedrill|Beedrill|Beedrillite","|move|p2a: Beedrill|Protect|p2a: Beedrill","|-singleturn|p2a: Beedrill|Protect","|move|p1a: Manaphy|Scald|p2a: Beedrill","|-activate|p2a: Beedrill|Protect","|","|-weather|RainDance|[upkeep]","|turn|23","|","|move|p2a: Beedrill|U-turn|p1a: Manaphy","|-damage|p1a: Manaphy|0 fnt","|faint|p1a: Manaphy","|","|switch|p2a: Amoonguss|Amoonguss, M|282/432","|","|-weather|none","|","|switch|p1a: Keldeo|Keldeo|323/323","|turn|24","|","|move|p1a: Keldeo|Icy Wind|p2a: Amoonguss","|-supereffective|p2a: Amoonguss","|-damage|p2a: Amoonguss|138/432","|-unboost|p2a: Amoonguss|spe|1","|move|p2a: Amoonguss|Synthesis|p2a: Amoonguss","|-heal|p2a: Amoonguss|354/432","|","|turn|25","|","|move|p1a: Keldeo|Icy Wind|p2a: Amoonguss","|-supereffective|p2a: Amoonguss","|-damage|p2a: Amoonguss|194/432","|-unboost|p2a: Amoonguss|spe|1","|move|p2a: Amoonguss|Giga Drain|p1a: Keldeo","|-supereffective|p1a: Keldeo","|-damage|p1a: Keldeo|153/323","|-heal|p2a: Amoonguss|279/432|[from] drain|[of] p1a: Keldeo","|","|turn|26","|","|move|p1a: Keldeo|Icy Wind|p2a: Amoonguss","|-supereffective|p2a: Amoonguss","|-damage|p2a: Amoonguss|133/432","|-unboost|p2a: Amoonguss|spe|1","|move|p2a: Amoonguss|Synthesis|p2a: Amoonguss","|-heal|p2a: Amoonguss|349/432","|","|turn|27","|","|move|p1a: Keldeo|Icy Wind|p2a: Amoonguss","|-supereffective|p2a: Amoonguss","|-damage|p2a: Amoonguss|191/432","|-unboost|p2a: Amoonguss|spe|1","|move|p2a: Amoonguss|Synthesis|p2a: Amoonguss","|-heal|p2a: Amoonguss|407/432","|","|turn|28","|","|move|p1a: Keldeo|Scald|p2a: Amoonguss","|-resisted|p2a: Amoonguss","|-damage|p2a: Amoonguss|317/432","|move|p2a: Amoonguss|Giga Drain|p1a: Keldeo","|-supereffective|p1a: Keldeo","|-damage|p1a: Keldeo|0 fnt","|-heal|p2a: Amoonguss|394/432|[from] drain|[of] p1a: Keldeo","|faint|p1a: Keldeo","|","|","|switch|p1a: Swampert|Swampert, M|341/341","|turn|29","|","|detailschange|p1a: Swampert|Swampert-Mega, M","|-mega|p1a: Swampert|Swampert|Swampertite","|move|p1a: Swampert|Ice Punch|p2a: Amoonguss","|-supereffective|p2a: Amoonguss","|-damage|p2a: Amoonguss|196/432","|move|p2a: Amoonguss|Giga Drain|p1a: Swampert","|-crit|p1a: Swampert","|-supereffective|p1a: Swampert","|-damage|p1a: Swampert|0 fnt","|-heal|p2a: Amoonguss|367/432|[from] drain|[of] p1a: Swampert","|faint|p1a: Swampert","|","|win|SWL Jyph"],"p1rating":{"entryid":"10847","serverid":"eos","formatid":"monotype","userid":"gtxcool","username":"GTX♅Cool","w":"0","l":3,"t":"0","gxe":37.7,"r":"1500","rd":"130","sigma":"0","rptime":"1439802000","rpr":1400.7324649166,"rprd":111.51861011339,"rpsigma":"0","acre":1000,"lacre":1000,"oldacre":"1000"},"p2rating":{"entryid":"10848","serverid":"eos","formatid":"monotype","userid":"swljyph","username":"SWL Jyph","w":4,"l":"2","t":"0","gxe":56.6,"r":"1500","rd":"130","sigma":"0","rptime":"1439802000","rpr":1552.3513944107,"rprd":99.186710102519,"rpsigma":"0","acre":1090.8321447409,"lacre":1090.8321447409,"oldacre":"1066.4809268018"},"endType":"normal"}