{"seed":[45445,10040,38327,34374],"turns":30,"p1":"Guаrd Wսlf","p2":"Union L0rdMudkip","p1team":[{"name":"Klefki","species":"Klefki","item":"lightclay","ability":"Prankster","moves":["thunderwave","foulplay","lightscreen","reflect"],"nature":"Bold","evs":{"hp":248,"atk":0,"def":252,"spa":0,"spd":8,"spe":0},"ivs":{"hp":31,"atk":31,"def":31,"spa":31,"spd":31,"spe":31}},{"name":"Clefable","species":"Clefable","item":"leftovers","ability":"Magic Guard","moves":["cosmicpower","moonblast","softboiled","toxic"],"nature":"Bold","evs":{"hp":244,"atk":0,"def":252,"spa":0,"spd":12,"spe":0},"ivs":{"hp":31,"atk":31,"def":31,"spa":31,"spd":31,"spe":31}},{"name":"Sylveon","species":"Sylveon","item":"leftovers","ability":"Pixilate","moves":["hypervoice","protect","healbell","wish"],"nature":"Calm","evs":{"hp":252,"atk":0,"def":0,"spa":4,"spd":252,"spe":0},"ivs":{"hp":31,"atk":31,"def":31,"spa":31,"spd":31,"spe":31}},{"name":"Togekiss","species":"Togekiss","item":"leftovers","ability":"Serene Grace","moves":["airslash","roost","defog","thunderwave"],"nature":"Calm","evs":{"hp":252,"atk":0,"def":0,"spa":4,"spd":252,"spe":0},"ivs":{"hp":31,"atk":31,"def":31,"spa":31,"spd":31,"spe":31}},{"name":"Slurpuff","species":"Slurpuff","item":"sitrusberry","ability":"Unburden","moves":["bellydrum","drainpunch","playrough","flamethrower"],"nature":"Naughty","evs":{"hp":4,"atk":252,"def":0,"spa":0,"spd":0,"spe":252},"ivs":{"hp":31,"atk":31,"def":31,"spa":31,"spd":31,"spe":31}},{"name":"Gardevoir","species":"Gardevoir","item":"gardevoirite","ability":"Trace","moves":["substitute","hypervoice","psyshock","focusblast"],"nature":"Timid","evs":{"hp":0,"atk":0,"def":0,"spa":252,"spd":4,"spe":252},"ivs":{"hp":31,"atk":31,"def":31,"spa":31,"spd":31,"spe":31}}],"p2team":[{"name":"Armaldo","species":"Armaldo","item":"leftovers","ability":"Battle Armor","moves":["stealthrock","rapidspin","stoneedge","earthquake"],"nature":"Adamant","evs":{"hp":252,"atk":252,"def":0,"spa":0,"spd":4,"spe":0},"ivs":{"hp":31,"atk":31,"def":31,"spa":31,"spd":31,"spe":31}},{"name":"Galvantula","species":"Galvantula","item":"focussash","ability":"Compound Eyes","moves":["voltswitch","thunder","stickyweb","bugbuzz"],"nature":"Timid","evs":{"hp":0,"atk":0,"def":0,"spa":252,"spd":4,"spe":252},"ivs":{"hp":31,"atk":31,"def":31,"spa":31,"spd":31,"spe":31}},{"name":"Volcarona","species":"Volcarona","item":"weaknesspolicy","ability":"Flame Body","moves":["quiverdance","fierydance","bugbuzz","gigadrain"],"nature":"Modest","evs":{"hp":0,"atk":0,"def":0,"spa":252,"spd":4,"spe":252},"ivs":{"hp":31,"atk":31,"def":31,"spa":31,"spd":31,"spe":31}},{"name":"Scolipede","species":"Scolipede","item":"choiceband","ability":"Speed Boost","moves":["megahorn","earthquake","poisonjab","rockslide"],"nature":"Adamant","evs":{"hp":0,"atk":252,"def":0,"spa":0,"spd":4,"spe":252},"ivs":{"hp":31,"atk":31,"def":31,"spa":31,"spd":31,"spe":31}},{"name":"Scizor","species":"Scizor","item":"scizorite","ability":"Technician","moves":["bulletpunch","swordsdance","roost","bugbite"],"nature":"Adamant","evs":{"hp":248,"atk":252,"def":0,"spa":0,"spd":8,"spe":0},"ivs":{"hp":31,"atk":31,"def":31,"spa":31,"spd":31,"spe":31}},{"name":"Genesect","species":"Genesect","item":"choicescarf","ability":"Download","moves":["bugbuzz","uturn","flamethrower","icebeam"],"nature":"Timid","evs":{"hp":0,"atk":0,"def":0,"spa":252,"spd":4,"spe":252},"ivs":{"hp":31,"atk":31,"def":31,"spa":31,"spd":31,"spe":31}}],"log":["|player|p1|Guаrd Wսlf|163","|player|p2|Union L0rdMudkip|unionl0rdmudkip.png","|gametype|singles","|gen|6","|tier|Monotype","|rated","|rule|Baton Pass Clause: Limit one Baton Passer, can't pass Spe and other stats simultaneously","|rule|Swagger Clause: Swagger is banned","|rule|Same Type Clause: Pokémon in a team must share a type","|clearpoke","|poke|p1|Klefki, M","|poke|p1|Clefable, M","|poke|p1|Sylveon, M","|poke|p1|Togekiss, F","|poke|p1|Slurpuff, F","|poke|p1|Gardevoir, M","|poke|p2|Armaldo, M","|poke|p2|Galvantula, F","|poke|p2|Volcarona, F","|poke|p2|Scolipede, F","|poke|p2|Scizor, M","|poke|p2|Genesect-*","|rule|Sleep Clause Mod: Limit one foe put to sleep","|rule|Species Clause: Limit one of each Pokémon","|rule|OHKO Clause: OHKO moves are banned","|rule|Moody Clause: Moody is banned","|rule|Evasion Moves Clause: Evasion moves are banned","|rule|Endless Battle Clause: Forcing endless battles is banned","|rule|HP Percentage Mod: HP is shown in percentages","|teampreview","|","|start","|switch|p1a: Gardevoir|Gardevoir, M|277/277","|switch|p2a: Galvantula|Galvantula, F|281/281","|-ability|p1a: Gardevoir|Compound Eyes|[from] ability: Trace|[of] p2a: Galvantula","|turn|1","|","|detailschange|p1a: Gardevoir|Gardevoir-Mega, M","|-mega|p1a: Gardevoir|Gardevoir|Gardevoirite","|move|p2a: Galvantula|Bug Buzz|p1a: Gardevoir","|-damage|p1a: Gardevoir|175/277","|move|p1a: Gardevoir|Hyper Voice|p2a: Galvantula","|-enditem|p2a: Galvantula|Focus Sash","|-damage|p2a: Galvantula|1/281","|","|turn|2","|","|move|p2a: Galvantula|Sticky Web|p1a: Gardevoir","|-sidestart|p1: Guаrd Wսlf|move: Sticky Web","|move|p1a: Gardevoir|Hyper Voice|p2a: Galvantula","|-damage|p2a: Galvantula|0 fnt","|faint|p2a: Galvantula","|","|","|switch|p2a: Genesect|Genesect|283/283","|-boost|p2a: Genesect|atk|1|[from] ability: Download","|turn|3","|","|switch|p1a: Klefki|Klefki, M|317/317","|-activate|p1a: Klefki|move: Sticky Web","|-unboost|p1a: Klefki|spe|1","|move|p2a: Genesect|U-turn|p1a: Klefki","|-resisted|p1a: Klefki","|-damage|p1a: Klefki|292/317","|","|switch|p2a: Volcarona|Volcarona, F|311/311","|","|turn|4","|","|move|p1a: Klefki|Thunder Wave|p2a: Volcarona","|-status|p2a: Volcarona|par","|cant|p2a: Volcarona|par","|","|turn|5","|","|switch|p1a: Togekiss|Togekiss, F|374/374","|move|p2a: Volcarona|Fiery Dance|p1a: Togekiss","|-damage|p1a: Togekiss|269/374","|-boost|p2a: Volcarona|spa|1","|","|-heal|p1a: Togekiss|292/374|[from] item: Leftovers","|turn|6","|","|switch|p2a: Armaldo|Armaldo, M|354/354","|move|p1a: Togekiss|Defog|p2a: Armaldo","|-unboost|p2a: Armaldo|evasion|1","|-sideend|p1: Guаrd Wսlf|Sticky Web|[from] move: Defog|[of] p1a: Togekiss","|","|-heal|p1a: Togekiss|315/374|[from] item: Leftovers","|turn|7","|","|move|p1a: Togekiss|Thunder Wave|p2a: Armaldo","|-status|p2a: Armaldo|par","|move|p2a: Armaldo|Stone Edge|p1a: Togekiss","|-supereffective|p1a: Togekiss","|-damage|p1a: Togekiss|0 fnt","|faint|p1a: Togekiss","|","|player|p2","|player|p2|Union L0rdMudkip|unionl0rdmudkip.png","|","|switch|p1a: Klefki|Klefki, M|292/317","|turn|8","|","|move|p1a: Klefki|Reflect|p1a: Klefki","|-sidestart|p1: Guаrd Wսlf|Reflect","|cant|p2a: Armaldo|par","|","|turn|9","|","|move|p1a: Klefki|Light Screen|p1a: Klefki","|-sidestart|p1: Guаrd Wսlf|move: Light Screen","|move|p2a: Armaldo|Stone Edge|p1a: Klefki","|-resisted|p1a: Klefki","|-damage|p1a: Klefki|255/317","|","|turn|10","|","|move|p1a: Klefki|Foul Play|p2a: Armaldo","|-damage|p2a: Armaldo|225/354 par","|move|p2a: Armaldo|Stealth Rock|p1a: Klefki","|-sidestart|p1: Guаrd Wսlf|move: Stealth Rock","|","|-heal|p2a: Armaldo|247/354 par|[from] item: Leftovers","|turn|11","|","|move|p1a: Klefki|Foul Play|p2a: Armaldo","|-damage|p2a: Armaldo|134/354 par","|move|p2a: Armaldo|Earthquake|p1a: Klefki","|-supereffective|p1a: Klefki","|-damage|p1a: Klefki|162/317","|","|-heal|p2a: Armaldo|156/354 par|[from] item: Leftovers","|turn|12","|","|move|p1a: Klefki|Foul Play|p2a: Armaldo","|-damage|p2a: Armaldo|45/354 par","|move|p2a: Armaldo|Earthquake|p1a: Klefki","|-supereffective|p1a: Klefki","|-damage|p1a: Klefki|66/317","|","|-heal|p2a: Armaldo|67/354 par|[from] item: Leftovers","|turn|13","|","|move|p1a: Klefki|Foul Play|p2a: Armaldo","|-damage|p2a: Armaldo|0 fnt","|faint|p2a: Armaldo","|","|","|switch|p2a: Volcarona|Volcarona, F|311/311 par","|turn|14","|","|switch|p1a: Gardevoir|Gardevoir-Mega, M|175/277","|-damage|p1a: Gardevoir|141/277|[from] Stealth Rock","|move|p2a: Volcarona|Quiver Dance|p2a: Volcarona","|-boost|p2a: Volcarona|spa|1","|-boost|p2a: Volcarona|spd|1","|-boost|p2a: Volcarona|spe|1","|","|turn|15","|","|move|p1a: Gardevoir|Hyper Voice|p2a: Volcarona","|-resisted|p2a: Volcarona","|-damage|p2a: Volcarona|239/311 par","|move|p2a: Volcarona|Bug Buzz|p1a: Gardevoir","|-damage|p1a: Gardevoir|32/277","|","|-sideend|p1: Guаrd Wսlf|Reflect","|turn|16","|","|move|p1a: Gardevoir|Hyper Voice|p2a: Volcarona","|-resisted|p2a: Volcarona","|-damage|p2a: Volcarona|161/311 par","|cant|p2a: Volcarona|par","|","|-sideend|p1: Guаrd Wսlf|move: Light Screen","|turn|17","|","|move|p1a: Gardevoir|Hyper Voice|p2a: Volcarona","|-crit|p2a: Volcarona","|-resisted|p2a: Volcarona","|-damage|p2a: Volcarona|0 fnt","|faint|p2a: Volcarona","|","|","|switch|p2a: Scizor|Scizor, M|343/343","|turn|18","|","|detailschange|p2a: Scizor|Scizor-Mega, M","|-mega|p2a: Scizor|Scizor|Scizorite","|move|p1a: Gardevoir|Focus Blast|p2a: Scizor","|-damage|p2a: Scizor|177/343","|move|p2a: Scizor|Swords Dance|p2a: Scizor","|-boost|p2a: Scizor|atk|2","|","|turn|19","|","|move|p2a: Scizor|Bullet Punch|p1a: Gardevoir","|-supereffective|p1a: Gardevoir","|-damage|p1a: Gardevoir|0 fnt","|faint|p1a: Gardevoir","|","|","|switch|p1a: Klefki|Klefki, M|66/317","|-damage|p1a: Klefki|47/317|[from] Stealth Rock","|turn|20","|","|move|p1a: Klefki|Reflect|p1a: Klefki","|-sidestart|p1: Guаrd Wսlf|Reflect","|move|p2a: Scizor|Bullet Punch|p1a: Klefki","|-damage|p1a: Klefki|0 fnt","|faint|p1a: Klefki","|","|","|switch|p1a: Slurpuff|Slurpuff, F|306/306","|-damage|p1a: Slurpuff|268/306|[from] Stealth Rock","|turn|21","|","|move|p2a: Scizor|Bullet Punch|p1a: Slurpuff","|-supereffective|p1a: Slurpuff","|-damage|p1a: Slurpuff|0 fnt","|faint|p1a: Slurpuff","|","|","|switch|p1a: Clefable|Clefable, M|392/392","|turn|22","|","|move|p2a: Scizor|Bullet Punch|p1a: Clefable","|-supereffective|p1a: Clefable","|-damage|p1a: Clefable|166/392","|move|p1a: Clefable|Cosmic Power|p1a: Clefable","|-boost|p1a: Clefable|def|1","|-boost|p1a: Clefable|spd|1","|","|-heal|p1a: Clefable|190/392|[from] item: Leftovers","|turn|23","|","|move|p2a: Scizor|Swords Dance|p2a: Scizor","|-boost|p2a: Scizor|atk|2","|move|p1a: Clefable|Soft-Boiled|p1a: Clefable","|-heal|p1a: Clefable|386/392","|","|-heal|p1a: Clefable|392/392|[from] item: Leftovers","|turn|24","|","|move|p2a: Scizor|Roost|p2a: Scizor","|-heal|p2a: Scizor|343/343","|move|p1a: Clefable|Cosmic Power|p1a: Clefable","|-boost|p1a: Clefable|def|1","|-boost|p1a: Clefable|spd|1","|","|turn|25","|","|move|p2a: Scizor|Swords Dance|p2a: Scizor","|-boost|p2a: Scizor|atk|2","|move|p1a: Clefable|Cosmic Power|p1a: Clefable","|-boost|p1a: Clefable|def|1","|-boost|p1a: Clefable|spd|1","|","|turn|26","|","|move|p2a: Scizor|Bullet Punch|p1a: Clefable","|-supereffective|p1a: Clefable","|-damage|p1a: Clefable|215/392","|move|p1a: Clefable|Cosmic Power|p1a: Clefable","|-boost|p1a: Clefable|def|1","|-boost|p1a: Clefable|spd|1","|","|-heal|p1a: Clefable|239/392|[from] item: Leftovers","|turn|27","|","|move|p2a: Scizor|Bullet Punch|p1a: Clefable","|-supereffective|p1a: Clefable","|-damage|p1a: Clefable|98/392","|move|p1a: Clefable|Soft-Boiled|p1a: Clefable","|-heal|p1a: Clefable|294/392","|","|-heal|p1a: Clefable|318/392|[from] item: Leftovers","|-sideend|p1: Guаrd Wսlf|Reflect","|turn|28","|","|move|p2a: Scizor|Bullet Punch|p1a: Clefable","|-supereffective|p1a: Clefable","|-damage|p1a: Clefable|22/392","|move|p1a: Clefable|Cosmic Power|p1a: Clefable","|-boost|p1a: Clefable|def|1","|-boost|p1a: Clefable|spd|1","|","|-heal|p1a: Clefable|46/392|[from] item: Leftovers","|turn|29","|","|move|p2a: Scizor|Bullet Punch|p1a: Clefable","|-supereffective|p1a: Clefable","|-damage|p1a: Clefable|0 fnt","|faint|p1a: Clefable","|","|","|switch|p1a: Sylveon|Sylveon, M|394/394","|-damage|p1a: Sylveon|345/394|[from] Stealth Rock","|turn|30","|","|move|p2a: Scizor|Bullet Punch|p1a: Sylveon","|-supereffective|p1a: Sylveon","|-damage|p1a: Sylveon|0 fnt","|faint|p1a: Sylveon","|","|win|Union L0rdMudkip"],"p1rating":{"entryid":"63748","serverid":"eos","formatid":"monotype","userid":"gurdwlf","username":"Guаrd Wսlf","w":"0","l":2,"t":"0","gxe":40.5,"r":"1500","rd":"130","sigma":"0","rptime":"1439888400","rpr":1423.2548126975,"rprd":116.75444686792,"rpsigma":"0","acre":1000,"lacre":1000,"oldacre":"1000"},"p2rating":{"entryid":64393,"formatid":"monotype","userid":"unionl0rdmudkip","username":"Union L0rdMudkip","r":1500,"rd":130,"sigma":0,"rpr":1540.1606143388,"rprd":122.8583080769,"rpsigma":0,"rptime":1439888400,"w":1,"l":0,"t":0,"gxe":55,"acre":1040,"lacre":1040,"oldacre":1000},"endType":"normal"}