{"seed":[30261,46361,44654,52268],"turns":24,"p1":"TIL4-Emil","p2":"SWL Jyph","p1team":[{"name":"Pinsir","species":"Pinsir","item":"pinsirite","ability":"Hyper Cutter","moves":["quickattack","swordsdance","earthquake","facade"],"nature":"Jolly","evs":{"hp":0,"atk":252,"def":0,"spa":0,"spd":4,"spe":252},"ivs":{"hp":31,"atk":31,"def":31,"spa":31,"spd":31,"spe":31}},{"name":"Volcarona","species":"Volcarona","item":"focussash","ability":"Flame Body","moves":["fierydance","bugbuzz","hurricane","quiverdance"],"nature":"Timid","evs":{"hp":0,"atk":0,"def":4,"spa":252,"spd":0,"spe":252},"gender":"F","ivs":{"hp":31,"atk":30,"def":30,"spa":31,"spd":31,"spe":31}},{"name":"Galvantula","species":"Galvantula","item":"focussash","ability":"Compound Eyes","moves":["thunder","bugbuzz","stickyweb","thunderwave"],"nature":"Timid","evs":{"hp":4,"atk":0,"def":0,"spa":252,"spd":0,"spe":252},"gender":"M","shiny":true,"ivs":{"hp":31,"atk":31,"def":31,"spa":31,"spd":31,"spe":31}},{"name":"Genesect","species":"Genesect","item":"choicescarf","ability":"Download","moves":["icebeam","extremespeed","flamethrower","thunderbolt"],"nature":"Hasty","evs":{"hp":0,"atk":0,"def":4,"spa":252,"spd":0,"spe":252},"shiny":true,"ivs":{"hp":31,"atk":31,"def":31,"spa":31,"spd":31,"spe":31}},{"name":"Forretress","species":"Forretress","item":"custapberry","ability":"Sturdy","moves":["stealthrock","rapidspin","endure","gyroball"],"nature":"Sassy","evs":{"hp":252,"atk":4,"def":0,"spa":0,"spd":252,"spe":0},"ivs":{"hp":31,"atk":31,"def":31,"spa":31,"spd":31,"spe":0}},{"name":"Scizor","species":"Scizor","item":"lifeorb","ability":"Technician","moves":["swordsdance","bulletpunch","superpower","knockoff"],"nature":"Adamant","evs":{"hp":96,"atk":252,"def":0,"spa":0,"spd":160,"spe":0},"ivs":{"hp":31,"atk":31,"def":31,"spa":31,"spd":31,"spe":31}}],"p2team":[{"name":"Amoonguss","species":"Amoonguss","item":"blacksludge","ability":"Regenerator","moves":["spore","sludgebomb","gigadrain","synthesis"],"nature":"Bold","evs":{"hp":252,"atk":0,"def":252,"spa":0,"spd":4,"spe":0},"ivs":{"hp":31,"atk":31,"def":31,"spa":31,"spd":31,"spe":31}},{"name":"Nidoqueen","species":"Nidoqueen","item":"lifeorb","ability":"Sheer Force","moves":["stealthrock","earthpower","fireblast","icebeam"],"nature":"Modest","evs":{"hp":252,"atk":0,"def":0,"spa":252,"spd":4,"spe":0},"ivs":{"hp":31,"atk":31,"def":31,"spa":31,"spd":31,"spe":31}},{"name":"Tentacruel","species":"Tentacruel","item":"blacksludge","ability":"Liquid Ooze","moves":["haze","scald","rapidspin","gigadrain"],"nature":"Calm","evs":{"hp":252,"atk":0,"def":4,"spa":0,"spd":22,"spe":0},"ivs":{"hp":31,"atk":31,"def":31,"spa":31,"spd":31,"spe":31}},{"name":"Gengar","species":"Gengar","item":"lifeorb","ability":"Levitate","moves":["dazzlinggleam","shadowball","sludgewave","thunderbolt"],"nature":"Timid","evs":{"hp":0,"atk":0,"def":0,"spa":252,"spd":4,"spe":252},"ivs":{"hp":31,"atk":31,"def":31,"spa":31,"spd":31,"spe":31}},{"name":"Beedrill","species":"Beedrill","item":"beedrillite","ability":"Swarm","moves":["protect","drillrun","poisonjab","uturn"],"nature":"Jolly","evs":{"hp":0,"atk":252,"def":0,"spa":0,"spd":4,"spe":252},"ivs":{"hp":31,"atk":31,"def":31,"spa":31,"spd":31,"spe":31}},{"name":"Drapion","species":"Drapion","item":"assaultvest","ability":"Battle Armor","moves":["knockoff","pursuit","rockslide","earthquake"],"nature":"Adamant","evs":{"hp":248,"atk":200,"def":0,"spa":0,"spd":60,"spe":0},"ivs":{"hp":31,"atk":31,"def":31,"spa":31,"spd":31,"spe":31}}],"log":["|player|p1|TIL4-Emil|til4emil.gif","|player|p2|SWL Jyph|swljyph.png","|gametype|singles","|gen|6","|tier|Monotype","|rated","|rule|Baton Pass Clause: Limit one Baton Passer, can't pass Spe and other stats simultaneously","|rule|Swagger Clause: Swagger is banned","|rule|Same Type Clause: Pokémon in a team must share a type","|clearpoke","|poke|p1|Pinsir, F","|poke|p1|Volcarona, F","|poke|p1|Galvantula, M, shiny","|poke|p1|Genesect-*, shiny","|poke|p1|Forretress, M","|poke|p1|Scizor, F","|poke|p2|Amoonguss, F","|poke|p2|Nidoqueen, F","|poke|p2|Tentacruel, F","|poke|p2|Gengar, M","|poke|p2|Beedrill, F","|poke|p2|Drapion, M","|rule|Sleep Clause Mod: Limit one foe put to sleep","|rule|Species Clause: Limit one of each Pokémon","|rule|OHKO Clause: OHKO moves are banned","|rule|Moody Clause: Moody is banned","|rule|Evasion Moves Clause: Evasion moves are banned","|rule|Endless Battle Clause: Forcing endless battles is banned","|rule|HP Percentage Mod: HP is shown in percentages","|teampreview","|","|start","|switch|p1a: Galvantula|Galvantula, M, shiny|282/282","|switch|p2a: Nidoqueen|Nidoqueen, F|384/384","|turn|1","|","|move|p1a: Galvantula|Sticky Web|p2a: Nidoqueen","|-sidestart|p2: SWL Jyph|move: Sticky Web","|move|p2a: Nidoqueen|Stealth Rock|p1a: Galvantula","|-sidestart|p1: TIL4-Emil|move: Stealth Rock","|","|turn|2","|","|move|p1a: Galvantula|Bug Buzz|p2a: Nidoqueen","|-resisted|p2a: Nidoqueen","|-damage|p2a: Nidoqueen|315/384","|move|p2a: Nidoqueen|Fire Blast|p1a: Galvantula","|-supereffective|p1a: Galvantula","|-enditem|p1a: Galvantula|Focus Sash","|-damage|p1a: Galvantula|1/282","|","|turn|3","|","|switch|p2a: Tentacruel|Tentacruel, F|364/364","|-activate|p2a: Tentacruel|move: Sticky Web","|-unboost|p2a: Tentacruel|spe|1","|move|p1a: Galvantula|Bug Buzz|p2a: Tentacruel","|-resisted|p2a: Tentacruel","|-damage|p2a: Tentacruel|317/364","|","|-heal|p2a: Tentacruel|339/364|[from] item: Black Sludge","|turn|4","|","|move|p1a: Galvantula|Thunder|p2a: Tentacruel","|-supereffective|p2a: Tentacruel","|-damage|p2a: Tentacruel|99/364","|move|p2a: Tentacruel|Rapid Spin|p1a: Galvantula","|-damage|p1a: Galvantula|0 fnt","|-sideend|p2: SWL Jyph|Sticky Web|[from] move: Rapid Spin|[of] p2a: Tentacruel","|faint|p1a: Galvantula","|","|-heal|p2a: Tentacruel|121/364|[from] item: Black Sludge","|","|switch|p1a: Forretress|Forretress, M|354/354","|-damage|p1a: Forretress|310/354|[from] Stealth Rock","|turn|5","|","|switch|p2a: Gengar|Gengar, M|261/261","|move|p1a: Forretress|Rapid Spin|p2a: Gengar","|-immune|p2a: Gengar|[msg]","|","|turn|6","|","|move|p2a: Gengar|Shadow Ball|p1a: Forretress","|-damage|p1a: Forretress|125/354","|-unboost|p1a: Forretress|spd|1","|-damage|p2a: Gengar|235/261|[from] item: Life Orb","|move|p1a: Forretress|Stealth Rock|p2a: Gengar","|-sidestart|p2: SWL Jyph|move: Stealth Rock","|","|turn|7","|","|move|p1a: Forretress|Endure|p1a: Forretress","|-singleturn|p1a: Forretress|move: Endure","|move|p2a: Gengar|Shadow Ball|p1a: Forretress","|-activate|p1a: Forretress|move: Endure","|-damage|p1a: Forretress|1/354","|-damage|p2a: Gengar|209/261|[from] item: Life Orb","|","|turn|8","|-enditem|p1a: Forretress|Custap Berry|[eat]","|-activate|p1a: Forretress|Custap Berry","|","|move|p1a: Forretress|Gyro Ball|p2a: Gengar","|-damage|p2a: Gengar|22/261","|move|p2a: Gengar|Shadow Ball|p1a: Forretress","|-damage|p1a: Forretress|0 fnt","|-damage|p2a: Gengar|0 fnt|[from] item: Life Orb","|faint|p1a: Forretress","|faint|p2a: Gengar","|","|","|switch|p1a: Pinsir|Pinsir, F|271/271","|switch|p2a: Tentacruel|Tentacruel, F|121/364","|-damage|p1a: Pinsir|204/271|[from] Stealth Rock","|-damage|p2a: Tentacruel|76/364|[from] Stealth Rock","|turn|9","|","|detailschange|p1a: Pinsir|Pinsir-Mega, F","|-mega|p1a: Pinsir|Pinsir|Pinsirite","|move|p1a: Pinsir|Swords Dance|p1a: Pinsir","|-boost|p1a: Pinsir|atk|2","|move|p2a: Tentacruel|Scald|p1a: Pinsir","|-damage|p1a: Pinsir|116/271","|-status|p1a: Pinsir|brn","|","|-heal|p2a: Tentacruel|98/364|[from] item: Black Sludge","|-damage|p1a: Pinsir|83/271 brn|[from] brn","|turn|10","|","|move|p1a: Pinsir|Facade|p2a: Tentacruel","|-damage|p2a: Tentacruel|0 fnt","|faint|p2a: Tentacruel","|","|-damage|p1a: Pinsir|50/271 brn|[from] brn","|","|switch|p2a: Beedrill|Beedrill, F|271/271","|-damage|p2a: Beedrill|204/271|[from] Stealth Rock","|turn|11","|","|detailschange|p2a: Beedrill|Beedrill-Mega, F","|-mega|p2a: Beedrill|Beedrill|Beedrillite","|move|p2a: Beedrill|Protect|p2a: Beedrill","|-singleturn|p2a: Beedrill|Protect","|move|p1a: Pinsir|Facade|p2a: Beedrill","|-activate|p2a: Beedrill|Protect","|","|-damage|p1a: Pinsir|17/271 brn|[from] brn","|turn|12","|","|switch|p2a: Amoonguss|Amoonguss, F|432/432","|-damage|p2a: Amoonguss|378/432|[from] Stealth Rock","|move|p1a: Pinsir|Quick Attack|p2a: Amoonguss","|-supereffective|p2a: Amoonguss","|-damage|p2a: Amoonguss|171/432","|","|-heal|p2a: Amoonguss|198/432|[from] item: Black Sludge","|-damage|p1a: Pinsir|0 fnt|[from] brn","|faint|p1a: Pinsir","|","|switch|p1a: Volcarona|Volcarona, F|311/311","|-damage|p1a: Volcarona|156/311|[from] Stealth Rock","|turn|13","|","|move|p1a: Volcarona|Quiver Dance|p1a: Volcarona","|-boost|p1a: Volcarona|spa|1","|-boost|p1a: Volcarona|spd|1","|-boost|p1a: Volcarona|spe|1","|move|p2a: Amoonguss|Spore|p1a: Volcarona","|-status|p1a: Volcarona|slp","|","|-heal|p2a: Amoonguss|225/432|[from] item: Black Sludge","|turn|14","|","|switch|p2a: Drapion|Drapion, M|343/343","|-damage|p2a: Drapion|301/343|[from] Stealth Rock","|cant|p1a: Volcarona|slp","|","|turn|15","|","|cant|p1a: Volcarona|slp","|move|p2a: Drapion|Rock Slide|p1a: Volcarona","|-supereffective|p1a: Volcarona","|-damage|p1a: Volcarona|0 fnt","|faint|p1a: Volcarona","|","|","|switch|p1a: Scizor|Scizor, F|305/305","|-damage|p1a: Scizor|267/305|[from] Stealth Rock","|turn|16","|","|move|p2a: Drapion|Knock Off|p1a: Scizor","|-damage|p1a: Scizor|137/305","|-enditem|p1a: Scizor|Life Orb|[from] move: Knock Off|[of] p2a: Drapion","|move|p1a: Scizor|Swords Dance|p1a: Scizor","|-boost|p1a: Scizor|atk|2","|","|turn|17","|","|move|p1a: Scizor|Bullet Punch|p2a: Drapion","|-damage|p2a: Drapion|69/343","|move|p2a: Drapion|Earthquake|p1a: Scizor","|-damage|p1a: Scizor|32/305","|","|turn|18","|","|move|p1a: Scizor|Bullet Punch|p2a: Drapion","|-damage|p2a: Drapion|0 fnt","|faint|p2a: Drapion","|","|","|switch|p2a: Amoonguss|Amoonguss, F|369/432","|-damage|p2a: Amoonguss|315/432|[from] Stealth Rock","|turn|19","|","|move|p1a: Scizor|Bullet Punch|p2a: Amoonguss","|-damage|p2a: Amoonguss|119/432","|move|p2a: Amoonguss|Spore|p1a: Scizor","|-status|p1a: Scizor|slp","|","|-heal|p2a: Amoonguss|146/432|[from] item: Black Sludge","|turn|20","|","|switch|p2a: Nidoqueen|Nidoqueen, F|315/384","|-damage|p2a: Nidoqueen|291/384|[from] Stealth Rock","|cant|p1a: Scizor|slp","|","|turn|21","|","|cant|p1a: Scizor|slp","|move|p2a: Nidoqueen|Earth Power|p1a: Scizor","|-damage|p1a: Scizor|0 fnt","|faint|p1a: Scizor","|","|","|switch|p1a: Genesect|Genesect, shiny|283/283","|-damage|p1a: Genesect|248/283|[from] Stealth Rock","|-boost|p1a: Genesect|spa|1|[from] ability: Download","|turn|22","|","|move|p1a: Genesect|Ice Beam|p2a: Nidoqueen","|-supereffective|p2a: Nidoqueen","|-damage|p2a: Nidoqueen|0 fnt","|faint|p2a: Nidoqueen","|","|","|switch|p2a: Beedrill|Beedrill-Mega, F|204/271","|-damage|p2a: Beedrill|137/271|[from] Stealth Rock","|turn|23","|","|move|p1a: Genesect|Ice Beam|p2a: Beedrill","|-damage|p2a: Beedrill|0 fnt","|faint|p2a: Beedrill","|","|","|switch|p2a: Amoonguss|Amoonguss, F|290/432","|-damage|p2a: Amoonguss|236/432|[from] Stealth Rock","|turn|24","|","|move|p1a: Genesect|Ice Beam|p2a: Amoonguss","|-supereffective|p2a: Amoonguss","|-damage|p2a: Amoonguss|0 fnt","|faint|p2a: Amoonguss","|","|win|TIL4-Emil"],"p1rating":{"entryid":"32190","serverid":"eos","formatid":"monotype","userid":"til4emil","username":"TIL4-Emil","w":4,"l":"1","t":"0","gxe":61.4,"r":"1500","rd":"130","sigma":"0","rptime":"1439888400","rpr":1591.0007562333,"rprd":102.72304184788,"rpsigma":"0","acre":1114.9688743848,"lacre":1114.9688743848,"oldacre":"1085.9524353007"},"p2rating":{"entryid":"10848","serverid":"eos","formatid":"monotype","userid":"swljyph","username":"SWL Jyph","w":"5","l":3,"t":"0","gxe":55.9,"r":"1573.4141666569","rd":"95.903325256722","sigma":"0","rptime":"1439888400","rpr":1545.9446440058,"rprd":93.031663781035,"rpsigma":"0","acre":1083.7039349005,"lacre":1083.7039349005,"oldacre":"1110.4648222093"},"endType":"normal"}