{"seed":[18775,5554,43749,18897],"turns":29,"p1":"DOBBY IS DANK","p2":"mortal jordean","p1team":[{"name":"Keldeo","species":"Keldeo","item":"leftovers","ability":"Justified","moves":["scald","secretsword","icywind","calmmind"],"nature":"Timid","evs":{"hp":48,"atk":0,"def":0,"spa":232,"spd":0,"spe":228},"ivs":{"hp":31,"atk":30,"def":30,"spa":31,"spd":31,"spe":31}},{"name":"Hawlucha","species":"Hawlucha","item":"powerherb","ability":"Unburden","moves":["skyattack","acrobatics","highjumpkick","uturn"],"nature":"Jolly","evs":{"hp":4,"atk":252,"def":0,"spa":0,"spd":0,"spe":252},"ivs":{"hp":31,"atk":31,"def":31,"spa":31,"spd":31,"spe":31}},{"name":"Heracross","species":"Heracross","item":"choicescarf","ability":"Moxie","moves":["closecombat","stoneedge","knockoff","megahorn"],"nature":"Jolly","evs":{"hp":4,"atk":252,"def":0,"spa":0,"spd":0,"spe":252},"ivs":{"hp":31,"atk":31,"def":31,"spa":31,"spd":31,"spe":31}},{"name":"Cobalion","species":"Cobalion","item":"sitrusberry","ability":"Justified","moves":["ironhead","thunderwave","reflect","stealthrock"],"nature":"Careful","evs":{"hp":148,"atk":0,"def":108,"spa":0,"spd":0,"spe":252},"ivs":{"hp":31,"atk":31,"def":31,"spa":31,"spd":31,"spe":31}},{"name":"Breloom","species":"Breloom","item":"focussash","ability":"Technician","moves":["machpunch","spore","swordsdance","rocktomb"],"nature":"Jolly","evs":{"hp":0,"atk":252,"def":0,"spa":0,"spd":0,"spe":252},"ivs":{"hp":31,"atk":31,"def":31,"spa":31,"spd":31,"spe":31}},{"name":"Medicham","species":"Medicham","item":"medichamite","ability":"Pure Power","moves":["highjumpkick","icepunch","fakeout","bulletpunch"],"nature":"Jolly","evs":{"hp":4,"atk":252,"def":0,"spa":0,"spd":0,"spe":252},"shiny":true,"ivs":{"hp":31,"atk":31,"def":31,"spa":31,"spd":31,"spe":31}}],"p2team":[{"name":"Ninetales","species":"Ninetales","item":"heatrock","ability":"Drought","moves":["solarbeam","flamethrower","hypnosis","willowisp"],"nature":"Timid","evs":{"hp":0,"atk":0,"def":0,"spa":252,"spd":4,"spe":252},"ivs":{"hp":31,"atk":31,"def":31,"spa":31,"spd":31,"spe":31}},{"name":"Volcarona","species":"Volcarona","item":"lifeorb","ability":"Flame Body","moves":["fierydance","gigadrain","morningsun","quiverdance"],"nature":"Modest","evs":{"hp":0,"atk":0,"def":0,"spa":252,"spd":4,"spe":252},"ivs":{"hp":31,"atk":31,"def":31,"spa":31,"spd":31,"spe":31}},{"name":"Chandelure","species":"Chandelure","item":"choicescarf","ability":"Infiltrator","moves":["curse","hiddenpowerice","flamethrower","shadowball"],"nature":"Timid","evs":{"hp":0,"atk":0,"def":0,"spa":252,"spd":4,"spe":252},"ivs":{"hp":31,"atk":30,"def":30,"spa":31,"spd":31,"spe":31}},{"name":"Emboar","species":"Emboar","item":"assaultvest","ability":"Blaze","moves":["flareblitz","wildcharge","headsmash","superpower"],"nature":"Adamant","evs":{"hp":248,"atk":252,"def":0,"spa":0,"spd":8,"spe":0},"ivs":{"hp":31,"atk":31,"def":31,"spa":31,"spd":31,"spe":31}},{"name":"Heatran","species":"Heatran","item":"airballoon","ability":"Flash Fire","moves":["eruption","protect","roar","stealthrock"],"nature":"Quiet","evs":{"hp":248,"atk":0,"def":0,"spa":8,"spd":252,"spe":0},"ivs":{"hp":31,"atk":31,"def":31,"spa":31,"spd":31,"spe":31}},{"name":"Charizard","species":"Charizard","item":"charizarditex","ability":"Blaze","moves":["flareblitz","dragonclaw","irontail","roost"],"nature":"Adamant","evs":{"hp":248,"atk":252,"def":0,"spa":0,"spd":8,"spe":0},"ivs":{"hp":31,"atk":31,"def":31,"spa":31,"spd":31,"spe":31}}],"log":["|player|p1|DOBBY IS DANK|170","|player|p2|mortal jordean|229","|gametype|singles","|gen|6","|tier|Monotype","|rated","|rule|Baton Pass Clause: Limit one Baton Passer, can't pass Spe and other stats simultaneously","|rule|Swagger Clause: Swagger is banned","|rule|Same Type Clause: Pokémon in a team must share a type","|clearpoke","|poke|p1|Keldeo","|poke|p1|Hawlucha, M","|poke|p1|Heracross, M","|poke|p1|Cobalion","|poke|p1|Breloom, F","|poke|p1|Medicham, M, shiny","|poke|p2|Ninetales, M","|poke|p2|Volcarona, F","|poke|p2|Chandelure, F","|poke|p2|Emboar, F","|poke|p2|Heatran, F","|poke|p2|Charizard, F","|rule|Sleep Clause Mod: Limit one foe put to sleep","|rule|Species Clause: Limit one of each Pokémon","|rule|OHKO Clause: OHKO moves are banned","|rule|Moody Clause: Moody is banned","|rule|Evasion Moves Clause: Evasion moves are banned","|rule|Endless Battle Clause: Forcing endless battles is banned","|rule|HP Percentage Mod: HP is shown in percentages","|teampreview","|","|start","|switch|p1a: Breloom|Breloom, F|261/261","|switch|p2a: Ninetales|Ninetales, M|287/287","|-weather|SunnyDay","|turn|1","|","|move|p2a: Ninetales|Flamethrower|p1a: Breloom","|-supereffective|p1a: Breloom","|-enditem|p1a: Breloom|Focus Sash","|-damage|p1a: Breloom|1/261","|move|p1a: Breloom|Rock Tomb|p2a: Ninetales","|-supereffective|p2a: Ninetales","|-damage|p2a: Ninetales|0 fnt","|faint|p2a: Ninetales","|","|-weather|SunnyDay|[upkeep]","|","|switch|p2a: Emboar|Emboar, F|423/423","|turn|2","|","|move|p1a: Breloom|Mach Punch|p2a: Emboar","|-damage|p2a: Emboar|272/423","|move|p2a: Emboar|Flare Blitz|p1a: Breloom","|-supereffective|p1a: Breloom","|-damage|p1a: Breloom|0 fnt","|-damage|p2a: Emboar|271/423|[from] recoil|[of] p1a: Breloom","|faint|p1a: Breloom","|","|-weather|SunnyDay|[upkeep]","|","|switch|p1a: Hawlucha|Hawlucha, M|298/298","|turn|3","|","|move|p1a: Hawlucha|Sky Attack|p2a: Emboar|[still]","|-prepare|p1a: Hawlucha|Sky Attack|p2a: Emboar","|-enditem|p1a: Hawlucha|Power Herb","|-anim|p1a: Hawlucha|Sky Attack|p2a: Emboar","|-supereffective|p2a: Emboar","|-damage|p2a: Emboar|0 fnt","|faint|p2a: Emboar","|","|-weather|SunnyDay|[upkeep]","|","|switch|p2a: Chandelure|Chandelure, F|261/261","|turn|4","|","|move|p1a: Hawlucha|Acrobatics|p2a: Chandelure","|-crit|p2a: Chandelure","|-damage|p2a: Chandelure|24/261","|move|p2a: Chandelure|Hidden Power|p1a: Hawlucha","|-crit|p1a: Hawlucha","|-supereffective|p1a: Hawlucha","|-damage|p1a: Hawlucha|0 fnt","|faint|p1a: Hawlucha","|","|-weather|SunnyDay|[upkeep]","|","|switch|p1a: Medicham|Medicham, M, shiny|262/262","|turn|5","|","|detailschange|p1a: Medicham|Medicham-Mega, M, shiny","|-mega|p1a: Medicham|Medicham|Medichamite","|move|p1a: Medicham|Bullet Punch|p2a: Chandelure","|-resisted|p2a: Chandelure","|-damage|p2a: Chandelure|0 fnt","|faint|p2a: Chandelure","|","|-weather|SunnyDay|[upkeep]","|","|switch|p2a: Volcarona|Volcarona, F|311/311","|turn|6","|","|move|p1a: Medicham|High Jump Kick|p2a: Volcarona","|-resisted|p2a: Volcarona","|-damage|p2a: Volcarona|60/311","|move|p2a: Volcarona|Giga Drain|p1a: Medicham","|-damage|p1a: Medicham|123/262","|-heal|p2a: Volcarona|130/311|[from] drain|[of] p1a: Medicham","|-damage|p2a: Volcarona|99/311|[from] item: Life Orb","|","|-weather|SunnyDay|[upkeep]","|turn|7","|","|move|p1a: Medicham|High Jump Kick|p2a: Volcarona|[miss]","|-miss|p1a: Medicham|p2a: Volcarona","|-damage|p1a: Medicham|0 fnt|[from] highjumpkick","|faint|p1a: Medicham","|move|p2a: Volcarona|Giga Drain|p1: Medicham|[notarget]","|-notarget","|","|-weather|SunnyDay|[upkeep]","|","|switch|p1a: Heracross|Heracross, M|302/302","|turn|8","|","|move|p1a: Heracross|Stone Edge|p2a: Volcarona","|-crit|p2a: Volcarona","|-supereffective|p2a: Volcarona","|-damage|p2a: Volcarona|0 fnt","|faint|p2a: Volcarona","|-boost|p1a: Heracross|atk|1|[from] ability: Moxie","|","|-weather|none","|","|switch|p2a: Heatran|Heatran, F|385/385","|-item|p2a: Heatran|Air Balloon","|turn|9","|","|move|p1a: Heracross|Stone Edge|p2a: Heatran|[miss]","|-miss|p1a: Heracross|p2a: Heatran","|move|p2a: Heatran|Eruption|p1a: Heracross","|-supereffective|p1a: Heracross","|-damage|p1a: Heracross|0 fnt","|faint|p1a: Heracross","|","|","|switch|p1a: Keldeo|Keldeo|335/335","|turn|10","|","|move|p1a: Keldeo|Scald|p2a: Heatran","|-supereffective|p2a: Heatran","|-damage|p2a: Heatran|163/385","|-enditem|p2a: Heatran|Air Balloon","|move|p2a: Heatran|Eruption|p1a: Keldeo","|-resisted|p1a: Keldeo","|-damage|p1a: Keldeo|281/335","|","|-heal|p1a: Keldeo|301/335|[from] item: Leftovers","|turn|11","|","|move|p1a: Keldeo|Scald|p2a: Heatran","|-supereffective|p2a: Heatran","|-damage|p2a: Heatran|0 fnt","|faint|p2a: Heatran","|","|-heal|p1a: Keldeo|321/335|[from] item: Leftovers","|","|switch|p2a: Charizard|Charizard, F|359/359","|turn|12","|","|detailschange|p2a: Charizard|Charizard-Mega-X, F","|-mega|p2a: Charizard|Charizard|Charizardite X","|move|p1a: Keldeo|Scald|p2a: Charizard","|-damage|p2a: Charizard|191/359","|move|p2a: Charizard|Dragon Claw|p1a: Keldeo","|-damage|p1a: Keldeo|113/335","|","|-heal|p1a: Keldeo|133/335|[from] item: Leftovers","|turn|13","|","|move|p1a: Keldeo|Secret Sword|p2a: Charizard","|-damage|p2a: Charizard|50/359","|move|p2a: Charizard|Dragon Claw|p1a: Keldeo","|-damage|p1a: Keldeo|0 fnt","|faint|p1a: Keldeo","|","|","|switch|p1a: Cobalion|Cobalion|360/360","|turn|14","|","|move|p1a: Cobalion|Thunder Wave|p2a: Charizard","|-status|p2a: Charizard|par","|move|p2a: Charizard|Roost|p2a: Charizard","|-heal|p2a: Charizard|230/359 par","|","|turn|15","|","|move|p1a: Cobalion|Reflect|p1a: Cobalion","|-sidestart|p1: DOBBY IS DANK|Reflect","|move|p2a: Charizard|Roost|p2a: Charizard","|-heal|p2a: Charizard|359/359 par","|","|turn|16","|","|move|p1a: Cobalion|Iron Head|p2a: Charizard","|-resisted|p2a: Charizard","|-damage|p2a: Charizard|323/359 par","|move|p2a: Charizard|Flare Blitz|p1a: Cobalion","|-supereffective|p1a: Cobalion","|-damage|p1a: Cobalion|143/360","|-damage|p2a: Charizard|251/359 par|[from] recoil|[of] p1a: Cobalion","|-enditem|p1a: Cobalion|Sitrus Berry|[eat]","|-heal|p1a: Cobalion|233/360|[from] item: Sitrus Berry","|","|turn|17","|","|move|p1a: Cobalion|Iron Head|p2a: Charizard","|-resisted|p2a: Charizard","|-damage|p2a: Charizard|210/359 par","|cant|p2a: Charizard|par","|","|turn|18","|","|move|p1a: Cobalion|Iron Head|p2a: Charizard","|-resisted|p2a: Charizard","|-damage|p2a: Charizard|170/359 par","|cant|p2a: Charizard|par","|","|turn|19","|","|move|p1a: Cobalion|Iron Head|p2a: Charizard","|-resisted|p2a: Charizard","|-damage|p2a: Charizard|129/359 par","|cant|p2a: Charizard|flinch","|","|-sideend|p1: DOBBY IS DANK|Reflect","|turn|20","|","|move|p1a: Cobalion|Iron Head|p2a: Charizard","|-resisted|p2a: Charizard","|-damage|p2a: Charizard|93/359 par","|cant|p2a: Charizard|flinch","|","|turn|21","|","|move|p1a: Cobalion|Iron Head|p2a: Charizard","|-resisted|p2a: Charizard","|-damage|p2a: Charizard|57/359 par","|move|p2a: Charizard|Roost|p2a: Charizard","|-heal|p2a: Charizard|237/359 par","|","|turn|22","|","|move|p1a: Cobalion|Iron Head|p2a: Charizard","|-resisted|p2a: Charizard","|-damage|p2a: Charizard|201/359 par","|cant|p2a: Charizard|par","|","|turn|23","|","|move|p1a: Cobalion|Iron Head|p2a: Charizard","|-resisted|p2a: Charizard","|-damage|p2a: Charizard|162/359 par","|cant|p2a: Charizard|flinch","|","|turn|24","|","|move|p1a: Cobalion|Iron Head|p2a: Charizard","|-resisted|p2a: Charizard","|-damage|p2a: Charizard|123/359 par","|move|p2a: Charizard|Roost|p2a: Charizard","|-heal|p2a: Charizard|303/359 par","|","|turn|25","|","|move|p1a: Cobalion|Iron Head|p2a: Charizard","|-resisted|p2a: Charizard","|-damage|p2a: Charizard|267/359 par","|move|p2a: Charizard|Dragon Claw|p1a: Cobalion","|-resisted|p1a: Cobalion","|-damage|p1a: Cobalion|152/360","|","|turn|26","|","|move|p1a: Cobalion|Iron Head|p2a: Charizard","|-resisted|p2a: Charizard","|-damage|p2a: Charizard|225/359 par","|cant|p2a: Charizard|par","|","|turn|27","|","|move|p1a: Cobalion|Iron Head|p2a: Charizard","|-resisted|p2a: Charizard","|-damage|p2a: Charizard|183/359 par","|move|p2a: Charizard|Roost|p2a: Charizard","|-heal|p2a: Charizard|359/359 par","|","|turn|28","|","|move|p1a: Cobalion|Reflect|p1a: Cobalion","|-sidestart|p1: DOBBY IS DANK|Reflect","|move|p2a: Charizard|Dragon Claw|p1a: Cobalion","|-resisted|p1a: Cobalion","|-damage|p1a: Cobalion|114/360","|","|turn|29","|","|move|p1a: Cobalion|Iron Head|p2a: Charizard","|-resisted|p2a: Charizard","|-damage|p2a: Charizard|316/359 par","|move|p2a: Charizard|Flare Blitz|p1a: Cobalion","|-supereffective|p1a: Cobalion","|-damage|p1a: Cobalion|0 fnt","|-damage|p2a: Charizard|278/359 par|[from] recoil|[of] p1a: Cobalion","|faint|p1a: Cobalion","|","|win|mortal jordean"],"p1rating":{"entryid":81776,"formatid":"monotype","userid":"dobbyisdank","username":"DOBBY IS DANK","r":1500,"rd":130,"sigma":0,"rpr":1459.8393856612,"rprd":122.8583080769,"rpsigma":0,"rptime":1439888400,"w":0,"l":1,"t":0,"gxe":45,"acre":1000,"lacre":1000,"oldacre":1000},"p2rating":{"entryid":81777,"formatid":"monotype","userid":"mortaljordean","username":"mortal jordean","r":1500,"rd":130,"sigma":0,"rpr":1540.1606143388,"rprd":122.8583080769,"rpsigma":0,"rptime":1439888400,"w":1,"l":0,"t":0,"gxe":55,"acre":1040,"lacre":1040,"oldacre":1000},"endType":"normal"}