{"seed":[42739,53318,33554,57828],"turns":22,"p1":"Sovereign♕rc17","p2":"Rain ☆ Trivial","p1team":[{"name":"flower MAN","species":"venusaur","item":"venusaurite","ability":"Overgrow","moves":["earthquake","hiddenpowerfire","gigadrain","toxic"],"nature":"Gentle","evs":{"hp":248,"atk":8,"def":0,"spa":0,"spd":252,"spe":0},"gender":"M","ivs":{"hp":31,"atk":30,"def":31,"spa":30,"spd":31,"spe":30}},{"name":"batman","species":"crobat","item":"choiceband","ability":"Infiltrator","moves":["crosspoison","bravebird","xscissor","zenheadbutt"],"nature":"Jolly","evs":{"hp":0,"atk":252,"def":0,"spa":0,"spd":4,"spe":252},"ivs":{"hp":31,"atk":30,"def":31,"spa":30,"spd":31,"spe":30}},{"name":"psychic killer","species":"drapion","item":"razorclaw","ability":"Sniper","moves":["nightslash","swordsdance","xscissor","crosspoison"],"nature":"Adamant","evs":{"hp":248,"atk":252,"def":0,"spa":0,"spd":8,"spe":0},"ivs":{"hp":31,"atk":31,"def":31,"spa":31,"spd":31,"spe":31}},{"name":"blooper","species":"tentacruel","item":"blacksludge","ability":"Clear Body","moves":["rapidspin","toxic","toxicspikes","knockoff"],"nature":"Careful","evs":{"hp":252,"atk":0,"def":0,"spa":0,"spd":240,"spe":16},"ivs":{"hp":31,"atk":31,"def":31,"spa":31,"spd":31,"spe":31}},{"name":"dark lord","species":"gengar","item":"choicespecs","ability":"Levitate","moves":["hex","gigadrain","darkpulse","thunderbolt"],"nature":"Hasty","evs":{"hp":0,"atk":4,"def":0,"spa":252,"spd":0,"spe":252},"shiny":true,"ivs":{"hp":31,"atk":31,"def":31,"spa":31,"spd":31,"spe":31}},{"name":"kingpin","species":"nidoking","item":"lifeorb","ability":"Sheer Force","moves":["flamethrower","icebeam","sludgebomb","earthpower"],"nature":"Naive","evs":{"hp":0,"atk":4,"def":0,"spa":252,"spd":0,"spe":252},"ivs":{"hp":31,"atk":31,"def":31,"spa":31,"spd":31,"spe":31}}],"p2team":[{"name":"Rotom-Wash","species":"Rotom-Wash","item":"chestoberry","ability":"Levitate","moves":["voltswitch","hydropump","willowisp","rest"],"nature":"Bold","evs":{"hp":248,"atk":0,"def":252,"spa":0,"spd":0,"spe":8},"shiny":true,"ivs":{"hp":31,"atk":31,"def":31,"spa":31,"spd":31,"spe":31}},{"name":"Magnezone","species":"Magnezone","item":"choicescarf","ability":"Sturdy","moves":["voltswitch","hiddenpowerfire","flashcannon","thunderbolt"],"nature":"Timid","evs":{"hp":0,"atk":0,"def":4,"spa":252,"spd":0,"spe":252},"ivs":{"atk":30,"spa":30,"spe":30,"hp":31,"def":31,"spd":31}},{"name":"Manectric","species":"Manectric","item":"manectite","ability":"Lightning Rod","moves":["thunderbolt","voltswitch","overheat","hiddenpowerice"],"nature":"Timid","evs":{"hp":0,"atk":0,"def":4,"spa":252,"spd":0,"spe":252},"ivs":{"atk":30,"def":30,"hp":31,"spe":31,"spa":31,"spd":31}},{"name":"Thundurus","species":"Thundurus","item":"lifeorb","ability":"Prankster","moves":["thunderwave","thunderbolt","hiddenpowerice","focusblast"],"nature":"Timid","evs":{"hp":0,"atk":0,"def":4,"spa":252,"spd":0,"spe":252},"ivs":{"atk":30,"def":30,"hp":31,"spe":31,"spa":31,"spd":31}},{"name":"Luxray","species":"Luxray","item":"lifeorb","ability":"Intimidate","moves":["thunderbolt","superpower","hiddenpowergrass","voltswitch"],"nature":"Rash","evs":{"hp":0,"atk":4,"def":0,"spa":252,"spd":0,"spe":252},"ivs":{"atk":30,"spa":30,"hp":31,"def":31,"spe":31,"spd":31}},{"name":"Zapdos","species":"Zapdos","item":"leftovers","ability":"Pressure","moves":["thunderbolt","roost","defog","heatwave"],"nature":"Bold","evs":{"hp":248,"atk":0,"def":176,"spa":68,"spd":0,"spe":16},"ivs":{"hp":31,"atk":31,"def":31,"spa":31,"spd":31,"spe":31}}],"log":["|player|p1|Sovereign♕rc17|130","|player|p2|Rain ☆ Trivial|266","|gametype|singles","|gen|6","|tier|Monotype","|rated","|rule|Baton Pass Clause: Limit one Baton Passer, can't pass Spe and other stats simultaneously","|rule|Swagger Clause: Swagger is banned","|rule|Same Type Clause: Pokémon in a team must share a type","|clearpoke","|poke|p1|Venusaur, M","|poke|p1|Crobat, F","|poke|p1|Drapion, M","|poke|p1|Tentacruel, F","|poke|p1|Gengar, F, shiny","|poke|p1|Nidoking, M","|poke|p2|Rotom-Wash, shiny","|poke|p2|Magnezone","|poke|p2|Manectric, M","|poke|p2|Thundurus, M","|poke|p2|Luxray, F","|poke|p2|Zapdos","|rule|Sleep Clause Mod: Limit one foe put to sleep","|rule|Species Clause: Limit one of each Pokémon","|rule|OHKO Clause: OHKO moves are banned","|rule|Moody Clause: Moody is banned","|rule|Evasion Moves Clause: Evasion moves are banned","|rule|Endless Battle Clause: Forcing endless battles is banned","|rule|HP Percentage Mod: HP is shown in percentages","|teampreview","|","|start","|switch|p1a: batman|Crobat, F|311/311","|switch|p2a: Rotom-Wash|Rotom-Wash, shiny|303/303","|turn|1","|","|move|p1a: batman|Brave Bird|p2a: Rotom-Wash","|-resisted|p2a: Rotom-Wash","|-damage|p2a: Rotom-Wash|219/303","|-damage|p1a: batman|283/311|[from] recoil|[of] p2a: Rotom-Wash","|move|p2a: Rotom-Wash|Volt Switch|p1a: batman","|-supereffective|p1a: batman","|-damage|p1a: batman|85/311","|","|switch|p2a: Zapdos|Zapdos|383/383","|-ability|p2a: Zapdos|Pressure","|","|turn|2","|","|move|p1a: batman|Brave Bird|p2a: Zapdos","|-resisted|p2a: Zapdos","|-damage|p2a: Zapdos|272/383","|-damage|p1a: batman|48/311|[from] recoil|[of] p2a: Zapdos","|move|p2a: Zapdos|Thunderbolt|p1a: batman","|-supereffective|p1a: batman","|-damage|p1a: batman|0 fnt","|faint|p1a: batman","|","|-heal|p2a: Zapdos|295/383|[from] item: Leftovers","|","|switch|p1a: blooper|Tentacruel, F|364/364","|turn|3","|","|move|p1a: blooper|Toxic Spikes|p2a: Zapdos","|-sidestart|p2: Rain ☆ Trivial|move: Toxic Spikes","|move|p2a: Zapdos|Thunderbolt|p1a: blooper","|-crit|p1a: blooper","|-supereffective|p1a: blooper","|-damage|p1a: blooper|80/364","|","|-heal|p2a: Zapdos|318/383|[from] item: Leftovers","|-heal|p1a: blooper|102/364|[from] item: Black Sludge","|turn|4","|","|move|p1a: blooper|Toxic Spikes|p2a: Zapdos","|-sidestart|p2: Rain ☆ Trivial|move: Toxic Spikes","|move|p2a: Zapdos|Defog|p1a: blooper","|-fail|p1a: blooper|unboost|[from] ability: Clear Body|[of] p1a: blooper","|-sideend|p2: Rain ☆ Trivial|Toxic Spikes|[from] move: Defog|[of] p2a: Zapdos","|","|-heal|p1a: blooper|124/364|[from] item: Black Sludge","|-heal|p2a: Zapdos|341/383|[from] item: Leftovers","|turn|5","|","|move|p2a: Zapdos|Thunderbolt|p1a: blooper","|-supereffective|p1a: blooper","|-damage|p1a: blooper|0 fnt","|faint|p1a: blooper","|","|-heal|p2a: Zapdos|364/383|[from] item: Leftovers","|","|switch|p1a: psychic killer|Drapion, M|343/343","|turn|6","|","|switch|p2a: Magnezone|Magnezone|281/281","|move|p1a: psychic killer|Cross Poison|p2a: Magnezone","|-immune|p2a: Magnezone|[msg]","|","|turn|7","|","|move|p2a: Magnezone|Flash Cannon|p1a: psychic killer","|-damage|p1a: psychic killer|160/343","|move|p1a: psychic killer|Swords Dance|p1a: psychic killer","|-boost|p1a: psychic killer|atk|2","|","|turn|8","|","|move|p2a: Magnezone|Flash Cannon|p1a: psychic killer","|-damage|p1a: psychic killer|0 fnt","|faint|p1a: psychic killer","|","|","|switch|p1a: flower MAN|Venusaur, M|363/363","|turn|9","|","|detailschange|p1a: flower MAN|Venusaur-Mega, M","|-mega|p1a: flower MAN|Venusaur|Venusaurite","|move|p2a: Magnezone|Flash Cannon|p1a: flower MAN","|-damage|p1a: flower MAN|273/363","|move|p1a: flower MAN|Earthquake|p2a: Magnezone","|-supereffective|p2a: Magnezone","|-damage|p2a: Magnezone|9/281","|","|turn|10","|","|switch|p2a: Rotom-Wash|Rotom-Wash, shiny|219/303","|move|p1a: flower MAN|Giga Drain|p2a: Rotom-Wash","|-supereffective|p2a: Rotom-Wash","|-damage|p2a: Rotom-Wash|13/303","|-heal|p1a: flower MAN|363/363|[from] drain|[of] p2a: Rotom-Wash","|","|turn|11","|","|move|p2a: Rotom-Wash|Will-O-Wisp|p1a: flower MAN","|-status|p1a: flower MAN|brn","|move|p1a: flower MAN|Giga Drain|p2a: Rotom-Wash","|-supereffective|p2a: Rotom-Wash","|-damage|p2a: Rotom-Wash|0 fnt","|faint|p2a: Rotom-Wash","|","|-damage|p1a: flower MAN|318/363 brn|[from] brn","|","|switch|p2a: Thundurus|Thundurus, M|299/299","|turn|12","|","|move|p2a: Thundurus|Hidden Power|p1a: flower MAN","|-supereffective|p1a: flower MAN","|-damage|p1a: flower MAN|261/363 brn","|-damage|p2a: Thundurus|270/299|[from] item: Life Orb","|move|p1a: flower MAN|Toxic|p2a: Thundurus","|-status|p2a: Thundurus|tox","|","|-damage|p2a: Thundurus|252/299 tox|[from] psn","|-damage|p1a: flower MAN|216/363 brn|[from] brn","|turn|13","|","|switch|p2a: Manectric|Manectric, M|281/281","|move|p1a: flower MAN|Giga Drain|p2a: Manectric","|-damage|p2a: Manectric|125/281","|-heal|p1a: flower MAN|294/363 brn|[from] drain|[of] p2a: Manectric","|","|-damage|p1a: flower MAN|249/363 brn|[from] brn","|turn|14","|","|detailschange|p2a: Manectric|Manectric-Mega, M","|-mega|p2a: Manectric|Manectric|Manectite","|-ability|p2a: Manectric|Intimidate","|-unboost|p1a: flower MAN|atk|1","|move|p2a: Manectric|Overheat|p1a: flower MAN","|-supereffective|p1a: flower MAN","|-damage|p1a: flower MAN|143/363 brn","|-unboost|p2a: Manectric|spa|2","|move|p1a: flower MAN|Earthquake|p2a: Manectric","|-supereffective|p2a: Manectric","|-damage|p2a: Manectric|60/281","|","|-damage|p1a: flower MAN|98/363 brn|[from] brn","|turn|15","|","|move|p2a: Manectric|Overheat|p1a: flower MAN","|-supereffective|p1a: flower MAN","|-damage|p1a: flower MAN|48/363 brn","|-unboost|p2a: Manectric|spa|2","|move|p1a: flower MAN|Giga Drain|p2a: Manectric","|-damage|p2a: Manectric|0 fnt","|-heal|p1a: flower MAN|78/363 brn|[from] drain|[of] p2a: Manectric","|faint|p2a: Manectric","|","|-damage|p1a: flower MAN|33/363 brn|[from] brn","|","|switch|p2a: Magnezone|Magnezone|9/281","|turn|16","|","|move|p2a: Magnezone|Flash Cannon|p1a: flower MAN","|-damage|p1a: flower MAN|0 fnt","|faint|p1a: flower MAN","|","|","|switch|p1a: dark lord|Gengar, F, shiny|261/261","|turn|17","|","|move|p2a: Magnezone|Flash Cannon|p1a: dark lord","|-damage|p1a: dark lord|80/261","|move|p1a: dark lord|Dark Pulse|p2a: Magnezone","|-damage|p2a: Magnezone|0 fnt","|faint|p2a: Magnezone","|","|","|switch|p2a: Thundurus|Thundurus, M|252/299 tox","|turn|18","|","|move|p2a: Thundurus|Thunder Wave|p1a: dark lord","|-status|p1a: dark lord|par","|move|p1a: dark lord|Dark Pulse|p2a: Thundurus","|-damage|p2a: Thundurus|76/299 tox","|","|-damage|p2a: Thundurus|58/299 tox|[from] psn","|turn|19","|","|move|p2a: Thundurus|Thunderbolt|p1a: dark lord","|-damage|p1a: dark lord|0 fnt","|-damage|p2a: Thundurus|29/299 tox|[from] item: Life Orb","|faint|p1a: dark lord","|","|-damage|p2a: Thundurus|0 fnt|[from] psn","|faint|p2a: Thundurus","|","|switch|p1a: kingpin|Nidoking, M|303/303","|switch|p2a: Luxray|Luxray, F|301/301","|-ability|p2a: Luxray|Intimidate","|-unboost|p1a: kingpin|atk|1","|turn|20","|","|move|p1a: kingpin|Earth Power|p2a: Luxray","|-supereffective|p2a: Luxray","|-damage|p2a: Luxray|0 fnt","|faint|p2a: Luxray","|","|","|switch|p2a: Zapdos|Zapdos|364/383","|-ability|p2a: Zapdos|Pressure","|turn|21","|","|move|p1a: kingpin|Ice Beam|p2a: Zapdos","|-supereffective|p2a: Zapdos","|-damage|p2a: Zapdos|47/383","|move|p2a: Zapdos|Heat Wave|p1a: kingpin","|-damage|p1a: kingpin|165/303","|-status|p1a: kingpin|brn","|","|-heal|p2a: Zapdos|70/383|[from] item: Leftovers","|-damage|p1a: kingpin|128/303 brn|[from] brn","|turn|22","|","|move|p1a: kingpin|Ice Beam|p2a: Zapdos","|-supereffective|p2a: Zapdos","|-damage|p2a: Zapdos|0 fnt","|faint|p2a: Zapdos","|","|win|Sovereign♕rc17"],"p1rating":{"entryid":"93720","serverid":"eos","formatid":"monotype","userid":"sovereignrc17","username":"Sovereign♕rc17","w":1,"l":"2","t":"0","gxe":43.9,"r":"1500","rd":"130","sigma":"0","rptime":"1439888400","rpr":1451.5102155322,"rprd":112.06779107254,"rpsigma":"0","acre":1040,"lacre":1040,"oldacre":"1000"},"p2rating":{"entryid":95388,"formatid":"monotype","userid":"raintrivial","username":"Rain ☆ Trivial","r":1500,"rd":130,"sigma":0,"rpr":1459.8393856612,"rprd":122.8583080769,"rpsigma":0,"rptime":1439888400,"w":0,"l":1,"t":0,"gxe":45,"acre":1000,"lacre":1000,"oldacre":1000},"endType":"normal"}