{"seed":[53476,41106,36752,33365],"turns":19,"p1":"Sjado","p2":"V SLootBoot","p1team":[{"name":"Sableye","species":"Sableye","item":"sablenite","ability":"Prankster","moves":["recover","willowisp","calmmind","darkpulse"],"nature":"Bold","evs":{"hp":252,"atk":0,"def":252,"spa":0,"spd":4,"spe":0},"ivs":{"hp":31,"atk":31,"def":31,"spa":31,"spd":31,"spe":31}},{"name":"Umbreon","species":"Umbreon","item":"leftovers","ability":"Synchronize","moves":["toxic","wish","protect","darkpulse"],"nature":"Calm","evs":{"hp":252,"atk":0,"def":0,"spa":4,"spd":252,"spe":0},"ivs":{"hp":31,"atk":31,"def":31,"spa":31,"spd":31,"spe":31}},{"name":"Bisharp","species":"Bisharp","item":"lifeorb","ability":"Defiant","moves":["ironhead","suckerpunch","knockoff","swordsdance"],"nature":"Adamant","evs":{"hp":0,"atk":252,"def":0,"spa":0,"spd":4,"spe":252},"shiny":true,"ivs":{"hp":31,"atk":31,"def":31,"spa":31,"spd":31,"spe":31}},{"name":"Mandibuzz","species":"Mandibuzz","item":"rockyhelmet","ability":"Overcoat","moves":["roost","foulplay","defog","toxic"],"nature":"Bold","evs":{"hp":252,"atk":0,"def":252,"spa":0,"spd":4,"spe":0},"ivs":{"hp":31,"atk":31,"def":31,"spa":31,"spd":31,"spe":31}},{"name":"Tyranitar","species":"Tyranitar","item":"leftovers","ability":"Sand Stream","moves":["stoneedge","stealthrock","earthquake","fireblast"],"nature":"Sassy","evs":{"hp":244,"atk":8,"def":0,"spa":4,"spd":252,"spe":0},"ivs":{"hp":31,"atk":31,"def":31,"spa":31,"spd":31,"spe":31}},{"name":"Hydreigon","species":"Hydreigon","item":"lifeorb","ability":"Levitate","moves":["darkpulse","dracometeor","fireblast","earthpower"],"nature":"Timid","evs":{"hp":0,"atk":0,"def":0,"spa":252,"spd":4,"spe":252},"ivs":{"hp":31,"atk":31,"def":31,"spa":31,"spd":31,"spe":31}}],"p2team":[{"name":"Mandibuzz","species":"Mandibuzz","item":"leftovers","ability":"Overcoat","moves":["foulplay","roost","defog","taunt"],"nature":"Impish","evs":{"hp":248,"atk":0,"def":136,"spa":0,"spd":108,"spe":16},"ivs":{"hp":31,"atk":31,"def":31,"spa":31,"spd":31,"spe":31}},{"name":"Togekiss","species":"Togekiss","item":"leftovers","ability":"Serene Grace","moves":["thunderwave","airslash","nastyplot","roost"],"nature":"Calm","evs":{"hp":248,"atk":0,"def":0,"spa":0,"spd":216,"spe":44},"ivs":{"hp":31,"atk":31,"def":31,"spa":31,"spd":31,"spe":31}},{"name":"Dragonite","species":"Dragonite","item":"weaknesspolicy","ability":"Multiscale","moves":["earthquake","dragonclaw","extremespeed","dragondance"],"nature":"Adamant","evs":{"hp":0,"atk":252,"def":0,"spa":0,"spd":4,"spe":252},"ivs":{"hp":31,"atk":31,"def":31,"spa":31,"spd":31,"spe":31}},{"name":"Skarmory","species":"Skarmory","item":"rockyhelmet","ability":"Sturdy","moves":["roost","spikes","bravebird","stealthrock"],"nature":"Impish","evs":{"hp":252,"atk":0,"def":252,"spa":0,"spd":4,"spe":0},"ivs":{"hp":31,"atk":31,"def":31,"spa":31,"spd":31,"spe":31}},{"name":"Xatu","species":"Xatu","item":"lightclay","ability":"Magic Bounce","moves":["thunderwave","reflect","uturn","nightshade"],"nature":"Jolly","evs":{"hp":248,"atk":0,"def":0,"spa":0,"spd":8,"spe":252},"ivs":{"hp":31,"atk":31,"def":31,"spa":31,"spd":31,"spe":31}},{"name":"Gyarados","species":"Gyarados","item":"gyaradosite","ability":"Intimidate","moves":["dragondance","waterfall","earthquake","icefang"],"nature":"Adamant","evs":{"hp":0,"atk":252,"def":4,"spa":0,"spd":0,"spe":252},"ivs":{"hp":31,"atk":31,"def":31,"spa":31,"spd":31,"spe":31}}],"log":["|player|p1|Sjado|168","|player|p2|V SLootBoot|102","|gametype|singles","|gen|6","|tier|Monotype","|rated","|rule|Baton Pass Clause: Limit one Baton Passer, can't pass Spe and other stats simultaneously","|rule|Swagger Clause: Swagger is banned","|rule|Same Type Clause: Pokémon in a team must share a type","|clearpoke","|poke|p1|Sableye, M","|poke|p1|Umbreon, F","|poke|p1|Bisharp, F, shiny","|poke|p1|Mandibuzz, F","|poke|p1|Tyranitar, F","|poke|p1|Hydreigon, M","|poke|p2|Mandibuzz, F","|poke|p2|Togekiss, F","|poke|p2|Dragonite, F","|poke|p2|Skarmory, M","|poke|p2|Xatu, F","|poke|p2|Gyarados, M","|rule|Sleep Clause Mod: Limit one foe put to sleep","|rule|Species Clause: Limit one of each Pokémon","|rule|OHKO Clause: OHKO moves are banned","|rule|Moody Clause: Moody is banned","|rule|Evasion Moves Clause: Evasion moves are banned","|rule|Endless Battle Clause: Forcing endless battles is banned","|rule|HP Percentage Mod: HP is shown in percentages","|teampreview","|","|start","|switch|p1a: Tyranitar|Tyranitar, F|402/402","|switch|p2a: Skarmory|Skarmory, M|334/334","|-weather|Sandstorm","|turn|1","|","|move|p2a: Skarmory|Stealth Rock|p1a: Tyranitar","|-sidestart|p1: Sjado|move: Stealth Rock","|move|p1a: Tyranitar|Stone Edge|p2a: Skarmory","|-damage|p2a: Skarmory|247/334","|","|-weather|Sandstorm|[upkeep]","|turn|2","|","|move|p2a: Skarmory|Spikes|p1a: Tyranitar","|-sidestart|p1: Sjado|Spikes","|move|p1a: Tyranitar|Stealth Rock|p2a: Skarmory","|-sidestart|p2: V SLootBoot|move: Stealth Rock","|","|-weather|Sandstorm|[upkeep]","|turn|3","|","|move|p2a: Skarmory|Roost|p2a: Skarmory","|-heal|p2a: Skarmory|334/334","|move|p1a: Tyranitar|Fire Blast|p2a: Skarmory","|-supereffective|p2a: Skarmory","|-damage|p2a: Skarmory|116/334","|","|-weather|Sandstorm|[upkeep]","|turn|4","|","|switch|p2a: Mandibuzz|Mandibuzz, F|423/423","|-damage|p2a: Mandibuzz|318/423|[from] Stealth Rock","|move|p1a: Tyranitar|Earthquake|p2a: Mandibuzz","|-immune|p2a: Mandibuzz|[msg]","|","|-weather|Sandstorm|[upkeep]","|-heal|p2a: Mandibuzz|344/423|[from] item: Leftovers","|turn|5","|","|move|p2a: Mandibuzz|Defog|p1a: Tyranitar","|-unboost|p1a: Tyranitar|evasion|1","|-sideend|p1: Sjado|Spikes|[from] move: Defog|[of] p1a: Tyranitar","|-sideend|p1: Sjado|Stealth Rock|[from] move: Defog|[of] p1a: Tyranitar","|-sideend|p2: V SLootBoot|Stealth Rock|[from] move: Defog|[of] p2a: Mandibuzz","|move|p1a: Tyranitar|Stone Edge|p2a: Mandibuzz","|-supereffective|p2a: Mandibuzz","|-damage|p2a: Mandibuzz|126/423","|","|-weather|none","|-heal|p2a: Mandibuzz|152/423|[from] item: Leftovers","|turn|6","|","|switch|p2a: Xatu|Xatu, F|333/333","|move|p1a: Tyranitar|Stone Edge|p2a: Xatu","|-supereffective|p2a: Xatu","|-damage|p2a: Xatu|0 fnt","|faint|p2a: Xatu","|","|","|switch|p2a: Dragonite|Dragonite, F|323/323","|turn|7","|","|move|p2a: Dragonite|Earthquake|p1a: Tyranitar","|-supereffective|p1a: Tyranitar","|-damage|p1a: Tyranitar|140/402","|move|p1a: Tyranitar|Stealth Rock|p2a: Dragonite","|-sidestart|p2: V SLootBoot|move: Stealth Rock","|","|-heal|p1a: Tyranitar|165/402|[from] item: Leftovers","|turn|8","|","|switch|p1a: Mandibuzz|Mandibuzz, F|424/424","|move|p2a: Dragonite|Dragon Dance|p2a: Dragonite","|-boost|p2a: Dragonite|atk|1","|-boost|p2a: Dragonite|spe|1","|","|turn|9","|","|move|p2a: Dragonite|Dragon Claw|p1a: Mandibuzz","|-damage|p1a: Mandibuzz|246/424","|-damage|p2a: Dragonite|270/323|[from] item: Rocky Helmet|[of] p1a: Mandibuzz","|move|p1a: Mandibuzz|Toxic|p2a: Dragonite","|-status|p2a: Dragonite|tox","|","|-damage|p2a: Dragonite|250/323 tox|[from] psn","|turn|10","|","|move|p2a: Dragonite|Dragon Dance|p2a: Dragonite","|-boost|p2a: Dragonite|atk|1","|-boost|p2a: Dragonite|spe|1","|move|p1a: Mandibuzz|Roost|p1a: Mandibuzz","|-heal|p1a: Mandibuzz|424/424","|","|-damage|p2a: Dragonite|210/323 tox|[from] psn","|turn|11","|","|move|p2a: Dragonite|Dragon Claw|p1a: Mandibuzz","|-damage|p1a: Mandibuzz|214/424","|-damage|p2a: Dragonite|157/323 tox|[from] item: Rocky Helmet|[of] p1a: Mandibuzz","|move|p1a: Mandibuzz|Foul Play|p2a: Dragonite","|-damage|p2a: Dragonite|0 fnt","|faint|p2a: Dragonite","|","|","|switch|p2a: Mandibuzz|Mandibuzz, F|152/423","|-damage|p2a: Mandibuzz|47/423|[from] Stealth Rock","|turn|12","|","|switch|p1a: Tyranitar|Tyranitar, F|165/402","|-weather|Sandstorm","|move|p2a: Mandibuzz|Defog|p1a: Tyranitar","|-unboost|p1a: Tyranitar|evasion|1","|-sideend|p2: V SLootBoot|Stealth Rock|[from] move: Defog|[of] p2a: Mandibuzz","|","|-weather|Sandstorm|[upkeep]","|-heal|p2a: Mandibuzz|73/423|[from] item: Leftovers","|-heal|p1a: Tyranitar|190/402|[from] item: Leftovers","|turn|13","|","|move|p2a: Mandibuzz|Foul Play|p1a: Tyranitar","|-resisted|p1a: Tyranitar","|-damage|p1a: Tyranitar|128/402","|move|p1a: Tyranitar|Stealth Rock|p2a: Mandibuzz","|-sidestart|p2: V SLootBoot|move: Stealth Rock","|","|-weather|Sandstorm|[upkeep]","|-heal|p2a: Mandibuzz|99/423|[from] item: Leftovers","|-heal|p1a: Tyranitar|153/402|[from] item: Leftovers","|turn|14","|","|move|p2a: Mandibuzz|Defog|p1a: Tyranitar","|-unboost|p1a: Tyranitar|evasion|1","|-sideend|p2: V SLootBoot|Stealth Rock|[from] move: Defog|[of] p2a: Mandibuzz","|move|p1a: Tyranitar|Stone Edge|p2a: Mandibuzz","|-supereffective|p2a: Mandibuzz","|-damage|p2a: Mandibuzz|0 fnt","|faint|p2a: Mandibuzz","|","|-weather|Sandstorm|[upkeep]","|-heal|p1a: Tyranitar|178/402|[from] item: Leftovers","|","|switch|p2a: Gyarados|Gyarados, M|331/331","|-ability|p2a: Gyarados|Intimidate","|-unboost|p1a: Tyranitar|atk|1","|turn|15","|","|detailschange|p2a: Gyarados|Gyarados-Mega, M","|-mega|p2a: Gyarados|Gyarados|Gyaradosite","|-ability|p2a: Gyarados|Mold Breaker","|move|p2a: Gyarados|Waterfall|p1a: Tyranitar","|-supereffective|p1a: Tyranitar","|-damage|p1a: Tyranitar|0 fnt","|faint|p1a: Tyranitar","|","|-weather|Sandstorm|[upkeep]","|-damage|p2a: Gyarados|311/331|[from] sandstorm","|","|switch|p1a: Sableye|Sableye, M|304/304","|turn|16","|","|switch|p2a: Skarmory|Skarmory, M|116/334","|move|p1a: Sableye|Will-O-Wisp|p2a: Skarmory","|-status|p2a: Skarmory|brn","|","|-weather|none","|-damage|p2a: Skarmory|75/334 brn|[from] brn","|turn|17","|","|detailschange|p1a: Sableye|Sableye-Mega, M","|-mega|p1a: Sableye|Sableye|Sablenite","|move|p2a: Skarmory|Stealth Rock|p1a: Sableye","|move|p1a: Sableye|Stealth Rock|p2a: Skarmory|[from]Magic Bounce","|-sidestart|p2: V SLootBoot|move: Stealth Rock","|move|p1a: Sableye|Dark Pulse|p2a: Skarmory","|-damage|p2a: Skarmory|0 fnt","|faint|p2a: Skarmory","|","|","|switch|p2a: Togekiss|Togekiss, F|373/373","|-damage|p2a: Togekiss|280/373|[from] Stealth Rock","|turn|18","|","|move|p2a: Togekiss|Air Slash|p1a: Sableye|[miss]","|-miss|p2a: Togekiss|p1a: Sableye","|move|p1a: Sableye|Will-O-Wisp|p2a: Togekiss","|-status|p2a: Togekiss|brn","|","|-heal|p2a: Togekiss|303/373 brn|[from] item: Leftovers","|-damage|p2a: Togekiss|257/373 brn|[from] brn","|turn|19","|","|win|Sjado"],"p1rating":{"entryid":97728,"formatid":"monotype","userid":"sjado","username":"Sjado","r":1500,"rd":130,"sigma":0,"rpr":1540.1606143388,"rprd":122.8583080769,"rpsigma":0,"rptime":1439888400,"w":1,"l":0,"t":0,"gxe":55,"acre":1046.0969689545,"lacre":1046.0969689545,"oldacre":1000},"p2rating":{"entryid":"97501","serverid":"eos","formatid":"monotype","userid":"vslootboot","username":"V SLootBoot","w":"1","l":1,"t":"0","gxe":48.2,"r":"1500","rd":"130","sigma":"0","rptime":"1439888400","rpr":1485.791554984,"rprd":117.40858634483,"rpsigma":"0","acre":1032.6229512296,"lacre":1032.6229512296,"oldacre":"1053.3735370133"},"endType":"forfeit"}