{"seed":[27820,9433,17286,51724],"turns":43,"p1":"Crystal Blade64","p2":"Illusionist Clyde","p1team":[{"name":"Reckless","species":"staraptor","item":"leftovers","ability":"Intimidate","moves":["bravebird","roost","featherdance","defog"],"nature":"Impish","evs":{"hp":252,"atk":4,"def":252,"spa":0,"spd":0,"spe":0},"ivs":{"hp":31,"atk":31,"def":31,"spa":31,"spd":31,"spe":31}},{"name":"BetterThanYou","species":"ditto","item":"choicescarf","ability":"Imposter","moves":["transform"],"nature":"Bold","evs":{"hp":248,"atk":0,"def":252,"spa":0,"spd":8,"spe":0},"happiness":0,"ivs":{"hp":31,"atk":31,"def":31,"spa":31,"spd":31,"spe":31}},{"name":"Nurse Joy pls","species":"chansey","item":"eviolite","ability":"Natural Cure","moves":["aromatherapy","softboiled","thunderwave","seismictoss"],"nature":"Bold","evs":{"hp":248,"atk":0,"def":252,"spa":0,"spd":8,"spe":0},"ivs":{"hp":31,"atk":31,"def":31,"spa":31,"spd":31,"spe":31}},{"name":"EnergizerBunny","species":"lopunny","item":"lopunnite","ability":"Cute Charm","moves":["fakeout","highjumpkick","icepunch","frustration"],"nature":"Jolly","evs":{"hp":4,"atk":252,"def":0,"spa":0,"spd":0,"spe":252},"happiness":0,"ivs":{"hp":31,"atk":31,"def":31,"spa":31,"spd":31,"spe":31}},{"name":"DownloadFreeRAM","species":"porygon2","item":"eviolite","ability":"Trace","moves":["toxic","recover","icebeam","discharge"],"nature":"Bold","evs":{"hp":248,"atk":0,"def":252,"spa":8,"spd":0,"spe":0},"ivs":{"hp":31,"atk":31,"def":31,"spa":31,"spd":31,"spe":31}},{"name":"Diggersby tho","species":"diggersby","item":"choiceband","ability":"Huge Power","moves":["earthquake","quickattack","frustration","uturn"],"nature":"Adamant","evs":{"hp":4,"atk":252,"def":0,"spa":0,"spd":0,"spe":252},"happiness":0,"ivs":{"hp":31,"atk":31,"def":31,"spa":31,"spd":31,"spe":31}}],"p2team":[{"name":"Gem Snatcher","species":"sableye","item":"sablenite","ability":"Prankster","moves":["fakeout","octazooka","painsplit","confuseray"],"nature":"Lax","evs":{"hp":248,"atk":8,"def":252,"spa":0,"spd":0,"spe":0},"gender":"M","shiny":true,"ivs":{"hp":31,"atk":31,"def":31,"spa":31,"spd":31,"spe":31}},{"name":"Bone Stabber","species":"mandibuzz","item":"leftovers","ability":"Overcoat","moves":["foulplay","bravebird","substitute","roost"],"nature":"Impish","evs":{"hp":248,"atk":8,"def":252,"spa":0,"spd":0,"spe":0},"shiny":true,"ivs":{"hp":31,"atk":31,"def":31,"spa":31,"spd":31,"spe":31}},{"name":"Tyrant","species":"tyranitar","item":"leftovers","ability":"Sand Stream","moves":["earthquake","stoneedge","icepunch","dragondance"],"nature":"Adamant","evs":{"hp":0,"atk":252,"def":0,"spa":0,"spd":4,"spe":252},"gender":"M","shiny":true,"ivs":{"hp":31,"atk":31,"def":31,"spa":31,"spd":31,"spe":31}},{"name":"Demon Magician","species":"hoopaunbound","item":"ganlonberry","ability":"Magician","moves":["hyperspacehole","shadowball","chargebeam","reflect"],"nature":"Modest","evs":{"hp":248,"atk":0,"def":0,"spa":252,"spd":8,"spe":0},"ivs":{"hp":31,"atk":31,"def":31,"spa":31,"spd":31,"spe":31}},{"name":"Cat Thief","species":"liepard","item":"normalgem","ability":"Prankster","moves":["fakeout","nightslash","thunderwave","taunt"],"nature":"Jolly","evs":{"hp":0,"atk":252,"def":0,"spa":0,"spd":4,"spe":252},"gender":"F","shiny":true,"ivs":{"hp":31,"atk":31,"def":31,"spa":31,"spd":31,"spe":31}},{"name":"Desert Crusher","species":"cacturne","item":"focussash","ability":"Sand Veil","moves":["drainpunch","needlearm","suckerpunch","spikyshield"],"nature":"Adamant","evs":{"hp":248,"atk":252,"def":0,"spa":0,"spd":8,"spe":0},"gender":"M","shiny":true,"ivs":{"hp":31,"atk":31,"def":31,"spa":31,"spd":31,"spe":31}}],"log":["|player|p1|Crystal Blade64|165","|player|p2|Illusionist Clyde|213","|gametype|singles","|gen|6","|tier|Monotype","|rated","|rule|Baton Pass Clause: Limit one Baton Passer, can't pass Spe and other stats simultaneously","|rule|Swagger Clause: Swagger is banned","|rule|Same Type Clause: Pokémon in a team must share a type","|clearpoke","|poke|p1|Staraptor, F","|poke|p1|Ditto","|poke|p1|Chansey, F","|poke|p1|Lopunny, F","|poke|p1|Porygon2","|poke|p1|Diggersby, F","|poke|p2|Sableye, M, shiny","|poke|p2|Mandibuzz, F, shiny","|poke|p2|Tyranitar, M, shiny","|poke|p2|Hoopa-Unbound","|poke|p2|Liepard, F, shiny","|poke|p2|Cacturne, M, shiny","|rule|Sleep Clause Mod: Limit one foe put to sleep","|rule|Species Clause: Limit one of each Pokémon","|rule|OHKO Clause: OHKO moves are banned","|rule|Moody Clause: Moody is banned","|rule|Evasion Moves Clause: Evasion moves are banned","|rule|Endless Battle Clause: Forcing endless battles is banned","|rule|HP Percentage Mod: HP is shown in percentages","|teampreview","|","|start","|switch|p1a: Diggersby tho|Diggersby, F|312/312","|switch|p2a: Tyrant|Tyranitar, M, shiny|341/341","|-weather|Sandstorm","|turn|1","|","|move|p1a: Diggersby tho|Earthquake|p2a: Tyrant","|-supereffective|p2a: Tyrant","|-damage|p2a: Tyrant|0 fnt","|faint|p2a: Tyrant","|","|-weather|Sandstorm|[upkeep]","|","|switch|p2a: Bone Stabber|Mandibuzz, F, shiny|423/423","|turn|2","|","|switch|p1a: EnergizerBunny|Lopunny, F|272/272","|move|p2a: Bone Stabber|Substitute|p2a: Bone Stabber","|-start|p2a: Bone Stabber|Substitute","|-damage|p2a: Bone Stabber|318/423","|","|-weather|Sandstorm|[upkeep]","|-damage|p1a: EnergizerBunny|255/272|[from] sandstorm","|-heal|p2a: Bone Stabber|344/423|[from] item: Leftovers","|turn|3","|","|detailschange|p1a: EnergizerBunny|Lopunny-Mega, F","|-mega|p1a: EnergizerBunny|Lopunny|Lopunnite","|move|p1a: EnergizerBunny|Fake Out|p2a: Bone Stabber","|-activate|p2a: Bone Stabber|Substitute|[damage]","|move|p2a: Bone Stabber|Brave Bird|p1a: EnergizerBunny","|-crit|p1a: EnergizerBunny","|-supereffective|p1a: EnergizerBunny","|-damage|p1a: EnergizerBunny|0 fnt","|-damage|p2a: Bone Stabber|260/423|[from] recoil|[of] p1a: EnergizerBunny","|faint|p1a: EnergizerBunny","|","|-weather|Sandstorm|[upkeep]","|-heal|p2a: Bone Stabber|286/423|[from] item: Leftovers","|","|switch|p1a: DownloadFreeRAM|Porygon2|373/373","|-ability|p1a: DownloadFreeRAM|Overcoat|[from] ability: Trace|[of] p2a: Bone Stabber","|turn|4","|","|move|p2a: Bone Stabber|Brave Bird|p1a: DownloadFreeRAM","|-damage|p1a: DownloadFreeRAM|319/373","|-damage|p2a: Bone Stabber|268/423|[from] recoil|[of] p1a: DownloadFreeRAM","|move|p1a: DownloadFreeRAM|Ice Beam|p2a: Bone Stabber","|-crit|p2a: Bone Stabber","|-supereffective|p2a: Bone Stabber","|-end|p2a: Bone Stabber|Substitute","|","|-weather|Sandstorm|[upkeep]","|-heal|p2a: Bone Stabber|294/423|[from] item: Leftovers","|turn|5","|","|move|p2a: Bone Stabber|Roost|p2a: Bone Stabber","|-heal|p2a: Bone Stabber|423/423","|move|p1a: DownloadFreeRAM|Ice Beam|p2a: Bone Stabber","|-damage|p2a: Bone Stabber|340/423","|","|-weather|none","|-heal|p2a: Bone Stabber|366/423|[from] item: Leftovers","|turn|6","|","|switch|p2a: Gem Snatcher|Sableye, M, shiny|303/303","|move|p1a: DownloadFreeRAM|Ice Beam|p2a: Gem Snatcher","|-damage|p2a: Gem Snatcher|185/303","|","|turn|7","|","|switch|p1a: Diggersby tho|Diggersby, F|312/312","|move|p2a: Gem Snatcher|Confuse Ray|p1a: Diggersby tho","|-start|p1a: Diggersby tho|confusion","|","|turn|8","|","|-activate|p1a: Diggersby tho|confusion","|move|p1a: Diggersby tho|U-turn|p2a: Gem Snatcher","|-damage|p2a: Gem Snatcher|50/303","|","|switch|p1a: Reckless|Staraptor, F|374/374","|-ability|p1a: Reckless|Intimidate","|-unboost|p2a: Gem Snatcher|atk|1","|move|p2a: Gem Snatcher|Octazooka|p1a: Reckless","|-damage|p1a: Reckless|323/374","|-unboost|p1a: Reckless|accuracy|1","|","|-heal|p1a: Reckless|346/374|[from] item: Leftovers","|turn|9","|","|move|p2a: Gem Snatcher|Pain Split|p1a: Reckless","|-sethp|p1a: Reckless|198/374|p2a: Gem Snatcher|198/303|[from] move: Pain Split","|move|p1a: Reckless|Brave Bird|p2a: Gem Snatcher","|-damage|p2a: Gem Snatcher|66/303","|-damage|p1a: Reckless|154/374|[from] recoil|[of] p2a: Gem Snatcher","|","|-heal|p1a: Reckless|177/374|[from] item: Leftovers","|turn|10","|","|move|p2a: Gem Snatcher|Pain Split|p1a: Reckless","|-sethp|p1a: Reckless|121/374|p2a: Gem Snatcher|121/303|[from] move: Pain Split","|move|p1a: Reckless|Brave Bird|p2a: Gem Snatcher","|-damage|p2a: Gem Snatcher|0 fnt","|-damage|p1a: Reckless|81/374|[from] recoil|[of] p2a: Gem Snatcher","|faint|p2a: Gem Snatcher","|","|-heal|p1a: Reckless|104/374|[from] item: Leftovers","|","|switch|p2a: Cat Thief|Liepard, F, shiny|269/269","|turn|11","|","|switch|p1a: DownloadFreeRAM|Porygon2|319/373","|-ability|p1a: DownloadFreeRAM|Prankster|[from] ability: Trace|[of] p2a: Cat Thief","|move|p2a: Cat Thief|Fake Out|p1a: DownloadFreeRAM","|-enditem|p2a: Cat Thief|Normal Gem|[from] gem|[move] Fake Out","|-damage|p1a: DownloadFreeRAM|295/373","|","|turn|12","|","|move|p2a: Cat Thief|Taunt|p1a: DownloadFreeRAM","|-start|p1a: DownloadFreeRAM|move: Taunt","|move|p1a: DownloadFreeRAM|Discharge|p2a: Cat Thief","|-crit|p2a: Cat Thief","|-damage|p2a: Cat Thief|106/269","|","|turn|13","|","|move|p2a: Cat Thief|Thunder Wave|p1a: DownloadFreeRAM","|-status|p1a: DownloadFreeRAM|par","|move|p1a: DownloadFreeRAM|Ice Beam|p2a: Cat Thief","|-damage|p2a: Cat Thief|0 fnt","|faint|p2a: Cat Thief","|","|","|switch|p2a: Demon Magician|Hoopa-Unbound|363/363","|turn|14","|","|move|p2a: Demon Magician|Charge Beam|p1a: DownloadFreeRAM","|-damage|p1a: DownloadFreeRAM|236/373 par","|-boost|p2a: Demon Magician|spa|1","|move|p1a: DownloadFreeRAM|Discharge|p2a: Demon Magician","|-crit|p2a: Demon Magician","|-damage|p2a: Demon Magician|280/363","|","|-end|p1a: DownloadFreeRAM|move: Taunt","|turn|15","|","|cant|p1a: DownloadFreeRAM|par","|move|p2a: Demon Magician|Hyperspace Hole|p1a: DownloadFreeRAM","|-damage|p1a: DownloadFreeRAM|50/373 par","|","|turn|16","|","|move|p1a: DownloadFreeRAM|Recover|p1a: DownloadFreeRAM","|-heal|p1a: DownloadFreeRAM|237/373 par","|move|p2a: Demon Magician|Charge Beam|p1a: DownloadFreeRAM","|-damage|p1a: DownloadFreeRAM|157/373 par","|","|turn|17","|","|move|p1a: DownloadFreeRAM|Recover|p1a: DownloadFreeRAM","|-heal|p1a: DownloadFreeRAM|344/373 par","|move|p2a: Demon Magician|Charge Beam|p1a: DownloadFreeRAM","|-damage|p1a: DownloadFreeRAM|258/373 par","|-boost|p2a: Demon Magician|spa|1","|","|turn|18","|","|move|p1a: DownloadFreeRAM|Toxic|p2a: Demon Magician","|-status|p2a: Demon Magician|tox","|move|p2a: Demon Magician|Hyperspace Hole|p1a: DownloadFreeRAM","|-damage|p1a: DownloadFreeRAM|0 fnt","|faint|p1a: DownloadFreeRAM","|","|-damage|p2a: Demon Magician|258/363 tox|[from] psn","|","|switch|p1a: BetterThanYou|Ditto|299/299","|-transform|p1a: BetterThanYou|p2a: Demon Magician","|turn|19","|","|move|p1a: BetterThanYou|Shadow Ball|p2a: Demon Magician","|-damage|p2a: Demon Magician|46/363 tox","|-enditem|p2a: Demon Magician|Ganlon Berry|[eat]","|-boost|p2a: Demon Magician|def|1|[from] item: Ganlon Berry","|move|p2a: Demon Magician|Shadow Ball|p1a: BetterThanYou","|-damage|p1a: BetterThanYou|109/299","|-item|p2a: Demon Magician|Choice Scarf|[from] ability: Magician|[of] p1a: BetterThanYou","|","|-damage|p2a: Demon Magician|2/363 tox|[from] psn","|turn|20","|","|switch|p1a: Diggersby tho|Diggersby, F|312/312","|move|p2a: Demon Magician|Shadow Ball|p1a: Diggersby tho","|-immune|p1a: Diggersby tho|[msg]","|","|-damage|p2a: Demon Magician|0 fnt|[from] psn","|faint|p2a: Demon Magician","|","|switch|p2a: Desert Crusher|Cacturne, M, shiny|343/343","|turn|21","|","|move|p2a: Desert Crusher|Sucker Punch|p1a: Diggersby tho","|-damage|p1a: Diggersby tho|123/312","|move|p1a: Diggersby tho|U-turn|p2a: Desert Crusher","|-supereffective|p2a: Desert Crusher","|-enditem|p2a: Desert Crusher|Focus Sash","|-damage|p2a: Desert Crusher|1/343","|","|switch|p1a: Reckless|Staraptor, F|104/374","|-ability|p1a: Reckless|Intimidate","|-unboost|p2a: Desert Crusher|atk|1","|","|-heal|p1a: Reckless|127/374|[from] item: Leftovers","|turn|22","|","|move|p2a: Desert Crusher|Spiky Shield|p2a: Desert Crusher","|-singleturn|p2a: Desert Crusher|move: Protect","|move|p1a: Reckless|Roost|p1a: Reckless","|-heal|p1a: Reckless|314/374","|","|-heal|p1a: Reckless|337/374|[from] item: Leftovers","|turn|23","|","|move|p2a: Desert Crusher|Spiky Shield|p2a: Desert Crusher","|-singleturn|p2a: Desert Crusher|move: Protect","|move|p1a: Reckless|Brave Bird|p2a: Desert Crusher","|-activate|p2a: Desert Crusher|Protect","|-damage|p1a: Reckless|291/374|[from] Spiky Shield|[of] p2a: Desert Crusher","|","|-heal|p1a: Reckless|314/374|[from] item: Leftovers","|turn|24","|","|move|p2a: Desert Crusher|Sucker Punch|p1a: Reckless","|-damage|p1a: Reckless|232/374","|move|p1a: Reckless|Brave Bird|p2a: Desert Crusher","|-crit|p2a: Desert Crusher","|-supereffective|p2a: Desert Crusher","|-damage|p2a: Desert Crusher|0 fnt","|-damage|p1a: Reckless|231/374|[from] recoil|[of] p2a: Desert Crusher","|faint|p2a: Desert Crusher","|","|-heal|p1a: Reckless|254/374|[from] item: Leftovers","|","|switch|p2a: Bone Stabber|Mandibuzz, F, shiny|366/423","|turn|25","|","|move|p1a: Reckless|Feather Dance|p2a: Bone Stabber","|-unboost|p2a: Bone Stabber|atk|2","|move|p2a: Bone Stabber|Foul Play|p1a: Reckless","|-crit|p1a: Reckless","|-damage|p1a: Reckless|85/374","|","|-heal|p1a: Reckless|108/374|[from] item: Leftovers","|-heal|p2a: Bone Stabber|392/423|[from] item: Leftovers","|turn|26","|","|move|p1a: Reckless|Roost|p1a: Reckless","|-heal|p1a: Reckless|295/374","|move|p2a: Bone Stabber|Foul Play|p1a: Reckless","|-damage|p1a: Reckless|186/374","|","|-heal|p1a: Reckless|209/374|[from] item: Leftovers","|-heal|p2a: Bone Stabber|418/423|[from] item: Leftovers","|turn|27","|","|move|p1a: Reckless|Roost|p1a: Reckless","|-heal|p1a: Reckless|374/374","|move|p2a: Bone Stabber|Substitute|p2a: Bone Stabber","|-start|p2a: Bone Stabber|Substitute","|-damage|p2a: Bone Stabber|313/423","|","|-heal|p2a: Bone Stabber|339/423|[from] item: Leftovers","|turn|28","|","|move|p1a: Reckless|Brave Bird|p2a: Bone Stabber","|-end|p2a: Bone Stabber|Substitute","|-damage|p1a: Reckless|339/374|[from] recoil|[of] p2a: Bone Stabber","|move|p2a: Bone Stabber|Brave Bird|p1a: Reckless","|-damage|p1a: Reckless|293/374","|-damage|p2a: Bone Stabber|324/423|[from] recoil|[of] p1a: Reckless","|","|-heal|p1a: Reckless|316/374|[from] item: Leftovers","|-heal|p2a: Bone Stabber|350/423|[from] item: Leftovers","|turn|29","|","|move|p1a: Reckless|Brave Bird|p2a: Bone Stabber","|-damage|p2a: Bone Stabber|224/423","|-damage|p1a: Reckless|274/374|[from] recoil|[of] p2a: Bone Stabber","|move|p2a: Bone Stabber|Foul Play|p1a: Reckless","|-crit|p1a: Reckless","|-damage|p1a: Reckless|100/374","|","|-heal|p1a: Reckless|123/374|[from] item: Leftovers","|-heal|p2a: Bone Stabber|250/423|[from] item: Leftovers","|turn|30","|","|move|p1a: Reckless|Roost|p1a: Reckless","|-heal|p1a: Reckless|310/374","|move|p2a: Bone Stabber|Foul Play|p1a: Reckless","|-damage|p1a: Reckless|198/374","|","|-heal|p1a: Reckless|221/374|[from] item: Leftovers","|-heal|p2a: Bone Stabber|276/423|[from] item: Leftovers","|turn|31","|","|move|p1a: Reckless|Roost|p1a: Reckless","|-heal|p1a: Reckless|374/374","|move|p2a: Bone Stabber|Foul Play|p1a: Reckless","|-damage|p1a: Reckless|251/374","|","|-heal|p1a: Reckless|274/374|[from] item: Leftovers","|-heal|p2a: Bone Stabber|302/423|[from] item: Leftovers","|turn|32","|","|switch|p1a: Nurse Joy pls|Chansey, F|703/703","|move|p2a: Bone Stabber|Foul Play|p1a: Nurse Joy pls","|-damage|p1a: Nurse Joy pls|675/703","|","|-heal|p2a: Bone Stabber|328/423|[from] item: Leftovers","|turn|33","|","|move|p2a: Bone Stabber|Substitute|p2a: Bone Stabber","|-start|p2a: Bone Stabber|Substitute","|-damage|p2a: Bone Stabber|223/423","|move|p1a: Nurse Joy pls|Thunder Wave|p2a: Bone Stabber","|-fail|p2a: Bone Stabber","|","|-heal|p2a: Bone Stabber|249/423|[from] item: Leftovers","|turn|34","|","|move|p2a: Bone Stabber|Roost|p2a: Bone Stabber","|-heal|p2a: Bone Stabber|423/423","|move|p1a: Nurse Joy pls|Seismic Toss|p2a: Bone Stabber","|-activate|p2a: Bone Stabber|Substitute|[damage]","|","|turn|35","|","|move|p2a: Bone Stabber|Brave Bird|p1a: Nurse Joy pls","|-damage|p1a: Nurse Joy pls|611/703","|-damage|p2a: Bone Stabber|402/423|[from] recoil|[of] p1a: Nurse Joy pls","|move|p1a: Nurse Joy pls|Seismic Toss|p2a: Bone Stabber","|-end|p2a: Bone Stabber|Substitute","|","|-heal|p2a: Bone Stabber|423/423|[from] item: Leftovers","|turn|36","|","|move|p2a: Bone Stabber|Substitute|p2a: Bone Stabber","|-start|p2a: Bone Stabber|Substitute","|-damage|p2a: Bone Stabber|318/423","|move|p1a: Nurse Joy pls|Seismic Toss|p2a: Bone Stabber","|-activate|p2a: Bone Stabber|Substitute|[damage]","|","|-heal|p2a: Bone Stabber|344/423|[from] item: Leftovers","|turn|37","|","|move|p2a: Bone Stabber|Brave Bird|p1a: Nurse Joy pls","|-damage|p1a: Nurse Joy pls|542/703","|-damage|p2a: Bone Stabber|321/423|[from] recoil|[of] p1a: Nurse Joy pls","|move|p1a: Nurse Joy pls|Seismic Toss|p2a: Bone Stabber","|-end|p2a: Bone Stabber|Substitute","|","|-heal|p2a: Bone Stabber|347/423|[from] item: Leftovers","|turn|38","|","|move|p2a: Bone Stabber|Brave Bird|p1a: Nurse Joy pls","|-damage|p1a: Nurse Joy pls|476/703","|-damage|p2a: Bone Stabber|325/423|[from] recoil|[of] p1a: Nurse Joy pls","|move|p1a: Nurse Joy pls|Seismic Toss|p2a: Bone Stabber","|-damage|p2a: Bone Stabber|225/423","|","|-heal|p2a: Bone Stabber|251/423|[from] item: Leftovers","|turn|39","|","|move|p2a: Bone Stabber|Brave Bird|p1a: Nurse Joy pls","|-damage|p1a: Nurse Joy pls|404/703","|-damage|p2a: Bone Stabber|227/423|[from] recoil|[of] p1a: Nurse Joy pls","|move|p1a: Nurse Joy pls|Thunder Wave|p2a: Bone Stabber","|-status|p2a: Bone Stabber|par","|","|-heal|p2a: Bone Stabber|253/423 par|[from] item: Leftovers","|turn|40","|","|move|p1a: Nurse Joy pls|Soft-Boiled|p1a: Nurse Joy pls","|-heal|p1a: Nurse Joy pls|703/703","|cant|p2a: Bone Stabber|par","|","|-heal|p2a: Bone Stabber|279/423 par|[from] item: Leftovers","|turn|41","|","|move|p1a: Nurse Joy pls|Seismic Toss|p2a: Bone Stabber","|-damage|p2a: Bone Stabber|179/423 par","|move|p2a: Bone Stabber|Brave Bird|p1a: Nurse Joy pls","|-damage|p1a: Nurse Joy pls|640/703","|-damage|p2a: Bone Stabber|158/423 par|[from] recoil|[of] p1a: Nurse Joy pls","|","|-heal|p2a: Bone Stabber|184/423 par|[from] item: Leftovers","|turn|42","|","|move|p1a: Nurse Joy pls|Seismic Toss|p2a: Bone Stabber","|-damage|p2a: Bone Stabber|84/423 par","|move|p2a: Bone Stabber|Brave Bird|p1a: Nurse Joy pls","|-damage|p1a: Nurse Joy pls|570/703","|-damage|p2a: Bone Stabber|61/423 par|[from] recoil|[of] p1a: Nurse Joy pls","|","|-heal|p2a: Bone Stabber|87/423 par|[from] item: Leftovers","|turn|43","|","|move|p1a: Nurse Joy pls|Seismic Toss|p2a: Bone Stabber","|-damage|p2a: Bone Stabber|0 fnt","|faint|p2a: Bone Stabber","|","|win|Crystal Blade64"],"p1rating":{"entryid":"73557","serverid":"eos","formatid":"monotype","userid":"crystalblade64","username":"Crystal Blade64","w":1,"l":"1","t":"0","gxe":50,"r":"1500","rd":"130","sigma":"0","rptime":"1439888400","rpr":1500,"rprd":116.77753930647,"rpsigma":"0","acre":1040,"lacre":1040,"oldacre":"1000"},"p2rating":{"entryid":74741,"formatid":"monotype","userid":"illusionistclyde","username":"Illusionist Clyde","r":1500,"rd":130,"sigma":0,"rpr":1459.8393856612,"rprd":122.8583080769,"rpsigma":0,"rptime":1439888400,"w":0,"l":1,"t":0,"gxe":45,"acre":1000,"lacre":1000,"oldacre":1000},"endType":"normal"}