{"seed":[32007,32718,45546,29516],"turns":24,"p1":"Alliance-Succubus","p2":"DemZii","p1team":[{"name":"Wii-Unbound","species":"hoopaunbound","item":"choicescarf","ability":"Magician","moves":["hyperspacehole","darkpulse","focusblast","destinybond"],"nature":"Timid","evs":{"hp":0,"atk":0,"def":0,"spa":252,"spd":4,"spe":252},"ivs":{"hp":31,"atk":31,"def":31,"spa":31,"spd":31,"spe":31}},{"name":"Cocktus","species":"cacturne","item":"focussash","ability":"Sand Veil","moves":["swordsdance","spikyshield","suckerpunch","seedbomb"],"nature":"Adamant","evs":{"hp":0,"atk":252,"def":4,"spa":0,"spd":0,"spe":252},"gender":"M","ivs":{"hp":31,"atk":31,"def":31,"spa":31,"spd":31,"spe":31}},{"name":"Mandibuzz","species":"Mandibuzz","item":"leftovers","ability":"Overcoat","moves":["foulplay","toxic","defog","protect"],"nature":"Bold","evs":{"hp":252,"atk":0,"def":252,"spa":0,"spd":4,"spe":0},"ivs":{"hp":31,"atk":31,"def":31,"spa":31,"spd":31,"spe":31}},{"name":"Dino Dance","species":"tyranitar","item":"leftovers","ability":"Sand Stream","moves":["dragondance","icepunch","firepunch","crunch"],"nature":"Adamant","evs":{"hp":0,"atk":252,"def":0,"spa":0,"spd":4,"spe":252},"gender":"M","ivs":{"hp":31,"atk":31,"def":31,"spa":31,"spd":31,"spe":31}},{"name":"BOINGGGG!","species":"sableye","item":"sablenite","ability":"Prankster","moves":["willowisp","recover","calmmind","powergem"],"nature":"Calm","evs":{"hp":248,"atk":0,"def":0,"spa":8,"spd":252,"spe":0},"gender":"F","ivs":{"hp":31,"atk":31,"def":31,"spa":31,"spd":31,"spe":31}},{"name":"Krooky Monster","species":"krookodile","item":"leftovers","ability":"Intimidate","moves":["stealthrock","knockoff","firefang","earthquake"],"nature":"Adamant","evs":{"hp":252,"atk":252,"def":0,"spa":0,"spd":4,"spe":0},"gender":"M","ivs":{"hp":31,"atk":31,"def":31,"spa":31,"spd":31,"spe":31}}],"p2team":[{"name":"Kyurem-Black","species":"Kyurem-Black","item":"lifeorb","ability":"Teravolt","moves":["ironhead","dragonclaw","stoneedge","fusionbolt"],"nature":"Adamant","evs":{"hp":248,"atk":252,"def":0,"spa":0,"spd":8,"spe":0},"ivs":{"hp":31,"atk":31,"def":31,"spa":31,"spd":31,"spe":31}},{"name":"Garchomp","species":"Garchomp","item":"garchompite","ability":"Rough Skin","moves":["earthquake","dragonclaw","ironhead","fireblast"],"nature":"Naive","evs":{"hp":0,"atk":252,"def":0,"spa":4,"spd":0,"spe":252},"ivs":{"hp":31,"atk":31,"def":31,"spa":31,"spd":31,"spe":31}},{"name":"Dragalge","species":"Dragalge","item":"leftovers","ability":"Adaptability","moves":["toxic","sludgebomb","haze","dragonpulse"],"nature":"Calm","evs":{"hp":252,"atk":0,"def":0,"spa":4,"spd":252,"spe":0},"ivs":{"hp":31,"atk":31,"def":31,"spa":31,"spd":31,"spe":31}},{"name":"Latios","species":"Latios","item":"lifeorb","ability":"Levitate","moves":["dracometeor","defog","psyshock","roost"],"nature":"Timid","evs":{"hp":4,"atk":0,"def":0,"spa":252,"spd":0,"spe":252},"ivs":{"hp":31,"atk":31,"def":31,"spa":31,"spd":31,"spe":31}},{"name":"Tyrantrum","species":"Tyrantrum","item":"choiceband","ability":"Strong Jaw","moves":["icefang","stoneedge","earthquake","ironhead"],"nature":"Adamant","evs":{"hp":248,"atk":252,"def":0,"spa":0,"spd":8,"spe":0},"ivs":{"hp":31,"atk":31,"def":31,"spa":31,"spd":31,"spe":31}},{"name":"Goodra","species":"Goodra","item":"assaultvest","ability":"Gooey","moves":["icebeam","dragonpulse","sludgebomb","thunderbolt"],"nature":"Modest","evs":{"hp":248,"atk":0,"def":0,"spa":252,"spd":8,"spe":0},"ivs":{"hp":31,"atk":31,"def":31,"spa":31,"spd":31,"spe":31}}],"log":["|player|p1|Alliance-Succubus|96","|player|p2|DemZii|99","|gametype|singles","|gen|6","|tier|Monotype","|rated","|rule|Baton Pass Clause: Limit one Baton Passer, can't pass Spe and other stats simultaneously","|rule|Swagger Clause: Swagger is banned","|rule|Same Type Clause: Pokémon in a team must share a type","|clearpoke","|poke|p1|Hoopa-Unbound","|poke|p1|Cacturne, M","|poke|p1|Mandibuzz, F","|poke|p1|Tyranitar, M","|poke|p1|Sableye, F","|poke|p1|Krookodile, M","|poke|p2|Kyurem-Black","|poke|p2|Garchomp, F","|poke|p2|Dragalge, F","|poke|p2|Latios, M","|poke|p2|Tyrantrum, M","|poke|p2|Goodra, M","|rule|Sleep Clause Mod: Limit one foe put to sleep","|rule|Species Clause: Limit one of each Pokémon","|rule|OHKO Clause: OHKO moves are banned","|rule|Moody Clause: Moody is banned","|rule|Evasion Moves Clause: Evasion moves are banned","|rule|Endless Battle Clause: Forcing endless battles is banned","|rule|HP Percentage Mod: HP is shown in percentages","|teampreview","|","|start","|switch|p1a: Krooky Monster|Krookodile, M|394/394","|switch|p2a: Kyurem-Black|Kyurem-Black|453/453","|-ability|p2a: Kyurem-Black|Teravolt","|-ability|p1a: Krooky Monster|Intimidate","|-unboost|p2a: Kyurem-Black|atk|1","|turn|1","|","|switch|p2a: Goodra|Goodra, M|383/383","|move|p1a: Krooky Monster|Stealth Rock|p2a: Goodra","|-sidestart|p2: DemZii|move: Stealth Rock","|","|turn|2","|","|move|p1a: Krooky Monster|Knock Off|p2a: Goodra","|-damage|p2a: Goodra|148/383","|-unboost|p1a: Krooky Monster|spe|1","|-enditem|p2a: Goodra|Assault Vest|[from] move: Knock Off|[of] p1a: Krooky Monster","|move|p2a: Goodra|Ice Beam|p1a: Krooky Monster","|-supereffective|p1a: Krooky Monster","|-damage|p1a: Krooky Monster|108/394","|-status|p1a: Krooky Monster|frz","|","|-heal|p1a: Krooky Monster|132/394 frz|[from] item: Leftovers","|turn|3","|","|move|p2a: Goodra|Ice Beam|p1a: Krooky Monster","|-supereffective|p1a: Krooky Monster","|-damage|p1a: Krooky Monster|0 fnt","|faint|p1a: Krooky Monster","|","|","|switch|p1a: Wii-Unbound|Hoopa-Unbound|301/301","|turn|4","|","|move|p1a: Wii-Unbound|Dark Pulse|p2a: Goodra","|-damage|p2a: Goodra|15/383","|move|p2a: Goodra|Dragon Pulse|p1a: Wii-Unbound","|-damage|p1a: Wii-Unbound|186/301","|","|turn|5","|","|move|p1a: Wii-Unbound|Dark Pulse|p2a: Goodra","|-damage|p2a: Goodra|0 fnt","|faint|p2a: Goodra","|","|","|switch|p2a: Tyrantrum|Tyrantrum, M|367/367","|-damage|p2a: Tyrantrum|322/367|[from] Stealth Rock","|turn|6","|","|move|p1a: Wii-Unbound|Dark Pulse|p2a: Tyrantrum","|-damage|p2a: Tyrantrum|66/367","|move|p2a: Tyrantrum|Ice Fang|p1a: Wii-Unbound","|-damage|p1a: Wii-Unbound|0 fnt","|faint|p1a: Wii-Unbound","|","|","|switch|p1a: Dino Dance|Tyranitar, M|341/341","|-weather|Sandstorm","|turn|7","|","|move|p1a: Dino Dance|Dragon Dance|p1a: Dino Dance","|-boost|p1a: Dino Dance|atk|1","|-boost|p1a: Dino Dance|spe|1","|move|p2a: Tyrantrum|Ice Fang|p1a: Dino Dance","|-damage|p1a: Dino Dance|169/341","|","|-weather|Sandstorm|[upkeep]","|-heal|p1a: Dino Dance|190/341|[from] item: Leftovers","|turn|8","|","|move|p1a: Dino Dance|Ice Punch|p2a: Tyrantrum","|-supereffective|p2a: Tyrantrum","|-damage|p2a: Tyrantrum|0 fnt","|faint|p2a: Tyrantrum","|","|-weather|Sandstorm|[upkeep]","|-heal|p1a: Dino Dance|211/341|[from] item: Leftovers","|","|switch|p2a: Kyurem-Black|Kyurem-Black|453/453","|-damage|p2a: Kyurem-Black|340/453|[from] Stealth Rock","|-ability|p2a: Kyurem-Black|Teravolt","|turn|9","|","|move|p1a: Dino Dance|Fire Punch|p2a: Kyurem-Black","|-damage|p2a: Kyurem-Black|200/453","|move|p2a: Kyurem-Black|Iron Head|p1a: Dino Dance","|-supereffective|p1a: Dino Dance","|-damage|p1a: Dino Dance|0 fnt","|-damage|p2a: Kyurem-Black|155/453|[from] item: Life Orb","|faint|p1a: Dino Dance","|","|-weather|Sandstorm|[upkeep]","|-damage|p2a: Kyurem-Black|127/453|[from] sandstorm","|","|switch|p1a: Cocktus|Cacturne, M|281/281","|turn|10","|","|switch|p2a: Dragalge|Dragalge, F|334/334","|-damage|p2a: Dragalge|293/334|[from] Stealth Rock","|move|p1a: Cocktus|Swords Dance|p1a: Cocktus","|-boost|p1a: Cocktus|atk|2","|","|-weather|Sandstorm|[upkeep]","|-damage|p2a: Dragalge|273/334|[from] sandstorm","|-heal|p2a: Dragalge|293/334|[from] item: Leftovers","|turn|11","|","|move|p1a: Cocktus|Swords Dance|p1a: Cocktus","|-boost|p1a: Cocktus|atk|2","|move|p2a: Dragalge|Haze|p2a: Dragalge","|-clearallboost","|","|-weather|none","|-heal|p2a: Dragalge|313/334|[from] item: Leftovers","|turn|12","|","|switch|p1a: BOINGGGG!|Sableye, F|303/303","|move|p2a: Dragalge|Sludge Bomb|p1a: BOINGGGG!","|-resisted|p1a: BOINGGGG!","|-damage|p1a: BOINGGGG!|242/303","|","|-heal|p2a: Dragalge|333/334|[from] item: Leftovers","|turn|13","|","|detailschange|p1a: BOINGGGG!|Sableye-Mega, F","|-mega|p1a: BOINGGGG!|Sableye|Sablenite","|move|p1a: BOINGGGG!|Will-O-Wisp|p2a: Dragalge","|-status|p2a: Dragalge|brn","|move|p2a: Dragalge|Dragon Pulse|p1a: BOINGGGG!","|-damage|p1a: BOINGGGG!|158/303","|","|-heal|p2a: Dragalge|334/334 brn|[from] item: Leftovers","|-damage|p2a: Dragalge|293/334 brn|[from] brn","|turn|14","|","|move|p2a: Dragalge|Sludge Bomb|p1a: BOINGGGG!","|-resisted|p1a: BOINGGGG!","|-damage|p1a: BOINGGGG!|109/303","|-status|p1a: BOINGGGG!|psn","|move|p1a: BOINGGGG!|Calm Mind|p1a: BOINGGGG!","|-boost|p1a: BOINGGGG!|spa|1","|-boost|p1a: BOINGGGG!|spd|1","|","|-heal|p2a: Dragalge|313/334 brn|[from] item: Leftovers","|-damage|p2a: Dragalge|272/334 brn|[from] brn","|-damage|p1a: BOINGGGG!|72/303 psn|[from] psn","|turn|15","|","|move|p2a: Dragalge|Haze|p2a: Dragalge","|-clearallboost","|move|p1a: BOINGGGG!|Recover|p1a: BOINGGGG!","|-heal|p1a: BOINGGGG!|224/303 psn","|","|-heal|p2a: Dragalge|292/334 brn|[from] item: Leftovers","|-damage|p2a: Dragalge|251/334 brn|[from] brn","|-damage|p1a: BOINGGGG!|187/303 psn|[from] psn","|turn|16","|","|move|p2a: Dragalge|Dragon Pulse|p1a: BOINGGGG!","|-damage|p1a: BOINGGGG!|103/303 psn","|move|p1a: BOINGGGG!|Power Gem|p2a: Dragalge","|-damage|p2a: Dragalge|217/334 brn","|","|-heal|p2a: Dragalge|237/334 brn|[from] item: Leftovers","|-damage|p2a: Dragalge|196/334 brn|[from] brn","|-damage|p1a: BOINGGGG!|66/303 psn|[from] psn","|turn|17","|","|move|p2a: Dragalge|Dragon Pulse|p1a: BOINGGGG!","|-damage|p1a: BOINGGGG!|0 fnt","|faint|p1a: BOINGGGG!","|","|-heal|p2a: Dragalge|216/334 brn|[from] item: Leftovers","|-damage|p2a: Dragalge|175/334 brn|[from] brn","|","|switch|p1a: Cocktus|Cacturne, M|281/281","|turn|18","|","|move|p1a: Cocktus|Spiky Shield|p1a: Cocktus","|-singleturn|p1a: Cocktus|move: Protect","|move|p2a: Dragalge|Sludge Bomb|p1a: Cocktus","|-activate|p1a: Cocktus|Protect","|","|-heal|p2a: Dragalge|195/334 brn|[from] item: Leftovers","|-damage|p2a: Dragalge|154/334 brn|[from] brn","|turn|19","|","|move|p1a: Cocktus|Sucker Punch|p2a: Dragalge","|-damage|p2a: Dragalge|4/334 brn","|move|p2a: Dragalge|Sludge Bomb|p1a: Cocktus","|-supereffective|p1a: Cocktus","|-enditem|p1a: Cocktus|Focus Sash","|-damage|p1a: Cocktus|1/281","|-status|p1a: Cocktus|psn","|","|-heal|p2a: Dragalge|24/334 brn|[from] item: Leftovers","|-damage|p1a: Cocktus|0 fnt|[from] psn","|-damage|p2a: Dragalge|0 fnt|[from] brn","|faint|p1a: Cocktus","|faint|p2a: Dragalge","|","|switch|p2a: Kyurem-Black|Kyurem-Black|127/453","|switch|p1a: Mandibuzz|Mandibuzz, F|424/424","|-damage|p2a: Kyurem-Black|14/453|[from] Stealth Rock","|-ability|p2a: Kyurem-Black|Teravolt","|turn|20","|","|move|p2a: Kyurem-Black|Fusion Bolt|p1a: Mandibuzz","|-supereffective|p1a: Mandibuzz","|-damage|p1a: Mandibuzz|117/424","|-damage|p2a: Kyurem-Black|0 fnt|[from] item: Life Orb","|faint|p2a: Kyurem-Black","|move|p1a: Mandibuzz|Foul Play|p2: Kyurem-Black|[notarget]","|-notarget","|","|-heal|p1a: Mandibuzz|143/424|[from] item: Leftovers","|","|switch|p2a: Garchomp|Garchomp, F|357/357","|-damage|p2a: Garchomp|335/357|[from] Stealth Rock","|turn|21","|","|detailschange|p2a: Garchomp|Garchomp-Mega, F","|-mega|p2a: Garchomp|Garchomp|Garchompite","|move|p1a: Mandibuzz|Protect|p1a: Mandibuzz","|-singleturn|p1a: Mandibuzz|Protect","|move|p2a: Garchomp|Iron Head|p1a: Mandibuzz","|-activate|p1a: Mandibuzz|Protect","|","|-heal|p1a: Mandibuzz|169/424|[from] item: Leftovers","|turn|22","|","|move|p2a: Garchomp|Dragon Claw|p1a: Mandibuzz","|-damage|p1a: Mandibuzz|57/424","|move|p1a: Mandibuzz|Foul Play|p2a: Garchomp","|-crit|p2a: Garchomp","|-damage|p2a: Garchomp|37/357","|","|-heal|p1a: Mandibuzz|83/424|[from] item: Leftovers","|turn|23","|","|move|p1a: Mandibuzz|Protect|p1a: Mandibuzz","|-singleturn|p1a: Mandibuzz|Protect","|move|p2a: Garchomp|Dragon Claw|p1a: Mandibuzz","|-activate|p1a: Mandibuzz|Protect","|","|-heal|p1a: Mandibuzz|109/424|[from] item: Leftovers","|turn|24","|","|move|p2a: Garchomp|Dragon Claw|p1a: Mandibuzz","|-crit|p1a: Mandibuzz","|-damage|p1a: Mandibuzz|0 fnt","|faint|p1a: Mandibuzz","|","|win|DemZii"],"p1rating":{"entryid":"50240","serverid":"eos","formatid":"monotype","userid":"alliancesuccubus","username":"Alliance-Succubus","w":"5","l":8,"t":"0","gxe":42.7,"r":"1500","rd":"130","sigma":"0","rptime":"1439888400","rpr":1443.1489773183,"rprd":81.309176706228,"rpsigma":"0","acre":1045.1163507573,"lacre":1045.1163507573,"oldacre":"1066.6432869047"},"p2rating":{"entryid":"82327","serverid":"eos","formatid":"monotype","userid":"demzii","username":"DemZii","w":2,"l":"1","t":"0","gxe":54.2,"r":"1500","rd":"130","sigma":"0","rptime":"1439888400","rpr":1533.0891783611,"rprd":111.51861011339,"rpsigma":"0","acre":1076.6022095828,"lacre":1076.6022095828,"oldacre":"1040"},"endType":"normal"}