{"seed":[57815,13256,21952,52272],"turns":21,"p1":"Skarlet#1","p2":"Red 3yes","p1team":[{"name":"Serperior","species":"Serperior","item":"leftovers","ability":"Contrary","moves":["leafstorm","dragonpulse","gigadrain","glare"],"nature":"Timid","evs":{"hp":0,"atk":0,"def":0,"spa":252,"spd":4,"spe":252},"shiny":true,"ivs":{"hp":31,"atk":31,"def":31,"spa":31,"spd":31,"spe":31}},{"name":"Venusaur","species":"Venusaur","item":"venusaurite","ability":"Overgrow","moves":["substitute","energyball","sludgebomb","synthesis"],"nature":"Mild","evs":{"hp":248,"atk":8,"def":0,"spa":252,"spd":0,"spe":0},"shiny":true,"ivs":{"hp":31,"atk":31,"def":31,"spa":31,"spd":31,"spe":31}},{"name":"Abomasnow","species":"Abomasnow","item":"abomasite","ability":"Snow Warning","moves":["brickbreak","woodhammer","earthquake","icepunch"],"nature":"Lonely","evs":{"hp":248,"atk":252,"def":0,"spa":8,"spd":0,"spe":0},"shiny":true,"ivs":{"hp":31,"atk":31,"def":31,"spa":31,"spd":31,"spe":31}},{"name":"Breloom","species":"Breloom","item":"toxicorb","ability":"Poison Heal","moves":["substitute","focuspunch","spore","drainpunch"],"nature":"Adamant","evs":{"hp":0,"atk":252,"def":0,"spa":0,"spd":0,"spe":252},"shiny":true,"ivs":{"hp":31,"atk":31,"def":31,"spa":31,"spd":31,"spe":31}},{"name":"Celebi","species":"Celebi","item":"leftovers","ability":"Natural Cure","moves":["energyball","calmmind","leechseed","psychic"],"nature":"Modest","evs":{"hp":220,"atk":0,"def":0,"spa":252,"spd":0,"spe":36},"ivs":{"hp":31,"atk":31,"def":31,"spa":31,"spd":31,"spe":31}},{"name":"Cradily","species":"Cradily","item":"leftovers","ability":"Suction Cups","moves":["stockpile","recover","stealthrock","seedbomb"],"nature":"Careful","evs":{"hp":252,"atk":4,"def":0,"spa":0,"spd":252,"spe":0},"shiny":true,"ivs":{"hp":31,"atk":31,"def":31,"spa":31,"spd":31,"spe":31}}],"p2team":[{"name":"Hoopa-Unbound","species":"Hoopa-Unbound","item":"choicescarf","ability":"Magician","moves":["gunkshot","hyperspacefury","zenheadbutt","drainpunch"],"nature":"Jolly","evs":{"hp":0,"atk":252,"def":0,"spa":0,"spd":4,"spe":252},"ivs":{"hp":31,"atk":31,"def":31,"spa":31,"spd":31,"spe":31}},{"name":"Mandibuzz","species":"Mandibuzz","item":"leftovers","ability":"Overcoat","moves":["defog","foulplay","roost","toxic"],"nature":"Bold","evs":{"hp":252,"atk":0,"def":252,"spa":0,"spd":4,"spe":0},"ivs":{"hp":31,"atk":31,"def":31,"spa":31,"spd":31,"spe":31}},{"name":"Bisharp","species":"Bisharp","item":"lifeorb","ability":"Defiant","moves":["ironhead","poisonjab","suckerpunch","swordsdance"],"nature":"Jolly","evs":{"hp":0,"atk":252,"def":0,"spa":0,"spd":4,"spe":252},"ivs":{"hp":31,"atk":31,"def":31,"spa":31,"spd":31,"spe":31}},{"name":"Houndoom","species":"Houndoom","item":"houndoominite","ability":"Flash Fire","moves":["flamethrower","darkpulse","sludgebomb","destinybond"],"nature":"Timid","evs":{"hp":0,"atk":0,"def":0,"spa":252,"spd":4,"spe":252},"ivs":{"hp":31,"atk":31,"def":31,"spa":31,"spd":31,"spe":31}},{"name":"Hydreigon","species":"Hydreigon","item":"choicescarf","ability":"Levitate","moves":["darkpulse","earthpower","uturn","dracometeor"],"nature":"Timid","evs":{"hp":0,"atk":0,"def":0,"spa":252,"spd":4,"spe":252},"ivs":{"hp":31,"atk":31,"def":31,"spa":31,"spd":31,"spe":31}},{"name":"Sableye","species":"Sableye","item":"leftovers","ability":"Prankster","moves":["willowisp","recover","taunt","foulplay"],"nature":"Calm","evs":{"hp":252,"atk":0,"def":4,"spa":0,"spd":252,"spe":0},"ivs":{"hp":31,"atk":31,"def":31,"spa":31,"spd":31,"spe":31}}],"log":["|player|p1|Skarlet#1|138","|player|p2|Red 3yes|293","|gametype|singles","|gen|6","|tier|Monotype","|rated","|rule|Baton Pass Clause: Limit one Baton Passer, can't pass Spe and other stats simultaneously","|rule|Swagger Clause: Swagger is banned","|rule|Same Type Clause: Pokémon in a team must share a type","|clearpoke","|poke|p1|Serperior, F, shiny","|poke|p1|Venusaur, F, shiny","|poke|p1|Abomasnow, F, shiny","|poke|p1|Breloom, M, shiny","|poke|p1|Celebi","|poke|p1|Cradily, M, shiny","|poke|p2|Hoopa-Unbound","|poke|p2|Mandibuzz, F","|poke|p2|Bisharp, F","|poke|p2|Houndoom, M","|poke|p2|Hydreigon, F","|poke|p2|Sableye, M","|rule|Sleep Clause Mod: Limit one foe put to sleep","|rule|Species Clause: Limit one of each Pokémon","|rule|OHKO Clause: OHKO moves are banned","|rule|Moody Clause: Moody is banned","|rule|Evasion Moves Clause: Evasion moves are banned","|rule|Endless Battle Clause: Forcing endless battles is banned","|rule|HP Percentage Mod: HP is shown in percentages","|teampreview","|","|start","|switch|p1a: Cradily|Cradily, M, shiny|376/376","|switch|p2a: Houndoom|Houndoom, M|291/291","|turn|1","|","|switch|p2a: Sableye|Sableye, M|304/304","|move|p1a: Cradily|Stockpile|p1a: Cradily","|-start|p1a: Cradily|stockpile1","|-boost|p1a: Cradily|def|1","|-boost|p1a: Cradily|spd|1","|","|turn|2","|","|move|p2a: Sableye|Taunt|p1a: Cradily","|-start|p1a: Cradily|move: Taunt","|cant|p1a: Cradily|move: Taunt|Stockpile","|","|turn|3","|","|switch|p2a: Mandibuzz|Mandibuzz, F|424/424","|move|p1a: Cradily|Seed Bomb|p2a: Mandibuzz","|-resisted|p2a: Mandibuzz","|-damage|p2a: Mandibuzz|396/424","|","|-heal|p2a: Mandibuzz|422/424|[from] item: Leftovers","|turn|4","|","|move|p2a: Mandibuzz|Toxic|p1a: Cradily","|-status|p1a: Cradily|tox","|move|p1a: Cradily|Seed Bomb|p2a: Mandibuzz","|-resisted|p2a: Mandibuzz","|-damage|p2a: Mandibuzz|395/424","|","|-heal|p2a: Mandibuzz|421/424|[from] item: Leftovers","|-damage|p1a: Cradily|353/376 tox|[from] psn","|-end|p1a: Cradily|move: Taunt","|turn|5","|","|switch|p2a: Sableye|Sableye, M|304/304","|switch|p1a: Abomasnow|Abomasnow, F, shiny|383/383","|-weather|Hail","|","|-weather|Hail|[upkeep]","|-damage|p2a: Sableye|285/304|[from] hail","|-heal|p2a: Sableye|304/304|[from] item: Leftovers","|turn|6","|","|move|p2a: Sableye|Will-O-Wisp|p1a: Abomasnow","|-status|p1a: Abomasnow|brn","|move|p1a: Abomasnow|Wood Hammer|p2a: Sableye","|-damage|p2a: Sableye|192/304","|-damage|p1a: Abomasnow|346/383 brn|[from] recoil|[of] p2a: Sableye","|","|-weather|Hail|[upkeep]","|-damage|p2a: Sableye|173/304|[from] hail","|-heal|p2a: Sableye|192/304|[from] item: Leftovers","|-damage|p1a: Abomasnow|299/383 brn|[from] brn","|turn|7","|","|move|p1a: Abomasnow|Ice Punch|p2a: Sableye","|-damage|p2a: Sableye|113/304","|move|p2a: Sableye|Foul Play|p1a: Abomasnow","|-damage|p1a: Abomasnow|97/383 brn","|","|-weather|Hail|[upkeep]","|-damage|p2a: Sableye|94/304|[from] hail","|-heal|p2a: Sableye|113/304|[from] item: Leftovers","|-damage|p1a: Abomasnow|50/383 brn|[from] brn","|turn|8","|","|move|p2a: Sableye|Recover|p2a: Sableye","|-heal|p2a: Sableye|265/304","|move|p1a: Abomasnow|Wood Hammer|p2a: Sableye","|-damage|p2a: Sableye|155/304","|-damage|p1a: Abomasnow|14/383 brn|[from] recoil|[of] p2a: Sableye","|","|-weather|Hail|[upkeep]","|-damage|p2a: Sableye|136/304|[from] hail","|-heal|p2a: Sableye|155/304|[from] item: Leftovers","|-damage|p1a: Abomasnow|0 fnt|[from] brn","|faint|p1a: Abomasnow","|","|switch|p1a: Serperior|Serperior, F, shiny|291/291","|turn|9","|","|switch|p2a: Houndoom|Houndoom, M|291/291","|move|p1a: Serperior|Leaf Storm|p2a: Houndoom","|-resisted|p2a: Houndoom","|-damage|p2a: Houndoom|189/291","|-boost|p1a: Serperior|spa|2","|","|-weather|none","|turn|10","|","|detailschange|p2a: Houndoom|Houndoom-Mega, M","|-mega|p2a: Houndoom|Houndoom|Houndoominite","|move|p1a: Serperior|Dragon Pulse|p2a: Houndoom","|-damage|p2a: Houndoom|43/291","|move|p2a: Houndoom|Destiny Bond|p2a: Houndoom","|-singlemove|p2a: Houndoom|Destiny Bond","|","|turn|11","|","|move|p2a: Houndoom|Flamethrower|p1a: Serperior","|-supereffective|p1a: Serperior","|-damage|p1a: Serperior|0 fnt","|faint|p1a: Serperior","|","|","|switch|p1a: Venusaur|Venusaur, F, shiny|363/363","|turn|12","|","|detailschange|p1a: Venusaur|Venusaur-Mega, F, shiny","|-mega|p1a: Venusaur|Venusaur|Venusaurite","|move|p2a: Houndoom|Destiny Bond|p2a: Houndoom","|-singlemove|p2a: Houndoom|Destiny Bond","|move|p1a: Venusaur|Sludge Bomb|p2a: Houndoom","|-damage|p2a: Houndoom|0 fnt","|faint|p2a: Houndoom","|-activate|p2a: Houndoom|Destiny Bond","|faint|p1a: Venusaur","|","|","|switch|p2a: Hydreigon|Hydreigon, F|325/325","|switch|p1a: Celebi|Celebi|396/396","|turn|13","|","|move|p2a: Hydreigon|Dark Pulse|p1a: Celebi","|-supereffective|p1a: Celebi","|-damage|p1a: Celebi|126/396","|move|p1a: Celebi|Leech Seed|p2a: Hydreigon","|-start|p2a: Hydreigon|move: Leech Seed","|","|-heal|p1a: Celebi|150/396|[from] item: Leftovers","|-damage|p2a: Hydreigon|285/325|[from] Leech Seed|[of] p1a: Celebi","|-heal|p1a: Celebi|190/396|[silent]","|turn|14","|","|move|p2a: Hydreigon|Dark Pulse|p1a: Celebi","|-supereffective|p1a: Celebi","|-damage|p1a: Celebi|0 fnt","|faint|p1a: Celebi","|","|","|switch|p1a: Breloom|Breloom, M, shiny|261/261","|turn|15","|","|switch|p2a: Sableye|Sableye, M|155/304","|move|p1a: Breloom|Spore|p2a: Sableye","|-status|p2a: Sableye|slp","|","|-heal|p2a: Sableye|174/304 slp|[from] item: Leftovers","|-status|p1a: Breloom|tox|[from] item: Toxic Orb","|turn|16","|","|cant|p2a: Sableye|slp","|move|p1a: Breloom|Substitute|p1a: Breloom","|-start|p1a: Breloom|Substitute","|-damage|p1a: Breloom|196/261 tox","|","|-heal|p2a: Sableye|193/304 slp|[from] item: Leftovers","|-heal|p1a: Breloom|228/261 tox|[from] ability: Poison Heal","|turn|17","|","|switch|p1a: Cradily|Cradily, M, shiny|353/376 tox","|-curestatus|p2a: Sableye|slp","|move|p2a: Sableye|Foul Play|p1a: Cradily","|-damage|p1a: Cradily|248/376 tox","|","|-heal|p2a: Sableye|212/304|[from] item: Leftovers","|-heal|p1a: Cradily|271/376 tox|[from] item: Leftovers","|-damage|p1a: Cradily|248/376 tox|[from] psn","|turn|18","|","|move|p2a: Sableye|Taunt|p1a: Cradily","|-start|p1a: Cradily|move: Taunt","|cant|p1a: Cradily|move: Taunt|Recover","|","|-heal|p2a: Sableye|231/304|[from] item: Leftovers","|-heal|p1a: Cradily|271/376 tox|[from] item: Leftovers","|-damage|p1a: Cradily|225/376 tox|[from] psn","|turn|19","|","|move|p2a: Sableye|Foul Play|p1a: Cradily","|-damage|p1a: Cradily|120/376 tox","|move|p1a: Cradily|Seed Bomb|p2a: Sableye","|-damage|p2a: Sableye|126/304","|","|-heal|p2a: Sableye|145/304|[from] item: Leftovers","|-heal|p1a: Cradily|143/376 tox|[from] item: Leftovers","|-damage|p1a: Cradily|74/376 tox|[from] psn","|turn|20","|","|move|p2a: Sableye|Foul Play|p1a: Cradily","|-damage|p1a: Cradily|0 fnt","|faint|p1a: Cradily","|","|-heal|p2a: Sableye|164/304|[from] item: Leftovers","|","|switch|p1a: Breloom|Breloom, M, shiny|228/261 tox","|turn|21","|","|win|Red 3yes"],"p1rating":{"entryid":"32536","serverid":"eos","formatid":"monotype","userid":"skarlet1","username":"Skarlet#1","w":"1","l":1,"t":"0","gxe":50,"r":"1500","rd":"130","sigma":"0","rptime":"1439888400","rpr":1500,"rprd":116.77753930647,"rpsigma":"0","acre":1022.1660277196,"lacre":1022.1660277196,"oldacre":"1040"},"p2rating":{"entryid":52849,"formatid":"monotype","userid":"red3yes","username":"Red 3yes","r":1500,"rd":130,"sigma":0,"rpr":1540.1606143388,"rprd":122.8583080769,"rpsigma":0,"rptime":1439888400,"w":1,"l":0,"t":0,"gxe":55,"acre":1044.584930701,"lacre":1044.584930701,"oldacre":1000},"endType":"forfeit"}