{"seed":[61065,30052,31078,27233],"turns":21,"p1":"Seven Swell","p2":"GTX♅Cool","p1team":[{"name":"Mew","species":"Mew","item":"leftovers","ability":"Synchronize","moves":["roost","toxic","healbell","aurasphere"],"nature":"Calm","evs":{"hp":252,"atk":0,"def":0,"spa":4,"spd":252,"spe":0},"ivs":{"hp":31,"atk":31,"def":31,"spa":31,"spd":31,"spe":31}},{"name":"Slowbro","species":"Slowbro","item":"rockyhelmet","ability":"Regenerator","moves":["scald","yawn","flamethrower","slackoff"],"nature":"Bold","evs":{"hp":252,"atk":0,"def":252,"spa":4,"spd":0,"spe":0},"ivs":{"hp":31,"atk":31,"def":31,"spa":31,"spd":31,"spe":31}},{"name":"Deoxys-Speed","species":"Deoxys-Speed","item":"focussash","ability":"Pressure","moves":["stealthrock","thunderbolt","thunderwave","icebeam"],"nature":"Timid","evs":{"hp":252,"atk":0,"def":0,"spa":44,"spd":0,"spe":212},"ivs":{"hp":31,"atk":31,"def":31,"spa":31,"spd":31,"spe":31}},{"name":"Latias","species":"Latias","item":"leftovers","ability":"Levitate","moves":["dracometeor","psyshock","roost","defog"],"nature":"Timid","evs":{"hp":252,"atk":0,"def":0,"spa":4,"spd":0,"spe":252},"ivs":{"hp":31,"atk":31,"def":31,"spa":31,"spd":31,"spe":31}},{"name":"Hoopa-Unbound","species":"Hoopa-Unbound","item":"focussash","ability":"Magician","moves":["hyperspacefury","drainpunch","firepunch","gunkshot"],"nature":"Adamant","evs":{"hp":0,"atk":252,"def":0,"spa":0,"spd":4,"spe":252},"ivs":{"hp":31,"atk":31,"def":31,"spa":31,"spd":31,"spe":31}},{"name":"Gardevoir","species":"Gardevoir","item":"gardevoirite","ability":"Trace","moves":["hypervoice","psyshock","shadowball","taunt"],"nature":"Timid","evs":{"hp":0,"atk":0,"def":0,"spa":252,"spd":4,"spe":252},"ivs":{"hp":31,"atk":31,"def":31,"spa":31,"spd":31,"spe":31}}],"p2team":[{"name":"Ludicolo","species":"Ludicolo","item":"lifeorb","ability":"Swift Swim","moves":["surf","gigadrain","icebeam","focusblast"],"nature":"","evs":{"hp":0,"atk":0,"def":0,"spa":252,"spd":4,"spe":252},"ivs":{"hp":31,"atk":31,"def":31,"spa":31,"spd":31,"spe":31}},{"name":"Politoed","species":"Politoed","item":"leftovers","ability":"Drizzle","moves":["scald","icebeam","perishsong","protect"],"nature":"","evs":{"hp":252,"atk":0,"def":76,"spa":76,"spd":100,"spe":4},"ivs":{"hp":31,"atk":31,"def":31,"spa":31,"spd":31,"spe":31}},{"name":"Keldeo","species":"Keldeo","item":"choicescarf","ability":"Justified","moves":["scald","sacredsword","hydropump","icywind"],"nature":"Timid","evs":{"hp":0,"atk":0,"def":4,"spa":252,"spd":0,"spe":252},"ivs":{"hp":31,"atk":31,"def":31,"spa":31,"spd":31,"spe":31}},{"name":"Gyarados","species":"Gyarados","item":"choicescarf","ability":"Moxie","moves":["waterfall","earthquake","dragondance","protect"],"nature":"Adamant","evs":{"hp":12,"atk":252,"def":0,"spa":0,"spd":0,"spe":244},"ivs":{"hp":31,"atk":31,"def":31,"spa":31,"spd":31,"spe":31}},{"name":"Swampert","species":"Swampert","item":"swampertite","ability":"Damp","moves":["waterfall","earthquake","icepunch","poweruppunch"],"nature":"Adamant","evs":{"hp":0,"atk":252,"def":4,"spa":0,"spd":0,"spe":252},"ivs":{"hp":31,"atk":31,"def":31,"spa":31,"spd":31,"spe":31}},{"name":"Azumarill","species":"Azumarill","item":"sitrusberry","ability":"Sap Sipper","moves":["bellydrum","aquajet","playrough","knockoff"],"nature":"Adamant","evs":{"hp":92,"atk":252,"def":0,"spa":0,"spd":0,"spe":164},"ivs":{"hp":31,"atk":31,"def":31,"spa":31,"spd":31,"spe":31}}],"log":["|player|p1|Seven Swell|sevenswell.png","|player|p2|GTX♅Cool|163","|gametype|singles","|gen|6","|tier|Monotype","|rated","|rule|Baton Pass Clause: Limit one Baton Passer, can't pass Spe and other stats simultaneously","|rule|Swagger Clause: Swagger is banned","|rule|Same Type Clause: Pokémon in a team must share a type","|clearpoke","|poke|p1|Mew","|poke|p1|Slowbro, M","|poke|p1|Deoxys-Speed","|poke|p1|Latias, F","|poke|p1|Hoopa-Unbound","|poke|p1|Gardevoir, M","|poke|p2|Ludicolo, F","|poke|p2|Politoed, M","|poke|p2|Keldeo","|poke|p2|Gyarados, M","|poke|p2|Swampert, M","|poke|p2|Azumarill, M","|rule|Sleep Clause Mod: Limit one foe put to sleep","|rule|Species Clause: Limit one of each Pokémon","|rule|OHKO Clause: OHKO moves are banned","|rule|Moody Clause: Moody is banned","|rule|Evasion Moves Clause: Evasion moves are banned","|rule|Endless Battle Clause: Forcing endless battles is banned","|rule|HP Percentage Mod: HP is shown in percentages","|teampreview","|","|start","|switch|p1a: Mew|Mew|404/404","|switch|p2a: Azumarill|Azumarill, M|364/364","|turn|1","|","|move|p1a: Mew|Toxic|p2a: Azumarill","|-status|p2a: Azumarill|tox","|move|p2a: Azumarill|Knock Off|p1a: Mew","|-supereffective|p1a: Mew","|-damage|p1a: Mew|270/404","|-enditem|p1a: Mew|Leftovers|[from] move: Knock Off|[of] p2a: Azumarill","|","|-damage|p2a: Azumarill|342/364 tox|[from] psn","|turn|2","|","|move|p1a: Mew|Roost|p1a: Mew","|-heal|p1a: Mew|404/404","|move|p2a: Azumarill|Belly Drum|p2a: Azumarill","|-damage|p2a: Azumarill|160/364 tox","|-setboost|p2a: Azumarill|atk|6|[from] move: Belly Drum","|-enditem|p2a: Azumarill|Sitrus Berry|[eat]","|-heal|p2a: Azumarill|251/364 tox|[from] item: Sitrus Berry","|","|-damage|p2a: Azumarill|207/364 tox|[from] psn","|turn|3","|","|switch|p1a: Slowbro|Slowbro, M|394/394","|move|p2a: Azumarill|Knock Off|p1a: Slowbro","|-supereffective|p1a: Slowbro","|-damage|p1a: Slowbro|0 fnt","|-damage|p2a: Azumarill|147/364 tox|[from] item: Rocky Helmet|[of] p1a: Slowbro","|-enditem|p1a: Slowbro|Rocky Helmet|[from] move: Knock Off|[of] p2a: Azumarill","|faint|p1a: Slowbro","|","|-damage|p2a: Azumarill|81/364 tox|[from] psn","|","|switch|p1a: Deoxys-Speed|Deoxys-Speed|304/304","|-ability|p1a: Deoxys-Speed|Pressure","|turn|4","|","|move|p2a: Azumarill|Aqua Jet|p1a: Deoxys-Speed","|-damage|p1a: Deoxys-Speed|108/304","|move|p1a: Deoxys-Speed|Thunderbolt|p2a: Azumarill","|-crit|p2a: Azumarill","|-supereffective|p2a: Azumarill","|-damage|p2a: Azumarill|0 fnt","|faint|p2a: Azumarill","|","|","|switch|p2a: Gyarados|Gyarados, M|334/334","|turn|5","|","|move|p1a: Deoxys-Speed|Thunderbolt|p2a: Gyarados","|-supereffective|p2a: Gyarados","|-damage|p2a: Gyarados|70/334","|move|p2a: Gyarados|Waterfall|p1a: Deoxys-Speed","|-damage|p1a: Deoxys-Speed|0 fnt","|faint|p1a: Deoxys-Speed","|-boost|p2a: Gyarados|atk|1|[from] ability: Moxie","|","|","|switch|p1a: Latias|Latias, F|364/364","|turn|6","|","|move|p2a: Gyarados|Waterfall|p1a: Latias","|-resisted|p1a: Latias","|-damage|p1a: Latias|232/364","|cant|p1a: Latias|flinch","|","|-heal|p1a: Latias|254/364|[from] item: Leftovers","|turn|7","|","|move|p2a: Gyarados|Waterfall|p1a: Latias","|-resisted|p1a: Latias","|-damage|p1a: Latias|129/364","|move|p1a: Latias|Psyshock|p2a: Gyarados","|-damage|p2a: Gyarados|0 fnt","|faint|p2a: Gyarados","|","|-heal|p1a: Latias|151/364|[from] item: Leftovers","|","|switch|p2a: Politoed|Politoed, M|384/384","|-weather|RainDance","|turn|8","|","|move|p1a: Latias|Roost|p1a: Latias","|-heal|p1a: Latias|333/364","|move|p2a: Politoed|Ice Beam|p1a: Latias","|-supereffective|p1a: Latias","|-damage|p1a: Latias|213/364","|","|-weather|RainDance|[upkeep]","|-heal|p1a: Latias|235/364|[from] item: Leftovers","|turn|9","|","|move|p1a: Latias|Psyshock|p2a: Politoed","|-damage|p2a: Politoed|270/384","|move|p2a: Politoed|Ice Beam|p1a: Latias","|-supereffective|p1a: Latias","|-damage|p1a: Latias|113/364","|","|-weather|RainDance|[upkeep]","|-heal|p1a: Latias|135/364|[from] item: Leftovers","|-heal|p2a: Politoed|294/384|[from] item: Leftovers","|turn|10","|","|move|p1a: Latias|Roost|p1a: Latias","|-heal|p1a: Latias|317/364","|move|p2a: Politoed|Ice Beam|p1a: Latias","|-supereffective|p1a: Latias","|-damage|p1a: Latias|203/364","|","|-weather|RainDance|[upkeep]","|-heal|p1a: Latias|225/364|[from] item: Leftovers","|-heal|p2a: Politoed|318/384|[from] item: Leftovers","|turn|11","|","|move|p1a: Latias|Psyshock|p2a: Politoed","|-crit|p2a: Politoed","|-damage|p2a: Politoed|125/384","|move|p2a: Politoed|Ice Beam|p1a: Latias","|-supereffective|p1a: Latias","|-damage|p1a: Latias|107/364","|","|-weather|RainDance|[upkeep]","|-heal|p1a: Latias|129/364|[from] item: Leftovers","|-heal|p2a: Politoed|149/384|[from] item: Leftovers","|turn|12","|","|move|p1a: Latias|Roost|p1a: Latias","|-heal|p1a: Latias|311/364","|move|p2a: Politoed|Scald|p1a: Latias","|-resisted|p1a: Latias","|-damage|p1a: Latias|259/364","|","|-weather|none","|-heal|p1a: Latias|281/364|[from] item: Leftovers","|-heal|p2a: Politoed|173/384|[from] item: Leftovers","|turn|13","|","|move|p1a: Latias|Psyshock|p2a: Politoed","|-damage|p2a: Politoed|52/384","|move|p2a: Politoed|Scald|p1a: Latias","|-resisted|p1a: Latias","|-damage|p1a: Latias|247/364","|","|-heal|p1a: Latias|269/364|[from] item: Leftovers","|-heal|p2a: Politoed|76/384|[from] item: Leftovers","|turn|14","|","|move|p1a: Latias|Psyshock|p2a: Politoed","|-damage|p2a: Politoed|0 fnt","|faint|p2a: Politoed","|","|-heal|p1a: Latias|291/364|[from] item: Leftovers","|","|switch|p2a: Keldeo|Keldeo|323/323","|turn|15","|","|move|p2a: Keldeo|Scald|p1a: Latias","|-resisted|p1a: Latias","|-damage|p1a: Latias|234/364","|-status|p1a: Latias|brn","|move|p1a: Latias|Psyshock|p2a: Keldeo","|-supereffective|p2a: Keldeo","|-damage|p2a: Keldeo|119/323","|","|-heal|p1a: Latias|256/364 brn|[from] item: Leftovers","|-damage|p1a: Latias|211/364 brn|[from] brn","|turn|16","|","|move|p2a: Keldeo|Scald|p1a: Latias","|-resisted|p1a: Latias","|-damage|p1a: Latias|156/364 brn","|move|p1a: Latias|Roost|p1a: Latias","|-heal|p1a: Latias|338/364 brn","|","|-heal|p1a: Latias|360/364 brn|[from] item: Leftovers","|-damage|p1a: Latias|315/364 brn|[from] brn","|turn|17","|","|move|p2a: Keldeo|Scald|p1a: Latias","|-resisted|p1a: Latias","|-damage|p1a: Latias|261/364 brn","|move|p1a: Latias|Psyshock|p2a: Keldeo","|-supereffective|p2a: Keldeo","|-damage|p2a: Keldeo|0 fnt","|faint|p2a: Keldeo","|","|-heal|p1a: Latias|283/364 brn|[from] item: Leftovers","|-damage|p1a: Latias|238/364 brn|[from] brn","|","|switch|p2a: Swampert|Swampert, M|341/341","|turn|18","|","|detailschange|p2a: Swampert|Swampert-Mega, M","|-mega|p2a: Swampert|Swampert|Swampertite","|move|p1a: Latias|Draco Meteor|p2a: Swampert","|-damage|p2a: Swampert|200/341","|-unboost|p1a: Latias|spa|2","|move|p2a: Swampert|Ice Punch|p1a: Latias","|-supereffective|p1a: Latias","|-damage|p1a: Latias|0 fnt","|faint|p1a: Latias","|","|","|switch|p1a: Gardevoir|Gardevoir, M|277/277","|-ability|p1a: Gardevoir|Swift Swim|[from] ability: Trace|[of] p2a: Swampert","|turn|19","|","|detailschange|p1a: Gardevoir|Gardevoir-Mega, M","|-mega|p1a: Gardevoir|Gardevoir|Gardevoirite","|move|p1a: Gardevoir|Hyper Voice|p2a: Swampert","|-damage|p2a: Swampert|0 fnt","|faint|p2a: Swampert","|","|","|switch|p2a: Ludicolo|Ludicolo, F|301/301","|turn|20","|","|move|p1a: Gardevoir|Taunt|p2a: Ludicolo","|-start|p2a: Ludicolo|move: Taunt","|move|p2a: Ludicolo|Ice Beam|p1a: Gardevoir","|-damage|p1a: Gardevoir|186/277","|-damage|p2a: Ludicolo|271/301|[from] item: Life Orb","|","|turn|21","|","|move|p1a: Gardevoir|Hyper Voice|p2a: Ludicolo","|-damage|p2a: Ludicolo|3/301","|move|p2a: Ludicolo|Ice Beam|p1a: Gardevoir","|-damage|p1a: Gardevoir|104/277","|-damage|p2a: Ludicolo|0 fnt|[from] item: Life Orb","|faint|p2a: Ludicolo","|","|win|Seven Swell"],"p1rating":{"entryid":"86214","serverid":"eos","formatid":"monotype","userid":"sevenswell","username":"Seven Swell","w":3,"l":"1","t":"0","gxe":56.2,"r":"1500","rd":"130","sigma":"0","rptime":"1439888400","rpr":1549.4867669426,"rprd":107.3952517754,"rpsigma":"0","acre":1090.2624229496,"lacre":1090.2624229496,"oldacre":"1065.7640138459"},"p2rating":{"entryid":"10847","serverid":"eos","formatid":"monotype","userid":"gtxcool","username":"GTX♅Cool","w":"2","l":17,"t":"0","gxe":24.7,"r":"1342.945816768","rd":"99.186710102519","sigma":"0","rptime":"1439888400","rpr":1285.620453476,"rprd":74.679438163521,"rpsigma":"0","acre":1000,"lacre":1000,"oldacre":"1000"},"endType":"normal"}