{"seed":[27301,13651,22319,8365],"turns":25,"p1":"tboltrider","p2":"Twizz","p1team":[{"name":"Skarmory","species":"Skarmory","item":"rockyhelmet","ability":"Sturdy","moves":["roost","swordsdance","stealthrock","ironhead"],"nature":"Jolly","evs":{"hp":0,"atk":128,"def":0,"spa":0,"spd":248,"spe":132},"gender":"M","ivs":{"hp":31,"atk":31,"def":31,"spa":31,"spd":31,"spe":31}},{"name":"Togekiss","species":"Togekiss","item":"leftovers","ability":"Serene Grace","moves":["aurasphere","airslash","softboiled","thunderwave"],"nature":"Modest","evs":{"hp":0,"atk":0,"def":148,"spa":108,"spd":0,"spe":252},"gender":"F","ivs":{"hp":31,"atk":31,"def":31,"spa":31,"spd":31,"spe":31}},{"name":"Mandibuzz","species":"Mandibuzz","item":"leftovers","ability":"Overcoat","moves":["roost","defog","foulplay","taunt"],"nature":"Adamant","evs":{"hp":0,"atk":232,"def":0,"spa":0,"spd":156,"spe":120},"ivs":{"hp":31,"atk":31,"def":31,"spa":31,"spd":31,"spe":31}},{"name":"Hawlucha","species":"Hawlucha","item":"sitrusberry","ability":"Unburden","moves":["swordsdance","acrobatics","highjumpkick","substitute"],"nature":"Careful","evs":{"hp":12,"atk":252,"def":0,"spa":0,"spd":0,"spe":244},"ivs":{"hp":31,"atk":31,"def":31,"spa":31,"spd":31,"spe":31}},{"name":"Charizard","species":"Charizard","item":"charizarditex","ability":"Blaze","moves":["dragondance","dragonclaw","roost","flareblitz"],"nature":"Jolly","evs":{"hp":0,"atk":252,"def":4,"spa":0,"spd":0,"spe":252},"gender":"M","ivs":{"hp":31,"atk":31,"def":31,"spa":31,"spd":31,"spe":31}},{"name":"Gliscor","species":"Gliscor","item":"toxicorb","ability":"Poison Heal","moves":["earthquake","swordsdance","roost","facade"],"nature":"Careful","evs":{"hp":244,"atk":0,"def":8,"spa":0,"spd":200,"spe":56},"ivs":{"hp":31,"atk":31,"def":31,"spa":31,"spd":31,"spe":31}}],"p2team":[{"name":"Magnezone","species":"Magnezone","item":"leftovers","ability":"Sturdy","moves":["flashcannon","thunderbolt","protect","hiddenpowerice"],"nature":"Modest","evs":{"hp":76,"atk":0,"def":180,"spa":252,"spd":0,"spe":0},"ivs":{"hp":31,"atk":30,"def":30,"spa":31,"spd":31,"spe":31}},{"name":"Zapdos","species":"Zapdos","item":"leftovers","ability":"Pressure","moves":["discharge","heatwave","toxic","roost"],"nature":"Bold","evs":{"hp":4,"atk":0,"def":252,"spa":56,"spd":196,"spe":0},"ivs":{"hp":31,"atk":31,"def":31,"spa":31,"spd":31,"spe":31}},{"name":"Ampharos","species":"Ampharos","item":"ampharosite","ability":"Static","moves":["cottonguard","rest","sleeptalk","dragonpulse"],"nature":"Bold","evs":{"hp":0,"atk":0,"def":252,"spa":136,"spd":120,"spe":0},"ivs":{"hp":31,"atk":31,"def":31,"spa":31,"spd":31,"spe":31}},{"name":"Raikou","species":"Raikou","item":"leftovers","ability":"Pressure","moves":["calmmind","substitute","thunderbolt","extrasensory"],"nature":"Timid","evs":{"hp":0,"atk":0,"def":0,"spa":252,"spd":4,"spe":252},"ivs":{"hp":31,"atk":31,"def":31,"spa":31,"spd":31,"spe":31}},{"name":"Rotom-Wash","species":"Rotom-Wash","item":"choicescarf","ability":"Levitate","moves":["voltswitch","hydropump","willowisp","trick"],"nature":"Timid","evs":{"hp":0,"atk":0,"def":0,"spa":252,"spd":4,"spe":252},"ivs":{"hp":31,"atk":31,"def":31,"spa":31,"spd":31,"spe":31}},{"name":"Condom","species":"eelektross","item":"assaultvest","ability":"Levitate","moves":["gigadrain","thunderbolt","drainpunch","knockoff"],"nature":"Quiet","evs":{"hp":3,"atk":136,"def":0,"spa":108,"spd":252,"spe":0},"ivs":{"hp":31,"atk":31,"def":31,"spa":31,"spd":31,"spe":31}}],"log":["|player|p1|tboltrider|93","|player|p2|Twizz|264","|gametype|singles","|gen|6","|tier|Monotype","|rated","|rule|Baton Pass Clause: Limit one Baton Passer, can't pass Spe and other stats simultaneously","|rule|Swagger Clause: Swagger is banned","|rule|Same Type Clause: Pokémon in a team must share a type","|clearpoke","|poke|p1|Skarmory, M","|poke|p1|Togekiss, F","|poke|p1|Mandibuzz, F","|poke|p1|Hawlucha, M","|poke|p1|Charizard, M","|poke|p1|Gliscor, M","|poke|p2|Magnezone","|poke|p2|Zapdos","|poke|p2|Ampharos, M","|poke|p2|Raikou","|poke|p2|Rotom-Wash","|poke|p2|Eelektross, F","|rule|Sleep Clause Mod: Limit one foe put to sleep","|rule|Species Clause: Limit one of each Pokémon","|rule|OHKO Clause: OHKO moves are banned","|rule|Moody Clause: Moody is banned","|rule|Evasion Moves Clause: Evasion moves are banned","|rule|Endless Battle Clause: Forcing endless battles is banned","|rule|HP Percentage Mod: HP is shown in percentages","|teampreview","|","|start","|switch|p1a: Skarmory|Skarmory, M|271/271","|switch|p2a: Rotom-Wash|Rotom-Wash|241/241","|turn|1","|","|move|p2a: Rotom-Wash|Volt Switch|p1a: Skarmory","|-supereffective|p1a: Skarmory","|-damage|p1a: Skarmory|73/271","|","|switch|p2a: Zapdos|Zapdos|322/322","|-ability|p2a: Zapdos|Pressure","|move|p1a: Skarmory|Stealth Rock|p2a: Zapdos","|-sidestart|p2: Twizz|move: Stealth Rock","|","|turn|2","|","|switch|p1a: Gliscor|Gliscor, M|352/352","|move|p2a: Zapdos|Heat Wave|p1a: Gliscor","|-damage|p1a: Gliscor|267/352","|","|-status|p1a: Gliscor|tox|[from] item: Toxic Orb","|turn|3","|","|switch|p2a: Rotom-Wash|Rotom-Wash|241/241","|-damage|p2a: Rotom-Wash|211/241|[from] Stealth Rock","|move|p1a: Gliscor|Swords Dance|p1a: Gliscor","|-boost|p1a: Gliscor|atk|2","|","|-heal|p1a: Gliscor|311/352 tox|[from] ability: Poison Heal","|turn|4","|","|move|p2a: Rotom-Wash|Hydro Pump|p1a: Gliscor","|-supereffective|p1a: Gliscor","|-damage|p1a: Gliscor|23/352 tox","|move|p1a: Gliscor|Facade|p2a: Rotom-Wash","|-damage|p2a: Rotom-Wash|8/241","|","|-heal|p1a: Gliscor|67/352 tox|[from] ability: Poison Heal","|turn|5","|","|switch|p1a: Mandibuzz|Mandibuzz, F|361/361","|move|p2a: Rotom-Wash|Hydro Pump|p1a: Mandibuzz","|-damage|p1a: Mandibuzz|198/361","|","|-heal|p1a: Mandibuzz|220/361|[from] item: Leftovers","|turn|6","|","|move|p2a: Rotom-Wash|Hydro Pump|p1a: Mandibuzz|[miss]","|-miss|p2a: Rotom-Wash|p1a: Mandibuzz","|move|p1a: Mandibuzz|Foul Play|p2a: Rotom-Wash","|-damage|p2a: Rotom-Wash|0 fnt","|faint|p2a: Rotom-Wash","|","|-heal|p1a: Mandibuzz|242/361|[from] item: Leftovers","|","|switch|p2a: Condom|Eelektross, F|311/311","|-damage|p2a: Condom|273/311|[from] Stealth Rock","|turn|7","|","|move|p1a: Mandibuzz|Foul Play|p2a: Condom","|-damage|p2a: Condom|95/311","|move|p2a: Condom|Knock Off|p1a: Mandibuzz","|-resisted|p1a: Mandibuzz","|-damage|p1a: Mandibuzz|193/361","|-enditem|p1a: Mandibuzz|Leftovers|[from] move: Knock Off|[of] p2a: Condom","|","|turn|8","|","|switch|p2a: Zapdos|Zapdos|322/322","|-damage|p2a: Zapdos|242/322|[from] Stealth Rock","|-ability|p2a: Zapdos|Pressure","|move|p1a: Mandibuzz|Foul Play|p2a: Zapdos","|-damage|p2a: Zapdos|166/322","|","|-heal|p2a: Zapdos|186/322|[from] item: Leftovers","|turn|9","|","|move|p2a: Zapdos|Roost|p2a: Zapdos","|-heal|p2a: Zapdos|322/322","|move|p1a: Mandibuzz|Taunt|p2a: Zapdos","|-start|p2a: Zapdos|move: Taunt","|","|turn|10","|","|move|p2a: Zapdos|Discharge|p1a: Mandibuzz","|-supereffective|p1a: Mandibuzz","|-damage|p1a: Mandibuzz|0 fnt","|faint|p1a: Mandibuzz","|","|","|switch|p1a: Charizard|Charizard, M|297/297","|turn|11","|","|detailschange|p1a: Charizard|Charizard-Mega-X, M","|-mega|p1a: Charizard|Charizard|Charizardite X","|move|p1a: Charizard|Dragon Dance|p1a: Charizard","|-boost|p1a: Charizard|atk|1","|-boost|p1a: Charizard|spe|1","|move|p2a: Zapdos|Discharge|p1a: Charizard","|-resisted|p1a: Charizard","|-damage|p1a: Charizard|225/297","|-status|p1a: Charizard|par","|","|turn|12","|","|move|p2a: Zapdos|Discharge|p1a: Charizard","|-resisted|p1a: Charizard","|-damage|p1a: Charizard|157/297 par","|move|p1a: Charizard|Dragon Claw|p2a: Zapdos","|-damage|p2a: Zapdos|91/322","|","|-heal|p2a: Zapdos|111/322|[from] item: Leftovers","|-end|p2a: Zapdos|move: Taunt","|turn|13","|","|move|p2a: Zapdos|Roost|p2a: Zapdos","|-heal|p2a: Zapdos|272/322","|move|p1a: Charizard|Dragon Dance|p1a: Charizard","|-boost|p1a: Charizard|atk|1","|-boost|p1a: Charizard|spe|1","|","|-heal|p2a: Zapdos|292/322|[from] item: Leftovers","|turn|14","|","|move|p2a: Zapdos|Discharge|p1a: Charizard","|-resisted|p1a: Charizard","|-damage|p1a: Charizard|91/297 par","|cant|p1a: Charizard|par","|","|-heal|p2a: Zapdos|312/322|[from] item: Leftovers","|turn|15","|","|move|p2a: Zapdos|Discharge|p1a: Charizard","|-resisted|p1a: Charizard","|-damage|p1a: Charizard|18/297 par","|cant|p1a: Charizard|par","|","|-heal|p2a: Zapdos|322/322|[from] item: Leftovers","|turn|16","|","|move|p2a: Zapdos|Discharge|p1a: Charizard","|-resisted|p1a: Charizard","|-damage|p1a: Charizard|0 fnt","|faint|p1a: Charizard","|","|","|switch|p1a: Togekiss|Togekiss, F|311/311","|turn|17","|","|move|p1a: Togekiss|Thunder Wave|p2a: Zapdos","|-immune|p2a: Zapdos|[msg]","|move|p2a: Zapdos|Toxic|p1a: Togekiss","|-status|p1a: Togekiss|tox","|","|-damage|p1a: Togekiss|292/311 tox|[from] psn","|turn|18","|","|switch|p2a: Raikou|Raikou|321/321","|-damage|p2a: Raikou|281/321|[from] Stealth Rock","|-ability|p2a: Raikou|Pressure","|move|p1a: Togekiss|Air Slash|p2a: Raikou","|-crit|p2a: Raikou","|-resisted|p2a: Raikou","|-damage|p2a: Raikou|185/321","|","|-heal|p2a: Raikou|205/321|[from] item: Leftovers","|-heal|p1a: Togekiss|311/311 tox|[from] item: Leftovers","|-damage|p1a: Togekiss|273/311 tox|[from] psn","|turn|19","|","|move|p2a: Raikou|Calm Mind|p2a: Raikou","|-boost|p2a: Raikou|spa|1","|-boost|p2a: Raikou|spd|1","|move|p1a: Togekiss|Air Slash|p2a: Raikou","|-resisted|p2a: Raikou","|-damage|p2a: Raikou|163/321","|","|-heal|p2a: Raikou|183/321|[from] item: Leftovers","|-heal|p1a: Togekiss|292/311 tox|[from] item: Leftovers","|-damage|p1a: Togekiss|235/311 tox|[from] psn","|turn|20","|","|switch|p1a: Gliscor|Gliscor, M|67/352 tox","|move|p2a: Raikou|Substitute|p2a: Raikou","|-start|p2a: Raikou|Substitute","|-damage|p2a: Raikou|103/321","|","|-heal|p2a: Raikou|123/321|[from] item: Leftovers","|-heal|p1a: Gliscor|111/352 tox|[from] ability: Poison Heal","|turn|21","|","|switch|p1a: Skarmory|Skarmory, M|73/271","|move|p2a: Raikou|Extrasensory|p1a: Skarmory","|-resisted|p1a: Skarmory","|-damage|p1a: Skarmory|13/271","|","|-heal|p2a: Raikou|143/321|[from] item: Leftovers","|turn|22","|","|move|p2a: Raikou|Thunderbolt|p1a: Skarmory","|-crit|p1a: Skarmory","|-supereffective|p1a: Skarmory","|-damage|p1a: Skarmory|0 fnt","|faint|p1a: Skarmory","|","|-heal|p2a: Raikou|163/321|[from] item: Leftovers","|","|switch|p1a: Togekiss|Togekiss, F|235/311 tox","|turn|23","|","|switch|p1a: Gliscor|Gliscor, M|111/352 tox","|move|p2a: Raikou|Calm Mind|p2a: Raikou","|-boost|p2a: Raikou|spa|1","|-boost|p2a: Raikou|spd|1","|","|-heal|p2a: Raikou|183/321|[from] item: Leftovers","|-heal|p1a: Gliscor|155/352 tox|[from] ability: Poison Heal","|turn|24","|","|move|p2a: Raikou|Extrasensory|p1a: Gliscor","|-crit|p1a: Gliscor","|-damage|p1a: Gliscor|0 fnt","|faint|p1a: Gliscor","|","|-heal|p2a: Raikou|203/321|[from] item: Leftovers","|","|switch|p1a: Hawlucha|Hawlucha, M|300/300","|turn|25","|","|move|p2a: Raikou|Thunderbolt|p1a: Hawlucha","|-supereffective|p1a: Hawlucha","|-damage|p1a: Hawlucha|0 fnt","|faint|p1a: Hawlucha","|","|-heal|p2a: Raikou|223/321|[from] item: Leftovers","|","|win|Twizz"],"p1rating":{"entryid":"11792","serverid":"eos","formatid":"monotype","userid":"tboltrider","username":"tboltrider","w":"6","l":4,"t":"0","gxe":55.3,"r":"1459.8393856612","rd":"122.8583080769","sigma":"0","rptime":"1439888400","rpr":1541.3230153892,"rprd":87.962833192913,"rpsigma":"0","acre":1094.0025220175,"lacre":1094.0025220175,"oldacre":"1123.208181832"},"p2rating":{"entryid":"66045","serverid":"eos","formatid":"monotype","userid":"twizz","username":"Twizz","w":3,"l":"2","t":"0","gxe":52.8,"r":"1500","rd":"130","sigma":"0","rptime":"1439888400","rpr":1522.0374963948,"rprd":102.80066787369,"rpsigma":"0","acre":1099.6785660375,"lacre":1099.6785660375,"oldacre":"1064.1994307414"},"endType":"forfeit"}