{"seed":[41984,26604,550,30560],"turns":32,"p1":"Twizz","p2":"Crystal Blade64","p1team":[{"name":"Magnezone","species":"Magnezone","item":"leftovers","ability":"Sturdy","moves":["flashcannon","thunderbolt","protect","hiddenpowerice"],"nature":"Modest","evs":{"hp":76,"atk":0,"def":180,"spa":252,"spd":0,"spe":0},"ivs":{"hp":31,"atk":30,"def":30,"spa":31,"spd":31,"spe":31}},{"name":"Zapdos","species":"Zapdos","item":"leftovers","ability":"Pressure","moves":["discharge","heatwave","toxic","roost"],"nature":"Bold","evs":{"hp":4,"atk":0,"def":252,"spa":56,"spd":196,"spe":0},"ivs":{"hp":31,"atk":31,"def":31,"spa":31,"spd":31,"spe":31}},{"name":"Ampharos","species":"Ampharos","item":"ampharosite","ability":"Static","moves":["cottonguard","rest","sleeptalk","dragonpulse"],"nature":"Bold","evs":{"hp":0,"atk":0,"def":252,"spa":136,"spd":120,"spe":0},"ivs":{"hp":31,"atk":31,"def":31,"spa":31,"spd":31,"spe":31}},{"name":"Raikou","species":"Raikou","item":"leftovers","ability":"Pressure","moves":["calmmind","substitute","thunderbolt","extrasensory"],"nature":"Timid","evs":{"hp":0,"atk":0,"def":0,"spa":252,"spd":4,"spe":252},"ivs":{"hp":31,"atk":31,"def":31,"spa":31,"spd":31,"spe":31}},{"name":"Rotom-Wash","species":"Rotom-Wash","item":"choicescarf","ability":"Levitate","moves":["voltswitch","hydropump","willowisp","trick"],"nature":"Timid","evs":{"hp":0,"atk":0,"def":0,"spa":252,"spd":4,"spe":252},"ivs":{"hp":31,"atk":31,"def":31,"spa":31,"spd":31,"spe":31}},{"name":"Condom","species":"eelektross","item":"assaultvest","ability":"Levitate","moves":["gigadrain","thunderbolt","drainpunch","knockoff"],"nature":"Quiet","evs":{"hp":3,"atk":136,"def":0,"spa":108,"spd":252,"spe":0},"ivs":{"hp":31,"atk":31,"def":31,"spa":31,"spd":31,"spe":31}}],"p2team":[{"name":"Reckless","species":"staraptor","item":"leftovers","ability":"Intimidate","moves":["bravebird","roost","featherdance","defog"],"nature":"Impish","evs":{"hp":252,"atk":4,"def":252,"spa":0,"spd":0,"spe":0},"ivs":{"hp":31,"atk":31,"def":31,"spa":31,"spd":31,"spe":31}},{"name":"BetterThanYou","species":"ditto","item":"choicescarf","ability":"Imposter","moves":["transform"],"nature":"Bold","evs":{"hp":248,"atk":0,"def":252,"spa":0,"spd":8,"spe":0},"happiness":0,"ivs":{"hp":31,"atk":31,"def":31,"spa":31,"spd":31,"spe":31}},{"name":"Nurse Joy pls","species":"chansey","item":"eviolite","ability":"Natural Cure","moves":["aromatherapy","softboiled","thunderwave","seismictoss"],"nature":"Bold","evs":{"hp":248,"atk":0,"def":252,"spa":0,"spd":8,"spe":0},"ivs":{"hp":31,"atk":31,"def":31,"spa":31,"spd":31,"spe":31}},{"name":"EnergizerBunny","species":"lopunny","item":"lopunnite","ability":"Cute Charm","moves":["fakeout","highjumpkick","icepunch","frustration"],"nature":"Jolly","evs":{"hp":4,"atk":252,"def":0,"spa":0,"spd":0,"spe":252},"happiness":0,"ivs":{"hp":31,"atk":31,"def":31,"spa":31,"spd":31,"spe":31}},{"name":"DownloadFreeRAM","species":"porygon2","item":"eviolite","ability":"Trace","moves":["toxic","recover","icebeam","discharge"],"nature":"Bold","evs":{"hp":248,"atk":0,"def":252,"spa":8,"spd":0,"spe":0},"ivs":{"hp":31,"atk":31,"def":31,"spa":31,"spd":31,"spe":31}},{"name":"Diggersby tho","species":"diggersby","item":"choiceband","ability":"Huge Power","moves":["earthquake","quickattack","frustration","uturn"],"nature":"Adamant","evs":{"hp":4,"atk":252,"def":0,"spa":0,"spd":0,"spe":252},"happiness":0,"ivs":{"hp":31,"atk":31,"def":31,"spa":31,"spd":31,"spe":31}}],"log":["|player|p1|Twizz|264","|player|p2|Crystal Blade64|165","|gametype|singles","|gen|6","|tier|Monotype","|rated","|rule|Baton Pass Clause: Limit one Baton Passer, can't pass Spe and other stats simultaneously","|rule|Swagger Clause: Swagger is banned","|rule|Same Type Clause: Pokémon in a team must share a type","|clearpoke","|poke|p1|Magnezone","|poke|p1|Zapdos","|poke|p1|Ampharos, F","|poke|p1|Raikou","|poke|p1|Rotom-Wash","|poke|p1|Eelektross, F","|poke|p2|Staraptor, M","|poke|p2|Ditto","|poke|p2|Chansey, F","|poke|p2|Lopunny, F","|poke|p2|Porygon2","|poke|p2|Diggersby, M","|rule|Sleep Clause Mod: Limit one foe put to sleep","|rule|Species Clause: Limit one of each Pokémon","|rule|OHKO Clause: OHKO moves are banned","|rule|Moody Clause: Moody is banned","|rule|Evasion Moves Clause: Evasion moves are banned","|rule|Endless Battle Clause: Forcing endless battles is banned","|rule|HP Percentage Mod: HP is shown in percentages","|teampreview","|","|start","|switch|p1a: Rotom-Wash|Rotom-Wash|241/241","|switch|p2a: Diggersby tho|Diggersby, M|312/312","|turn|1","|","|move|p1a: Rotom-Wash|Will-O-Wisp|p2a: Diggersby tho|[miss]","|-miss|p1a: Rotom-Wash|p2a: Diggersby tho","|move|p2a: Diggersby tho|Frustration|p1a: Rotom-Wash","|-damage|p1a: Rotom-Wash|0 fnt","|faint|p1a: Rotom-Wash","|","|","|switch|p1a: Zapdos|Zapdos|322/322","|-ability|p1a: Zapdos|Pressure","|turn|2","|","|move|p2a: Diggersby tho|Frustration|p1a: Zapdos","|-damage|p1a: Zapdos|24/322","|move|p1a: Zapdos|Toxic|p2a: Diggersby tho","|-status|p2a: Diggersby tho|tox","|","|-heal|p1a: Zapdos|44/322|[from] item: Leftovers","|-damage|p2a: Diggersby tho|293/312 tox|[from] psn","|turn|3","|","|switch|p1a: Magnezone|Magnezone|300/300","|move|p2a: Diggersby tho|Frustration|p1a: Magnezone","|-resisted|p1a: Magnezone","|-damage|p1a: Magnezone|170/300","|","|-heal|p1a: Magnezone|188/300|[from] item: Leftovers","|-damage|p2a: Diggersby tho|255/312 tox|[from] psn","|turn|4","|","|switch|p2a: Nurse Joy pls|Chansey, F|703/703","|move|p1a: Magnezone|Protect|p1a: Magnezone","|-fail|p1a: Magnezone","|","|-heal|p1a: Magnezone|206/300|[from] item: Leftovers","|turn|5","|","|switch|p1a: Zapdos|Zapdos|44/322","|-ability|p1a: Zapdos|Pressure","|move|p2a: Nurse Joy pls|Seismic Toss|p1a: Zapdos","|-damage|p1a: Zapdos|0 fnt","|faint|p1a: Zapdos","|","|","|switch|p1a: Condom|Eelektross, F|311/311","|turn|6","|","|switch|p2a: Reckless|Staraptor, M|374/374","|-ability|p2a: Reckless|Intimidate","|-unboost|p1a: Condom|atk|1","|move|p1a: Condom|Thunderbolt|p2a: Reckless","|-supereffective|p2a: Reckless","|-damage|p2a: Reckless|0 fnt","|faint|p2a: Reckless","|","|","|switch|p2a: EnergizerBunny|Lopunny, F|272/272","|turn|7","|","|switch|p1a: Magnezone|Magnezone|206/300","|detailschange|p2a: EnergizerBunny|Lopunny-Mega, F","|-mega|p2a: EnergizerBunny|Lopunny|Lopunnite","|move|p2a: EnergizerBunny|Fake Out|p1a: Magnezone","|-resisted|p1a: Magnezone","|-damage|p1a: Magnezone|179/300","|","|-heal|p1a: Magnezone|197/300|[from] item: Leftovers","|turn|8","|","|move|p1a: Magnezone|Protect|p1a: Magnezone","|-singleturn|p1a: Magnezone|Protect","|move|p2a: EnergizerBunny|High Jump Kick|p1a: Magnezone","|-activate|p1a: Magnezone|Protect","|-damage|p2a: EnergizerBunny|136/272|[from] highjumpkick","|","|-heal|p1a: Magnezone|215/300|[from] item: Leftovers","|turn|9","|","|move|p2a: EnergizerBunny|High Jump Kick|p1a: Magnezone","|-supereffective|p1a: Magnezone","|-damage|p1a: Magnezone|0 fnt","|faint|p1a: Magnezone","|","|","|switch|p1a: Ampharos|Ampharos, F|321/321","|turn|10","|","|detailschange|p1a: Ampharos|Ampharos-Mega, F","|-mega|p1a: Ampharos|Ampharos|Ampharosite","|-ability|p1a: Ampharos|Mold Breaker","|move|p2a: EnergizerBunny|Ice Punch|p1a: Ampharos","|-supereffective|p1a: Ampharos","|-damage|p1a: Ampharos|187/321","|move|p1a: Ampharos|Dragon Pulse|p2a: EnergizerBunny","|-damage|p2a: EnergizerBunny|0 fnt","|faint|p2a: EnergizerBunny","|","|","|switch|p2a: Diggersby tho|Diggersby, M|255/312 tox","|turn|11","|","|move|p2a: Diggersby tho|U-turn|p1a: Ampharos","|-damage|p1a: Ampharos|69/321","|","|switch|p2a: Nurse Joy pls|Chansey, F|703/703","|move|p1a: Ampharos|Dragon Pulse|p2a: Nurse Joy pls","|-damage|p2a: Nurse Joy pls|603/703","|","|turn|12","|","|move|p2a: Nurse Joy pls|Seismic Toss|p1a: Ampharos","|-damage|p1a: Ampharos|0 fnt","|faint|p1a: Ampharos","|","|","|switch|p1a: Condom|Eelektross, F|311/311","|turn|13","|","|move|p2a: Nurse Joy pls|Seismic Toss|p1a: Condom","|-damage|p1a: Condom|211/311","|move|p1a: Condom|Knock Off|p2a: Nurse Joy pls","|-damage|p2a: Nurse Joy pls|473/703","|-enditem|p2a: Nurse Joy pls|Eviolite|[from] move: Knock Off|[of] p1a: Condom","|","|turn|14","|","|move|p2a: Nurse Joy pls|Seismic Toss|p1a: Condom","|-damage|p1a: Condom|111/311","|move|p1a: Condom|Drain Punch|p2a: Nurse Joy pls","|-supereffective|p2a: Nurse Joy pls","|-damage|p2a: Nurse Joy pls|179/703","|-heal|p1a: Condom|258/311|[from] drain|[of] p2a: Nurse Joy pls","|","|turn|15","|","|switch|p2a: DownloadFreeRAM|Porygon2|373/373","|-ability|p2a: DownloadFreeRAM|Levitate|[from] ability: Trace|[of] p1a: Condom","|move|p1a: Condom|Knock Off|p2a: DownloadFreeRAM","|-damage|p2a: DownloadFreeRAM|325/373","|-enditem|p2a: DownloadFreeRAM|Eviolite|[from] move: Knock Off|[of] p1a: Condom","|","|turn|16","|","|move|p2a: DownloadFreeRAM|Toxic|p1a: Condom","|-status|p1a: Condom|tox","|move|p1a: Condom|Drain Punch|p2a: DownloadFreeRAM","|-crit|p2a: DownloadFreeRAM","|-supereffective|p2a: DownloadFreeRAM","|-damage|p2a: DownloadFreeRAM|155/373","|-heal|p1a: Condom|311/311 tox|[from] drain|[of] p2a: DownloadFreeRAM","|","|-damage|p1a: Condom|292/311 tox|[from] psn","|turn|17","|","|switch|p1a: Raikou|Raikou|321/321","|-ability|p1a: Raikou|Pressure","|move|p2a: DownloadFreeRAM|Recover|p2a: DownloadFreeRAM","|-heal|p2a: DownloadFreeRAM|342/373","|","|turn|18","|","|move|p1a: Raikou|Substitute|p1a: Raikou","|-start|p1a: Raikou|Substitute","|-damage|p1a: Raikou|241/321","|move|p2a: DownloadFreeRAM|Toxic|p1a: Raikou","|-fail|p1a: Raikou","|","|-heal|p1a: Raikou|261/321|[from] item: Leftovers","|turn|19","|","|move|p1a: Raikou|Calm Mind|p1a: Raikou","|-boost|p1a: Raikou|spa|1","|-boost|p1a: Raikou|spd|1","|move|p2a: DownloadFreeRAM|Ice Beam|p1a: Raikou","|-activate|p1a: Raikou|Substitute|[damage]","|","|-heal|p1a: Raikou|281/321|[from] item: Leftovers","|turn|20","|","|switch|p2a: Nurse Joy pls|Chansey, F|179/703","|move|p1a: Raikou|Calm Mind|p1a: Raikou","|-boost|p1a: Raikou|spa|1","|-boost|p1a: Raikou|spd|1","|","|-heal|p1a: Raikou|301/321|[from] item: Leftovers","|turn|21","|","|move|p1a: Raikou|Thunderbolt|p2a: Nurse Joy pls","|-damage|p2a: Nurse Joy pls|0 fnt","|faint|p2a: Nurse Joy pls","|","|-heal|p1a: Raikou|321/321|[from] item: Leftovers","|","|switch|p2a: Diggersby tho|Diggersby, M|255/312 tox","|turn|22","|","|move|p2a: Diggersby tho|Quick Attack|p1a: Raikou","|-end|p1a: Raikou|Substitute","|move|p1a: Raikou|Extrasensory|p2a: Diggersby tho","|-damage|p2a: Diggersby tho|40/312 tox","|","|-damage|p2a: Diggersby tho|21/312 tox|[from] psn","|turn|23","|","|switch|p1a: Condom|Eelektross, F|292/311 tox","|move|p2a: Diggersby tho|Quick Attack|p1a: Condom","|-damage|p1a: Condom|135/311 tox","|","|-damage|p2a: Diggersby tho|0 fnt|[from] psn","|-damage|p1a: Condom|116/311 tox|[from] psn","|faint|p2a: Diggersby tho","|","|switch|p2a: BetterThanYou|Ditto|299/299","|-transform|p2a: BetterThanYou|p1a: Condom","|turn|24","|","|switch|p2a: DownloadFreeRAM|Porygon2|342/373","|-ability|p2a: DownloadFreeRAM|Levitate|[from] ability: Trace|[of] p1a: Condom","|move|p1a: Condom|Giga Drain|p2a: DownloadFreeRAM","|-damage|p2a: DownloadFreeRAM|258/373","|-heal|p1a: Condom|158/311 tox|[from] drain|[of] p2a: DownloadFreeRAM","|","|-damage|p1a: Condom|120/311 tox|[from] psn","|turn|25","|","|move|p2a: DownloadFreeRAM|Ice Beam|p1a: Condom","|-damage|p1a: Condom|78/311 tox","|move|p1a: Condom|Drain Punch|p2a: DownloadFreeRAM","|-supereffective|p2a: DownloadFreeRAM","|-damage|p2a: DownloadFreeRAM|144/373","|-heal|p1a: Condom|135/311 tox|[from] drain|[of] p2a: DownloadFreeRAM","|","|-damage|p1a: Condom|78/311 tox|[from] psn","|turn|26","|","|switch|p1a: Raikou|Raikou|321/321","|-ability|p1a: Raikou|Pressure","|move|p2a: DownloadFreeRAM|Ice Beam|p1a: Raikou","|-damage|p1a: Raikou|253/321","|","|-heal|p1a: Raikou|273/321|[from] item: Leftovers","|turn|27","|","|switch|p2a: BetterThanYou|Ditto|299/299","|-transform|p2a: BetterThanYou|p1a: Raikou","|-ability|p2a: BetterThanYou|Pressure","|move|p1a: Raikou|Substitute|p1a: Raikou","|-start|p1a: Raikou|Substitute","|-damage|p1a: Raikou|193/321","|","|-heal|p1a: Raikou|213/321|[from] item: Leftovers","|turn|28","|","|move|p2a: BetterThanYou|Extrasensory|p1a: Raikou","|-end|p1a: Raikou|Substitute","|move|p1a: Raikou|Calm Mind|p1a: Raikou","|-boost|p1a: Raikou|spa|1","|-boost|p1a: Raikou|spd|1","|","|-heal|p1a: Raikou|233/321|[from] item: Leftovers","|turn|29","|","|move|p2a: BetterThanYou|Extrasensory|p1a: Raikou","|-damage|p1a: Raikou|177/321","|move|p1a: Raikou|Calm Mind|p1a: Raikou","|-boost|p1a: Raikou|spa|1","|-boost|p1a: Raikou|spd|1","|","|-heal|p1a: Raikou|197/321|[from] item: Leftovers","|turn|30","|","|move|p2a: BetterThanYou|Extrasensory|p1a: Raikou","|-damage|p1a: Raikou|156/321","|move|p1a: Raikou|Substitute|p1a: Raikou","|-start|p1a: Raikou|Substitute","|-damage|p1a: Raikou|76/321","|","|-heal|p1a: Raikou|96/321|[from] item: Leftovers","|turn|31","|","|switch|p2a: DownloadFreeRAM|Porygon2|144/373","|-ability|p2a: DownloadFreeRAM|Pressure|[from] ability: Trace|[of] p1a: Raikou","|-ability|p2a: DownloadFreeRAM|Pressure","|move|p1a: Raikou|Extrasensory|p2a: DownloadFreeRAM","|-damage|p2a: DownloadFreeRAM|0 fnt","|faint|p2a: DownloadFreeRAM","|","|-heal|p1a: Raikou|116/321|[from] item: Leftovers","|","|switch|p2a: BetterThanYou|Ditto|299/299","|turn|32","|","|move|p1a: Raikou|Thunderbolt|p2a: BetterThanYou","|-damage|p2a: BetterThanYou|0 fnt","|faint|p2a: BetterThanYou","|","|win|Twizz"],"p1rating":{"entryid":"66045","serverid":"eos","formatid":"monotype","userid":"twizz","username":"Twizz","w":4,"l":"3","t":"0","gxe":52.5,"r":"1500","rd":"130","sigma":"0","rptime":"1439888400","rpr":1519.1692895963,"rprd":95.877746590725,"rpsigma":"0","acre":1096.8557620011,"lacre":1096.8557620011,"oldacre":"1074.0245992031"},"p2rating":{"entryid":73557,"formatid":"monotype","userid":"crystalblade64","username":"Crystal Blade64","r":1500,"rd":130,"sigma":0,"rpr":1459.8393856612,"rprd":122.8583080769,"rpsigma":0,"rptime":1439888400,"w":0,"l":1,"t":0,"gxe":45,"acre":1000,"lacre":1000,"oldacre":1000},"endType":"normal"}