{"seed":[43243,13978,38259,38092],"turns":24,"p1":"Shining Yin","p2":"Twizz","p1team":[{"name":"Infernape","species":"Infernape","item":"focussash","ability":"Iron Fist","moves":["overheat","closecombat","stealthrock","taunt"],"nature":"Naive","evs":{"hp":0,"atk":168,"def":0,"spa":88,"spd":0,"spe":252},"ivs":{"hp":31,"atk":31,"def":31,"spa":31,"spd":31,"spe":31}},{"name":"Charizard","species":"Charizard","item":"charizarditey","ability":"Blaze","moves":["fireblast","defog","solarbeam","roost"],"nature":"Modest","evs":{"hp":0,"atk":0,"def":0,"spa":252,"spd":4,"spe":252},"ivs":{"hp":31,"atk":31,"def":31,"spa":31,"spd":31,"spe":31}},{"name":"Darmanitan","species":"Darmanitan","item":"choicescarf","ability":"Sheer Force","moves":["flareblitz","superpower","uturn","rockslide"],"nature":"Jolly","evs":{"hp":0,"atk":252,"def":0,"spa":0,"spd":4,"spe":252},"ivs":{"hp":31,"atk":31,"def":31,"spa":31,"spd":31,"spe":31}},{"name":"Fletchinder","species":"Fletchinder","item":"","ability":"Gale Wings","moves":["acrobatics","swordsdance","willowisp","tailwind"],"nature":"Adamant","evs":{"hp":0,"atk":252,"def":4,"spa":0,"spd":0,"spe":252},"shiny":true,"ivs":{"hp":31,"atk":31,"def":31,"spa":31,"spd":31,"spe":31}},{"name":"Rotom-Heat","species":"Rotom-Heat","item":"choicespecs","ability":"Levitate","moves":["discharge","voltswitch","overheat","trick"],"nature":"Modest","evs":{"hp":0,"atk":0,"def":0,"spa":252,"spd":4,"spe":252},"ivs":{"hp":31,"atk":31,"def":31,"spa":31,"spd":31,"spe":31}},{"name":"Victini","species":"Victini","item":"choicescarf","ability":"Victory Star","moves":["vcreate","boltstrike","uturn","zenheadbutt"],"nature":"Jolly","evs":{"hp":0,"atk":252,"def":0,"spa":0,"spd":4,"spe":252},"ivs":{"hp":31,"atk":31,"def":31,"spa":31,"spd":31,"spe":31}}],"p2team":[{"name":"Magnezone","species":"Magnezone","item":"leftovers","ability":"Sturdy","moves":["flashcannon","thunderbolt","protect","hiddenpowerice"],"nature":"Modest","evs":{"hp":76,"atk":0,"def":180,"spa":252,"spd":0,"spe":0},"ivs":{"hp":31,"atk":30,"def":30,"spa":31,"spd":31,"spe":31}},{"name":"Zapdos","species":"Zapdos","item":"leftovers","ability":"Pressure","moves":["discharge","heatwave","toxic","roost"],"nature":"Bold","evs":{"hp":4,"atk":0,"def":252,"spa":56,"spd":196,"spe":0},"ivs":{"hp":31,"atk":31,"def":31,"spa":31,"spd":31,"spe":31}},{"name":"Ampharos","species":"Ampharos","item":"ampharosite","ability":"Static","moves":["cottonguard","rest","sleeptalk","dragonpulse"],"nature":"Bold","evs":{"hp":0,"atk":0,"def":252,"spa":136,"spd":120,"spe":0},"ivs":{"hp":31,"atk":31,"def":31,"spa":31,"spd":31,"spe":31}},{"name":"Raikou","species":"Raikou","item":"leftovers","ability":"Pressure","moves":["calmmind","substitute","thunderbolt","extrasensory"],"nature":"Timid","evs":{"hp":0,"atk":0,"def":0,"spa":252,"spd":4,"spe":252},"ivs":{"hp":31,"atk":31,"def":31,"spa":31,"spd":31,"spe":31}},{"name":"Rotom-Wash","species":"Rotom-Wash","item":"choicescarf","ability":"Levitate","moves":["voltswitch","hydropump","willowisp","trick"],"nature":"Timid","evs":{"hp":0,"atk":0,"def":0,"spa":252,"spd":4,"spe":252},"ivs":{"hp":31,"atk":31,"def":31,"spa":31,"spd":31,"spe":31}},{"name":"Condom","species":"eelektross","item":"assaultvest","ability":"Levitate","moves":["gigadrain","thunderbolt","drainpunch","knockoff"],"nature":"Quiet","evs":{"hp":3,"atk":136,"def":0,"spa":108,"spd":252,"spe":0},"ivs":{"hp":31,"atk":31,"def":31,"spa":31,"spd":31,"spe":31}}],"log":["|player|p1|Shining Yin|277","|player|p2|Twizz|264","|gametype|singles","|gen|6","|tier|Monotype","|rated","|rule|Baton Pass Clause: Limit one Baton Passer, can't pass Spe and other stats simultaneously","|rule|Swagger Clause: Swagger is banned","|rule|Same Type Clause: Pokémon in a team must share a type","|clearpoke","|poke|p1|Infernape, M","|poke|p1|Charizard, M","|poke|p1|Darmanitan, M","|poke|p1|Fletchinder, M, shiny","|poke|p1|Rotom-Heat","|poke|p1|Victini","|poke|p2|Magnezone","|poke|p2|Zapdos","|poke|p2|Ampharos, F","|poke|p2|Raikou","|poke|p2|Rotom-Wash","|poke|p2|Eelektross, F","|rule|Sleep Clause Mod: Limit one foe put to sleep","|rule|Species Clause: Limit one of each Pokémon","|rule|OHKO Clause: OHKO moves are banned","|rule|Moody Clause: Moody is banned","|rule|Evasion Moves Clause: Evasion moves are banned","|rule|Endless Battle Clause: Forcing endless battles is banned","|rule|HP Percentage Mod: HP is shown in percentages","|teampreview","|","|start","|switch|p1a: Charizard|Charizard, M|297/297","|switch|p2a: Rotom-Wash|Rotom-Wash|241/241","|turn|1","|","|detailschange|p1a: Charizard|Charizard-Mega-Y, M","|-mega|p1a: Charizard|Charizard|Charizardite Y","|-weather|SunnyDay","|move|p2a: Rotom-Wash|Hydro Pump|p1a: Charizard","|-supereffective|p1a: Charizard","|-damage|p1a: Charizard|151/297","|move|p1a: Charizard|Solar Beam|p2a: Rotom-Wash|[still]","|-prepare|p1a: Charizard|Solar Beam|p2a: Rotom-Wash","|-anim|p1a: Charizard|Solar Beam|p2a: Rotom-Wash","|-crit|p2a: Rotom-Wash","|-supereffective|p2a: Rotom-Wash","|-damage|p2a: Rotom-Wash|0 fnt","|faint|p2a: Rotom-Wash","|","|-weather|SunnyDay|[upkeep]","|","|switch|p2a: Condom|Eelektross, F|311/311","|turn|2","|","|switch|p1a: Rotom-Heat|Rotom-Heat|241/241","|move|p2a: Condom|Knock Off|p1a: Rotom-Heat","|-damage|p1a: Rotom-Heat|148/241","|-enditem|p1a: Rotom-Heat|Choice Specs|[from] move: Knock Off|[of] p2a: Condom","|","|-weather|SunnyDay|[upkeep]","|turn|3","|","|move|p1a: Rotom-Heat|Trick|p2a: Condom","|-activate|p1a: Rotom-Heat|move: Trick|[of] p2a: Condom","|-item|p1a: Rotom-Heat|Assault Vest|[from] move: Trick","|move|p2a: Condom|Drain Punch|p1a: Rotom-Heat","|-damage|p1a: Rotom-Heat|73/241","|","|-weather|SunnyDay|[upkeep]","|turn|4","|","|move|p1a: Rotom-Heat|Overheat|p2a: Condom","|-damage|p2a: Condom|20/311","|-unboost|p1a: Rotom-Heat|spa|2","|move|p2a: Condom|Drain Punch|p1a: Rotom-Heat","|-damage|p1a: Rotom-Heat|4/241","|-heal|p2a: Condom|55/311|[from] drain|[of] p1a: Rotom-Heat","|","|-weather|SunnyDay|[upkeep]","|turn|5","|","|switch|p2a: Raikou|Raikou|321/321","|-ability|p2a: Raikou|Pressure","|move|p1a: Rotom-Heat|Overheat|p2a: Raikou","|-damage|p2a: Raikou|144/321","|-unboost|p1a: Rotom-Heat|spa|2","|","|-weather|none","|-heal|p2a: Raikou|164/321|[from] item: Leftovers","|turn|6","|","|switch|p1a: Darmanitan|Darmanitan, M|351/351","|move|p2a: Raikou|Calm Mind|p2a: Raikou","|-boost|p2a: Raikou|spa|1","|-boost|p2a: Raikou|spd|1","|","|-heal|p2a: Raikou|184/321|[from] item: Leftovers","|turn|7","|","|move|p1a: Darmanitan|Flare Blitz|p2a: Raikou","|-damage|p2a: Raikou|0 fnt","|-damage|p1a: Darmanitan|290/351|[from] recoil|[of] p2a: Raikou","|faint|p2a: Raikou","|","|","|switch|p2a: Magnezone|Magnezone|300/300","|turn|8","|","|switch|p1a: Rotom-Heat|Rotom-Heat|4/241","|move|p2a: Magnezone|Thunderbolt|p1a: Rotom-Heat","|-resisted|p1a: Rotom-Heat","|-damage|p1a: Rotom-Heat|0 fnt","|faint|p1a: Rotom-Heat","|","|","|switch|p1a: Infernape|Infernape, M|293/293","|turn|9","|","|move|p2a: Magnezone|Protect|p2a: Magnezone","|-singleturn|p2a: Magnezone|Protect","|move|p1a: Infernape|Close Combat|p2a: Magnezone","|-activate|p2a: Magnezone|Protect","|","|turn|10","|","|switch|p2a: Zapdos|Zapdos|322/322","|-ability|p2a: Zapdos|Pressure","|move|p1a: Infernape|Stealth Rock|p2a: Zapdos","|-sidestart|p2: Twizz|move: Stealth Rock","|","|turn|11","|","|move|p1a: Infernape|Taunt|p2a: Zapdos","|-start|p2a: Zapdos|move: Taunt","|cant|p2a: Zapdos|move: Taunt|Toxic","|","|turn|12","|","|switch|p1a: Charizard|Charizard-Mega-Y, M|151/297","|-weather|SunnyDay","|move|p2a: Zapdos|Discharge|p1a: Charizard","|-supereffective|p1a: Charizard","|-damage|p1a: Charizard|0 fnt","|faint|p1a: Charizard","|","|-weather|SunnyDay|[upkeep]","|","|switch|p1a: Victini|Victini|341/341","|turn|13","|","|move|p1a: Victini|V-create|p2a: Zapdos","|-damage|p2a: Zapdos|1/322","|-unboost|p1a: Victini|spe|1","|-unboost|p1a: Victini|def|1","|-unboost|p1a: Victini|spd|1","|move|p2a: Zapdos|Discharge|p1a: Victini","|-damage|p1a: Victini|154/341","|","|-weather|SunnyDay|[upkeep]","|-heal|p2a: Zapdos|21/322|[from] item: Leftovers","|-end|p2a: Zapdos|move: Taunt","|turn|14","|","|move|p1a: Victini|V-create|p2a: Zapdos","|-damage|p2a: Zapdos|0 fnt","|-unboost|p1a: Victini|spe|1","|-unboost|p1a: Victini|def|1","|-unboost|p1a: Victini|spd|1","|faint|p2a: Zapdos","|","|-weather|SunnyDay|[upkeep]","|","|switch|p2a: Magnezone|Magnezone|300/300","|-damage|p2a: Magnezone|282/300|[from] Stealth Rock","|turn|15","|","|move|p2a: Magnezone|Protect|p2a: Magnezone","|-singleturn|p2a: Magnezone|Protect","|move|p1a: Victini|V-create|p2a: Magnezone","|-activate|p2a: Magnezone|Protect","|","|-weather|SunnyDay|[upkeep]","|-heal|p2a: Magnezone|300/300|[from] item: Leftovers","|turn|16","|","|move|p1a: Victini|V-create|p2a: Magnezone","|-supereffective|p2a: Magnezone","|-ability|p2a: Magnezone|Sturdy","|-damage|p2a: Magnezone|1/300","|-unboost|p1a: Victini|spe|1","|-unboost|p1a: Victini|def|1","|-unboost|p1a: Victini|spd|1","|move|p2a: Magnezone|Thunderbolt|p1a: Victini","|-damage|p1a: Victini|0 fnt","|faint|p1a: Victini","|","|-weather|none","|-heal|p2a: Magnezone|19/300|[from] item: Leftovers","|","|switch|p1a: Infernape|Infernape, M|293/293","|turn|17","|","|move|p2a: Magnezone|Protect|p2a: Magnezone","|-singleturn|p2a: Magnezone|Protect","|move|p1a: Infernape|Close Combat|p2a: Magnezone","|-activate|p2a: Magnezone|Protect","|","|-heal|p2a: Magnezone|37/300|[from] item: Leftovers","|turn|18","|","|move|p1a: Infernape|Close Combat|p2a: Magnezone","|-supereffective|p2a: Magnezone","|-damage|p2a: Magnezone|0 fnt","|-unboost|p1a: Infernape|def|1","|-unboost|p1a: Infernape|spd|1","|faint|p2a: Magnezone","|","|","|switch|p2a: Ampharos|Ampharos, F|321/321","|-damage|p2a: Ampharos|281/321|[from] Stealth Rock","|turn|19","|","|detailschange|p2a: Ampharos|Ampharos-Mega, F","|-mega|p2a: Ampharos|Ampharos|Ampharosite","|-ability|p2a: Ampharos|Mold Breaker","|move|p1a: Infernape|Close Combat|p2a: Ampharos","|-damage|p2a: Ampharos|154/321","|-unboost|p1a: Infernape|def|1","|-unboost|p1a: Infernape|spd|1","|move|p2a: Ampharos|Cotton Guard|p2a: Ampharos","|-boost|p2a: Ampharos|def|3","|","|turn|20","|","|move|p1a: Infernape|Taunt|p2a: Ampharos","|-start|p2a: Ampharos|move: Taunt","|cant|p2a: Ampharos|move: Taunt|Rest","|","|turn|21","|","|move|p1a: Infernape|Close Combat|p2a: Ampharos","|-damage|p2a: Ampharos|106/321","|-unboost|p1a: Infernape|def|1","|-unboost|p1a: Infernape|spd|1","|move|p2a: Ampharos|Dragon Pulse|p1a: Infernape","|-enditem|p1a: Infernape|Focus Sash","|-damage|p1a: Infernape|1/293","|","|turn|22","|","|move|p1a: Infernape|Close Combat|p2a: Ampharos","|-damage|p2a: Ampharos|61/321","|-unboost|p1a: Infernape|def|1","|-unboost|p1a: Infernape|spd|1","|move|p2a: Ampharos|Dragon Pulse|p1a: Infernape","|-damage|p1a: Infernape|0 fnt","|faint|p1a: Infernape","|","|-end|p2a: Ampharos|move: Taunt","|","|switch|p1a: Darmanitan|Darmanitan, M|290/351","|turn|23","|","|move|p1a: Darmanitan|U-turn|p2a: Ampharos","|-damage|p2a: Ampharos|34/321","|","|switch|p1a: Fletchinder|Fletchinder, M, shiny|265/265","|move|p2a: Ampharos|Rest|p2a: Ampharos","|-status|p2a: Ampharos|slp","|-heal|p2a: Ampharos|321/321 slp|[silent]","|-status|p2a: Ampharos|slp|[from] move: Rest","|","|turn|24","|","|win|Twizz"],"p1rating":{"entryid":"71235","serverid":"eos","formatid":"monotype","userid":"shiningyin","username":"Shining Yin","w":"1","l":1,"t":"0","gxe":50,"r":"1500","rd":"130","sigma":"0","rptime":"1439888400","rpr":1500,"rprd":116.77753930647,"rpsigma":"0","acre":1030.1613250075,"lacre":1030.1613250075,"oldacre":"1048.5884320574"},"p2rating":{"entryid":"66045","serverid":"eos","formatid":"monotype","userid":"twizz","username":"Twizz","w":2,"l":"2","t":"0","gxe":49.6,"r":"1500","rd":"130","sigma":"0","rptime":"1439888400","rpr":1496.4738011644,"rprd":106.89392822416,"rpsigma":"0","acre":1064.1994307414,"lacre":1064.1994307414,"oldacre":"1025.6683679155"},"endType":"forfeit"}