{"seed":[36927,9327,48967,13583],"turns":24,"p1":"GTX♅Cool","p2":"Twizz","p1team":[{"name":"Ludicolo","species":"Ludicolo","item":"lifeorb","ability":"Swift Swim","moves":["surf","gigadrain","icebeam","focusblast"],"nature":"","evs":{"hp":0,"atk":0,"def":0,"spa":252,"spd":4,"spe":252},"ivs":{"hp":31,"atk":31,"def":31,"spa":31,"spd":31,"spe":31}},{"name":"Politoed","species":"Politoed","item":"leftovers","ability":"Drizzle","moves":["scald","icebeam","perishsong","protect"],"nature":"","evs":{"hp":252,"atk":0,"def":76,"spa":76,"spd":100,"spe":4},"ivs":{"hp":31,"atk":31,"def":31,"spa":31,"spd":31,"spe":31}},{"name":"Keldeo","species":"Keldeo","item":"choicescarf","ability":"Justified","moves":["scald","sacredsword","hydropump","icywind"],"nature":"Timid","evs":{"hp":0,"atk":0,"def":4,"spa":252,"spd":0,"spe":252},"ivs":{"hp":31,"atk":31,"def":31,"spa":31,"spd":31,"spe":31}},{"name":"Gyarados","species":"Gyarados","item":"choicescarf","ability":"Moxie","moves":["waterfall","earthquake","dragondance","protect"],"nature":"Adamant","evs":{"hp":12,"atk":252,"def":0,"spa":0,"spd":0,"spe":244},"ivs":{"hp":31,"atk":31,"def":31,"spa":31,"spd":31,"spe":31}},{"name":"Swampert","species":"Swampert","item":"swampertite","ability":"Damp","moves":["waterfall","earthquake","icepunch","poweruppunch"],"nature":"Adamant","evs":{"hp":0,"atk":252,"def":4,"spa":0,"spd":0,"spe":252},"ivs":{"hp":31,"atk":31,"def":31,"spa":31,"spd":31,"spe":31}},{"name":"Azumarill","species":"Azumarill","item":"sitrusberry","ability":"Sap Sipper","moves":["bellydrum","aquajet","playrough","knockoff"],"nature":"Adamant","evs":{"hp":92,"atk":252,"def":0,"spa":0,"spd":0,"spe":164},"ivs":{"hp":31,"atk":31,"def":31,"spa":31,"spd":31,"spe":31}}],"p2team":[{"name":"Magnezone","species":"Magnezone","item":"leftovers","ability":"Sturdy","moves":["flashcannon","thunderbolt","protect","hiddenpowerice"],"nature":"Modest","evs":{"hp":76,"atk":0,"def":180,"spa":252,"spd":0,"spe":0},"ivs":{"hp":31,"atk":30,"def":30,"spa":31,"spd":31,"spe":31}},{"name":"Zapdos","species":"Zapdos","item":"leftovers","ability":"Pressure","moves":["discharge","heatwave","toxic","roost"],"nature":"Bold","evs":{"hp":4,"atk":0,"def":252,"spa":56,"spd":196,"spe":0},"ivs":{"hp":31,"atk":31,"def":31,"spa":31,"spd":31,"spe":31}},{"name":"Ampharos","species":"Ampharos","item":"ampharosite","ability":"Static","moves":["cottonguard","rest","sleeptalk","dragonpulse"],"nature":"Bold","evs":{"hp":0,"atk":0,"def":252,"spa":136,"spd":120,"spe":0},"ivs":{"hp":31,"atk":31,"def":31,"spa":31,"spd":31,"spe":31}},{"name":"Raikou","species":"Raikou","item":"leftovers","ability":"Pressure","moves":["calmmind","substitute","thunderbolt","extrasensory"],"nature":"Timid","evs":{"hp":0,"atk":0,"def":0,"spa":252,"spd":4,"spe":252},"ivs":{"hp":31,"atk":31,"def":31,"spa":31,"spd":31,"spe":31}},{"name":"Rotom-Wash","species":"Rotom-Wash","item":"choicescarf","ability":"Levitate","moves":["voltswitch","hydropump","willowisp","trick"],"nature":"Timid","evs":{"hp":0,"atk":0,"def":0,"spa":252,"spd":4,"spe":252},"ivs":{"hp":31,"atk":31,"def":31,"spa":31,"spd":31,"spe":31}},{"name":"Condom","species":"eelektross","item":"assaultvest","ability":"Levitate","moves":["gigadrain","thunderbolt","drainpunch","knockoff"],"nature":"Quiet","evs":{"hp":3,"atk":136,"def":0,"spa":108,"spd":252,"spe":0},"ivs":{"hp":31,"atk":31,"def":31,"spa":31,"spd":31,"spe":31}}],"log":["|player|p1|GTX♅Cool|163","|player|p2|Twizz|264","|gametype|singles","|gen|6","|tier|Monotype","|rated","|rule|Baton Pass Clause: Limit one Baton Passer, can't pass Spe and other stats simultaneously","|rule|Swagger Clause: Swagger is banned","|rule|Same Type Clause: Pokémon in a team must share a type","|clearpoke","|poke|p1|Ludicolo, M","|poke|p1|Politoed, M","|poke|p1|Keldeo","|poke|p1|Gyarados, M","|poke|p1|Swampert, M","|poke|p1|Azumarill, F","|poke|p2|Magnezone","|poke|p2|Zapdos","|poke|p2|Ampharos, M","|poke|p2|Raikou","|poke|p2|Rotom-Wash","|poke|p2|Eelektross, F","|rule|Sleep Clause Mod: Limit one foe put to sleep","|rule|Species Clause: Limit one of each Pokémon","|rule|OHKO Clause: OHKO moves are banned","|rule|Moody Clause: Moody is banned","|rule|Evasion Moves Clause: Evasion moves are banned","|rule|Endless Battle Clause: Forcing endless battles is banned","|rule|HP Percentage Mod: HP is shown in percentages","|teampreview","|","|start","|switch|p1a: Swampert|Swampert, M|341/341","|switch|p2a: Rotom-Wash|Rotom-Wash|241/241","|turn|1","|","|switch|p1a: Politoed|Politoed, M|384/384","|-weather|RainDance","|move|p2a: Rotom-Wash|Will-O-Wisp|p1a: Politoed","|-status|p1a: Politoed|brn","|","|-weather|RainDance|[upkeep]","|-damage|p1a: Politoed|336/384 brn|[from] brn","|turn|2","|","|switch|p2a: Condom|Eelektross, F|311/311","|move|p1a: Politoed|Ice Beam|p2a: Condom","|-damage|p2a: Condom|267/311","|","|-weather|RainDance|[upkeep]","|-heal|p1a: Politoed|360/384 brn|[from] item: Leftovers","|-damage|p1a: Politoed|312/384 brn|[from] brn","|turn|3","|","|move|p1a: Politoed|Scald|p2a: Condom","|-damage|p2a: Condom|183/311","|move|p2a: Condom|Knock Off|p1a: Politoed","|-damage|p1a: Politoed|198/384 brn","|-enditem|p1a: Politoed|Leftovers|[from] move: Knock Off|[of] p2a: Condom","|","|-weather|RainDance|[upkeep]","|-damage|p1a: Politoed|150/384 brn|[from] brn","|turn|4","|","|move|p1a: Politoed|Scald|p2a: Condom","|-damage|p2a: Condom|96/311","|move|p2a: Condom|Giga Drain|p1a: Politoed","|-supereffective|p1a: Politoed","|-damage|p1a: Politoed|16/384 brn","|-heal|p2a: Condom|163/311|[from] drain|[of] p1a: Politoed","|","|-weather|RainDance|[upkeep]","|-damage|p1a: Politoed|0 fnt|[from] brn","|faint|p1a: Politoed","|","|switch|p1a: Ludicolo|Ludicolo, M|301/301","|turn|5","|","|move|p1a: Ludicolo|Focus Blast|p2a: Condom","|-damage|p2a: Condom|75/311","|-damage|p1a: Ludicolo|271/301|[from] item: Life Orb","|move|p2a: Condom|Knock Off|p1a: Ludicolo","|-damage|p1a: Ludicolo|141/301","|-enditem|p1a: Ludicolo|Life Orb|[from] move: Knock Off|[of] p2a: Condom","|","|-weather|none","|turn|6","|","|move|p1a: Ludicolo|Focus Blast|p2a: Condom|[miss]","|-miss|p1a: Ludicolo|p2a: Condom","|move|p2a: Condom|Thunderbolt|p1a: Ludicolo","|-damage|p1a: Ludicolo|6/301","|","|turn|7","|","|move|p1a: Ludicolo|Focus Blast|p2a: Condom","|-damage|p2a: Condom|5/311","|move|p2a: Condom|Giga Drain|p1a: Ludicolo","|-damage|p1a: Ludicolo|0 fnt","|-heal|p2a: Condom|8/311|[from] drain|[of] p1a: Ludicolo","|faint|p1a: Ludicolo","|","|","|switch|p1a: Swampert|Swampert, M|341/341","|turn|8","|","|detailschange|p1a: Swampert|Swampert-Mega, M","|-mega|p1a: Swampert|Swampert|Swampertite","|move|p1a: Swampert|Power-Up Punch|p2a: Condom","|-damage|p2a: Condom|0 fnt","|-boost|p1a: Swampert|atk|1","|faint|p2a: Condom","|","|","|switch|p2a: Zapdos|Zapdos|322/322","|-ability|p2a: Zapdos|Pressure","|turn|9","|","|move|p1a: Swampert|Ice Punch|p2a: Zapdos","|-supereffective|p2a: Zapdos","|-damage|p2a: Zapdos|56/322","|move|p2a: Zapdos|Toxic|p1a: Swampert","|-status|p1a: Swampert|tox","|","|-heal|p2a: Zapdos|76/322|[from] item: Leftovers","|-damage|p1a: Swampert|320/341 tox|[from] psn","|turn|10","|","|move|p1a: Swampert|Ice Punch|p2a: Zapdos","|-supereffective|p2a: Zapdos","|-damage|p2a: Zapdos|0 fnt","|faint|p2a: Zapdos","|","|-damage|p1a: Swampert|278/341 tox|[from] psn","|","|switch|p2a: Magnezone|Magnezone|300/300","|turn|11","|","|move|p2a: Magnezone|Protect|p2a: Magnezone","|-singleturn|p2a: Magnezone|Protect","|move|p1a: Swampert|Earthquake|p2a: Magnezone","|-activate|p2a: Magnezone|Protect","|","|-damage|p1a: Swampert|215/341 tox|[from] psn","|turn|12","|","|move|p1a: Swampert|Earthquake|p2a: Magnezone","|-crit|p2a: Magnezone","|-supereffective|p2a: Magnezone","|-ability|p2a: Magnezone|Sturdy","|-damage|p2a: Magnezone|1/300","|move|p2a: Magnezone|Hidden Power|p1a: Swampert","|-damage|p1a: Swampert|143/341 tox","|","|-heal|p2a: Magnezone|19/300|[from] item: Leftovers","|-damage|p1a: Swampert|59/341 tox|[from] psn","|turn|13","|","|move|p2a: Magnezone|Protect|p2a: Magnezone","|-singleturn|p2a: Magnezone|Protect","|move|p1a: Swampert|Earthquake|p2a: Magnezone","|-activate|p2a: Magnezone|Protect","|","|-heal|p2a: Magnezone|37/300|[from] item: Leftovers","|-damage|p1a: Swampert|0 fnt|[from] psn","|faint|p1a: Swampert","|","|switch|p1a: Azumarill|Azumarill, F|364/364","|turn|14","|","|move|p1a: Azumarill|Aqua Jet|p2a: Magnezone","|-damage|p2a: Magnezone|3/300","|move|p2a: Magnezone|Thunderbolt|p1a: Azumarill","|-supereffective|p1a: Azumarill","|-damage|p1a: Azumarill|0 fnt","|faint|p1a: Azumarill","|","|-heal|p2a: Magnezone|21/300|[from] item: Leftovers","|","|switch|p1a: Gyarados|Gyarados, M|334/334","|turn|15","|","|move|p2a: Magnezone|Protect|p2a: Magnezone","|-singleturn|p2a: Magnezone|Protect","|move|p1a: Gyarados|Waterfall|p2a: Magnezone","|-activate|p2a: Magnezone|Protect","|","|-heal|p2a: Magnezone|39/300|[from] item: Leftovers","|turn|16","|","|switch|p2a: Rotom-Wash|Rotom-Wash|241/241","|move|p1a: Gyarados|Waterfall|p2a: Rotom-Wash","|-resisted|p2a: Rotom-Wash","|-damage|p2a: Rotom-Wash|166/241","|","|turn|17","|","|move|p2a: Rotom-Wash|Will-O-Wisp|p1a: Gyarados","|-status|p1a: Gyarados|brn","|move|p1a: Gyarados|Waterfall|p2a: Rotom-Wash","|-resisted|p2a: Rotom-Wash","|-damage|p2a: Rotom-Wash|130/241","|","|-damage|p1a: Gyarados|293/334 brn|[from] brn","|turn|18","|","|switch|p2a: Ampharos|Ampharos, M|321/321","|move|p1a: Gyarados|Waterfall|p2a: Ampharos","|-damage|p2a: Ampharos|256/321","|","|-damage|p1a: Gyarados|252/334 brn|[from] brn","|turn|19","|","|switch|p1a: Keldeo|Keldeo|323/323","|detailschange|p2a: Ampharos|Ampharos-Mega, M","|-mega|p2a: Ampharos|Ampharos|Ampharosite","|-ability|p2a: Ampharos|Mold Breaker","|move|p2a: Ampharos|Dragon Pulse|p1a: Keldeo","|-damage|p1a: Keldeo|131/323","|","|turn|20","|","|switch|p2a: Magnezone|Magnezone|39/300","|move|p1a: Keldeo|Icy Wind|p2a: Magnezone","|-resisted|p2a: Magnezone","|-damage|p2a: Magnezone|5/300","|-unboost|p2a: Magnezone|spe|1","|","|-heal|p2a: Magnezone|23/300|[from] item: Leftovers","|turn|21","|","|move|p2a: Magnezone|Protect|p2a: Magnezone","|-singleturn|p2a: Magnezone|Protect","|move|p1a: Keldeo|Icy Wind|p2a: Magnezone","|-activate|p2a: Magnezone|Protect","|","|-heal|p2a: Magnezone|41/300|[from] item: Leftovers","|turn|22","|","|move|p1a: Keldeo|Icy Wind|p2a: Magnezone","|-miss|p1a: Keldeo|p2a: Magnezone","|move|p2a: Magnezone|Thunderbolt|p1a: Keldeo","|-supereffective|p1a: Keldeo","|-damage|p1a: Keldeo|0 fnt","|faint|p1a: Keldeo","|","|-heal|p2a: Magnezone|59/300|[from] item: Leftovers","|","|switch|p1a: Gyarados|Gyarados, M|252/334 brn","|turn|23","|","|switch|p2a: Rotom-Wash|Rotom-Wash|130/241","|move|p1a: Gyarados|Earthquake|p2a: Rotom-Wash","|-immune|p2a: Rotom-Wash|[msg]","|","|-damage|p1a: Gyarados|211/334 brn|[from] brn","|turn|24","|","|move|p2a: Rotom-Wash|Volt Switch|p1a: Gyarados","|-supereffective|p1a: Gyarados","|-damage|p1a: Gyarados|0 fnt","|faint|p1a: Gyarados","|","|win|Twizz"],"p1rating":{"entryid":"10847","serverid":"eos","formatid":"monotype","userid":"gtxcool","username":"GTX♅Cool","w":"2","l":15,"t":"0","gxe":26.2,"r":"1342.945816768","rd":"99.186710102519","sigma":"0","rptime":"1439888400","rpr":1300.7602422253,"rprd":77.299170228219,"rpsigma":"0","acre":1000,"lacre":1000,"oldacre":"1000"},"p2rating":{"entryid":"66045","serverid":"eos","formatid":"monotype","userid":"twizz","username":"Twizz","w":6,"l":"4","t":"0","gxe":53.4,"r":"1500","rd":"130","sigma":"0","rptime":"1439888400","rpr":1526.3541033112,"rprd":87.955061944791,"rpsigma":"0","acre":1112.9149415169,"lacre":1112.9149415169,"oldacre":"1093.8246372597"},"endType":"normal"}