{"seed":[17064,5691,56305,13187],"turns":21,"p1":"emforbes","p2":"SRITL- Skarlet","p1team":[{"name":"Ampharos","species":"Ampharos","item":"ampharosite","ability":"Static","moves":["voltswitch","dragonpulse","hiddenpowergrass","agility"],"nature":"Modest","evs":{"hp":0,"atk":0,"def":0,"spa":252,"spd":4,"spe":252},"ivs":{"hp":31,"atk":30,"def":31,"spa":30,"spd":31,"spe":31},"shiny":true},{"name":"Rotom-Wash","species":"Rotom-Wash","item":"leftovers","ability":"Levitate","moves":["hydropump","voltswitch","willowisp","painsplit"],"nature":"Calm","evs":{"hp":252,"atk":0,"def":0,"spa":4,"spd":252,"spe":0},"ivs":{"hp":31,"atk":0,"def":31,"spa":31,"spd":31,"spe":31},"shiny":true},{"name":"Zapdos","species":"Zapdos","item":"leftovers","ability":"Pressure","moves":["defog","roost","heatwave","thunderbolt"],"nature":"Modest","evs":{"hp":252,"atk":0,"def":0,"spa":252,"spd":4,"spe":0},"ivs":{"hp":31,"atk":0,"def":31,"spa":31,"spd":31,"spe":31}},{"name":"Magnezone","species":"Magnezone","item":"choicescarf","ability":"Magnet Pull","moves":["voltswitch","flashcannon","hiddenpowerfire","thunderbolt"],"nature":"Timid","evs":{"hp":0,"atk":0,"def":0,"spa":252,"spd":4,"spe":252},"ivs":{"hp":31,"atk":30,"def":31,"spa":30,"spd":31,"spe":30},"shiny":true},{"name":"Thundurus","species":"Thundurus","item":"lifeorb","ability":"Prankster","moves":["thunderbolt","thunderwave","hiddenpowerice","grassknot"],"nature":"Timid","evs":{"hp":0,"atk":0,"def":0,"spa":252,"spd":4,"spe":252},"ivs":{"hp":31,"atk":30,"def":30,"spa":31,"spd":31,"spe":31}},{"name":"Luxray","species":"Luxray","item":"toxicorb","ability":"Guts","moves":["facade","wildcharge","crunch","superpower"],"nature":"Jolly","evs":{"hp":0,"atk":252,"def":0,"spa":0,"spd":4,"spe":252},"shiny":true,"ivs":{"hp":31,"atk":31,"def":31,"spa":31,"spd":31,"spe":31}}],"p2team":[{"name":"Excadrill","species":"Excadrill","item":"sitrusberry","ability":"Mold Breaker","moves":["earthquake","ironhead","swordsdance","return"],"nature":"Adamant","evs":{"hp":248,"atk":252,"def":0,"spa":0,"spd":8,"spe":0},"shiny":true,"ivs":{"hp":31,"atk":31,"def":31,"spa":31,"spd":31,"spe":31}},{"name":"Landorus-Therian","species":"Landorus-Therian","item":"focussash","ability":"Intimidate","moves":["earthquake","brickbreak","stoneedge","uturn"],"nature":"Adamant","evs":{"hp":248,"atk":252,"def":0,"spa":0,"spd":8,"spe":0},"shiny":true,"ivs":{"hp":31,"atk":31,"def":31,"spa":31,"spd":31,"spe":31}},{"name":"Gliscor","species":"Gliscor","item":"toxicorb","ability":"Poison Heal","moves":["earthquake","aquatail","aerialace","knockoff"],"nature":"Adamant","evs":{"hp":184,"atk":252,"def":0,"spa":0,"spd":0,"spe":72},"shiny":true,"ivs":{"hp":31,"atk":31,"def":31,"spa":31,"spd":31,"spe":31}},{"name":"Torterra","species":"Torterra","item":"leftovers","ability":"Shell Armor","moves":["earthquake","gigadrain","rockslide","woodhammer"],"nature":"Naughty","evs":{"hp":252,"atk":252,"def":0,"spa":4,"spd":0,"spe":0},"shiny":true,"ivs":{"hp":31,"atk":31,"def":31,"spa":31,"spd":31,"spe":31}},{"name":"Seismitoad","species":"Seismitoad","item":"focussash","ability":"Water Absorb","moves":["drainpunch","earthquake","muddywater","poisonjab"],"nature":"Lonely","evs":{"hp":248,"atk":252,"def":0,"spa":8,"spd":0,"spe":0},"shiny":true,"ivs":{"hp":31,"atk":31,"def":31,"spa":31,"spd":31,"spe":31}},{"name":"Diggersby","species":"Diggersby","item":"leftovers","ability":"Huge Power","moves":["quickattack","swordsdance","firepunch","earthquake"],"nature":"Adamant","evs":{"hp":252,"atk":252,"def":0,"spa":0,"spd":4,"spe":0},"shiny":true,"ivs":{"hp":31,"atk":31,"def":31,"spa":31,"spd":31,"spe":31}}],"log":["|player|p1|emforbes|190","|player|p2|SRITL- Skarlet|138","|gametype|singles","|gen|6","|tier|Monotype","|rated","|rule|Baton Pass Clause: Limit one Baton Passer, can't pass Spe and other stats simultaneously","|rule|Swagger Clause: Swagger is banned","|rule|Same Type Clause: Pokémon in a team must share a type","|clearpoke","|poke|p1|Ampharos, M, shiny","|poke|p1|Rotom-Wash, shiny","|poke|p1|Zapdos","|poke|p1|Magnezone, shiny","|poke|p1|Thundurus, M","|poke|p1|Luxray, F, shiny","|poke|p2|Excadrill, M, shiny","|poke|p2|Landorus-Therian, M, shiny","|poke|p2|Gliscor, F, shiny","|poke|p2|Torterra, M, shiny","|poke|p2|Seismitoad, F, shiny","|poke|p2|Diggersby, M, shiny","|rule|Sleep Clause Mod: Limit one foe put to sleep","|rule|Species Clause: Limit one of each Pokémon","|rule|OHKO Clause: OHKO moves are banned","|rule|Moody Clause: Moody is banned","|rule|Evasion Moves Clause: Evasion moves are banned","|rule|Endless Battle Clause: Forcing endless battles is banned","|rule|HP Percentage Mod: HP is shown in percentages","|teampreview","|","|start","|switch|p1a: Thundurus|Thundurus, M|299/299","|switch|p2a: Landorus-Therian|Landorus-Therian, M, shiny|381/381","|-ability|p2a: Landorus-Therian|Intimidate","|-unboost|p1a: Thundurus|atk|1","|turn|1","|","|switch|p1a: Rotom-Wash|Rotom-Wash, shiny|304/304","|move|p2a: Landorus-Therian|Stone Edge|p1a: Rotom-Wash","|-damage|p1a: Rotom-Wash|167/304","|","|-heal|p1a: Rotom-Wash|186/304|[from] item: Leftovers","|turn|2","|","|switch|p2a: Seismitoad|Seismitoad, F, shiny|413/413","|move|p1a: Rotom-Wash|Will-O-Wisp|p2a: Seismitoad","|-status|p2a: Seismitoad|brn","|","|-heal|p1a: Rotom-Wash|205/304|[from] item: Leftovers","|-damage|p2a: Seismitoad|362/413 brn|[from] brn","|turn|3","|","|move|p1a: Rotom-Wash|Pain Split|p2a: Seismitoad","|-sethp|p2a: Seismitoad|283/413 brn|p1a: Rotom-Wash|283/304|[from] move: Pain Split","|move|p2a: Seismitoad|Poison Jab|p1a: Rotom-Wash","|-damage|p1a: Rotom-Wash|245/304","|","|-heal|p1a: Rotom-Wash|264/304|[from] item: Leftovers","|-damage|p2a: Seismitoad|232/413 brn|[from] brn","|turn|4","|","|switch|p1a: Luxray|Luxray, F, shiny|301/301","|move|p2a: Seismitoad|Poison Jab|p1a: Luxray","|-damage|p1a: Luxray|252/301","|","|-damage|p2a: Seismitoad|181/413 brn|[from] brn","|-status|p1a: Luxray|tox|[from] item: Toxic Orb","|turn|5","|","|move|p1a: Luxray|Facade|p2a: Seismitoad","|-damage|p2a: Seismitoad|0 fnt","|faint|p2a: Seismitoad","|","|-damage|p1a: Luxray|234/301 tox|[from] psn","|","|switch|p2a: Excadrill|Excadrill, M, shiny|423/423","|-ability|p2a: Excadrill|Mold Breaker","|turn|6","|","|switch|p1a: Zapdos|Zapdos|384/384","|-ability|p1a: Zapdos|Pressure","|move|p2a: Excadrill|Swords Dance|p2a: Excadrill","|-boost|p2a: Excadrill|atk|2","|","|turn|7","|","|move|p1a: Zapdos|Heat Wave|p2a: Excadrill","|-supereffective|p2a: Excadrill","|-damage|p2a: Excadrill|57/423","|-enditem|p2a: Excadrill|Sitrus Berry|[eat]","|-heal|p2a: Excadrill|162/423|[from] item: Sitrus Berry","|move|p2a: Excadrill|Iron Head|p1a: Zapdos","|-resisted|p1a: Zapdos","|-damage|p1a: Zapdos|205/384","|","|-heal|p1a: Zapdos|229/384|[from] item: Leftovers","|turn|8","|","|move|p1a: Zapdos|Heat Wave|p2a: Excadrill","|-supereffective|p2a: Excadrill","|-damage|p2a: Excadrill|0 fnt","|faint|p2a: Excadrill","|","|-heal|p1a: Zapdos|253/384|[from] item: Leftovers","|","|switch|p2a: Diggersby|Diggersby, M, shiny|374/374","|turn|9","|","|switch|p1a: Rotom-Wash|Rotom-Wash, shiny|264/304","|move|p2a: Diggersby|Swords Dance|p2a: Diggersby","|-boost|p2a: Diggersby|atk|2","|","|-heal|p1a: Rotom-Wash|283/304|[from] item: Leftovers","|turn|10","|","|move|p2a: Diggersby|Quick Attack|p1a: Rotom-Wash","|-damage|p1a: Rotom-Wash|94/304","|move|p1a: Rotom-Wash|Will-O-Wisp|p2a: Diggersby","|-status|p2a: Diggersby|brn","|","|-heal|p1a: Rotom-Wash|113/304|[from] item: Leftovers","|-damage|p2a: Diggersby|328/374 brn|[from] brn","|turn|11","|","|move|p2a: Diggersby|Quick Attack|p1a: Rotom-Wash","|-crit|p1a: Rotom-Wash","|-damage|p1a: Rotom-Wash|0 fnt","|faint|p1a: Rotom-Wash","|","|-heal|p2a: Diggersby|351/374 brn|[from] item: Leftovers","|-damage|p2a: Diggersby|305/374 brn|[from] brn","|","|switch|p1a: Zapdos|Zapdos|253/384","|-ability|p1a: Zapdos|Pressure","|turn|12","|","|move|p2a: Diggersby|Quick Attack|p1a: Zapdos","|-damage|p1a: Zapdos|142/384","|move|p1a: Zapdos|Heat Wave|p2a: Diggersby","|-damage|p2a: Diggersby|143/374 brn","|","|-heal|p1a: Zapdos|166/384|[from] item: Leftovers","|-heal|p2a: Diggersby|166/374 brn|[from] item: Leftovers","|-damage|p2a: Diggersby|120/374 brn|[from] brn","|turn|13","|","|move|p2a: Diggersby|Quick Attack|p1a: Zapdos","|-damage|p1a: Zapdos|66/384","|move|p1a: Zapdos|Roost|p1a: Zapdos","|-heal|p1a: Zapdos|258/384","|","|-heal|p1a: Zapdos|282/384|[from] item: Leftovers","|-heal|p2a: Diggersby|143/374 brn|[from] item: Leftovers","|-damage|p2a: Diggersby|97/374 brn|[from] brn","|turn|14","|","|move|p1a: Zapdos|Heat Wave|p2a: Diggersby","|-damage|p2a: Diggersby|0 fnt","|faint|p2a: Diggersby","|","|-heal|p1a: Zapdos|306/384|[from] item: Leftovers","|","|switch|p2a: Landorus-Therian|Landorus-Therian, M, shiny|381/381","|-ability|p2a: Landorus-Therian|Intimidate","|-unboost|p1a: Zapdos|atk|1","|turn|15","|","|move|p1a: Zapdos|Roost|p1a: Zapdos","|-heal|p1a: Zapdos|384/384","|move|p2a: Landorus-Therian|Stone Edge|p1a: Zapdos","|-crit|p1a: Zapdos","|-damage|p1a: Zapdos|147/384","|","|-heal|p1a: Zapdos|171/384|[from] item: Leftovers","|turn|16","|","|move|p1a: Zapdos|Heat Wave|p2a: Landorus-Therian","|-damage|p2a: Landorus-Therian|233/381","|move|p2a: Landorus-Therian|Stone Edge|p1a: Zapdos","|-supereffective|p1a: Zapdos","|-damage|p1a: Zapdos|0 fnt","|faint|p1a: Zapdos","|","|","|switch|p1a: Thundurus|Thundurus, M|299/299","|turn|17","|","|move|p1a: Thundurus|Hidden Power|p2a: Landorus-Therian","|-supereffective|p2a: Landorus-Therian","|-damage|p2a: Landorus-Therian|0 fnt","|-damage|p1a: Thundurus|270/299|[from] item: Life Orb","|faint|p2a: Landorus-Therian","|","|","|switch|p2a: Torterra|Torterra, M, shiny|394/394","|turn|18","|","|switch|p1a: Magnezone|Magnezone, shiny|281/281","|move|p2a: Torterra|Rock Slide|p1a: Magnezone","|-resisted|p1a: Magnezone","|-damage|p1a: Magnezone|245/281","|","|turn|19","|","|move|p1a: Magnezone|Flash Cannon|p2a: Torterra","|-damage|p2a: Torterra|207/394","|move|p2a: Torterra|Earthquake|p1a: Magnezone","|-supereffective|p1a: Magnezone","|-damage|p1a: Magnezone|0 fnt","|faint|p1a: Magnezone","|","|-heal|p2a: Torterra|231/394|[from] item: Leftovers","|","|switch|p1a: Thundurus|Thundurus, M|270/299","|turn|20","|","|move|p1a: Thundurus|Hidden Power|p2a: Torterra","|-supereffective|p2a: Torterra","|-damage|p2a: Torterra|0 fnt","|-damage|p1a: Thundurus|241/299|[from] item: Life Orb","|faint|p2a: Torterra","|","|","|switch|p2a: Gliscor|Gliscor, F, shiny|337/337","|turn|21","|","|move|p1a: Thundurus|Hidden Power|p2a: Gliscor","|-supereffective|p2a: Gliscor","|-damage|p2a: Gliscor|0 fnt","|-damage|p1a: Thundurus|212/299|[from] item: Life Orb","|faint|p2a: Gliscor","|","|win|emforbes"],"p1rating":{"entryid":"58456","serverid":"eos","formatid":"monotype","userid":"emforbes","username":"emforbes","w":5,"l":"1","t":"0","gxe":62.7,"r":"1500","rd":"130","sigma":"0","rptime":"1439888400","rpr":1602.0492834109,"rprd":99.172559068326,"rpsigma":"0","acre":1125.0103625962,"lacre":1125.0103625962,"oldacre":"1103.4902210097"},"p2rating":{"entryid":"59207","serverid":"eos","formatid":"monotype","userid":"sritlskarlet","username":"SRITL- Skarlet","w":"3","l":4,"t":"0","gxe":46.9,"r":"1500","rd":"130","sigma":"0","rptime":"1439888400","rpr":1475.5286111144,"rprd":95.903325256722,"rpsigma":"0","acre":1039.1275645019,"lacre":1039.1275645019,"oldacre":"1054.8131403882"},"endType":"normal"}