{"seed":[20155,45876,26791,10814],"turns":21,"p1":"emforbes","p2":"LightOfAKnowing","p1team":[{"name":"Charizard","species":"Charizard","item":"charizarditey","ability":"Blaze","moves":["fireblast","solarbeam","roost","earthquake"],"nature":"Timid","evs":{"hp":0,"atk":4,"def":0,"spa":252,"spd":0,"spe":252},"shiny":true,"ivs":{"hp":31,"atk":31,"def":31,"spa":31,"spd":31,"spe":31}},{"name":"Heatran","species":"Heatran","item":"choicescarf","ability":"Flash Fire","moves":["flashcannon","stoneedge","overheat","earthpower"],"nature":"Timid","evs":{"hp":0,"atk":4,"def":0,"spa":252,"spd":0,"spe":252},"ivs":{"hp":31,"atk":31,"def":31,"spa":31,"spd":31,"spe":31}},{"name":"Torkoal","species":"Torkoal","item":"leftovers","ability":"Shell Armor","moves":["stealthrock","rapidspin","yawn","clearsmog"],"nature":"Bold","evs":{"hp":252,"atk":0,"def":252,"spa":4,"spd":0,"spe":0},"ivs":{"hp":31,"atk":31,"def":31,"spa":31,"spd":31,"spe":31}},{"name":"Infernape","species":"Infernape","item":"focussash","ability":"Iron Fist","moves":["closecombat","firepunch","machpunch","grassknot"],"nature":"Hasty","evs":{"hp":0,"atk":252,"def":0,"spa":4,"spd":0,"spe":252},"ivs":{"hp":31,"atk":31,"def":31,"spa":31,"spd":31,"spe":31}},{"name":"Rotom-Heat","species":"Rotom-Heat","item":"leftovers","ability":"Levitate","moves":["overheat","voltswitch","willowisp","painsplit"],"nature":"Calm","evs":{"hp":252,"atk":0,"def":0,"spa":4,"spd":252,"spe":0},"shiny":true,"ivs":{"hp":31,"atk":31,"def":31,"spa":31,"spd":31,"spe":31}},{"name":"Typhlosion","species":"Typhlosion","item":"choicescarf","ability":"Flash Fire","moves":["eruption","fireblast","focusblast","solarbeam"],"nature":"Timid","evs":{"hp":0,"atk":0,"def":0,"spa":252,"spd":4,"spe":252},"shiny":true,"ivs":{"hp":31,"atk":31,"def":31,"spa":31,"spd":31,"spe":31}}],"p2team":[{"name":"Vespiquen","species":"Vespiquen","item":"laxincense","ability":"Pressure","moves":["defendorder","infestation","mudslap","roost"],"nature":"Gentle","evs":{"hp":248,"atk":8,"def":0,"spa":0,"spd":252,"spe":0},"ivs":{"hp":31,"atk":31,"def":31,"spa":31,"spd":31,"spe":31}},{"name":"Heracross","species":"Heracross","item":"choicescarf","ability":"Moxie","moves":["closecombat","megahorn","knockoff","pursuit"],"nature":"Jolly","evs":{"hp":0,"atk":252,"def":0,"spa":0,"spd":4,"spe":252},"ivs":{"hp":31,"atk":31,"def":31,"spa":31,"spd":31,"spe":31}},{"name":"Forretress","species":"Forretress","item":"custapberry","ability":"Sturdy","moves":["stealthrock","rapidspin","explosion","spikes"],"nature":"Impish","evs":{"hp":248,"atk":8,"def":252,"spa":0,"spd":0,"spe":0},"ivs":{"hp":31,"atk":31,"def":31,"spa":31,"spd":31,"spe":31}},{"name":"Galvantula","species":"Galvantula","item":"focussash","ability":"Swarm","moves":["stickyweb","bugbuzz","voltswitch","suckerpunch"],"nature":"Hasty","evs":{"hp":0,"atk":4,"def":0,"spa":252,"spd":0,"spe":252},"ivs":{"hp":31,"atk":31,"def":31,"spa":31,"spd":31,"spe":31}},{"name":"Pinsir","species":"Pinsir","item":"pinsirite","ability":"Moxie","moves":["quickattack","xscissor","frustration","closecombat"],"nature":"Adamant","evs":{"hp":248,"atk":252,"def":0,"spa":0,"spd":8,"spe":0},"happiness":0,"ivs":{"hp":31,"atk":31,"def":31,"spa":31,"spd":31,"spe":31}},{"name":"Genesect","species":"Genesect","item":"choicescarf","ability":"Download","moves":["icebeam","bugbuzz","technoblast","flashcannon"],"nature":"Timid","evs":{"hp":0,"atk":0,"def":4,"spa":252,"spd":0,"spe":252},"happiness":0,"ivs":{"hp":31,"atk":31,"def":31,"spa":31,"spd":31,"spe":31}}],"log":["|player|p1|emforbes|179","|player|p2|LightOfAKnowing|lightofaknowing.gif","|gametype|singles","|gen|6","|tier|Monotype","|rated","|rule|Baton Pass Clause: Limit one Baton Passer, can't pass Spe and other stats simultaneously","|rule|Swagger Clause: Swagger is banned","|rule|Same Type Clause: Pokémon in a team must share a type","|clearpoke","|poke|p1|Charizard, M, shiny","|poke|p1|Heatran, M","|poke|p1|Torkoal, M","|poke|p1|Infernape, M","|poke|p1|Rotom-Heat, shiny","|poke|p1|Typhlosion, F, shiny","|poke|p2|Vespiquen, F","|poke|p2|Heracross, M","|poke|p2|Forretress, F","|poke|p2|Galvantula, M","|poke|p2|Pinsir, M","|poke|p2|Genesect-*","|rule|Sleep Clause Mod: Limit one foe put to sleep","|rule|Species Clause: Limit one of each Pokémon","|rule|OHKO Clause: OHKO moves are banned","|rule|Moody Clause: Moody is banned","|rule|Evasion Moves Clause: Evasion moves are banned","|rule|Endless Battle Clause: Forcing endless battles is banned","|rule|HP Percentage Mod: HP is shown in percentages","|teampreview","|","|start","|switch|p1a: Rotom-Heat|Rotom-Heat, shiny|304/304","|switch|p2a: Galvantula|Galvantula, M|281/281","|turn|1","|","|move|p2a: Galvantula|Sticky Web|p1a: Rotom-Heat","|-sidestart|p1: emforbes|move: Sticky Web","|move|p1a: Rotom-Heat|Overheat|p2a: Galvantula","|-crit|p2a: Galvantula","|-supereffective|p2a: Galvantula","|-enditem|p2a: Galvantula|Focus Sash","|-damage|p2a: Galvantula|1/281","|-unboost|p1a: Rotom-Heat|spa|2","|","|turn|2","|","|move|p2a: Galvantula|Sucker Punch|p1a: Rotom-Heat","|-damage|p1a: Rotom-Heat|258/304","|move|p1a: Rotom-Heat|Volt Switch|p2a: Galvantula","|-resisted|p2a: Galvantula","|-damage|p2a: Galvantula|0 fnt","|faint|p2a: Galvantula","|","|switch|p1a: Torkoal|Torkoal, M|344/344","|-activate|p1a: Torkoal|move: Sticky Web","|-unboost|p1a: Torkoal|spe|1","|","|","|switch|p2a: Vespiquen|Vespiquen, F|343/343","|-ability|p2a: Vespiquen|Pressure","|turn|3","|","|move|p2a: Vespiquen|Mud-Slap|p1a: Torkoal","|-supereffective|p1a: Torkoal","|-damage|p1a: Torkoal|310/344","|-unboost|p1a: Torkoal|accuracy|1","|move|p1a: Torkoal|Yawn|p2a: Vespiquen","|-start|p2a: Vespiquen|move: Yawn|[of] p1a: Torkoal","|","|-heal|p1a: Torkoal|331/344|[from] item: Leftovers","|turn|4","|","|switch|p2a: Forretress|Forretress, F|353/353","|move|p1a: Torkoal|Stealth Rock|p2a: Forretress","|-sidestart|p2: LightOfAKnowing|move: Stealth Rock","|","|-heal|p1a: Torkoal|344/344|[from] item: Leftovers","|turn|5","|","|move|p2a: Forretress|Rapid Spin|p1a: Torkoal","|-damage|p1a: Torkoal|335/344","|-sideend|p2: LightOfAKnowing|Stealth Rock|[from] move: Rapid Spin|[of] p2a: Forretress","|move|p1a: Torkoal|Rapid Spin|p2a: Forretress","|-resisted|p2a: Forretress","|-damage|p2a: Forretress|349/353","|-sideend|p1: emforbes|Sticky Web|[from] move: Rapid Spin|[of] p1a: Torkoal","|","|-heal|p1a: Torkoal|344/344|[from] item: Leftovers","|turn|6","|","|switch|p1a: Typhlosion|Typhlosion, F, shiny|297/297","|move|p2a: Forretress|Stealth Rock|p1a: Typhlosion","|-sidestart|p1: emforbes|move: Stealth Rock","|","|turn|7","|","|move|p1a: Typhlosion|Eruption|p2a: Forretress","|-supereffective|p2a: Forretress","|-damage|p2a: Forretress|0 fnt","|faint|p2a: Forretress","|","|","|switch|p2a: Pinsir|Pinsir, M|333/333","|turn|8","|","|detailschange|p2a: Pinsir|Pinsir-Mega, M","|-mega|p2a: Pinsir|Pinsir|Pinsirite","|move|p2a: Pinsir|Quick Attack|p1a: Typhlosion","|-damage|p1a: Typhlosion|158/297","|move|p1a: Typhlosion|Eruption|p2a: Pinsir","|-supereffective|p2a: Pinsir","|-damage|p2a: Pinsir|43/333","|","|turn|9","|","|move|p1a: Typhlosion|Eruption|p2a: Pinsir","|-supereffective|p2a: Pinsir","|-damage|p2a: Pinsir|0 fnt","|faint|p2a: Pinsir","|","|","|switch|p2a: Heracross|Heracross, M|301/301","|turn|10","|","|move|p1a: Typhlosion|Eruption|p2a: Heracross","|-supereffective|p2a: Heracross","|-damage|p2a: Heracross|61/301","|move|p2a: Heracross|Knock Off|p1a: Typhlosion","|-damage|p1a: Typhlosion|29/297","|-enditem|p1a: Typhlosion|Choice Scarf|[from] move: Knock Off|[of] p2a: Heracross","|","|turn|11","|","|switch|p2a: Vespiquen|Vespiquen, F|343/343","|-ability|p2a: Vespiquen|Pressure","|move|p1a: Typhlosion|Fire Blast|p2a: Vespiquen|[miss]","|-miss|p1a: Typhlosion|p2a: Vespiquen","|","|turn|12","|","|move|p1a: Typhlosion|Fire Blast|p2a: Vespiquen","|-supereffective|p2a: Vespiquen","|-damage|p2a: Vespiquen|91/343","|move|p2a: Vespiquen|Mud-Slap|p1a: Typhlosion","|-supereffective|p1a: Typhlosion","|-damage|p1a: Typhlosion|0 fnt","|faint|p1a: Typhlosion","|","|","|switch|p1a: Torkoal|Torkoal, M|344/344","|-damage|p1a: Torkoal|258/344|[from] Stealth Rock","|turn|13","|","|move|p2a: Vespiquen|Roost|p2a: Vespiquen","|-heal|p2a: Vespiquen|263/343","|move|p1a: Torkoal|Rapid Spin|p2a: Vespiquen","|-damage|p2a: Vespiquen|250/343","|-sideend|p1: emforbes|Stealth Rock|[from] move: Rapid Spin|[of] p1a: Torkoal","|","|-heal|p1a: Torkoal|279/344|[from] item: Leftovers","|turn|14","|","|move|p2a: Vespiquen|Mud-Slap|p1a: Torkoal","|-supereffective|p1a: Torkoal","|-damage|p1a: Torkoal|245/344","|-unboost|p1a: Torkoal|accuracy|1","|move|p1a: Torkoal|Stealth Rock|p2a: Vespiquen","|-sidestart|p2: LightOfAKnowing|move: Stealth Rock","|","|-heal|p1a: Torkoal|266/344|[from] item: Leftovers","|turn|15","|","|move|p2a: Vespiquen|Infestation|p1a: Torkoal","|-resisted|p1a: Torkoal","|-damage|p1a: Torkoal|254/344","|-activate|p1a: Torkoal|move: Infestation|[of] p2a: Vespiquen","|move|p1a: Torkoal|Yawn|p2a: Vespiquen","|-start|p2a: Vespiquen|move: Yawn|[of] p1a: Torkoal","|","|-heal|p1a: Torkoal|275/344|[from] item: Leftovers","|-damage|p1a: Torkoal|232/344|[from] move: Infestation|[partiallytrapped]","|turn|16","|","|switch|p2a: Heracross|Heracross, M|61/301","|-damage|p2a: Heracross|24/301|[from] Stealth Rock","|move|p1a: Torkoal|Clear Smog|p2a: Heracross","|-damage|p2a: Heracross|0 fnt","|-clearboost|p2a: Heracross","|faint|p2a: Heracross","|","|-heal|p1a: Torkoal|253/344|[from] item: Leftovers","|","|switch|p2a: Genesect|Genesect|283/283","|-damage|p2a: Genesect|248/283|[from] Stealth Rock","|-boost|p2a: Genesect|spa|1|[from] ability: Download","|turn|17","|","|move|p2a: Genesect|Techno Blast|p1a: Torkoal","|-damage|p1a: Torkoal|5/344","|move|p1a: Torkoal|Yawn|p2a: Genesect","|-start|p2a: Genesect|move: Yawn|[of] p1a: Torkoal","|","|-heal|p1a: Torkoal|26/344|[from] item: Leftovers","|turn|18","|","|switch|p2a: Vespiquen|Vespiquen, F|250/343","|-damage|p2a: Vespiquen|79/343|[from] Stealth Rock","|-ability|p2a: Vespiquen|Pressure","|move|p1a: Torkoal|Rapid Spin|p2a: Vespiquen","|-damage|p2a: Vespiquen|64/343","|","|-heal|p1a: Torkoal|47/344|[from] item: Leftovers","|turn|19","|","|switch|p1a: Rotom-Heat|Rotom-Heat, shiny|258/304","|move|p2a: Vespiquen|Mud-Slap|p1a: Rotom-Heat","|-immune|p1a: Rotom-Heat|[msg]","|","|-heal|p1a: Rotom-Heat|277/304|[from] item: Leftovers","|turn|20","|","|move|p1a: Rotom-Heat|Volt Switch|p2a: Vespiquen","|-crit|p2a: Vespiquen","|-supereffective|p2a: Vespiquen","|-damage|p2a: Vespiquen|0 fnt","|faint|p2a: Vespiquen","|","|switch|p1a: Infernape|Infernape, M|293/293","|","|","|switch|p2a: Genesect|Genesect|248/283","|-damage|p2a: Genesect|213/283|[from] Stealth Rock","|-boost|p2a: Genesect|atk|1|[from] ability: Download","|turn|21","|","|move|p2a: Genesect|Techno Blast|p1a: Infernape","|-damage|p1a: Infernape|112/293","|move|p1a: Infernape|Fire Punch|p2a: Genesect","|-supereffective|p2a: Genesect","|-damage|p2a: Genesect|0 fnt","|faint|p2a: Genesect","|","|win|emforbes"],"p1rating":{"entryid":"58456","serverid":"eos","formatid":"monotype","userid":"emforbes","username":"emforbes","w":8,"l":"1","t":"0","gxe":67.1,"r":"1500","rd":"130","sigma":"0","rptime":"1439888400","rpr":1638.574561008,"rprd":90.43340107945,"rpsigma":"0","acre":1171.1668928298,"lacre":1171.1668928298,"oldacre":"1156.7375132769"},"p2rating":{"entryid":"386","serverid":"eos","formatid":"monotype","userid":"lightofaknowing","username":"LightOfAKnowing","w":"1","l":6,"t":"0","gxe":34.8,"r":"1439.1765093242","rd":"106.91164920561","sigma":"0","rptime":"1439888400","rpr":1377.2289676971,"rprd":96.145319401627,"rpsigma":"0","acre":1000,"lacre":1000,"oldacre":"1000"},"endType":"normal"}