{"seed":[50709,32,9051,41604],"turns":19,"p1":"Breon 714","p2":"Aeril8","p1team":[{"name":"Kecleon","moves":["fakeout","stealthrock","knockoff","suckerpunch"],"ability":"Protean","evs":{"hp":85,"atk":85,"def":85,"spa":85,"spd":85,"spe":85},"ivs":{"hp":31,"atk":31,"def":31,"spa":31,"spd":31,"spe":31},"item":"Life Orb","level":81,"shiny":false},{"name":"Rapidash","moves":["morningsun","solarbeam","sunnyday","flareblitz"],"ability":"Flash Fire","evs":{"hp":81,"atk":85,"def":85,"spa":89,"spd":85,"spe":85},"ivs":{"hp":31,"atk":31,"def":31,"spa":31,"spd":31,"spe":31},"item":"Heat Rock","level":83,"shiny":false},{"name":"Qwilfish","moves":["spikes","taunt","toxicspikes","waterfall"],"ability":"Intimidate","evs":{"hp":85,"atk":85,"def":85,"spa":85,"spd":85,"spe":85},"ivs":{"hp":31,"atk":31,"def":31,"spa":31,"spd":31,"spe":31},"item":"Black Sludge","level":79,"shiny":false},{"name":"Samurott","moves":["superpower","swordsdance","aquajet","waterfall"],"ability":"Torrent","evs":{"hp":85,"atk":85,"def":85,"spa":85,"spd":85,"spe":85},"ivs":{"hp":31,"atk":31,"def":31,"spa":31,"spd":31,"spe":31},"item":"Life Orb","level":81,"shiny":false},{"name":"Espeon","moves":["morningsun","substitute","psyshock","shadowball"],"ability":"Magic Bounce","evs":{"hp":85,"atk":85,"def":85,"spa":85,"spd":85,"spe":85},"ivs":{"hp":31,"atk":31,"def":31,"spa":31,"spd":31,"spe":31},"item":"Leftovers","level":77,"shiny":false},{"name":"Heliolisk","moves":["voltswitch","hypervoice","raindance","thunder"],"ability":"Dry Skin","evs":{"hp":85,"atk":85,"def":85,"spa":85,"spd":85,"spe":85},"ivs":{"hp":31,"atk":31,"def":31,"spa":31,"spd":31,"spe":31},"item":"Damp Rock","level":77,"shiny":false}],"p2team":[{"name":"Furret","moves":["doubleedge","uturn","aquatail","firepunch"],"ability":"Keen Eye","evs":{"hp":85,"atk":85,"def":85,"spa":85,"spd":85,"spe":85},"ivs":{"hp":31,"atk":31,"def":31,"spa":31,"spd":31,"spe":31},"item":"Choice Scarf","level":83,"shiny":false},{"name":"Espeon","moves":["dazzlinggleam","morningsun","shadowball","psychic"],"ability":"Magic Bounce","evs":{"hp":85,"atk":85,"def":85,"spa":85,"spd":85,"spe":85},"ivs":{"hp":31,"atk":31,"def":31,"spa":31,"spd":31,"spe":31},"item":"Life Orb","level":77,"shiny":false},{"name":"Victini","moves":["uturn","grassknot","blueflare","vcreate"],"ability":"Victory Star","evs":{"hp":85,"atk":85,"def":85,"spa":85,"spd":85,"spe":85},"ivs":{"hp":31,"atk":31,"def":31,"spa":31,"spd":31,"spe":31},"item":"Assault Vest","level":76,"shiny":false},{"name":"Volcanion","moves":["earthpower","steameruption","substitute","sludgewave"],"ability":"Water Absorb","evs":{"hp":81,"atk":85,"def":85,"spa":89,"spd":85,"spe":85},"ivs":{"hp":31,"atk":31,"def":31,"spa":31,"spd":31,"spe":31},"item":"Leftovers","level":75,"shiny":false},{"name":"Volcarona","moves":["quiverdance","hiddenpowerground","bugbuzz","fireblast"],"ability":"Flame Body","evs":{"hp":81,"atk":85,"def":85,"spa":89,"spd":85,"spe":85},"ivs":{"hp":31,"atk":31,"def":31,"spa":30,"spd":30,"spe":31},"item":"Life Orb","level":76,"shiny":false},{"name":"Clefable","moves":["fireblast","softboiled","moonblast","calmmind"],"ability":"Magic Guard","evs":{"hp":85,"atk":85,"def":85,"spa":85,"spd":85,"spe":85},"ivs":{"hp":31,"atk":31,"def":31,"spa":31,"spd":31,"spe":31},"item":"Life Orb","level":75,"shiny":false}],"log":["|player|p1|Breon 714|170","|player|p2|Aeril8|294","|gametype|singles","|gen|6","|tier|Random Battle","|rated","|rule|Sleep Clause Mod: Limit one foe put to sleep","|rule|HP Percentage Mod: HP is shown in percentages","|","|start","|switch|p1a: Kecleon|Kecleon, L81, M|230/230","|switch|p2a: Furret|Furret, L83, F|277/277","|turn|1","|","|move|p1a: Kecleon|Sucker Punch|p2a: Furret","|-start|p1a: Kecleon|typechange|Dark|[from] Protean","|-damage|p2a: Furret|164/277","|-damage|p1a: Kecleon|207/230|[from] item: Life Orb","|move|p2a: Furret|U-turn|p1a: Kecleon","|-supereffective|p1a: Kecleon","|-damage|p1a: Kecleon|107/230","|","|switch|p2a: Volcarona|Volcarona, L76, M|253/253","|","|turn|2","|","|move|p2a: Volcarona|Quiver Dance|p2a: Volcarona","|-boost|p2a: Volcarona|spa|1","|-boost|p2a: Volcarona|spd|1","|-boost|p2a: Volcarona|spe|1","|move|p1a: Kecleon|Stealth Rock|p2a: Volcarona","|-start|p1a: Kecleon|typechange|Rock|[from] Protean","|-sidestart|p2: Aeril8|move: Stealth Rock","|","|turn|3","|","|move|p1a: Kecleon|Sucker Punch|p2a: Volcarona","|-start|p1a: Kecleon|typechange|Dark|[from] Protean","|-damage|p2a: Volcarona|115/253","|-status|p1a: Kecleon|brn","|-damage|p1a: Kecleon|84/230 brn|[from] item: Life Orb","|move|p2a: Volcarona|Bug Buzz|p1a: Kecleon","|-crit|p1a: Kecleon","|-supereffective|p1a: Kecleon","|-damage|p1a: Kecleon|0 fnt","|-damage|p2a: Volcarona|90/253|[from] item: Life Orb","|faint|p1a: Kecleon","|","|","|switch|p1a: Heliolisk|Heliolisk, L77, M|222/222","|turn|4","|","|move|p2a: Volcarona|Hidden Power|p1a: Heliolisk","|-supereffective|p1a: Heliolisk","|-damage|p1a: Heliolisk|32/222","|-damage|p2a: Volcarona|65/253|[from] item: Life Orb","|move|p1a: Heliolisk|Thunder|p2a: Volcarona","|-damage|p2a: Volcarona|0 fnt","|faint|p2a: Volcarona","|","|","|switch|p2a: Furret|Furret, L83, F|164/277","|-damage|p2a: Furret|130/277|[from] Stealth Rock","|turn|5","|","|move|p2a: Furret|U-turn|p1a: Heliolisk","|-damage|p1a: Heliolisk|0 fnt","|faint|p1a: Heliolisk","|","|switch|p2a: Victini|Victini, L76|277/277","|-damage|p2a: Victini|208/277|[from] Stealth Rock","|","|","|switch|p1a: Qwilfish|Qwilfish, L79, F|232/232","|-ability|p1a: Qwilfish|Intimidate","|-unboost|p2a: Victini|atk|1","|turn|6","|","|move|p2a: Victini|U-turn|p1a: Qwilfish","|-resisted|p1a: Qwilfish","|-damage|p1a: Qwilfish|214/232","|","|switch|p2a: Espeon|Espeon, L77, F|227/227","|-damage|p2a: Espeon|199/227|[from] Stealth Rock","|move|p1a: Qwilfish|Waterfall|p2a: Espeon","|-damage|p2a: Espeon|96/227","|","|-heal|p1a: Qwilfish|228/232|[from] item: Black Sludge","|turn|7","|","|move|p2a: Espeon|Morning Sun|p2a: Espeon","|-heal|p2a: Espeon|209/227","|move|p1a: Qwilfish|Waterfall|p2a: Espeon","|-damage|p2a: Espeon|109/227","|","|-heal|p1a: Qwilfish|232/232|[from] item: Black Sludge","|turn|8","|","|switch|p2a: Volcanion|Volcanion, L75|243/243","|-damage|p2a: Volcanion|183/243|[from] Stealth Rock","|move|p1a: Qwilfish|Waterfall|p2a: Volcanion","|-heal|p2a: Volcanion|243/243|[from] ability: Water Absorb|[of] p1a: Qwilfish","|","|turn|9","|","|move|p1a: Qwilfish|Toxic Spikes|p2a: Volcanion","|-sidestart|p2: Aeril8|move: Toxic Spikes","|move|p2a: Volcanion|Substitute|p2a: Volcanion","|-start|p2a: Volcanion|Substitute","|-damage|p2a: Volcanion|183/243","|","|-heal|p2a: Volcanion|198/243|[from] item: Leftovers","|turn|10","|","|move|p1a: Qwilfish|Spikes|p2a: Volcanion","|-sidestart|p2: Aeril8|Spikes","|move|p2a: Volcanion|Earth Power|p1a: Qwilfish","|-supereffective|p1a: Qwilfish","|-damage|p1a: Qwilfish|52/232","|-unboost|p1a: Qwilfish|spd|1","|","|-heal|p1a: Qwilfish|66/232|[from] item: Black Sludge","|-heal|p2a: Volcanion|213/243|[from] item: Leftovers","|turn|11","|","|move|p1a: Qwilfish|Waterfall|p2a: Volcanion","|-heal|p2a: Volcanion|243/243|[from] ability: Water Absorb|[of] p1a: Qwilfish","|move|p2a: Volcanion|Earth Power|p1a: Qwilfish","|-supereffective|p1a: Qwilfish","|-damage|p1a: Qwilfish|0 fnt","|faint|p1a: Qwilfish","|","|","|switch|p1a: Espeon|Espeon, L77, M|227/227","|turn|12","|","|move|p1a: Espeon|Substitute|p1a: Espeon","|-start|p1a: Espeon|Substitute","|-damage|p1a: Espeon|171/227","|move|p2a: Volcanion|Steam Eruption|p1a: Espeon","|-end|p1a: Espeon|Substitute","|","|-heal|p1a: Espeon|185/227|[from] item: Leftovers","|turn|13","|","|move|p1a: Espeon|Shadow Ball|p2a: Volcanion","|-end|p2a: Volcanion|Substitute","|move|p2a: Volcanion|Steam Eruption|p1a: Espeon","|-damage|p1a: Espeon|58/227","|-status|p1a: Espeon|brn","|","|-heal|p1a: Espeon|72/227 brn|[from] item: Leftovers","|-damage|p1a: Espeon|44/227 brn|[from] brn","|turn|14","|","|move|p1a: Espeon|Shadow Ball|p2a: Volcanion","|-damage|p2a: Volcanion|173/243","|move|p2a: Volcanion|Substitute|p2a: Volcanion","|-start|p2a: Volcanion|Substitute","|-damage|p2a: Volcanion|113/243","|","|-heal|p1a: Espeon|58/227 brn|[from] item: Leftovers","|-heal|p2a: Volcanion|128/243|[from] item: Leftovers","|-damage|p1a: Espeon|30/227 brn|[from] brn","|turn|15","|","|move|p1a: Espeon|Shadow Ball|p2a: Volcanion","|-end|p2a: Volcanion|Substitute","|move|p2a: Volcanion|Steam Eruption|p1a: Espeon","|-damage|p1a: Espeon|0 fnt","|faint|p1a: Espeon","|","|-heal|p2a: Volcanion|143/243|[from] item: Leftovers","|","|switch|p1a: Rapidash|Rapidash, L83, F|243/243","|turn|16","|","|move|p1a: Rapidash|Solar Beam|p2a: Volcanion|[still]","|-prepare|p1a: Rapidash|Solar Beam|p2a: Volcanion","|move|p2a: Volcanion|Steam Eruption|p1a: Rapidash","|-supereffective|p1a: Rapidash","|-damage|p1a: Rapidash|0 fnt","|faint|p1a: Rapidash","|","|-heal|p2a: Volcanion|158/243|[from] item: Leftovers","|","|switch|p1a: Samurott|Samurott, L81, M|287/287","|turn|17","|","|move|p1a: Samurott|Superpower|p2a: Volcanion","|-crit|p2a: Volcanion","|-damage|p2a: Volcanion|27/243","|-unboost|p1a: Samurott|atk|1","|-unboost|p1a: Samurott|def|1","|-damage|p1a: Samurott|259/287|[from] item: Life Orb","|move|p2a: Volcanion|Sludge Wave|p1a: Samurott","|-damage|p1a: Samurott|180/287","|","|-heal|p2a: Volcanion|42/243|[from] item: Leftovers","|turn|18","|","|move|p1a: Samurott|Superpower|p2a: Volcanion","|-damage|p2a: Volcanion|0 fnt","|-unboost|p1a: Samurott|atk|1","|-unboost|p1a: Samurott|def|1","|-damage|p1a: Samurott|152/287|[from] item: Life Orb","|faint|p2a: Volcanion","|","|","|switch|p2a: Furret|Furret, L83, F|130/277","|-status|p2a: Furret|psn","|-damage|p2a: Furret|96/277 psn|[from] Spikes","|-damage|p2a: Furret|62/277 psn|[from] Stealth Rock","|turn|19","|","|move|p2a: Furret|Double-Edge|p1a: Samurott","|-damage|p1a: Samurott|0 fnt","|-damage|p2a: Furret|12/277 psn|[from] recoil|[of] p1a: Samurott","|faint|p1a: Samurott","|","|win|Aeril8"],"p1rating":{"entryid":538525,"formatid":"randombattle","userid":"breon714","username":"Breon 714","r":1500,"rd":130,"sigma":0,"rpr":1459.8393856612,"rprd":122.8583080769,"rpsigma":0,"rptime":1440666000,"w":0,"l":1,"t":0,"gxe":45,"acre":1000,"lacre":1000,"oldacre":1000},"p2rating":{"entryid":538526,"formatid":"randombattle","userid":"aeril8","username":"Aeril8","r":1500,"rd":130,"sigma":0,"rpr":1540.1606143388,"rprd":122.8583080769,"rpsigma":0,"rptime":1440666000,"w":1,"l":0,"t":0,"gxe":55,"acre":1040,"lacre":1040,"oldacre":1000},"endType":"normal"}