{"seed":[44290,21641,14118,34552],"turns":37,"p1":"Guard havarti2","p2":"Apex✦TheRarestPepe","p1team":[{"name":"Zekrom","moves":["roost","dracometeor","voltswitch","boltstrike"],"ability":"Teravolt","evs":{"hp":85,"atk":85,"def":85,"spa":85,"spd":85,"spe":85},"ivs":{"hp":31,"atk":31,"def":31,"spa":31,"spd":31,"spe":31},"item":"Leftovers","level":73,"shiny":false},{"name":"Ferrothorn","moves":["knockoff","gyroball","powerwhip","protect"],"ability":"Iron Barbs","evs":{"hp":85,"atk":170,"def":85,"spa":85,"spd":85,"spe":0},"ivs":{"hp":31,"atk":31,"def":31,"spa":31,"spd":31,"spe":0},"item":"Leftovers","level":75,"shiny":false},{"name":"Gourgeist","moves":["shadowsneak","synthesis","seedbomb","leechseed"],"ability":"Insomnia","evs":{"hp":85,"atk":85,"def":85,"spa":85,"spd":85,"spe":85},"ivs":{"hp":31,"atk":31,"def":31,"spa":31,"spd":31,"spe":31},"item":"Leftovers","level":83,"shiny":false},{"name":"Furfrou","moves":["uturn","cottonguard","thunderwave","return"],"ability":"Fur Coat","evs":{"hp":85,"atk":85,"def":85,"spa":85,"spd":85,"spe":85},"ivs":{"hp":31,"atk":31,"def":31,"spa":31,"spd":31,"spe":31},"item":"Leftovers","level":83,"shiny":false},{"name":"Garchomp","moves":["outrage","dracometeor","fireblast","earthquake"],"ability":"Rough Skin","evs":{"hp":85,"atk":85,"def":85,"spa":85,"spd":85,"spe":85},"ivs":{"hp":31,"atk":31,"def":31,"spa":31,"spd":31,"spe":31},"item":"Garchompite","level":75,"shiny":false},{"name":"Camerupt","moves":["stealthrock","roar","fireblast","earthpower"],"ability":"Solid Rock","evs":{"hp":85,"atk":85,"def":85,"spa":85,"spd":85,"spe":85},"ivs":{"hp":31,"atk":31,"def":31,"spa":31,"spd":31,"spe":31},"item":"Leftovers","level":79,"shiny":false}],"p2team":[{"name":"Mew","moves":["stealthrock","defog","roost","psyshock"],"ability":"Synchronize","evs":{"hp":85,"atk":85,"def":85,"spa":85,"spd":85,"spe":85},"ivs":{"hp":31,"atk":31,"def":31,"spa":31,"spd":31,"spe":31},"item":"Leftovers","level":75,"shiny":false},{"name":"Durant","moves":["xscissor","superpower","batonpass","honeclaws"],"ability":"Hustle","evs":{"hp":85,"atk":85,"def":85,"spa":85,"spd":85,"spe":85},"ivs":{"hp":31,"atk":31,"def":31,"spa":31,"spd":31,"spe":31},"item":"Leftovers","level":79,"shiny":false},{"name":"Gyarados","moves":["icefang","waterfall","earthquake","crunch"],"ability":"Intimidate","evs":{"hp":85,"atk":85,"def":85,"spa":85,"spd":85,"spe":85},"ivs":{"hp":31,"atk":31,"def":31,"spa":31,"spd":31,"spe":31},"item":"Gyaradosite","level":75,"shiny":false},{"name":"Yanmega","moves":["uturn","bugbuzz","protect","ancientpower"],"ability":"Speed Boost","evs":{"hp":81,"atk":85,"def":85,"spa":89,"spd":85,"spe":85},"ivs":{"hp":31,"atk":31,"def":31,"spa":31,"spd":31,"spe":31},"item":"Life Orb","level":78,"shiny":false},{"name":"Mamoswine","moves":["iciclecrash","stealthrock","knockoff","earthquake"],"ability":"Thick Fat","evs":{"hp":85,"atk":85,"def":85,"spa":85,"spd":85,"spe":85},"ivs":{"hp":31,"atk":31,"def":31,"spa":31,"spd":31,"spe":31},"item":"Life Orb","level":77,"shiny":false},{"name":"Kyurem-Black","moves":["outrage","roost","icebeam","fusionbolt"],"ability":"Teravolt","evs":{"hp":85,"atk":85,"def":85,"spa":85,"spd":85,"spe":85},"ivs":{"hp":31,"atk":31,"def":31,"spa":31,"spd":31,"spe":31},"item":"Leftovers","level":75,"shiny":false}],"log":["|player|p1|Guard havarti2|guardhavarti2.png","|player|p2|Apex✦TheRarestPepe|153","|gametype|singles","|gen|6","|tier|Random Battle","|rated","|rule|Sleep Clause Mod: Limit one foe put to sleep","|rule|HP Percentage Mod: HP is shown in percentages","|","|start","|switch|p1a: Zekrom|Zekrom, L73|266/266","|switch|p2a: Mew|Mew, L75|274/274","|-ability|p1a: Zekrom|Teravolt","|turn|1","|","|move|p2a: Mew|Psyshock|p1a: Zekrom","|-damage|p1a: Zekrom|200/266","|move|p1a: Zekrom|Volt Switch|p2a: Mew","|-damage|p2a: Mew|207/274","|","|switch|p1a: Camerupt|Camerupt, L79, F|240/240","|","|-heal|p2a: Mew|224/274|[from] item: Leftovers","|turn|2","|","|move|p2a: Mew|Stealth Rock|p1a: Camerupt","|-sidestart|p1: Guard havarti2|move: Stealth Rock","|move|p1a: Camerupt|Stealth Rock|p2a: Mew","|-sidestart|p2: Apex✦TheRarestPepe|move: Stealth Rock","|","|-heal|p2a: Mew|241/274|[from] item: Leftovers","|turn|3","|","|move|p2a: Mew|Psyshock|p1a: Camerupt","|-damage|p1a: Camerupt|156/240","|move|p1a: Camerupt|Roar|p2a: Mew","|drag|p2a: Mamoswine|Mamoswine, L77, M|296/296","|-damage|p2a: Mamoswine|259/296|[from] Stealth Rock","|","|-heal|p1a: Camerupt|171/240|[from] item: Leftovers","|turn|4","|","|move|p2a: Mamoswine|Earthquake|p1a: Camerupt","|-supereffective|p1a: Camerupt","|-damage|p1a: Camerupt|0 fnt","|-damage|p2a: Mamoswine|230/296|[from] item: Life Orb","|faint|p1a: Camerupt","|","|","|switch|p1a: Ferrothorn|Ferrothorn, L75, F|235/235","|-damage|p1a: Ferrothorn|221/235|[from] Stealth Rock","|turn|5","|","|move|p1a: Ferrothorn|Protect|p1a: Ferrothorn","|-singleturn|p1a: Ferrothorn|Protect","|move|p2a: Mamoswine|Earthquake|p1a: Ferrothorn","|-activate|p1a: Ferrothorn|Protect","|","|-heal|p1a: Ferrothorn|235/235|[from] item: Leftovers","|turn|6","|","|move|p2a: Mamoswine|Earthquake|p1a: Ferrothorn","|-damage|p1a: Ferrothorn|118/235","|-damage|p2a: Mamoswine|201/296|[from] item: Life Orb","|move|p1a: Ferrothorn|Gyro Ball|p2a: Mamoswine","|-supereffective|p2a: Mamoswine","|-damage|p2a: Mamoswine|0 fnt","|faint|p2a: Mamoswine","|","|-heal|p1a: Ferrothorn|132/235|[from] item: Leftovers","|","|switch|p2a: Durant|Durant, L79, F|221/221","|-damage|p2a: Durant|194/221|[from] Stealth Rock","|turn|7","|","|move|p2a: Durant|Hone Claws|p2a: Durant","|-boost|p2a: Durant|atk|1","|-boost|p2a: Durant|accuracy|1","|move|p1a: Ferrothorn|Knock Off|p2a: Durant","|-damage|p2a: Durant|139/221","|-enditem|p2a: Durant|Leftovers|[from] move: Knock Off|[of] p1a: Ferrothorn","|","|-heal|p1a: Ferrothorn|146/235|[from] item: Leftovers","|turn|8","|","|move|p1a: Ferrothorn|Protect|p1a: Ferrothorn","|-singleturn|p1a: Ferrothorn|Protect","|move|p2a: Durant|Hone Claws|p2a: Durant","|-boost|p2a: Durant|atk|1","|-boost|p2a: Durant|accuracy|1","|","|-heal|p1a: Ferrothorn|160/235|[from] item: Leftovers","|turn|9","|","|move|p2a: Durant|Superpower|p1a: Ferrothorn","|-supereffective|p1a: Ferrothorn","|-damage|p1a: Ferrothorn|0 fnt","|-damage|p2a: Durant|112/221|[from] ability: Iron Barbs|[of] p1a: Ferrothorn","|-unboost|p2a: Durant|atk|1","|-unboost|p2a: Durant|def|1","|faint|p1a: Ferrothorn","|","|","|switch|p1a: Gourgeist|Gourgeist, L83, F|244/244","|-damage|p1a: Gourgeist|214/244|[from] Stealth Rock","|turn|10","|","|move|p2a: Durant|X-Scissor|p1a: Gourgeist","|-damage|p1a: Gourgeist|79/244","|move|p1a: Gourgeist|Leech Seed|p2a: Durant","|-start|p2a: Durant|move: Leech Seed","|","|-heal|p1a: Gourgeist|94/244|[from] item: Leftovers","|-damage|p2a: Durant|85/221|[from] Leech Seed|[of] p1a: Gourgeist","|-heal|p1a: Gourgeist|121/244|[silent]","|turn|11","|","|move|p1a: Gourgeist|Shadow Sneak|p2a: Durant","|-damage|p2a: Durant|31/221","|move|p2a: Durant|X-Scissor|p1a: Gourgeist","|-damage|p1a: Gourgeist|0 fnt","|faint|p1a: Gourgeist","|","|","|switch|p1a: Zekrom|Zekrom, L73|200/266","|-damage|p1a: Zekrom|167/266|[from] Stealth Rock","|-ability|p1a: Zekrom|Teravolt","|turn|12","|","|move|p2a: Durant|Superpower|p1a: Zekrom","|-damage|p1a: Zekrom|0 fnt","|-unboost|p2a: Durant|atk|1","|-unboost|p2a: Durant|def|1","|faint|p1a: Zekrom","|","|","|switch|p1a: Garchomp|Garchomp, L75, F|286/286","|-damage|p1a: Garchomp|269/286|[from] Stealth Rock","|turn|13","|","|detailschange|p1a: Garchomp|Garchomp-Mega, L75, F","|-mega|p1a: Garchomp|Garchomp|Garchompite","|move|p2a: Durant|Superpower|p1a: Garchomp","|-damage|p1a: Garchomp|159/286","|-unboost|p2a: Durant|atk|1","|-unboost|p2a: Durant|def|1","|move|p1a: Garchomp|Earthquake|p2a: Durant","|-damage|p2a: Durant|0 fnt","|faint|p2a: Durant","|","|","|switch|p2a: Kyurem-Black|Kyurem-Black, L75|311/311","|-damage|p2a: Kyurem-Black|234/311|[from] Stealth Rock","|-ability|p2a: Kyurem-Black|Teravolt","|turn|14","|","|move|p2a: Kyurem-Black|Ice Beam|p1a: Garchomp","|-supereffective|p1a: Garchomp","|-damage|p1a: Garchomp|0 fnt","|faint|p1a: Garchomp","|","|-heal|p2a: Kyurem-Black|253/311|[from] item: Leftovers","|","|switch|p1a: Furfrou|Furfrou, L83, F|260/260","|-damage|p1a: Furfrou|228/260|[from] Stealth Rock","|turn|15","|","|move|p1a: Furfrou|Thunder Wave|p2a: Kyurem-Black","|-status|p2a: Kyurem-Black|par","|cant|p2a: Kyurem-Black|par","|","|-heal|p1a: Furfrou|244/260|[from] item: Leftovers","|-heal|p2a: Kyurem-Black|272/311 par|[from] item: Leftovers","|turn|16","|","|move|p1a: Furfrou|Cotton Guard|p1a: Furfrou","|-boost|p1a: Furfrou|def|3","|move|p2a: Kyurem-Black|Outrage|p1a: Furfrou","|-damage|p1a: Furfrou|157/260","|","|-heal|p1a: Furfrou|173/260|[from] item: Leftovers","|-heal|p2a: Kyurem-Black|291/311 par|[from] item: Leftovers","|turn|17","|","|move|p1a: Furfrou|Cotton Guard|p1a: Furfrou","|-boost|p1a: Furfrou|def|3","|move|p2a: Kyurem-Black|Outrage|p1a: Furfrou|[from]lockedmove","|-damage|p1a: Furfrou|122/260","|-start|p2a: Kyurem-Black|confusion|[fatigue]","|","|-heal|p1a: Furfrou|138/260|[from] item: Leftovers","|-heal|p2a: Kyurem-Black|310/311 par|[from] item: Leftovers","|turn|18","|","|move|p1a: Furfrou|Return|p2a: Kyurem-Black","|-damage|p2a: Kyurem-Black|217/311 par","|-activate|p2a: Kyurem-Black|confusion","|-damage|p2a: Kyurem-Black|176/311 par|[from] confusion","|","|-heal|p1a: Furfrou|154/260|[from] item: Leftovers","|-heal|p2a: Kyurem-Black|195/311 par|[from] item: Leftovers","|turn|19","|","|move|p1a: Furfrou|Return|p2a: Kyurem-Black","|-damage|p2a: Kyurem-Black|104/311 par","|-activate|p2a: Kyurem-Black|confusion","|-damage|p2a: Kyurem-Black|66/311 par|[from] confusion","|","|-heal|p1a: Furfrou|170/260|[from] item: Leftovers","|-heal|p2a: Kyurem-Black|85/311 par|[from] item: Leftovers","|turn|20","|","|move|p1a: Furfrou|Return|p2a: Kyurem-Black","|-damage|p2a: Kyurem-Black|0 fnt","|faint|p2a: Kyurem-Black","|","|-heal|p1a: Furfrou|186/260|[from] item: Leftovers","|","|switch|p2a: Mew|Mew, L75|241/274","|-damage|p2a: Mew|207/274|[from] Stealth Rock","|turn|21","|","|move|p1a: Furfrou|Thunder Wave|p2a: Mew","|-status|p2a: Mew|par","|-status|p1a: Furfrou|par","|move|p2a: Mew|Defog|p1a: Furfrou","|-unboost|p1a: Furfrou|evasion|1","|-sideend|p1: Guard havarti2|Stealth Rock|[from] move: Defog|[of] p1a: Furfrou","|-sideend|p2: Apex✦TheRarestPepe|Stealth Rock|[from] move: Defog|[of] p2a: Mew","|","|-heal|p1a: Furfrou|202/260 par|[from] item: Leftovers","|-heal|p2a: Mew|224/274 par|[from] item: Leftovers","|turn|22","|","|cant|p1a: Furfrou|par","|cant|p2a: Mew|par","|","|-heal|p1a: Furfrou|218/260 par|[from] item: Leftovers","|-heal|p2a: Mew|241/274 par|[from] item: Leftovers","|turn|23","|","|move|p1a: Furfrou|U-turn|p2a: Mew","|-supereffective|p2a: Mew","|-damage|p2a: Mew|149/274 par","|cant|p2a: Mew|par","|","|-heal|p1a: Furfrou|234/260 par|[from] item: Leftovers","|-heal|p2a: Mew|166/274 par|[from] item: Leftovers","|turn|24","|","|move|p1a: Furfrou|U-turn|p2a: Mew","|-supereffective|p2a: Mew","|-damage|p2a: Mew|76/274 par","|move|p2a: Mew|Psyshock|p1a: Furfrou","|-damage|p1a: Furfrou|222/260 par","|","|-heal|p1a: Furfrou|238/260 par|[from] item: Leftovers","|-heal|p2a: Mew|93/274 par|[from] item: Leftovers","|turn|25","|","|move|p1a: Furfrou|U-turn|p2a: Mew","|-supereffective|p2a: Mew","|-damage|p2a: Mew|0 fnt","|faint|p2a: Mew","|","|-heal|p1a: Furfrou|254/260 par|[from] item: Leftovers","|","|switch|p2a: Gyarados|Gyarados, L75, F|266/266","|-ability|p2a: Gyarados|Intimidate","|-unboost|p1a: Furfrou|atk|1","|turn|26","|","|switch|p2a: Yanmega|Yanmega, L78, F|261/261","|move|p1a: Furfrou|Thunder Wave|p2a: Yanmega","|-status|p2a: Yanmega|par","|","|-heal|p1a: Furfrou|260/260 par|[from] item: Leftovers","|turn|27","|","|cant|p1a: Furfrou|par","|move|p2a: Yanmega|Ancient Power|p1a: Furfrou","|-damage|p1a: Furfrou|207/260 par","|-damage|p2a: Yanmega|235/261 par|[from] item: Life Orb","|","|-heal|p1a: Furfrou|223/260 par|[from] item: Leftovers","|-boost|p2a: Yanmega|spe|1|[from] ability: Speed Boost","|turn|28","|","|cant|p2a: Yanmega|par","|move|p1a: Furfrou|Return|p2a: Yanmega","|-damage|p2a: Yanmega|169/261 par","|","|-heal|p1a: Furfrou|239/260 par|[from] item: Leftovers","|-boost|p2a: Yanmega|spe|1|[from] ability: Speed Boost","|turn|29","|","|cant|p2a: Yanmega|par","|move|p1a: Furfrou|Return|p2a: Yanmega","|-damage|p2a: Yanmega|102/261 par","|","|-heal|p1a: Furfrou|255/260 par|[from] item: Leftovers","|-boost|p2a: Yanmega|spe|1|[from] ability: Speed Boost","|turn|30","|","|move|p2a: Yanmega|Ancient Power|p1a: Furfrou","|-damage|p1a: Furfrou|204/260 par","|-damage|p2a: Yanmega|76/261 par|[from] item: Life Orb","|move|p1a: Furfrou|Return|p2a: Yanmega","|-damage|p2a: Yanmega|6/261 par","|","|-heal|p1a: Furfrou|220/260 par|[from] item: Leftovers","|-boost|p2a: Yanmega|spe|1|[from] ability: Speed Boost","|turn|31","|","|move|p2a: Yanmega|Bug Buzz|p1a: Furfrou","|-crit|p1a: Furfrou","|-damage|p1a: Furfrou|32/260 par","|-damage|p2a: Yanmega|0 fnt|[from] item: Life Orb","|faint|p2a: Yanmega","|cant|p1a: Furfrou|par","|","|-heal|p1a: Furfrou|48/260 par|[from] item: Leftovers","|","|switch|p2a: Gyarados|Gyarados, L75, F|266/266","|-ability|p2a: Gyarados|Intimidate","|-unboost|p1a: Furfrou|atk|1","|turn|32","|","|detailschange|p2a: Gyarados|Gyarados-Mega, L75, F","|-mega|p2a: Gyarados|Gyarados|Gyaradosite","|-ability|p2a: Gyarados|Mold Breaker","|move|p2a: Gyarados|Waterfall|p1a: Furfrou","|-damage|p1a: Furfrou|15/260 par","|move|p1a: Furfrou|Thunder Wave|p2a: Gyarados","|-status|p2a: Gyarados|par","|","|-heal|p1a: Furfrou|31/260 par|[from] item: Leftovers","|turn|33","|","|move|p1a: Furfrou|U-turn|p2a: Gyarados","|-supereffective|p2a: Gyarados","|-damage|p2a: Gyarados|222/266 par","|move|p2a: Gyarados|Earthquake|p1a: Furfrou","|-damage|p1a: Furfrou|3/260 par","|","|-heal|p1a: Furfrou|19/260 par|[from] item: Leftovers","|turn|34","|","|cant|p1a: Furfrou|par","|cant|p2a: Gyarados|par","|","|-heal|p1a: Furfrou|35/260 par|[from] item: Leftovers","|turn|35","|","|cant|p1a: Furfrou|par","|cant|p2a: Gyarados|par","|","|-heal|p1a: Furfrou|51/260 par|[from] item: Leftovers","|turn|36","|","|move|p1a: Furfrou|U-turn|p2a: Gyarados","|-supereffective|p2a: Gyarados","|-damage|p2a: Gyarados|182/266 par","|move|p2a: Gyarados|Earthquake|p1a: Furfrou","|-damage|p1a: Furfrou|19/260 par","|","|-heal|p1a: Furfrou|35/260 par|[from] item: Leftovers","|turn|37","|","|move|p1a: Furfrou|U-turn|p2a: Gyarados","|-supereffective|p2a: Gyarados","|-damage|p2a: Gyarados|140/266 par","|move|p2a: Gyarados|Crunch|p1a: Furfrou","|-damage|p1a: Furfrou|0 fnt","|faint|p1a: Furfrou","|","|win|Apex✦TheRarestPepe"],"p1rating":{"entryid":556364,"formatid":"randombattle","userid":"guardhavarti2","username":"Guard havarti2","r":1500,"rd":130,"sigma":0,"rpr":1459.8393856612,"rprd":122.8583080769,"rpsigma":0,"rptime":1440666000,"w":0,"l":1,"t":0,"gxe":45,"acre":1000,"lacre":1000,"oldacre":1000},"p2rating":{"entryid":556365,"formatid":"randombattle","userid":"apextherarestpepe","username":"Apex✦TheRarestPepe","r":1500,"rd":130,"sigma":0,"rpr":1540.1606143388,"rprd":122.8583080769,"rpsigma":0,"rptime":1440666000,"w":1,"l":0,"t":0,"gxe":55,"acre":1040,"lacre":1040,"oldacre":1000},"endType":"normal"}