{"seed":[33458,5876,33509,8747],"turns":36,"p1":"jorvi 2","p2":"lkjhkij","p1team":[{"name":"Arcanine","moves":["willowisp","wildcharge","morningsun","flareblitz"],"ability":"Intimidate","evs":{"hp":85,"atk":85,"def":85,"spa":85,"spd":85,"spe":85},"ivs":{"hp":31,"atk":31,"def":31,"spa":31,"spd":31,"spe":31},"item":"Leftovers","level":77,"shiny":false},{"name":"Rotom-Fan","moves":["airslash","willowisp","painsplit","voltswitch"],"ability":"Levitate","evs":{"hp":85,"atk":85,"def":85,"spa":85,"spd":85,"spe":85},"ivs":{"hp":31,"atk":31,"def":31,"spa":31,"spd":31,"spe":31},"item":"Air Balloon","level":81,"shiny":false},{"name":"Togekiss","moves":["airslash","roost","aurasphere","defog"],"ability":"Serene Grace","evs":{"hp":85,"atk":85,"def":85,"spa":85,"spd":85,"spe":85},"ivs":{"hp":31,"atk":31,"def":31,"spa":31,"spd":31,"spe":31},"item":"Leftovers","level":76,"shiny":false},{"name":"Heatran","moves":["earthpower","lavaplume","flashcannon","stealthrock"],"ability":"Flash Fire","evs":{"hp":85,"atk":85,"def":85,"spa":85,"spd":85,"spe":85},"ivs":{"hp":31,"atk":31,"def":31,"spa":31,"spd":31,"spe":31},"item":"Air Balloon","level":75,"shiny":false},{"name":"Chansey","moves":["softboiled","protect","healbell","seismictoss"],"ability":"Natural Cure","evs":{"hp":85,"atk":85,"def":85,"spa":85,"spd":85,"spe":85},"ivs":{"hp":31,"atk":31,"def":31,"spa":31,"spd":31,"spe":31},"item":"Eviolite","level":75,"shiny":false},{"name":"Virizion","moves":["swordsdance","closecombat","leafblade","substitute"],"ability":"Justified","evs":{"hp":85,"atk":85,"def":85,"spa":85,"spd":85,"spe":85},"ivs":{"hp":31,"atk":31,"def":31,"spa":31,"spd":31,"spe":31},"item":"Leftovers","level":79,"shiny":false}],"p2team":[{"name":"Swampert","moves":["superpower","earthquake","icepunch","raindance"],"ability":"Torrent","evs":{"hp":85,"atk":85,"def":85,"spa":85,"spd":85,"spe":85},"ivs":{"hp":31,"atk":31,"def":31,"spa":31,"spd":31,"spe":31},"item":"Swampertite","level":77,"shiny":false},{"name":"Golem","moves":["rockblast","suckerpunch","toxic","stealthrock"],"ability":"Sturdy","evs":{"hp":85,"atk":85,"def":85,"spa":85,"spd":85,"spe":85},"ivs":{"hp":31,"atk":31,"def":31,"spa":31,"spd":31,"spe":31},"item":"Air Balloon","level":83,"shiny":false},{"name":"Victini","moves":["zenheadbutt","grassknot","focusblast","boltstrike"],"ability":"Victory Star","evs":{"hp":85,"atk":85,"def":85,"spa":85,"spd":85,"spe":85},"ivs":{"hp":31,"atk":31,"def":31,"spa":31,"spd":31,"spe":31},"item":"Assault Vest","level":76,"shiny":false},{"name":"Pachirisu","moves":["toxic","superfang","nuzzle","thunderbolt"],"ability":"Volt Absorb","evs":{"hp":85,"atk":85,"def":85,"spa":85,"spd":85,"spe":85},"ivs":{"hp":31,"atk":31,"def":31,"spa":31,"spd":31,"spe":31},"item":"Air Balloon","level":83,"shiny":false},{"name":"Exeggutor","moves":["psychic","leechseed","substitute","gigadrain"],"ability":"Harvest","evs":{"hp":85,"atk":85,"def":85,"spa":85,"spd":85,"spe":85},"ivs":{"hp":31,"atk":31,"def":31,"spa":31,"spd":31,"spe":31},"item":"Sitrus Berry","level":81,"shiny":false},{"name":"Golurk","moves":["earthquake","rockpolish","shadowpunch","dynamicpunch"],"ability":"No Guard","evs":{"hp":85,"atk":85,"def":85,"spa":85,"spd":85,"spe":85},"ivs":{"hp":31,"atk":31,"def":31,"spa":31,"spd":31,"spe":31},"item":"Life Orb","level":81,"shiny":false}],"log":["|player|p1|jorvi 2|jorvi2.png","|player|p2|lkjhkij|169","|gametype|singles","|gen|6","|tier|Random Battle","|rated","|rule|Sleep Clause Mod: Limit one foe put to sleep","|rule|HP Percentage Mod: HP is shown in percentages","|","|start","|switch|p1a: Arcanine|Arcanine, L77, M|265/265","|switch|p2a: Swampert|Swampert, L77, M|281/281","|-ability|p1a: Arcanine|Intimidate","|-unboost|p2a: Swampert|atk|1","|turn|1","|","|detailschange|p2a: Swampert|Swampert-Mega, L77, M","|-mega|p2a: Swampert|Swampert|Swampertite","|move|p1a: Arcanine|Will-O-Wisp|p2a: Swampert","|-status|p2a: Swampert|brn","|move|p2a: Swampert|Earthquake|p1a: Arcanine","|-supereffective|p1a: Arcanine","|-damage|p1a: Arcanine|172/265","|","|-heal|p1a: Arcanine|188/265|[from] item: Leftovers","|-damage|p2a: Swampert|246/281 brn|[from] brn","|turn|2","|","|move|p1a: Arcanine|Flare Blitz|p2a: Swampert","|-resisted|p2a: Swampert","|-damage|p2a: Swampert|190/281 brn","|-damage|p1a: Arcanine|170/265|[from] recoil|[of] p2a: Swampert","|move|p2a: Swampert|Earthquake|p1a: Arcanine","|-supereffective|p1a: Arcanine","|-damage|p1a: Arcanine|62/265","|","|-heal|p1a: Arcanine|78/265|[from] item: Leftovers","|-damage|p2a: Swampert|155/281 brn|[from] brn","|turn|3","|","|move|p1a: Arcanine|Morning Sun|p1a: Arcanine","|-heal|p1a: Arcanine|210/265","|move|p2a: Swampert|Earthquake|p1a: Arcanine","|-supereffective|p1a: Arcanine","|-damage|p1a: Arcanine|111/265","|","|-heal|p1a: Arcanine|127/265|[from] item: Leftovers","|-damage|p2a: Swampert|120/281 brn|[from] brn","|turn|4","|","|move|p1a: Arcanine|Morning Sun|p1a: Arcanine","|-heal|p1a: Arcanine|259/265","|move|p2a: Swampert|Earthquake|p1a: Arcanine","|-supereffective|p1a: Arcanine","|-damage|p1a: Arcanine|156/265","|","|-heal|p1a: Arcanine|172/265|[from] item: Leftovers","|-damage|p2a: Swampert|85/281 brn|[from] brn","|turn|5","|","|move|p1a: Arcanine|Morning Sun|p1a: Arcanine","|-heal|p1a: Arcanine|265/265","|move|p2a: Swampert|Earthquake|p1a: Arcanine","|-supereffective|p1a: Arcanine","|-damage|p1a: Arcanine|171/265","|","|-heal|p1a: Arcanine|187/265|[from] item: Leftovers","|-damage|p2a: Swampert|50/281 brn|[from] brn","|turn|6","|","|move|p1a: Arcanine|Flare Blitz|p2a: Swampert","|-resisted|p2a: Swampert","|-damage|p2a: Swampert|0 fnt","|-damage|p1a: Arcanine|170/265|[from] recoil|[of] p2a: Swampert","|faint|p2a: Swampert","|","|-heal|p1a: Arcanine|186/265|[from] item: Leftovers","|","|switch|p2a: Golem|Golem, L83, F|268/268","|-item|p2a: Golem|Air Balloon","|turn|7","|","|move|p1a: Arcanine|Will-O-Wisp|p2a: Golem|[miss]","|-miss|p1a: Arcanine|p2a: Golem","|move|p2a: Golem|Stealth Rock|p1a: Arcanine","|-sidestart|p1: jorvi 2|move: Stealth Rock","|","|-heal|p1a: Arcanine|202/265|[from] item: Leftovers","|turn|8","|","|move|p1a: Arcanine|Will-O-Wisp|p2a: Golem","|-status|p2a: Golem|brn","|move|p2a: Golem|Toxic|p1a: Arcanine","|-status|p1a: Arcanine|tox","|","|-heal|p1a: Arcanine|218/265 tox|[from] item: Leftovers","|-damage|p1a: Arcanine|202/265 tox|[from] psn","|-damage|p2a: Golem|235/268 brn|[from] brn","|turn|9","|","|move|p1a: Arcanine|Flare Blitz|p2a: Golem","|-resisted|p2a: Golem","|-damage|p2a: Golem|194/268 brn","|-enditem|p2a: Golem|Air Balloon","|-damage|p1a: Arcanine|188/265 tox|[from] recoil|[of] p2a: Golem","|move|p2a: Golem|Rock Blast|p1a: Arcanine","|-crit|p1a: Arcanine","|-supereffective|p1a: Arcanine","|-damage|p1a: Arcanine|133/265 tox","|-supereffective|p1a: Arcanine","|-damage|p1a: Arcanine|99/265 tox","|-supereffective|p1a: Arcanine","|-damage|p1a: Arcanine|63/265 tox","|-hitcount|p1a: Arcanine|3","|","|-heal|p1a: Arcanine|79/265 tox|[from] item: Leftovers","|-damage|p1a: Arcanine|47/265 tox|[from] psn","|-damage|p2a: Golem|161/268 brn|[from] brn","|turn|10","|","|switch|p2a: Pachirisu|Pachirisu, L83, M|235/235","|-item|p2a: Pachirisu|Air Balloon","|move|p1a: Arcanine|Morning Sun|p1a: Arcanine","|-heal|p1a: Arcanine|179/265 tox","|","|-heal|p1a: Arcanine|195/265 tox|[from] item: Leftovers","|-damage|p1a: Arcanine|147/265 tox|[from] psn","|turn|11","|","|move|p2a: Pachirisu|Nuzzle|p1a: Arcanine","|-damage|p1a: Arcanine|131/265 tox","|move|p1a: Arcanine|Will-O-Wisp|p2a: Pachirisu","|-status|p2a: Pachirisu|brn","|","|-heal|p1a: Arcanine|147/265 tox|[from] item: Leftovers","|-damage|p2a: Pachirisu|206/235 brn|[from] brn","|-damage|p1a: Arcanine|83/265 tox|[from] psn","|turn|12","|","|switch|p2a: Golem|Golem, L83, F|161/268 brn","|move|p1a: Arcanine|Flare Blitz|p2a: Golem","|-resisted|p2a: Golem","|-damage|p2a: Golem|119/268 brn","|-damage|p1a: Arcanine|69/265 tox|[from] recoil|[of] p2a: Golem","|","|-heal|p1a: Arcanine|85/265 tox|[from] item: Leftovers","|-damage|p1a: Arcanine|5/265 tox|[from] psn","|-damage|p2a: Golem|86/268 brn|[from] brn","|turn|13","|","|move|p2a: Golem|Sucker Punch|p1a: Arcanine","|-fail|p2a: Golem","|move|p1a: Arcanine|Morning Sun|p1a: Arcanine","|-heal|p1a: Arcanine|137/265 tox","|","|-heal|p1a: Arcanine|153/265 tox|[from] item: Leftovers","|-damage|p1a: Arcanine|57/265 tox|[from] psn","|-damage|p2a: Golem|53/268 brn|[from] brn","|turn|14","|","|move|p2a: Golem|Sucker Punch|p1a: Arcanine","|-fail|p2a: Golem","|move|p1a: Arcanine|Morning Sun|p1a: Arcanine","|-heal|p1a: Arcanine|189/265 tox","|","|-heal|p1a: Arcanine|205/265 tox|[from] item: Leftovers","|-damage|p1a: Arcanine|93/265 tox|[from] psn","|-damage|p2a: Golem|20/268 brn|[from] brn","|turn|15","|","|move|p1a: Arcanine|Morning Sun|p1a: Arcanine","|-heal|p1a: Arcanine|225/265 tox","|move|p2a: Golem|Rock Blast|p1a: Arcanine|[miss]","|-miss|p2a: Golem|p1a: Arcanine","|","|-heal|p1a: Arcanine|241/265 tox|[from] item: Leftovers","|-damage|p1a: Arcanine|113/265 tox|[from] psn","|-damage|p2a: Golem|0 fnt|[from] brn","|faint|p2a: Golem","|","|switch|p2a: Exeggutor|Exeggutor, L81, M|287/287","|turn|16","|","|move|p1a: Arcanine|Will-O-Wisp|p2a: Exeggutor","|-status|p2a: Exeggutor|brn","|move|p2a: Exeggutor|Substitute|p2a: Exeggutor","|-start|p2a: Exeggutor|Substitute","|-damage|p2a: Exeggutor|216/287 brn","|","|-heal|p1a: Arcanine|129/265 tox|[from] item: Leftovers","|-damage|p1a: Arcanine|0 fnt|[from] psn","|-damage|p2a: Exeggutor|181/287 brn|[from] brn","|faint|p1a: Arcanine","|","|switch|p1a: Heatran|Heatran, L75, F|260/260","|-damage|p1a: Heatran|228/260|[from] Stealth Rock","|-item|p1a: Heatran|Air Balloon","|turn|17","|","|move|p1a: Heatran|Lava Plume|p2a: Exeggutor","|-supereffective|p2a: Exeggutor","|-end|p2a: Exeggutor|Substitute","|move|p2a: Exeggutor|Leech Seed|p1a: Heatran","|-start|p1a: Heatran|move: Leech Seed","|","|-damage|p1a: Heatran|196/260|[from] Leech Seed|[of] p2a: Exeggutor","|-heal|p2a: Exeggutor|213/287 brn|[silent]","|-damage|p2a: Exeggutor|178/287 brn|[from] brn","|turn|18","|","|move|p1a: Heatran|Lava Plume|p2a: Exeggutor","|-supereffective|p2a: Exeggutor","|-damage|p2a: Exeggutor|0 fnt","|faint|p2a: Exeggutor","|","|","|switch|p2a: Pachirisu|Pachirisu, L83, M|206/235 brn","|-item|p2a: Pachirisu|Air Balloon","|turn|19","|","|move|p2a: Pachirisu|Nuzzle|p1a: Heatran","|-damage|p1a: Heatran|190/260","|-enditem|p1a: Heatran|Air Balloon","|-status|p1a: Heatran|par","|move|p1a: Heatran|Lava Plume|p2a: Pachirisu","|-damage|p2a: Pachirisu|110/235 brn","|-enditem|p2a: Pachirisu|Air Balloon","|","|-damage|p1a: Heatran|158/260 par|[from] Leech Seed|[of] p2a: Pachirisu","|-heal|p2a: Pachirisu|142/235 brn|[silent]","|-damage|p2a: Pachirisu|113/235 brn|[from] brn","|turn|20","|","|switch|p2a: Victini|Victini, L76|277/277","|cant|p1a: Heatran|par","|","|-damage|p1a: Heatran|126/260 par|[from] Leech Seed|[of] p2a: Victini","|turn|21","|","|move|p2a: Victini|Focus Blast|p1a: Heatran","|-supereffective|p1a: Heatran","|-damage|p1a: Heatran|0 fnt","|faint|p1a: Heatran","|","|","|switch|p1a: Rotom-Fan|Rotom-Fan, L81|214/214","|-damage|p1a: Rotom-Fan|161/214|[from] Stealth Rock","|-item|p1a: Rotom-Fan|Air Balloon","|turn|22","|","|switch|p2a: Golurk|Golurk, L81|277/277","|move|p1a: Rotom-Fan|Will-O-Wisp|p2a: Golurk","|-status|p2a: Golurk|brn","|","|-damage|p2a: Golurk|243/277 brn|[from] brn","|turn|23","|","|move|p1a: Rotom-Fan|Pain Split|p2a: Golurk","|-sethp|p2a: Golurk|202/277 brn|p1a: Rotom-Fan|202/214|[from] move: Pain Split","|move|p2a: Golurk|Shadow Punch|p1a: Rotom-Fan","|-damage|p1a: Rotom-Fan|158/214","|-enditem|p1a: Rotom-Fan|Air Balloon","|-damage|p2a: Golurk|175/277 brn|[from] item: Life Orb","|","|-damage|p2a: Golurk|141/277 brn|[from] brn","|turn|24","|","|switch|p2a: Pachirisu|Pachirisu, L83, M|113/235 brn","|move|p1a: Rotom-Fan|Air Slash|p2a: Pachirisu","|-resisted|p2a: Pachirisu","|-damage|p2a: Pachirisu|76/235 brn","|","|-damage|p2a: Pachirisu|47/235 brn|[from] brn","|turn|25","|","|move|p2a: Pachirisu|Super Fang|p1a: Rotom-Fan","|-damage|p1a: Rotom-Fan|79/214","|move|p1a: Rotom-Fan|Air Slash|p2a: Pachirisu","|-resisted|p2a: Pachirisu","|-damage|p2a: Pachirisu|7/235 brn","|","|-damage|p2a: Pachirisu|0 fnt|[from] brn","|faint|p2a: Pachirisu","|","|switch|p2a: Victini|Victini, L76|277/277","|turn|26","|","|move|p2a: Victini|Zen Headbutt|p1a: Rotom-Fan","|-crit|p1a: Rotom-Fan","|-damage|p1a: Rotom-Fan|0 fnt","|faint|p1a: Rotom-Fan","|","|","|switch|p1a: Togekiss|Togekiss, L76, M|254/254","|-damage|p1a: Togekiss|191/254|[from] Stealth Rock","|turn|27","|","|move|p2a: Victini|Bolt Strike|p1a: Togekiss","|-supereffective|p1a: Togekiss","|-damage|p1a: Togekiss|19/254","|move|p1a: Togekiss|Defog|p2a: Victini","|-unboost|p2a: Victini|evasion|1","|-sideend|p1: jorvi 2|Stealth Rock|[from] move: Defog|[of] p1a: Togekiss","|","|-heal|p1a: Togekiss|34/254|[from] item: Leftovers","|turn|28","|","|move|p2a: Victini|Bolt Strike|p1a: Togekiss","|-supereffective|p1a: Togekiss","|-damage|p1a: Togekiss|0 fnt","|faint|p1a: Togekiss","|","|","|switch|p1a: Chansey|Chansey, L75, F|499/499","|turn|29","|","|move|p2a: Victini|Zen Headbutt|p1a: Chansey","|-damage|p1a: Chansey|309/499","|move|p1a: Chansey|Seismic Toss|p2a: Victini","|-damage|p2a: Victini|202/277","|","|turn|30","|","|move|p2a: Victini|Grass Knot|p1a: Chansey","|-damage|p1a: Chansey|285/499","|move|p1a: Chansey|Seismic Toss|p2a: Victini","|-damage|p2a: Victini|127/277","|","|turn|31","|","|move|p2a: Victini|Zen Headbutt|p1a: Chansey","|-damage|p1a: Chansey|105/499","|move|p1a: Chansey|Seismic Toss|p2a: Victini","|-damage|p2a: Victini|52/277","|","|turn|32","|","|move|p2a: Victini|Zen Headbutt|p1a: Chansey","|-damage|p1a: Chansey|0 fnt","|faint|p1a: Chansey","|","|","|switch|p1a: Virizion|Virizion, L79|273/273","|turn|33","|","|move|p1a: Virizion|Leaf Blade|p2a: Victini","|-resisted|p2a: Victini","|-damage|p2a: Victini|11/277","|move|p2a: Victini|Zen Headbutt|p1a: Virizion","|-supereffective|p1a: Virizion","|-damage|p1a: Virizion|85/273","|","|-heal|p1a: Virizion|102/273|[from] item: Leftovers","|turn|34","|","|move|p1a: Virizion|Leaf Blade|p2a: Victini","|-crit|p2a: Victini","|-resisted|p2a: Victini","|-damage|p2a: Victini|0 fnt","|faint|p2a: Victini","|","|-heal|p1a: Virizion|119/273|[from] item: Leftovers","|","|switch|p2a: Golurk|Golurk, L81|141/277 brn","|turn|35","|","|move|p1a: Virizion|Swords Dance|p1a: Virizion","|-boost|p1a: Virizion|atk|2","|move|p2a: Golurk|Earthquake|p1a: Virizion","|-resisted|p1a: Virizion","|-damage|p1a: Virizion|68/273","|-damage|p2a: Golurk|114/277 brn|[from] item: Life Orb","|","|-heal|p1a: Virizion|85/273|[from] item: Leftovers","|-damage|p2a: Golurk|80/277 brn|[from] brn","|turn|36","|","|move|p1a: Virizion|Leaf Blade|p2a: Golurk","|-supereffective|p2a: Golurk","|-damage|p2a: Golurk|0 fnt","|faint|p2a: Golurk","|","|win|jorvi 2"],"p1rating":{"entryid":549576,"formatid":"randombattle","userid":"jorvi2","username":"jorvi 2","r":1500,"rd":130,"sigma":0,"rpr":1540.1606143388,"rprd":122.8583080769,"rpsigma":0,"rptime":1440666000,"w":1,"l":0,"t":0,"gxe":55,"acre":1040,"lacre":1040,"oldacre":1000},"p2rating":{"entryid":549577,"formatid":"randombattle","userid":"lkjhkij","username":"lkjhkij","r":1500,"rd":130,"sigma":0,"rpr":1459.8393856612,"rprd":122.8583080769,"rpsigma":0,"rptime":1440666000,"w":0,"l":1,"t":0,"gxe":45,"acre":1000,"lacre":1000,"oldacre":1000},"endType":"normal"}