{"seed":[38002,4838,7306,7055],"turns":17,"p1":"mortal jordean","p2":"samsamblaze","p1team":[{"name":"Kyurem-Black","moves":["fusionbolt","icebeam","earthpower","outrage"],"ability":"Teravolt","evs":{"hp":85,"atk":85,"def":85,"spa":85,"spd":85,"spe":85},"ivs":{"hp":31,"atk":31,"def":31,"spa":31,"spd":31,"spe":31},"item":"Assault Vest","level":75,"shiny":false},{"name":"Aromatisse","moves":["wish","reflect","moonblast","lightscreen"],"ability":"Aroma Veil","evs":{"hp":85,"atk":85,"def":85,"spa":85,"spd":85,"spe":85},"ivs":{"hp":31,"atk":31,"def":31,"spa":31,"spd":31,"spe":31},"item":"Light Clay","level":79,"shiny":false},{"name":"Spiritomb","moves":["painsplit","foulplay","pursuit","darkpulse"],"ability":"Infiltrator","evs":{"hp":85,"atk":85,"def":85,"spa":85,"spd":85,"spe":85},"ivs":{"hp":31,"atk":31,"def":31,"spa":31,"spd":31,"spe":31},"item":"Life Orb","level":79,"shiny":false},{"name":"Thundurus-Therian","moves":["thunderbolt","voltswitch","hiddenpowerflying","focusblast"],"ability":"Volt Absorb","evs":{"hp":81,"atk":85,"def":85,"spa":89,"spd":85,"spe":85},"ivs":{"hp":30,"atk":30,"def":30,"spa":30,"spd":30,"spe":31},"item":"Choice Scarf","level":76,"shiny":false},{"name":"Chesnaught","moves":["drainpunch","leechseed","spikes","synthesis"],"ability":"Bulletproof","evs":{"hp":85,"atk":85,"def":85,"spa":85,"spd":85,"spe":85},"ivs":{"hp":31,"atk":31,"def":31,"spa":31,"spd":31,"spe":31},"item":"Leftovers","level":77,"shiny":false},{"name":"Groudon","moves":["rockpolish","earthquake","lavaplume","stoneedge"],"ability":"Drought","evs":{"hp":85,"atk":85,"def":85,"spa":85,"spd":85,"spe":85},"ivs":{"hp":31,"atk":31,"def":31,"spa":31,"spd":31,"spe":31},"item":"Red Orb","level":73,"shiny":false}],"p2team":[{"name":"Kingdra","moves":["waterfall","outrage","dracometeor","ironhead"],"ability":"Swift Swim","evs":{"hp":85,"atk":85,"def":85,"spa":85,"spd":85,"spe":85},"ivs":{"hp":31,"atk":31,"def":31,"spa":31,"spd":31,"spe":31},"item":"Assault Vest","level":78,"shiny":false},{"name":"Simisage","moves":["superpower","knockoff","gigadrain","leafstorm"],"ability":"Overgrow","evs":{"hp":85,"atk":85,"def":85,"spa":85,"spd":85,"spe":85},"ivs":{"hp":31,"atk":31,"def":31,"spa":31,"spd":31,"spe":31},"item":"Expert Belt","level":83,"shiny":false},{"name":"Azumarill","moves":["knockoff","playrough","bellydrum","waterfall"],"ability":"Huge Power","evs":{"hp":85,"atk":85,"def":85,"spa":85,"spd":85,"spe":85},"ivs":{"hp":31,"atk":31,"def":31,"spa":31,"spd":31,"spe":31},"item":"Sitrus Berry","level":75,"shiny":false},{"name":"Smeargle","moves":["destinybond","spore","whirlwind","spikes"],"ability":"Technician","evs":{"hp":85,"atk":85,"def":85,"spa":85,"spd":85,"spe":85},"ivs":{"hp":31,"atk":31,"def":31,"spa":31,"spd":31,"spe":31},"item":"Leftovers","level":77,"shiny":false},{"name":"Gardevoir","moves":["psyshock","focusblast","taunt","hypervoice"],"ability":"Synchronize","evs":{"hp":85,"atk":85,"def":85,"spa":85,"spd":85,"spe":85},"ivs":{"hp":31,"atk":31,"def":31,"spa":31,"spd":31,"spe":31},"item":"Gardevoirite","level":75,"shiny":false},{"name":"Sandslash","moves":["swordsdance","earthquake","knockoff","toxic"],"ability":"Sand Rush","evs":{"hp":85,"atk":85,"def":85,"spa":85,"spd":85,"spe":85},"ivs":{"hp":31,"atk":31,"def":31,"spa":31,"spd":31,"spe":31},"item":"Leftovers","level":81,"shiny":false}],"log":["|player|p1|mortal jordean|229","|player|p2|samsamblaze|samsamblaze.png","|gametype|singles","|gen|6","|tier|Random Battle","|rated","|rule|Sleep Clause Mod: Limit one foe put to sleep","|rule|HP Percentage Mod: HP is shown in percentages","|","|start","|switch|p1a: Kyurem-Black|Kyurem-Black, L75|311/311","|switch|p2a: Kingdra|Kingdra, L78, M|245/245","|-ability|p1a: Kyurem-Black|Teravolt","|turn|1","|","|switch|p1a: Chesnaught|Chesnaught, L77, M|262/262","|move|p2a: Kingdra|Outrage|p1a: Chesnaught","|-damage|p1a: Chesnaught|165/262","|","|-heal|p1a: Chesnaught|181/262|[from] item: Leftovers","|turn|2","|","|move|p2a: Kingdra|Outrage|p1a: Chesnaught|[from]lockedmove","|-damage|p1a: Chesnaught|94/262","|-start|p2a: Kingdra|confusion|[fatigue]","|move|p1a: Chesnaught|Drain Punch|p2a: Kingdra","|-damage|p2a: Kingdra|170/245","|-heal|p1a: Chesnaught|132/262|[from] drain|[of] p2a: Kingdra","|","|-heal|p1a: Chesnaught|148/262|[from] item: Leftovers","|turn|3","|","|-activate|p2a: Kingdra|confusion","|-damage|p2a: Kingdra|145/245|[from] confusion","|move|p1a: Chesnaught|Drain Punch|p2a: Kingdra","|-damage|p2a: Kingdra|70/245","|-heal|p1a: Chesnaught|186/262|[from] drain|[of] p2a: Kingdra","|","|-heal|p1a: Chesnaught|202/262|[from] item: Leftovers","|turn|4","|","|-activate|p2a: Kingdra|confusion","|move|p2a: Kingdra|Iron Head|p1a: Chesnaught","|-damage|p1a: Chesnaught|163/262","|move|p1a: Chesnaught|Drain Punch|p2a: Kingdra","|-damage|p2a: Kingdra|0 fnt","|-heal|p1a: Chesnaught|198/262|[from] drain|[of] p2a: Kingdra","|faint|p2a: Kingdra","|","|-heal|p1a: Chesnaught|214/262|[from] item: Leftovers","|","|switch|p2a: Gardevoir|Gardevoir, L75, M|226/226","|turn|5","|","|switch|p1a: Spiritomb|Spiritomb, L79, F|209/209","|detailschange|p2a: Gardevoir|Gardevoir-Mega, L75, M","|-mega|p2a: Gardevoir|Gardevoir|Gardevoirite","|move|p2a: Gardevoir|Psyshock|p1a: Spiritomb","|-immune|p1a: Spiritomb|[msg]","|","|turn|6","|","|move|p2a: Gardevoir|Hyper Voice|p1a: Spiritomb","|-supereffective|p1a: Spiritomb","|-damage|p1a: Spiritomb|0 fnt","|faint|p1a: Spiritomb","|","|","|switch|p1a: Groudon|Groudon, L73|266/266","|detailschange|p1a: Groudon|Groudon-Primal, L73","|message|Groudon's Primal Reversion! It reverted to its primal form!","|-weather|DesolateLand","|turn|7","|","|move|p2a: Gardevoir|Focus Blast|p1a: Groudon","|-crit|p1a: Groudon","|-damage|p1a: Groudon|83/266","|move|p1a: Groudon|Earthquake|p2a: Gardevoir","|-damage|p2a: Gardevoir|30/226","|","|-weather|DesolateLand|[upkeep]","|turn|8","|","|move|p2a: Gardevoir|Focus Blast|p1a: Groudon","|-damage|p1a: Groudon|0 fnt","|faint|p1a: Groudon","|-weather|none","|","|","|switch|p1a: Thundurus-Therian|Thundurus-Therian, L76, M|244/244","|turn|9","|","|move|p1a: Thundurus-Therian|Focus Blast|p2a: Gardevoir|[miss]","|-miss|p1a: Thundurus-Therian|p2a: Gardevoir","|move|p2a: Gardevoir|Psyshock|p1a: Thundurus-Therian","|-damage|p1a: Thundurus-Therian|100/244","|","|turn|10","|","|move|p1a: Thundurus-Therian|Focus Blast|p2a: Gardevoir","|-resisted|p2a: Gardevoir","|-damage|p2a: Gardevoir|10/226","|-unboost|p2a: Gardevoir|spd|1","|move|p2a: Gardevoir|Psyshock|p1a: Thundurus-Therian","|-damage|p1a: Thundurus-Therian|0 fnt","|faint|p1a: Thundurus-Therian","|","|","|switch|p1a: Aromatisse|Aromatisse, L79, M|289/289","|turn|11","|","|move|p2a: Gardevoir|Psyshock|p1a: Aromatisse","|-damage|p1a: Aromatisse|147/289","|move|p1a: Aromatisse|Moonblast|p2a: Gardevoir","|-damage|p2a: Gardevoir|0 fnt","|faint|p2a: Gardevoir","|","|","|switch|p2a: Azumarill|Azumarill, L75, M|274/274","|turn|12","|","|move|p2a: Azumarill|Belly Drum|p2a: Azumarill","|-damage|p2a: Azumarill|137/274","|-setboost|p2a: Azumarill|atk|6|[from] move: Belly Drum","|-enditem|p2a: Azumarill|Sitrus Berry|[eat]","|-heal|p2a: Azumarill|205/274|[from] item: Sitrus Berry","|move|p1a: Aromatisse|Light Screen|p1a: Aromatisse","|-sidestart|p1: mortal jordean|move: Light Screen","|","|turn|13","|","|move|p2a: Azumarill|Waterfall|p1a: Aromatisse","|-damage|p1a: Aromatisse|0 fnt","|faint|p1a: Aromatisse","|","|","|switch|p1a: Chesnaught|Chesnaught, L77, M|214/262","|turn|14","|","|move|p1a: Chesnaught|Drain Punch|p2a: Azumarill","|-resisted|p2a: Azumarill","|-damage|p2a: Azumarill|161/274","|-heal|p1a: Chesnaught|236/262|[from] drain|[of] p2a: Azumarill","|move|p2a: Azumarill|Play Rough|p1a: Chesnaught|[miss]","|-miss|p2a: Azumarill|p1a: Chesnaught","|","|-heal|p1a: Chesnaught|252/262|[from] item: Leftovers","|turn|15","|","|move|p1a: Chesnaught|Synthesis|p1a: Chesnaught","|-heal|p1a: Chesnaught|262/262","|move|p2a: Azumarill|Play Rough|p1a: Chesnaught|[miss]","|-miss|p2a: Azumarill|p1a: Chesnaught","|","|turn|16","|","|move|p1a: Chesnaught|Synthesis|p1a: Chesnaught","|move|p2a: Azumarill|Play Rough|p1a: Chesnaught","|-supereffective|p1a: Chesnaught","|-damage|p1a: Chesnaught|0 fnt","|faint|p1a: Chesnaught","|","|","|switch|p1a: Kyurem-Black|Kyurem-Black, L75|311/311","|-ability|p1a: Kyurem-Black|Teravolt","|turn|17","|","|move|p1a: Kyurem-Black|Outrage|p2a: Azumarill","|-immune|p2a: Azumarill|[msg]","|move|p2a: Azumarill|Play Rough|p1a: Kyurem-Black","|-supereffective|p1a: Kyurem-Black","|-damage|p1a: Kyurem-Black|0 fnt","|faint|p1a: Kyurem-Black","|","|win|samsamblaze"],"p1rating":{"entryid":"198097","serverid":"eos","formatid":"randombattle","userid":"mortaljordean","username":"mortal jordean","w":"3","l":4,"t":"0","gxe":47,"r":1501.5566634515,"rd":99.525892037918,"sigma":"0","rptime":1440666000,"rpr":1476.826576989,"rprd":96.209877631779,"rpsigma":"0","acre":1053.5192668612,"lacre":1053.5192668612,"oldacre":"1080.6580165181"},"p2rating":{"entryid":533634,"formatid":"randombattle","userid":"samsamblaze","username":"samsamblaze","r":1500,"rd":130,"sigma":0,"rpr":1538.0935042003,"rprd":122.51960721221,"rpsigma":0,"rptime":1440666000,"w":1,"l":0,"t":0,"gxe":54.8,"acre":1049.1227929501,"lacre":1049.1227929501,"oldacre":1000},"endType":"normal"}