{"seed":[51898,30873,22911,17343],"turns":18,"p1":"Ynfynyt Scroll","p2":"jkgfrytdru","p1team":[{"name":"Volcarona","moves":["roost","quiverdance","fierydance","gigadrain"],"ability":"Flame Body","evs":{"hp":81,"atk":85,"def":85,"spa":89,"spd":85,"spe":85},"ivs":{"hp":31,"atk":31,"def":31,"spa":31,"spd":31,"spe":31},"item":"Focus Sash","level":76,"shiny":false},{"name":"Abomasnow","moves":["earthquake","hiddenpowerfire","gigadrain","iceshard"],"ability":"Snow Warning","evs":{"hp":85,"atk":85,"def":85,"spa":85,"spd":85,"spe":85},"ivs":{"hp":31,"atk":30,"def":31,"spa":30,"spd":31,"spe":30},"item":"Abomasite","level":77,"shiny":false},{"name":"Doublade","moves":["swordsdance","ironhead","sacredsword","shadowsneak"],"ability":"No Guard","evs":{"hp":85,"atk":85,"def":85,"spa":85,"spd":85,"spe":85},"ivs":{"hp":31,"atk":31,"def":31,"spa":31,"spd":31,"spe":31},"item":"Eviolite","level":77,"shiny":false},{"name":"Tangrowth","moves":["earthquake","sleeppowder","leafstorm","hiddenpowerfire"],"ability":"Regenerator","evs":{"hp":85,"atk":85,"def":85,"spa":85,"spd":85,"spe":85},"ivs":{"hp":31,"atk":30,"def":31,"spa":30,"spd":31,"spe":30},"item":"Life Orb","level":79,"shiny":false},{"name":"Crustle","moves":["stoneedge","earthquake","shellsmash","xscissor"],"ability":"Sturdy","evs":{"hp":85,"atk":85,"def":85,"spa":85,"spd":85,"spe":85},"ivs":{"hp":31,"atk":31,"def":31,"spa":31,"spd":31,"spe":31},"item":"White Herb","level":81,"shiny":false},{"name":"Gallade","moves":["bulkup","icepunch","zenheadbutt","drainpunch"],"ability":"Justified","evs":{"hp":85,"atk":85,"def":85,"spa":85,"spd":85,"spe":85},"ivs":{"hp":31,"atk":31,"def":31,"spa":31,"spd":31,"spe":31},"item":"Life Orb","level":79,"shiny":false}],"p2team":[{"name":"Sharpedo","moves":["waterfall","icefang","earthquake","crunch"],"ability":"Speed Boost","evs":{"hp":85,"atk":85,"def":85,"spa":85,"spd":85,"spe":85},"ivs":{"hp":31,"atk":31,"def":31,"spa":31,"spd":31,"spe":31},"item":"Sharpedonite","level":77,"shiny":false},{"name":"Dragonite","moves":["firepunch","roost","dragondance","outrage"],"ability":"Multiscale","evs":{"hp":81,"atk":89,"def":85,"spa":85,"spd":85,"spe":85},"ivs":{"hp":31,"atk":31,"def":31,"spa":31,"spd":31,"spe":31},"item":"Lum Berry","level":75,"shiny":false},{"name":"Linoone","moves":["shadowclaw","seedbomb","extremespeed","bellydrum"],"ability":"Quick Feet","evs":{"hp":81,"atk":89,"def":85,"spa":85,"spd":85,"spe":85},"ivs":{"hp":31,"atk":31,"def":31,"spa":31,"spd":31,"spe":31},"item":"Sitrus Berry","level":83,"shiny":false},{"name":"Throh","moves":["knockoff","stormthrow","icepunch","circlethrow"],"ability":"Mold Breaker","evs":{"hp":85,"atk":85,"def":85,"spa":85,"spd":85,"spe":85},"ivs":{"hp":31,"atk":31,"def":31,"spa":31,"spd":31,"spe":31},"item":"Choice Band","level":82,"shiny":false},{"name":"Dialga","moves":["fireblast","dracometeor","flashcannon","thunderbolt"],"ability":"Pressure","evs":{"hp":85,"atk":85,"def":85,"spa":85,"spd":85,"spe":85},"ivs":{"hp":31,"atk":31,"def":31,"spa":31,"spd":31,"spe":31},"item":"Choice Scarf","level":73,"shiny":false},{"name":"Glaceon","moves":["protect","healbell","wish","icebeam"],"ability":"Ice Body","evs":{"hp":81,"atk":85,"def":85,"spa":89,"spd":85,"spe":85},"ivs":{"hp":31,"atk":31,"def":31,"spa":31,"spd":31,"spe":31},"item":"Leftovers","level":83,"shiny":false}],"log":["|player|p1|Ynfynyt Scroll|266","|player|p2|jkgfrytdru|1","|gametype|singles","|gen|6","|tier|Random Battle","|rated","|rule|Sleep Clause Mod: Limit one foe put to sleep","|rule|HP Percentage Mod: HP is shown in percentages","|","|start","|switch|p1a: Volcarona|Volcarona, L76, F|253/253","|switch|p2a: Sharpedo|Sharpedo, L77, F|234/234","|turn|1","|","|detailschange|p2a: Sharpedo|Sharpedo-Mega, L77, F","|-mega|p2a: Sharpedo|Sharpedo|Sharpedonite","|move|p1a: Volcarona|Giga Drain|p2a: Sharpedo","|-supereffective|p2a: Sharpedo","|-damage|p2a: Sharpedo|88/234","|move|p2a: Sharpedo|Waterfall|p1a: Volcarona","|-supereffective|p1a: Volcarona","|-enditem|p1a: Volcarona|Focus Sash","|-damage|p1a: Volcarona|1/253","|","|turn|2","|","|switch|p2a: Linoone|Linoone, L83, F|264/264","|switch|p1a: Tangrowth|Tangrowth, L79, M|288/288","|","|turn|3","|","|move|p2a: Linoone|Belly Drum|p2a: Linoone","|-damage|p2a: Linoone|132/264","|-setboost|p2a: Linoone|atk|6|[from] move: Belly Drum","|-enditem|p2a: Linoone|Sitrus Berry|[eat]","|-heal|p2a: Linoone|198/264|[from] item: Sitrus Berry","|move|p1a: Tangrowth|Sleep Powder|p2a: Linoone","|-status|p2a: Linoone|slp","|","|turn|4","|","|cant|p2a: Linoone|slp","|move|p1a: Tangrowth|Leaf Storm|p2a: Linoone","|-damage|p2a: Linoone|0 fnt","|-unboost|p1a: Tangrowth|spa|2","|-damage|p1a: Tangrowth|260/288|[from] item: Life Orb","|faint|p2a: Linoone","|","|","|switch|p2a: Sharpedo|Sharpedo-Mega, L77, F|88/234","|turn|5","|","|move|p2a: Sharpedo|Ice Fang|p1a: Tangrowth","|-supereffective|p1a: Tangrowth","|-damage|p1a: Tangrowth|146/288","|move|p1a: Tangrowth|Leaf Storm|p2a: Sharpedo","|-supereffective|p2a: Sharpedo","|-damage|p2a: Sharpedo|0 fnt","|-unboost|p1a: Tangrowth|spa|2","|-damage|p1a: Tangrowth|118/288|[from] item: Life Orb","|faint|p2a: Sharpedo","|","|","|switch|p2a: Glaceon|Glaceon, L83, M|243/243","|turn|6","|","|switch|p1a: Doublade|Doublade, L77, F|217/217","|move|p2a: Glaceon|Wish|p2a: Glaceon","|","|turn|7","|","|move|p2a: Glaceon|Protect|p2a: Glaceon","|-singleturn|p2a: Glaceon|Protect","|move|p1a: Doublade|Swords Dance|p1a: Doublade","|-boost|p1a: Doublade|atk|2","|","|turn|8","|","|move|p2a: Glaceon|Ice Beam|p1a: Doublade","|-resisted|p1a: Doublade","|-damage|p1a: Doublade|154/217","|move|p1a: Doublade|Iron Head|p2a: Glaceon","|-supereffective|p2a: Glaceon","|-damage|p2a: Glaceon|0 fnt","|faint|p2a: Glaceon","|","|","|switch|p2a: Throh|Throh, L82, M|331/331","|-ability|p2a: Throh|Mold Breaker","|turn|9","|","|move|p2a: Throh|Knock Off|p1a: Doublade","|-supereffective|p1a: Doublade","|-damage|p1a: Doublade|62/217","|-enditem|p1a: Doublade|Eviolite|[from] move: Knock Off|[of] p2a: Throh","|move|p1a: Doublade|Iron Head|p2a: Throh","|-damage|p2a: Throh|156/331","|","|turn|10","|","|move|p1a: Doublade|Shadow Sneak|p2a: Throh","|-damage|p2a: Throh|69/331","|move|p2a: Throh|Knock Off|p1a: Doublade","|-supereffective|p1a: Doublade","|-damage|p1a: Doublade|0 fnt","|faint|p1a: Doublade","|","|","|switch|p1a: Volcarona|Volcarona, L76, F|1/253","|turn|11","|","|move|p1a: Volcarona|Fiery Dance|p2a: Throh","|-damage|p2a: Throh|0 fnt","|faint|p2a: Throh","|","|","|switch|p2a: Dragonite|Dragonite, L75, F|259/259","|turn|12","|","|move|p1a: Volcarona|Fiery Dance|p2a: Dragonite","|-resisted|p2a: Dragonite","|-damage|p2a: Dragonite|236/259","|-boost|p1a: Volcarona|spa|1","|move|p2a: Dragonite|Dragon Dance|p2a: Dragonite","|-boost|p2a: Dragonite|atk|1","|-boost|p2a: Dragonite|spe|1","|","|turn|13","|","|switch|p1a: Abomasnow|Abomasnow, L77, F|265/265","|-weather|Hail","|move|p2a: Dragonite|Dragon Dance|p2a: Dragonite","|-boost|p2a: Dragonite|atk|1","|-boost|p2a: Dragonite|spe|1","|","|-weather|Hail|[upkeep]","|-damage|p2a: Dragonite|220/259|[from] hail","|turn|14","|","|detailschange|p1a: Abomasnow|Abomasnow-Mega, L77, F","|-mega|p1a: Abomasnow|Abomasnow|Abomasite","|move|p1a: Abomasnow|Ice Shard|p2a: Dragonite","|-supereffective|p2a: Dragonite","|-damage|p2a: Dragonite|24/259","|move|p2a: Dragonite|Fire Punch|p1a: Abomasnow","|-supereffective|p1a: Abomasnow","|-damage|p1a: Abomasnow|0 fnt","|faint|p1a: Abomasnow","|","|-weather|Hail|[upkeep]","|-damage|p2a: Dragonite|8/259|[from] hail","|","|switch|p1a: Crustle|Crustle, L81, F|246/246","|turn|15","|","|move|p2a: Dragonite|Roost|p2a: Dragonite","|-heal|p2a: Dragonite|138/259","|move|p1a: Crustle|Stone Edge|p2a: Dragonite","|-damage|p2a: Dragonite|36/259","|","|-weather|Hail|[upkeep]","|-damage|p2a: Dragonite|20/259|[from] hail","|-damage|p1a: Crustle|231/246|[from] hail","|turn|16","|","|move|p2a: Dragonite|Roost|p2a: Dragonite","|-heal|p2a: Dragonite|150/259","|move|p1a: Crustle|X-Scissor|p2a: Dragonite","|-damage|p2a: Dragonite|68/259","|","|-weather|Hail|[upkeep]","|-damage|p2a: Dragonite|52/259|[from] hail","|-damage|p1a: Crustle|216/246|[from] hail","|turn|17","|","|move|p2a: Dragonite|Roost|p2a: Dragonite","|-heal|p2a: Dragonite|182/259","|move|p1a: Crustle|Shell Smash|p1a: Crustle","|-unboost|p1a: Crustle|def|1","|-unboost|p1a: Crustle|spd|1","|-boost|p1a: Crustle|atk|2","|-boost|p1a: Crustle|spa|2","|-boost|p1a: Crustle|spe|2","|-enditem|p1a: Crustle|White Herb","|-restoreboost|p1a: Crustle|[silent]","|","|-weather|none","|turn|18","|","|move|p2a: Dragonite|Outrage|p1a: Crustle","|-damage|p1a: Crustle|0 fnt","|faint|p1a: Crustle","|","|","|win|jkgfrytdru"],"p1rating":{"entryid":"15269","serverid":"eos","formatid":"randombattle","userid":"ynfynytscroll","username":"Ynfynyt Scroll","w":"13","l":4,"t":"0","gxe":66.7,"r":"1656.9742836239","rd":"79.61068232365","sigma":"0","rptime":"1440666000","rpr":1634.3094803715,"rprd":78.144833376266,"rpsigma":"0","acre":1119.6078784319,"lacre":1119.6078784319,"oldacre":"1155.0803792597"},"p2rating":{"entryid":552084,"formatid":"randombattle","userid":"jkgfrytdru","username":"jkgfrytdru","r":1500,"rd":130,"sigma":0,"rpr":1560.0318956748,"rprd":123.43162474653,"rpsigma":0,"rptime":1440666000,"w":1,"l":0,"t":0,"gxe":57.5,"acre":1056.7560013244,"lacre":1056.7560013244,"oldacre":1000},"endType":"forfeit"}