{"seed":[47891,24730,33923,42386],"turns":25,"p1":"ghvhgh","p2":"Arrem","p1team":[{"name":"Gigalith","moves":["explosion","superpower","stealthrock","stoneedge"],"ability":"Sturdy","evs":{"hp":85,"atk":85,"def":85,"spa":85,"spd":85,"spe":85},"ivs":{"hp":31,"atk":31,"def":31,"spa":31,"spd":31,"spe":31},"item":"Custap Berry","level":83,"shiny":false},{"name":"Mightyena","moves":["firefang","playrough","crunch","suckerpunch"],"ability":"Moxie","evs":{"hp":85,"atk":85,"def":85,"spa":85,"spd":85,"spe":85},"ivs":{"hp":31,"atk":31,"def":31,"spa":31,"spd":31,"spe":31},"item":"Expert Belt","level":83,"shiny":false},{"name":"Kyurem-Black","moves":["substitute","outrage","icebeam","earthpower"],"ability":"Teravolt","evs":{"hp":85,"atk":85,"def":85,"spa":85,"spd":85,"spe":85},"ivs":{"hp":31,"atk":31,"def":31,"spa":31,"spd":31,"spe":31},"item":"Leftovers","level":75,"shiny":false},{"name":"Jolteon","moves":["signalbeam","thunderbolt","hiddenpowerice","voltswitch"],"ability":"Volt Absorb","evs":{"hp":85,"atk":85,"def":85,"spa":85,"spd":85,"spe":85},"ivs":{"hp":31,"atk":30,"def":30,"spa":31,"spd":31,"spe":31},"item":"Choice Specs","level":79,"shiny":false},{"name":"Hydreigon","moves":["earthpower","dragonpulse","darkpulse","roost"],"ability":"Levitate","evs":{"hp":85,"atk":85,"def":85,"spa":85,"spd":85,"spe":85},"ivs":{"hp":31,"atk":31,"def":31,"spa":31,"spd":31,"spe":31},"item":"Life Orb","level":77,"shiny":false},{"name":"Kecleon","moves":["suckerpunch","shadowsneak","recover","fakeout"],"ability":"Protean","evs":{"hp":85,"atk":85,"def":85,"spa":85,"spd":85,"spe":85},"ivs":{"hp":31,"atk":31,"def":31,"spa":31,"spd":31,"spe":31},"item":"Life Orb","level":81,"shiny":false}],"p2team":[{"name":"Bastiodon","moves":["protect","toxic","metalburst","rockblast"],"ability":"Sturdy","evs":{"hp":85,"atk":85,"def":85,"spa":85,"spd":85,"spe":85},"ivs":{"hp":31,"atk":31,"def":31,"spa":31,"spd":31,"spe":31},"item":"Air Balloon","level":83,"shiny":false},{"name":"Galvantula","moves":["hiddenpowerice","bugbuzz","gigadrain","thunder"],"ability":"Compound Eyes","evs":{"hp":85,"atk":85,"def":85,"spa":85,"spd":85,"spe":85},"ivs":{"hp":31,"atk":30,"def":30,"spa":31,"spd":31,"spe":31},"item":"Choice Scarf","level":77,"shiny":false},{"name":"Rotom-Fan","moves":["voltswitch","painsplit","trick","thunderbolt"],"ability":"Levitate","evs":{"hp":85,"atk":85,"def":85,"spa":85,"spd":85,"spe":85},"ivs":{"hp":31,"atk":31,"def":31,"spa":31,"spd":31,"spe":31},"item":"Air Balloon","level":81,"shiny":false},{"name":"Torkoal","moves":["yawn","shellsmash","earthpower","lavaplume"],"ability":"White Smoke","evs":{"hp":81,"atk":85,"def":85,"spa":89,"spd":85,"spe":85},"ivs":{"hp":31,"atk":31,"def":31,"spa":31,"spd":31,"spe":31},"item":"White Herb","level":83,"shiny":false},{"name":"Mismagius","moves":["shadowball","willowisp","substitute","thunderbolt"],"ability":"Levitate","evs":{"hp":85,"atk":85,"def":85,"spa":85,"spd":85,"spe":85},"ivs":{"hp":31,"atk":31,"def":31,"spa":31,"spd":31,"spe":31},"item":"Leftovers","level":81,"shiny":false},{"name":"Cobalion","moves":["stealthrock","stoneedge","taunt","ironhead"],"ability":"Justified","evs":{"hp":85,"atk":85,"def":85,"spa":85,"spd":85,"spe":85},"ivs":{"hp":31,"atk":31,"def":31,"spa":31,"spd":31,"spe":31},"item":"Air Balloon","level":77,"shiny":false}],"log":["|player|p1|ghvhgh|101","|player|p2|Arrem|1","|gametype|singles","|gen|6","|tier|Random Battle","|rated","|rule|Sleep Clause Mod: Limit one foe put to sleep","|rule|HP Percentage Mod: HP is shown in percentages","|","|start","|switch|p1a: Gigalith|Gigalith, L83, M|277/277","|switch|p2a: Bastiodon|Bastiodon, L83, M|235/235","|-item|p2a: Bastiodon|Air Balloon","|turn|1","|","|move|p2a: Bastiodon|Toxic|p1a: Gigalith","|-status|p1a: Gigalith|tox","|move|p1a: Gigalith|Superpower|p2a: Bastiodon","|-crit|p2a: Bastiodon","|-supereffective|p2a: Bastiodon","|-ability|p2a: Bastiodon|Sturdy","|-damage|p2a: Bastiodon|1/235","|-enditem|p2a: Bastiodon|Air Balloon","|-unboost|p1a: Gigalith|atk|1","|-unboost|p1a: Gigalith|def|1","|","|-damage|p1a: Gigalith|260/277 tox|[from] psn","|turn|2","|","|move|p2a: Bastiodon|Protect|p2a: Bastiodon","|-singleturn|p2a: Bastiodon|Protect","|move|p1a: Gigalith|Superpower|p2a: Bastiodon","|-activate|p2a: Bastiodon|Protect","|","|-damage|p1a: Gigalith|226/277 tox|[from] psn","|turn|3","|","|switch|p2a: Mismagius|Mismagius, L81, F|230/230","|move|p1a: Gigalith|Stone Edge|p2a: Mismagius","|-damage|p2a: Mismagius|97/230","|","|-heal|p2a: Mismagius|111/230|[from] item: Leftovers","|-damage|p1a: Gigalith|175/277 tox|[from] psn","|turn|4","|","|move|p2a: Mismagius|Substitute|p2a: Mismagius","|-start|p2a: Mismagius|Substitute","|-damage|p2a: Mismagius|54/230","|move|p1a: Gigalith|Stone Edge|p2a: Mismagius","|-end|p2a: Mismagius|Substitute","|","|-heal|p2a: Mismagius|68/230|[from] item: Leftovers","|-damage|p1a: Gigalith|107/277 tox|[from] psn","|turn|5","|","|move|p2a: Mismagius|Shadow Ball|p1a: Gigalith","|-damage|p1a: Gigalith|11/277 tox","|move|p1a: Gigalith|Explosion|p2a: Mismagius","|-immune|p2a: Mismagius|[msg]","|faint|p1a: Gigalith","|","|-heal|p2a: Mismagius|82/230|[from] item: Leftovers","|","|switch|p1a: Mightyena|Mightyena, L83, M|252/252","|turn|6","|","|move|p2a: Mismagius|Will-O-Wisp|p1a: Mightyena","|-status|p1a: Mightyena|brn","|move|p1a: Mightyena|Play Rough|p2a: Mismagius","|-damage|p2a: Mismagius|41/230","|","|-heal|p2a: Mismagius|55/230|[from] item: Leftovers","|-damage|p1a: Mightyena|221/252 brn|[from] brn","|turn|7","|","|switch|p2a: Torkoal|Torkoal, L83, F|251/251","|move|p1a: Mightyena|Crunch|p2a: Torkoal","|-damage|p2a: Torkoal|222/251","|","|-damage|p1a: Mightyena|190/252 brn|[from] brn","|turn|8","|","|switch|p1a: Hydreigon|Hydreigon, L77, M|268/268","|move|p2a: Torkoal|Shell Smash|p2a: Torkoal","|-unboost|p2a: Torkoal|def|1","|-unboost|p2a: Torkoal|spd|1","|-boost|p2a: Torkoal|atk|2","|-boost|p2a: Torkoal|spa|2","|-boost|p2a: Torkoal|spe|2","|-enditem|p2a: Torkoal|White Herb","|-restoreboost|p2a: Torkoal|[silent]","|","|turn|9","|","|switch|p2a: Bastiodon|Bastiodon, L83, M|1/235","|move|p1a: Hydreigon|Dragon Pulse|p2a: Bastiodon","|-resisted|p2a: Bastiodon","|-damage|p2a: Bastiodon|0 fnt","|-damage|p1a: Hydreigon|242/268|[from] item: Life Orb","|faint|p2a: Bastiodon","|","|","|switch|p2a: Cobalion|Cobalion, L77|267/267","|-item|p2a: Cobalion|Air Balloon","|turn|10","|","|move|p2a: Cobalion|Stealth Rock|p1a: Hydreigon","|-sidestart|p1: ghvhgh|move: Stealth Rock","|move|p1a: Hydreigon|Earth Power|p2a: Cobalion","|-immune|p2a: Cobalion|[msg]","|","|turn|11","|","|move|p2a: Cobalion|Iron Head|p1a: Hydreigon","|-damage|p1a: Hydreigon|163/268","|cant|p1a: Hydreigon|flinch","|","|turn|12","|","|switch|p1a: Jolteon|Jolteon, L79, M|232/232","|-damage|p1a: Jolteon|203/232|[from] Stealth Rock","|move|p2a: Cobalion|Iron Head|p1a: Jolteon","|-resisted|p1a: Jolteon","|-damage|p1a: Jolteon|155/232","|","|turn|13","|","|move|p1a: Jolteon|Thunderbolt|p2a: Cobalion","|-damage|p2a: Cobalion|101/267","|-enditem|p2a: Cobalion|Air Balloon","|move|p2a: Cobalion|Iron Head|p1a: Jolteon","|-resisted|p1a: Jolteon","|-damage|p1a: Jolteon|107/232","|","|turn|14","|","|switch|p2a: Galvantula|Galvantula, L77, F|234/234","|move|p1a: Jolteon|Thunderbolt|p2a: Galvantula","|-resisted|p2a: Galvantula","|-damage|p2a: Galvantula|138/234","|","|turn|15","|","|switch|p1a: Kyurem-Black|Kyurem-Black, L75|311/311","|-damage|p1a: Kyurem-Black|234/311|[from] Stealth Rock","|-ability|p1a: Kyurem-Black|Teravolt","|move|p2a: Galvantula|Bug Buzz|p1a: Kyurem-Black","|-damage|p1a: Kyurem-Black|143/311","|","|-heal|p1a: Kyurem-Black|162/311|[from] item: Leftovers","|turn|16","|","|switch|p2a: Cobalion|Cobalion, L77|101/267","|move|p1a: Kyurem-Black|Earth Power|p2a: Cobalion","|-supereffective|p2a: Cobalion","|-damage|p2a: Cobalion|0 fnt","|faint|p2a: Cobalion","|","|-heal|p1a: Kyurem-Black|181/311|[from] item: Leftovers","|","|switch|p2a: Mismagius|Mismagius, L81, F|55/230","|turn|17","|","|move|p2a: Mismagius|Shadow Ball|p1a: Kyurem-Black","|-damage|p1a: Kyurem-Black|93/311","|move|p1a: Kyurem-Black|Ice Beam|p2a: Mismagius","|-damage|p2a: Mismagius|0 fnt","|faint|p2a: Mismagius","|","|-heal|p1a: Kyurem-Black|112/311|[from] item: Leftovers","|","|switch|p2a: Rotom-Fan|Rotom-Fan, L81|214/214","|-item|p2a: Rotom-Fan|Air Balloon","|turn|18","|","|move|p1a: Kyurem-Black|Outrage|p2a: Rotom-Fan","|-damage|p2a: Rotom-Fan|66/214","|-enditem|p2a: Rotom-Fan|Air Balloon","|move|p2a: Rotom-Fan|Thunderbolt|p1a: Kyurem-Black","|-resisted|p1a: Kyurem-Black","|-damage|p1a: Kyurem-Black|62/311","|","|-heal|p1a: Kyurem-Black|81/311|[from] item: Leftovers","|turn|19","|","|move|p2a: Rotom-Fan|Thunderbolt|p1a: Kyurem-Black","|-resisted|p1a: Kyurem-Black","|-damage|p1a: Kyurem-Black|30/311","|move|p1a: Kyurem-Black|Outrage|p2a: Rotom-Fan|[from]lockedmove","|-damage|p2a: Rotom-Fan|0 fnt","|faint|p2a: Rotom-Fan","|","|-heal|p1a: Kyurem-Black|49/311|[from] item: Leftovers","|","|switch|p2a: Galvantula|Galvantula, L77, F|138/234","|turn|20","|","|move|p2a: Galvantula|Bug Buzz|p1a: Kyurem-Black","|-damage|p1a: Kyurem-Black|0 fnt","|faint|p1a: Kyurem-Black","|","|","|switch|p1a: Mightyena|Mightyena, L83, M|190/252 brn","|-damage|p1a: Mightyena|159/252 brn|[from] Stealth Rock","|turn|21","|","|move|p2a: Galvantula|Bug Buzz|p1a: Mightyena","|-supereffective|p1a: Mightyena","|-damage|p1a: Mightyena|0 fnt","|faint|p1a: Mightyena","|","|","|switch|p1a: Hydreigon|Hydreigon, L77, M|163/268","|-damage|p1a: Hydreigon|130/268|[from] Stealth Rock","|turn|22","|","|move|p2a: Galvantula|Bug Buzz|p1a: Hydreigon","|-supereffective|p1a: Hydreigon","|-damage|p1a: Hydreigon|0 fnt","|faint|p1a: Hydreigon","|","|","|switch|p1a: Kecleon|Kecleon, L81, F|230/230","|-damage|p1a: Kecleon|202/230|[from] Stealth Rock","|turn|23","|","|switch|p2a: Torkoal|Torkoal, L83, F|222/251","|move|p1a: Kecleon|Sucker Punch|p2a: Torkoal","|-start|p1a: Kecleon|typechange|Dark|[from] Protean","|-fail|p1a: Kecleon","|","|turn|24","|","|move|p1a: Kecleon|Shadow Sneak|p2a: Torkoal","|-start|p1a: Kecleon|typechange|Ghost|[from] Protean","|-damage|p2a: Torkoal|190/251","|-damage|p1a: Kecleon|179/230|[from] item: Life Orb","|move|p2a: Torkoal|Shell Smash|p2a: Torkoal","|-unboost|p2a: Torkoal|def|1","|-unboost|p2a: Torkoal|spd|1","|-boost|p2a: Torkoal|atk|2","|-boost|p2a: Torkoal|spa|2","|-boost|p2a: Torkoal|spe|2","|","|turn|25","|","|win|Arrem"],"p1rating":{"entryid":548843,"formatid":"randombattle","userid":"ghvhgh","username":"ghvhgh","r":1500,"rd":130,"sigma":0,"rpr":1459.8393856612,"rprd":122.8583080769,"rpsigma":0,"rptime":1440666000,"w":0,"l":1,"t":0,"gxe":45,"acre":1000,"lacre":1000,"oldacre":1000},"p2rating":{"entryid":"546956","serverid":"eos","formatid":"randombattle","userid":"arrem","username":"Arrem","w":2,"l":"0","t":"0","gxe":59,"r":"1500","rd":"130","sigma":"0","rptime":"1440666000","rpr":1572.5671258289,"rprd":116.77753930647,"rpsigma":"0","acre":1073.6456820867,"lacre":1073.6456820867,"oldacre":"1044.584930701"},"endType":"forfeit"}