{"seed":[8478,61919,34746,18154],"turns":28,"p1":"MalikL45","p2":"Kurumi-Chan","p1team":[{"name":"Rotom-Mow","moves":["hiddenpowerfire","voltswitch","trick","leafstorm"],"ability":"Levitate","evs":{"hp":85,"atk":85,"def":85,"spa":85,"spd":85,"spe":85},"ivs":{"hp":31,"atk":30,"def":31,"spa":30,"spd":31,"spe":30},"item":"Choice Specs","level":79,"shiny":false},{"name":"Terrakion","moves":["earthquake","substitute","stealthrock","closecombat"],"ability":"Justified","evs":{"hp":85,"atk":85,"def":85,"spa":85,"spd":85,"spe":85},"ivs":{"hp":31,"atk":31,"def":31,"spa":31,"spd":31,"spe":31},"item":"Leftovers","level":76,"shiny":false},{"name":"Shuckle","moves":["infestation","toxic","stealthrock","stickyweb"],"ability":"Sturdy","evs":{"hp":85,"atk":85,"def":85,"spa":85,"spd":85,"spe":85},"ivs":{"hp":31,"atk":31,"def":31,"spa":31,"spd":31,"spe":31},"item":"Leftovers","level":78,"shiny":false},{"name":"Meloetta","moves":["focusblast","calmmind","psyshock","shadowball"],"ability":"Serene Grace","evs":{"hp":85,"atk":85,"def":85,"spa":85,"spd":85,"spe":85},"ivs":{"hp":31,"atk":31,"def":31,"spa":31,"spd":31,"spe":31},"item":"Leftovers","level":79,"shiny":false},{"name":"Groudon","moves":["precipiceblades","rockpolish","swordsdance","firepunch"],"ability":"Drought","evs":{"hp":85,"atk":85,"def":85,"spa":85,"spd":85,"spe":85},"ivs":{"hp":31,"atk":31,"def":31,"spa":31,"spd":31,"spe":31},"item":"Leftovers","level":73,"shiny":false},{"name":"Weavile","moves":["iceshard","knockoff","iciclecrash","swordsdance"],"ability":"Pressure","evs":{"hp":85,"atk":85,"def":85,"spa":85,"spd":85,"spe":85},"ivs":{"hp":31,"atk":31,"def":31,"spa":31,"spd":31,"spe":31},"item":"Life Orb","level":75,"shiny":false}],"p2team":[{"name":"Slowking","moves":["toxic","trickroom","psyshock","grassknot"],"ability":"Regenerator","evs":{"hp":170,"atk":85,"def":85,"spa":85,"spd":85,"spe":0},"ivs":{"hp":31,"atk":31,"def":31,"spa":31,"spd":31,"spe":0},"item":"Leftovers","level":77,"shiny":false},{"name":"Chandelure","moves":["shadowball","fireblast","calmmind","energyball"],"ability":"Infiltrator","evs":{"hp":85,"atk":85,"def":85,"spa":85,"spd":85,"spe":85},"ivs":{"hp":31,"atk":31,"def":31,"spa":31,"spd":31,"spe":31},"item":"Life Orb","level":77,"shiny":false},{"name":"Unfezant","moves":["roost","return","pluck","nightslash"],"ability":"Super Luck","evs":{"hp":81,"atk":89,"def":85,"spa":85,"spd":85,"spe":85},"ivs":{"hp":31,"atk":31,"def":31,"spa":31,"spd":31,"spe":31},"item":"Scope Lens","level":83,"shiny":false},{"name":"Lugia","moves":["thunderwave","whirlwind","aeroblast","roost"],"ability":"Multiscale","evs":{"hp":85,"atk":85,"def":85,"spa":85,"spd":85,"spe":85},"ivs":{"hp":31,"atk":31,"def":31,"spa":31,"spd":31,"spe":31},"item":"Leftovers","level":73,"shiny":false},{"name":"Granbull","moves":["crunch","healbell","earthquake","playrough"],"ability":"Intimidate","evs":{"hp":85,"atk":85,"def":85,"spa":85,"spd":85,"spe":85},"ivs":{"hp":31,"atk":31,"def":31,"spa":31,"spd":31,"spe":31},"item":"Life Orb","level":81,"shiny":false},{"name":"Porygon-Z","moves":["agility","triattack","trick","thunderbolt"],"ability":"Adaptability","evs":{"hp":85,"atk":85,"def":85,"spa":85,"spd":85,"spe":85},"ivs":{"hp":31,"atk":31,"def":31,"spa":31,"spd":31,"spe":31},"item":"Choice Scarf","level":77,"shiny":false}],"log":["|player|p1|MalikL45|102","|player|p2|Kurumi-Chan|kurumichan.png","|gametype|singles","|gen|6","|tier|Random Battle","|rated","|rule|Sleep Clause Mod: Limit one foe put to sleep","|rule|HP Percentage Mod: HP is shown in percentages","|","|start","|switch|p1a: Rotom-Mow|Rotom-Mow, L79|209/209","|switch|p2a: Slowking|Slowking, L77, M|289/289","|turn|1","|","|move|p1a: Rotom-Mow|Leaf Storm|p2a: Slowking","|-supereffective|p2a: Slowking","|-damage|p2a: Slowking|0 fnt","|-unboost|p1a: Rotom-Mow|spa|2","|faint|p2a: Slowking","|","|","|switch|p2a: Chandelure|Chandelure, L77, F|219/219","|turn|2","|","|move|p1a: Rotom-Mow|Leaf Storm|p2a: Chandelure","|-resisted|p2a: Chandelure","|-damage|p2a: Chandelure|165/219","|-unboost|p1a: Rotom-Mow|spa|2","|move|p2a: Chandelure|Fire Blast|p1a: Rotom-Mow","|-supereffective|p1a: Rotom-Mow","|-damage|p1a: Rotom-Mow|0 fnt","|-damage|p2a: Chandelure|144/219|[from] item: Life Orb","|faint|p1a: Rotom-Mow","|","|","|switch|p1a: Terrakion|Terrakion, L76|263/263","|turn|3","|","|switch|p2a: Lugia|Lugia, L73|275/275","|move|p1a: Terrakion|Earthquake|p2a: Lugia","|-immune|p2a: Lugia|[msg]","|","|turn|4","|","|move|p1a: Terrakion|Stealth Rock|p2a: Lugia","|-sidestart|p2: Kurumi-Chan|move: Stealth Rock","|move|p2a: Lugia|Aeroblast|p1a: Terrakion","|-crit|p1a: Terrakion","|-damage|p1a: Terrakion|133/263","|","|-heal|p1a: Terrakion|149/263|[from] item: Leftovers","|turn|5","|","|switch|p1a: Shuckle|Shuckle, L78, F|159/159","|move|p2a: Lugia|Aeroblast|p1a: Shuckle","|-damage|p1a: Shuckle|125/159","|","|-heal|p1a: Shuckle|134/159|[from] item: Leftovers","|turn|6","|","|switch|p2a: Chandelure|Chandelure, L77, F|144/219","|-damage|p2a: Chandelure|90/219|[from] Stealth Rock","|move|p1a: Shuckle|Toxic|p2a: Chandelure","|-status|p2a: Chandelure|tox","|","|-heal|p1a: Shuckle|143/159|[from] item: Leftovers","|-damage|p2a: Chandelure|77/219 tox|[from] psn","|turn|7","|","|move|p2a: Chandelure|Fire Blast|p1a: Shuckle","|-damage|p1a: Shuckle|64/159","|-damage|p2a: Chandelure|56/219 tox|[from] item: Life Orb","|move|p1a: Shuckle|Sticky Web|p2a: Chandelure","|-sidestart|p2: Kurumi-Chan|move: Sticky Web","|","|-heal|p1a: Shuckle|73/159|[from] item: Leftovers","|-damage|p2a: Chandelure|30/219 tox|[from] psn","|turn|8","|","|switch|p1a: Groudon|Groudon, L73|266/266","|-weather|SunnyDay","|move|p2a: Chandelure|Shadow Ball|p1a: Groudon","|-damage|p1a: Groudon|120/266","|-damage|p2a: Chandelure|9/219 tox|[from] item: Life Orb","|","|-weather|SunnyDay|[upkeep]","|-heal|p1a: Groudon|136/266|[from] item: Leftovers","|-damage|p2a: Chandelure|0 fnt|[from] psn","|faint|p2a: Chandelure","|","|switch|p2a: Unfezant|Unfezant, L83, F|268/268","|-damage|p2a: Unfezant|201/268|[from] Stealth Rock","|turn|9","|","|switch|p2a: Porygon-Z|Porygon-Z, L77|257/257","|-activate|p2a: Porygon-Z|move: Sticky Web","|-unboost|p2a: Porygon-Z|spe|1","|-damage|p2a: Porygon-Z|225/257|[from] Stealth Rock","|move|p1a: Groudon|Fire Punch|p2a: Porygon-Z","|-crit|p2a: Porygon-Z","|-damage|p2a: Porygon-Z|61/257","|","|-weather|SunnyDay|[upkeep]","|-heal|p1a: Groudon|152/266|[from] item: Leftovers","|turn|10","|","|move|p2a: Porygon-Z|Tri Attack|p1a: Groudon","|-damage|p1a: Groudon|22/266","|move|p1a: Groudon|Fire Punch|p2a: Porygon-Z","|-damage|p2a: Porygon-Z|0 fnt","|faint|p2a: Porygon-Z","|","|-weather|SunnyDay|[upkeep]","|-heal|p1a: Groudon|38/266|[from] item: Leftovers","|","|switch|p2a: Lugia|Lugia, L73|275/275","|-damage|p2a: Lugia|207/275|[from] Stealth Rock","|turn|11","|","|move|p2a: Lugia|Thunder Wave|p1a: Groudon","|-immune|p1a: Groudon|[msg]","|move|p1a: Groudon|Precipice Blades|p2a: Lugia","|-immune|p2a: Lugia|[msg]","|","|-weather|SunnyDay|[upkeep]","|-heal|p2a: Lugia|224/275|[from] item: Leftovers","|-heal|p1a: Groudon|54/266|[from] item: Leftovers","|turn|12","|","|move|p2a: Lugia|Aeroblast|p1a: Groudon","|-damage|p1a: Groudon|0 fnt","|faint|p1a: Groudon","|","|-weather|none","|-heal|p2a: Lugia|241/275|[from] item: Leftovers","|","|switch|p1a: Meloetta|Meloetta, L79|288/288","|turn|13","|","|move|p2a: Lugia|Thunder Wave|p1a: Meloetta","|-status|p1a: Meloetta|par","|move|p1a: Meloetta|Shadow Ball|p2a: Lugia","|-supereffective|p2a: Lugia","|-damage|p2a: Lugia|141/275","|","|-heal|p2a: Lugia|158/275|[from] item: Leftovers","|turn|14","|","|move|p2a: Lugia|Aeroblast|p1a: Meloetta","|-damage|p1a: Meloetta|228/288 par","|cant|p1a: Meloetta|par","|","|-heal|p2a: Lugia|175/275|[from] item: Leftovers","|-heal|p1a: Meloetta|246/288 par|[from] item: Leftovers","|turn|15","|","|move|p2a: Lugia|Aeroblast|p1a: Meloetta","|-damage|p1a: Meloetta|189/288 par","|cant|p1a: Meloetta|par","|","|-heal|p2a: Lugia|192/275|[from] item: Leftovers","|-heal|p1a: Meloetta|207/288 par|[from] item: Leftovers","|turn|16","|","|move|p2a: Lugia|Aeroblast|p1a: Meloetta","|-damage|p1a: Meloetta|149/288 par","|move|p1a: Meloetta|Shadow Ball|p2a: Lugia","|-supereffective|p2a: Lugia","|-damage|p2a: Lugia|104/275","|-unboost|p2a: Lugia|spd|1","|","|-heal|p2a: Lugia|121/275|[from] item: Leftovers","|-heal|p1a: Meloetta|167/288 par|[from] item: Leftovers","|turn|17","|","|switch|p2a: Granbull|Granbull, L81, M|278/278","|-activate|p2a: Granbull|move: Sticky Web","|-unboost|p2a: Granbull|spe|1","|-damage|p2a: Granbull|244/278|[from] Stealth Rock","|-ability|p2a: Granbull|Intimidate","|-unboost|p1a: Meloetta|atk|1","|move|p1a: Meloetta|Shadow Ball|p2a: Granbull","|-damage|p2a: Granbull|152/278","|-unboost|p2a: Granbull|spd|1","|","|-heal|p1a: Meloetta|185/288 par|[from] item: Leftovers","|turn|18","|","|move|p2a: Granbull|Earthquake|p1a: Meloetta","|-damage|p1a: Meloetta|63/288 par","|-damage|p2a: Granbull|125/278|[from] item: Life Orb","|move|p1a: Meloetta|Psyshock|p2a: Granbull","|-damage|p2a: Granbull|13/278","|","|-heal|p1a: Meloetta|81/288 par|[from] item: Leftovers","|turn|19","|","|switch|p1a: Shuckle|Shuckle, L78, F|73/159","|move|p2a: Granbull|Play Rough|p1a: Shuckle|[miss]","|-miss|p2a: Granbull|p1a: Shuckle","|","|-heal|p1a: Shuckle|82/159|[from] item: Leftovers","|turn|20","|","|move|p2a: Granbull|Crunch|p1a: Shuckle","|-damage|p1a: Shuckle|40/159","|-unboost|p1a: Shuckle|def|1","|-damage|p2a: Granbull|0 fnt|[from] item: Life Orb","|faint|p2a: Granbull","|move|p1a: Shuckle|Infestation|p2: Granbull|[notarget]","|-notarget","|","|-heal|p1a: Shuckle|49/159|[from] item: Leftovers","|","|switch|p2a: Unfezant|Unfezant, L83, F|201/268","|-damage|p2a: Unfezant|134/268|[from] Stealth Rock","|turn|21","|","|move|p2a: Unfezant|Night Slash|p1a: Shuckle","|-crit|p1a: Shuckle","|-damage|p1a: Shuckle|0 fnt","|faint|p1a: Shuckle","|","|","|switch|p1a: Terrakion|Terrakion, L76|149/263","|turn|22","|","|move|p1a: Terrakion|Close Combat|p2a: Unfezant","|-damage|p2a: Unfezant|0 fnt","|-unboost|p1a: Terrakion|def|1","|-unboost|p1a: Terrakion|spd|1","|faint|p2a: Unfezant","|","|-heal|p1a: Terrakion|165/263|[from] item: Leftovers","|","|switch|p2a: Lugia|Lugia, L73|121/275","|-damage|p2a: Lugia|53/275|[from] Stealth Rock","|turn|23","|","|move|p1a: Terrakion|Close Combat|p2a: Lugia","|-resisted|p2a: Lugia","|-damage|p2a: Lugia|25/275","|-unboost|p1a: Terrakion|def|1","|-unboost|p1a: Terrakion|spd|1","|move|p2a: Lugia|Aeroblast|p1a: Terrakion","|-damage|p1a: Terrakion|9/263","|","|-heal|p1a: Terrakion|25/263|[from] item: Leftovers","|-heal|p2a: Lugia|42/275|[from] item: Leftovers","|turn|24","|","|move|p1a: Terrakion|Close Combat|p2a: Lugia","|-resisted|p2a: Lugia","|-damage|p2a: Lugia|15/275","|-unboost|p1a: Terrakion|def|1","|-unboost|p1a: Terrakion|spd|1","|move|p2a: Lugia|Aeroblast|p1a: Terrakion","|-damage|p1a: Terrakion|0 fnt","|faint|p1a: Terrakion","|","|-heal|p2a: Lugia|32/275|[from] item: Leftovers","|","|switch|p1a: Meloetta|Meloetta, L79|81/288 par","|turn|25","|","|move|p2a: Lugia|Roost|p2a: Lugia","|-heal|p2a: Lugia|170/275","|move|p1a: Meloetta|Shadow Ball|p2a: Lugia","|-crit|p2a: Lugia","|-supereffective|p2a: Lugia","|-damage|p2a: Lugia|40/275","|","|-heal|p2a: Lugia|57/275|[from] item: Leftovers","|-heal|p1a: Meloetta|99/288 par|[from] item: Leftovers","|turn|26","|","|move|p2a: Lugia|Roost|p2a: Lugia","|-heal|p2a: Lugia|195/275","|move|p1a: Meloetta|Shadow Ball|p2a: Lugia","|-supereffective|p2a: Lugia","|-damage|p2a: Lugia|101/275","|-unboost|p2a: Lugia|spd|1","|","|-heal|p2a: Lugia|118/275|[from] item: Leftovers","|-heal|p1a: Meloetta|117/288 par|[from] item: Leftovers","|turn|27","|","|cant|p1a: Meloetta|par","|move|p2a: Lugia|Whirlwind|p1a: Meloetta","|drag|p1a: Weavile|Weavile, L75, F|229/229","|-ability|p1a: Weavile|Pressure","|","|-heal|p2a: Lugia|135/275|[from] item: Leftovers","|turn|28","|","|move|p1a: Weavile|Knock Off|p2a: Lugia","|-supereffective|p2a: Lugia","|-damage|p2a: Lugia|0 fnt","|-enditem|p2a: Lugia|Leftovers|[from] move: Knock Off|[of] p1a: Weavile","|-damage|p1a: Weavile|207/229|[from] item: Life Orb","|faint|p2a: Lugia","|","|win|MalikL45"],"p1rating":{"entryid":557004,"formatid":"randombattle","userid":"malikl45","username":"MalikL45","r":1500,"rd":130,"sigma":0,"rpr":1540.1606143388,"rprd":122.8583080769,"rpsigma":0,"rptime":1440666000,"w":1,"l":0,"t":0,"gxe":55,"acre":1040,"lacre":1040,"oldacre":1000},"p2rating":{"entryid":557005,"formatid":"randombattle","userid":"kurumichan","username":"Kurumi-Chan","r":1500,"rd":130,"sigma":0,"rpr":1459.8393856612,"rprd":122.8583080769,"rpsigma":0,"rptime":1440666000,"w":0,"l":1,"t":0,"gxe":45,"acre":1000,"lacre":1000,"oldacre":1000},"endType":"normal"}