{"seed":[2367,6236,49520,25146],"turns":30,"p1":"AleChirinos","p2":"rubensd","p1team":[{"name":"Slaking","moves":["retaliate","doubleedge","pursuit","earthquake"],"ability":"Truant","evs":{"hp":85,"atk":85,"def":85,"spa":85,"spd":85,"spe":85},"ivs":{"hp":31,"atk":31,"def":31,"spa":31,"spd":31,"spe":31},"item":"Choice Scarf","level":83,"shiny":false},{"name":"Parasect","moves":["substitute","knockoff","xscissor","seedbomb"],"ability":"Dry Skin","evs":{"hp":85,"atk":85,"def":85,"spa":85,"spd":85,"spe":85},"ivs":{"hp":31,"atk":31,"def":31,"spa":31,"spd":31,"spe":31},"item":"Leftovers","level":83,"shiny":false},{"name":"Mismagius","moves":["shadowball","thunderbolt","nastyplot","willowisp"],"ability":"Levitate","evs":{"hp":85,"atk":85,"def":85,"spa":85,"spd":85,"spe":85},"ivs":{"hp":31,"atk":31,"def":31,"spa":31,"spd":31,"spe":31},"item":"Leftovers","level":81,"shiny":false},{"name":"Moltres","moves":["roost","hurricane","hiddenpowergrass","toxic"],"ability":"Flame Body","evs":{"hp":81,"atk":85,"def":85,"spa":89,"spd":85,"spe":85},"ivs":{"hp":31,"atk":30,"def":31,"spa":30,"spd":31,"spe":31},"item":"Leftovers","level":78,"shiny":false},{"name":"Aerodactyl","moves":["aquatail","aerialace","defog","firefang"],"ability":"Unnerve","evs":{"hp":85,"atk":85,"def":85,"spa":85,"spd":85,"spe":85},"ivs":{"hp":31,"atk":31,"def":31,"spa":31,"spd":31,"spe":31},"item":"Aerodactylite","level":77,"shiny":false},{"name":"Metagross","moves":["explosion","agility","thunderpunch","zenheadbutt"],"ability":"Clear Body","evs":{"hp":85,"atk":85,"def":85,"spa":85,"spd":85,"spe":85},"ivs":{"hp":31,"atk":31,"def":31,"spa":31,"spd":31,"spe":31},"item":"Weakness Policy","level":77,"shiny":false}],"p2team":[{"name":"Sylveon","moves":["protect","batonpass","wish","hypervoice"],"ability":"Pixilate","evs":{"hp":85,"atk":85,"def":85,"spa":85,"spd":85,"spe":85},"ivs":{"hp":31,"atk":31,"def":31,"spa":31,"spd":31,"spe":31},"item":"Leftovers","level":75,"shiny":false},{"name":"Golduck","moves":["scald","calmmind","icebeam","signalbeam"],"ability":"Cloud Nine","evs":{"hp":85,"atk":85,"def":85,"spa":85,"spd":85,"spe":85},"ivs":{"hp":31,"atk":31,"def":31,"spa":31,"spd":31,"spe":31},"item":"Life Orb","level":83,"shiny":false},{"name":"Reshiram","moves":["toxic","blueflare","dracometeor","stoneedge"],"ability":"Turboblaze","evs":{"hp":85,"atk":85,"def":85,"spa":85,"spd":85,"spe":85},"ivs":{"hp":31,"atk":31,"def":31,"spa":31,"spd":31,"spe":31},"item":"Leftovers","level":73,"shiny":false},{"name":"Wobbuffet","moves":["destinybond","safeguard","encore","mirrorcoat"],"ability":"Shadow Tag","evs":{"hp":85,"atk":85,"def":85,"spa":85,"spd":85,"spe":85},"ivs":{"hp":31,"atk":31,"def":31,"spa":31,"spd":31,"spe":31},"item":"Custap Berry","level":79,"shiny":false},{"name":"Crawdaunt","moves":["aquajet","knockoff","dragondance","crabhammer"],"ability":"Adaptability","evs":{"hp":85,"atk":85,"def":85,"spa":85,"spd":85,"spe":85},"ivs":{"hp":31,"atk":31,"def":31,"spa":31,"spd":31,"spe":31},"item":"Life Orb","level":76,"shiny":false},{"name":"Kecleon","moves":["fakeout","stealthrock","recover","drainpunch"],"ability":"Protean","evs":{"hp":85,"atk":85,"def":85,"spa":85,"spd":85,"spe":85},"ivs":{"hp":31,"atk":31,"def":31,"spa":31,"spd":31,"spe":31},"item":"Leftovers","level":81,"shiny":false}],"log":["|player|p1|AleChirinos|169","|player|p2|rubensd|144","|gametype|singles","|gen|6","|tier|Random Battle","|rated","|rule|Sleep Clause Mod: Limit one foe put to sleep","|rule|HP Percentage Mod: HP is shown in percentages","|","|start","|switch|p1a: Slaking|Slaking, L83, F|385/385","|switch|p2a: Sylveon|Sylveon, L75, M|266/266","|turn|1","|","|move|p2a: Sylveon|Protect|p2a: Sylveon","|-singleturn|p2a: Sylveon|Protect","|move|p1a: Slaking|Double-Edge|p2a: Sylveon","|-activate|p2a: Sylveon|Protect","|","|turn|2","|","|cant|p1a: Slaking|ability: Truant|Double-Edge","|move|p2a: Sylveon|Hyper Voice|p1a: Slaking","|-damage|p1a: Slaking|243/385","|","|turn|3","|","|move|p2a: Sylveon|Protect|p2a: Sylveon","|-singleturn|p2a: Sylveon|Protect","|move|p1a: Slaking|Double-Edge|p2a: Sylveon","|-activate|p2a: Sylveon|Protect","|","|turn|4","|","|cant|p1a: Slaking|ability: Truant|Double-Edge","|move|p2a: Sylveon|Hyper Voice|p1a: Slaking","|-damage|p1a: Slaking|96/385","|","|turn|5","|","|move|p2a: Sylveon|Protect|p2a: Sylveon","|-singleturn|p2a: Sylveon|Protect","|move|p1a: Slaking|Double-Edge|p2a: Sylveon","|-activate|p2a: Sylveon|Protect","|","|turn|6","|","|cant|p1a: Slaking|ability: Truant|Double-Edge","|move|p2a: Sylveon|Hyper Voice|p1a: Slaking","|-damage|p1a: Slaking|0 fnt","|faint|p1a: Slaking","|","|","|switch|p1a: Moltres|Moltres, L78|268/268","|turn|7","|","|move|p2a: Sylveon|Protect|p2a: Sylveon","|-singleturn|p2a: Sylveon|Protect","|move|p1a: Moltres|Toxic|p2a: Sylveon","|-activate|p2a: Sylveon|Protect","|","|turn|8","|","|move|p1a: Moltres|Toxic|p2a: Sylveon|[miss]","|-miss|p1a: Moltres|p2a: Sylveon","|move|p2a: Sylveon|Hyper Voice|p1a: Moltres","|-resisted|p1a: Moltres","|-damage|p1a: Moltres|212/268","|","|-heal|p1a: Moltres|228/268|[from] item: Leftovers","|turn|9","|","|switch|p2a: Wobbuffet|Wobbuffet, L79, F|430/430","|move|p1a: Moltres|Hurricane|p2a: Wobbuffet","|-damage|p2a: Wobbuffet|241/430","|-start|p2a: Wobbuffet|confusion","|","|-heal|p1a: Moltres|244/268|[from] item: Leftovers","|turn|10","|","|move|p1a: Moltres|Toxic|p2a: Wobbuffet","|-status|p2a: Wobbuffet|tox","|-activate|p2a: Wobbuffet|confusion","|move|p2a: Wobbuffet|Destiny Bond|p2a: Wobbuffet","|-singlemove|p2a: Wobbuffet|Destiny Bond","|","|-heal|p1a: Moltres|260/268|[from] item: Leftovers","|-damage|p2a: Wobbuffet|215/430 tox|[from] psn","|turn|11","|","|move|p1a: Moltres|Hurricane|p2a: Wobbuffet","|-damage|p2a: Wobbuffet|50/430 tox","|-end|p2a: Wobbuffet|confusion","|move|p2a: Wobbuffet|Destiny Bond|p2a: Wobbuffet","|-singlemove|p2a: Wobbuffet|Destiny Bond","|","|-heal|p1a: Moltres|268/268|[from] item: Leftovers","|-damage|p2a: Wobbuffet|0 fnt|[from] psn","|faint|p2a: Wobbuffet","|","|switch|p2a: Crawdaunt|Crawdaunt, L76, F|221/221","|turn|12","|","|move|p1a: Moltres|Hidden Power|p2a: Crawdaunt","|-crit|p2a: Crawdaunt","|-supereffective|p2a: Crawdaunt","|-damage|p2a: Crawdaunt|19/221","|move|p2a: Crawdaunt|Crabhammer|p1a: Moltres","|-supereffective|p1a: Moltres","|-damage|p1a: Moltres|0 fnt","|-damage|p2a: Crawdaunt|0 fnt|[from] item: Life Orb","|faint|p1a: Moltres","|faint|p2a: Crawdaunt","|","|","|switch|p1a: Mismagius|Mismagius, L81, F|230/230","|switch|p2a: Kecleon|Kecleon, L81, M|230/230","|turn|13","|","|move|p1a: Mismagius|Will-O-Wisp|p2a: Kecleon","|-status|p2a: Kecleon|brn","|move|p2a: Kecleon|Stealth Rock|p1a: Mismagius","|-start|p2a: Kecleon|typechange|Rock|[from] Protean","|-sidestart|p1: AleChirinos|move: Stealth Rock","|","|-damage|p2a: Kecleon|202/230 brn|[from] brn","|turn|14","|","|switch|p2a: Golduck|Golduck, L83, F|268/268","|-ability|p2a: Golduck|Cloud Nine","|move|p1a: Mismagius|Thunderbolt|p2a: Golduck","|-supereffective|p2a: Golduck","|-damage|p2a: Golduck|120/268","|","|turn|15","|","|move|p1a: Mismagius|Thunderbolt|p2a: Golduck","|-supereffective|p2a: Golduck","|-damage|p2a: Golduck|0 fnt","|faint|p2a: Golduck","|","|","|switch|p2a: Sylveon|Sylveon, L75, M|266/266","|turn|16","|","|move|p1a: Mismagius|Shadow Ball|p2a: Sylveon","|-damage|p2a: Sylveon|202/266","|move|p2a: Sylveon|Hyper Voice|p1a: Mismagius","|-damage|p1a: Mismagius|136/230","|","|-heal|p1a: Mismagius|150/230|[from] item: Leftovers","|-heal|p2a: Sylveon|218/266|[from] item: Leftovers","|turn|17","|","|move|p1a: Mismagius|Will-O-Wisp|p2a: Sylveon","|-status|p2a: Sylveon|brn","|move|p2a: Sylveon|Wish|p2a: Sylveon","|","|-heal|p1a: Mismagius|164/230|[from] item: Leftovers","|-heal|p2a: Sylveon|234/266 brn|[from] item: Leftovers","|-damage|p2a: Sylveon|201/266 brn|[from] brn","|turn|18","|","|move|p1a: Mismagius|Thunderbolt|p2a: Sylveon","|-damage|p2a: Sylveon|147/266 brn","|move|p2a: Sylveon|Hyper Voice|p1a: Mismagius","|-damage|p1a: Mismagius|68/230","|","|-heal|p2a: Sylveon|266/266 brn|[from] move: Wish|[wisher] Sylveon","|-heal|p1a: Mismagius|82/230|[from] item: Leftovers","|-damage|p2a: Sylveon|233/266 brn|[from] brn","|turn|19","|","|move|p1a: Mismagius|Thunderbolt|p2a: Sylveon","|-damage|p2a: Sylveon|176/266 brn","|move|p2a: Sylveon|Hyper Voice|p1a: Mismagius","|-damage|p1a: Mismagius|0 fnt","|faint|p1a: Mismagius","|","|-heal|p2a: Sylveon|192/266 brn|[from] item: Leftovers","|-damage|p2a: Sylveon|159/266 brn|[from] brn","|","|switch|p1a: Parasect|Parasect, L83, F|235/235","|-damage|p1a: Parasect|177/235|[from] Stealth Rock","|turn|20","|","|move|p2a: Sylveon|Hyper Voice|p1a: Parasect","|-damage|p1a: Parasect|63/235","|move|p1a: Parasect|Seed Bomb|p2a: Sylveon","|-damage|p2a: Sylveon|42/266 brn","|","|-heal|p2a: Sylveon|58/266 brn|[from] item: Leftovers","|-heal|p1a: Parasect|77/235|[from] item: Leftovers","|-damage|p2a: Sylveon|25/266 brn|[from] brn","|turn|21","|","|move|p2a: Sylveon|Hyper Voice|p1a: Parasect","|-damage|p1a: Parasect|0 fnt","|faint|p1a: Parasect","|","|-heal|p2a: Sylveon|41/266 brn|[from] item: Leftovers","|-damage|p2a: Sylveon|8/266 brn|[from] brn","|","|switch|p1a: Metagross|Metagross, L77|250/250","|-damage|p1a: Metagross|235/250|[from] Stealth Rock","|turn|22","|","|move|p1a: Metagross|Agility|p1a: Metagross","|-boost|p1a: Metagross|spe|2","|move|p2a: Sylveon|Wish|p2a: Sylveon","|","|-heal|p2a: Sylveon|24/266 brn|[from] item: Leftovers","|-damage|p2a: Sylveon|0 fnt|[from] brn","|faint|p2a: Sylveon","|","|switch|p2a: Kecleon|Kecleon, L81, M|202/230 brn","|turn|23","|","|move|p2a: Kecleon|Fake Out|p1a: Metagross","|-resisted|p1a: Metagross","|-damage|p1a: Metagross|228/250","|cant|p1a: Metagross|flinch","|","|-heal|p2a: Kecleon|230/230 brn|[from] move: Wish|[wisher] Sylveon","|-damage|p2a: Kecleon|202/230 brn|[from] brn","|turn|24","|","|move|p1a: Metagross|Thunder Punch|p2a: Kecleon","|-damage|p2a: Kecleon|134/230 brn","|move|p2a: Kecleon|Drain Punch|p1a: Metagross","|-start|p2a: Kecleon|typechange|Fighting|[from] Protean","|-damage|p1a: Metagross|200/250","|-heal|p2a: Kecleon|148/230 brn|[from] drain|[of] p1a: Metagross","|","|-heal|p2a: Kecleon|162/230 brn|[from] item: Leftovers","|-damage|p2a: Kecleon|134/230 brn|[from] brn","|turn|25","|","|move|p1a: Metagross|Thunder Punch|p2a: Kecleon","|-damage|p2a: Kecleon|61/230 brn","|move|p2a: Kecleon|Recover|p2a: Kecleon","|-start|p2a: Kecleon|typechange|Normal|[from] Protean","|-heal|p2a: Kecleon|176/230 brn","|","|-heal|p2a: Kecleon|190/230 brn|[from] item: Leftovers","|-damage|p2a: Kecleon|162/230 brn|[from] brn","|turn|26","|","|move|p1a: Metagross|Zen Headbutt|p2a: Kecleon|[miss]","|-miss|p1a: Metagross|p2a: Kecleon","|move|p2a: Kecleon|Drain Punch|p1a: Metagross","|-start|p2a: Kecleon|typechange|Fighting|[from] Protean","|-damage|p1a: Metagross|173/250","|-heal|p2a: Kecleon|176/230 brn|[from] drain|[of] p1a: Metagross","|","|-heal|p2a: Kecleon|190/230 brn|[from] item: Leftovers","|-damage|p2a: Kecleon|162/230 brn|[from] brn","|turn|27","|","|move|p1a: Metagross|Zen Headbutt|p2a: Kecleon","|-supereffective|p2a: Kecleon","|-damage|p2a: Kecleon|0 fnt","|faint|p2a: Kecleon","|","|","|switch|p2a: Reshiram|Reshiram, L73|266/266","|-ability|p2a: Reshiram|Turboblaze","|turn|28","|","|move|p1a: Metagross|Thunder Punch|p2a: Reshiram","|-resisted|p2a: Reshiram","|-damage|p2a: Reshiram|235/266","|move|p2a: Reshiram|Blue Flare|p1a: Metagross","|-supereffective|p1a: Metagross","|-damage|p1a: Metagross|0 fnt","|faint|p1a: Metagross","|","|-heal|p2a: Reshiram|251/266|[from] item: Leftovers","|","|switch|p1a: Aerodactyl|Aerodactyl, L77, F|250/250","|-damage|p1a: Aerodactyl|188/250|[from] Stealth Rock","|-ability|p1a: Aerodactyl|Unnerve|p2: rubensd","|turn|29","|","|detailschange|p1a: Aerodactyl|Aerodactyl-Mega, L77, F","|-mega|p1a: Aerodactyl|Aerodactyl|Aerodactylite","|move|p1a: Aerodactyl|Aqua Tail|p2a: Reshiram","|-damage|p2a: Reshiram|160/266","|move|p2a: Reshiram|Draco Meteor|p1a: Aerodactyl","|-damage|p1a: Aerodactyl|29/250","|-unboost|p2a: Reshiram|spa|2","|","|-heal|p2a: Reshiram|176/266|[from] item: Leftovers","|turn|30","|","|move|p1a: Aerodactyl|Aqua Tail|p2a: Reshiram","|-damage|p2a: Reshiram|88/266","|move|p2a: Reshiram|Draco Meteor|p1a: Aerodactyl","|-damage|p1a: Aerodactyl|0 fnt","|-unboost|p2a: Reshiram|spa|2","|faint|p1a: Aerodactyl","|","|win|rubensd"],"p1rating":{"entryid":527482,"formatid":"randombattle","userid":"alechirinos","username":"AleChirinos","r":1500,"rd":130,"sigma":0,"rpr":1463.484724058,"rprd":122.83173336151,"rpsigma":0,"rptime":1440666000,"w":0,"l":1,"t":0,"gxe":45.4,"acre":1000,"lacre":1000,"oldacre":1000},"p2rating":{"entryid":"76626","serverid":"eos","formatid":"randombattle","userid":"rubensd","username":"rubensd","w":2,"l":"0","t":"0","gxe":58.7,"r":"1536.1182879878","rd":124.27497568874,"sigma":"0","rptime":1440666000,"rpr":1569.6420229814,"rprd":118.04546465852,"rpsigma":"0","acre":1073.6456820867,"lacre":1073.6456820867,"oldacre":"1044.584930701"},"endType":"normal"}