{"seed":[50506,24359,5577,6833],"turns":61,"p1":"Deucez","p2":"keysein","p1team":[{"name":"Aegislash","species":"Aegislash","item":"weaknesspolicy","ability":"Stance Change","moves":["kingsshield","swordsdance","shadowsneak","sacredsword"],"nature":"Adamant","evs":{"hp":252,"atk":252,"def":0,"spa":0,"spd":4,"spe":0},"gender":"M","ivs":{"hp":31,"atk":31,"def":31,"spa":31,"spd":31,"spe":0},"shiny":true},{"name":"Gengar","species":"Gengar","item":"focussash","ability":"Levitate","moves":["sludgewave","focusblast","shadowball","destinybond"],"nature":"Timid","evs":{"hp":0,"atk":0,"def":0,"spa":252,"spd":4,"spe":252},"gender":"M","shiny":true,"ivs":{"hp":31,"atk":31,"def":31,"spa":31,"spd":31,"spe":31}},{"name":"Jellicent","species":"Jellicent","item":"leftovers","ability":"Cursed Body","moves":["toxic","acidarmor","scald","recover"],"nature":"Calm","evs":{"hp":252,"atk":0,"def":4,"spa":0,"spd":252,"spe":0},"gender":"M","shiny":true,"ivs":{"hp":31,"atk":31,"def":31,"spa":31,"spd":31,"spe":31}},{"name":"Chandelure","species":"Chandelure","item":"choicescarf","ability":"Infiltrator","moves":["fireblast","energyball","darkpulse","shadowball"],"nature":"Modest","evs":{"hp":4,"atk":0,"def":0,"spa":252,"spd":0,"spe":252},"gender":"M","shiny":true,"ivs":{"hp":31,"atk":31,"def":31,"spa":31,"spd":31,"spe":31}},{"name":"Sableye","species":"Sableye","item":"sablenite","ability":"Prankster","moves":["calmmind","snarl","recover","willowisp"],"nature":"Bold","evs":{"hp":252,"atk":0,"def":252,"spa":0,"spd":4,"spe":0},"gender":"M","shiny":true,"ivs":{"hp":31,"atk":31,"def":31,"spa":31,"spd":31,"spe":31}},{"name":"Golurk","species":"Golurk","item":"lifeorb","ability":"No Guard","moves":["rockpolish","earthquake","dynamicpunch","icepunch"],"nature":"Adamant","evs":{"hp":4,"atk":252,"def":0,"spa":0,"spd":0,"spe":252},"shiny":true,"ivs":{"hp":31,"atk":31,"def":31,"spa":31,"spd":31,"spe":31}}],"p2team":[{"name":"Skarmory","species":"Skarmory","item":"rockyhelmet","ability":"Sturdy","moves":["stealthrock","whirlwind","roost","ironhead"],"nature":"Impish","evs":{"hp":252,"atk":0,"def":228,"spa":0,"spd":0,"spe":28},"ivs":{"hp":31,"atk":31,"def":31,"spa":31,"spd":31,"spe":31}},{"name":"Gliscor","species":"Gliscor","item":"toxicorb","ability":"Poison Heal","moves":["substitute","protect","thunderfang","toxic"],"nature":"Jolly","evs":{"hp":252,"atk":0,"def":4,"spa":0,"spd":0,"spe":252},"ivs":{"hp":31,"atk":31,"def":31,"spa":31,"spd":31,"spe":31}},{"name":"Gyarados","species":"Gyarados","item":"gyaradosite","ability":"Intimidate","moves":["dragondance","waterfall","earthquake","taunt"],"nature":"Jolly","evs":{"hp":4,"atk":252,"def":0,"spa":0,"spd":0,"spe":252},"ivs":{"hp":31,"atk":30,"def":31,"spa":30,"spd":31,"spe":30}},{"name":"Landorus","species":"Landorus","item":"lifeorb","ability":"Sheer Force","moves":["earthpower","sludgewave","psychic","hiddenpowerice"],"nature":"","evs":{"hp":0,"atk":252,"def":0,"spa":0,"spd":0,"spe":0},"ivs":{"hp":31,"atk":30,"def":30,"spa":31,"spd":31,"spe":31}},{"name":"Togekiss","species":"Togekiss","item":"lumberry","ability":"Serene Grace","moves":["thunderwave","airslash","roost","bodyslam"],"nature":"Calm","evs":{"hp":252,"atk":0,"def":0,"spa":0,"spd":160,"spe":96},"ivs":{"hp":31,"atk":31,"def":31,"spa":31,"spd":31,"spe":31}},{"name":"Salamence","species":"Salamence","item":"choicescarf","ability":"Moxie","moves":["outrage","earthquake","crunch","brickbreak"],"nature":"Jolly","evs":{"hp":0,"atk":252,"def":0,"spa":0,"spd":4,"spe":252},"ivs":{"hp":31,"atk":31,"def":31,"spa":31,"spd":31,"spe":31}}],"log":["|player|p1|Deucez|224","|player|p2|keysein|167","|gametype|singles","|gen|6","|tier|Monotype","|rated","|rule|Baton Pass Clause: Limit one Baton Passer, can't pass Spe and other stats simultaneously","|rule|Swagger Clause: Swagger is banned","|rule|Same Type Clause: Pokémon in a team must share a type","|clearpoke","|poke|p1|Aegislash, M, shiny","|poke|p1|Gengar, M, shiny","|poke|p1|Jellicent, M, shiny","|poke|p1|Chandelure, M, shiny","|poke|p1|Sableye, M, shiny","|poke|p1|Golurk, shiny","|poke|p2|Skarmory, M","|poke|p2|Gliscor, M","|poke|p2|Gyarados, M","|poke|p2|Landorus, M","|poke|p2|Togekiss, M","|poke|p2|Salamence, F","|rule|Sleep Clause Mod: Limit one foe put to sleep","|rule|Species Clause: Limit one of each Pokémon","|rule|OHKO Clause: OHKO moves are banned","|rule|Moody Clause: Moody is banned","|rule|Evasion Moves Clause: Evasion moves are banned","|rule|Endless Battle Clause: Forcing endless battles is banned","|rule|HP Percentage Mod: HP is shown in percentages","|teampreview","|","|start","|switch|p1a: Golurk|Golurk, shiny|320/320","|switch|p2a: Gyarados|Gyarados, M|332/332","|-ability|p2a: Gyarados|Intimidate","|-unboost|p1a: Golurk|atk|1","|turn|1","|","|switch|p1a: Gengar|Gengar, M, shiny|261/261","|detailschange|p2a: Gyarados|Gyarados-Mega, M","|-mega|p2a: Gyarados|Gyarados|Gyaradosite","|-ability|p2a: Gyarados|Mold Breaker","|move|p2a: Gyarados|Dragon Dance|p2a: Gyarados","|-boost|p2a: Gyarados|atk|1","|-boost|p2a: Gyarados|spe|1","|","|turn|2","|","|move|p2a: Gyarados|Waterfall|p1a: Gengar","|-enditem|p1a: Gengar|Focus Sash","|-damage|p1a: Gengar|1/261","|move|p1a: Gengar|Focus Blast|p2a: Gyarados","|-supereffective|p2a: Gyarados","|-damage|p2a: Gyarados|88/332","|","|turn|3","|","|move|p2a: Gyarados|Waterfall|p1a: Gengar","|-damage|p1a: Gengar|0 fnt","|faint|p1a: Gengar","|","|","|switch|p1a: Chandelure|Chandelure, M, shiny|262/262","|turn|4","|","|move|p2a: Gyarados|Waterfall|p1a: Chandelure","|-supereffective|p1a: Chandelure","|-damage|p1a: Chandelure|0 fnt","|faint|p1a: Chandelure","|","|","|switch|p1a: Jellicent|Jellicent, M, shiny|404/404","|turn|5","|","|move|p2a: Gyarados|Waterfall|p1a: Jellicent","|-resisted|p1a: Jellicent","|-damage|p1a: Jellicent|254/404","|-start|p2a: Gyarados|Disable|Waterfall","|cant|p1a: Jellicent|flinch","|","|-heal|p1a: Jellicent|279/404|[from] item: Leftovers","|turn|6","|","|move|p2a: Gyarados|Earthquake|p1a: Jellicent","|-crit|p1a: Jellicent","|-damage|p1a: Jellicent|0 fnt","|faint|p1a: Jellicent","|","|","|switch|p1a: Golurk|Golurk, shiny|320/320","|turn|7","|","|move|p2a: Gyarados|Earthquake|p1a: Golurk","|-damage|p1a: Golurk|80/320","|move|p1a: Golurk|Rock Polish|p1a: Golurk","|-boost|p1a: Golurk|spe|2","|","|turn|8","|","|move|p2a: Gyarados|Earthquake|p1a: Golurk","|-damage|p1a: Golurk|0 fnt","|faint|p1a: Golurk","|","|","|switch|p1a: Aegislash|Aegislash, M, shiny|324/324","|turn|9","|","|move|p2a: Gyarados|Earthquake|p1a: Aegislash","|-supereffective|p1a: Aegislash","|-damage|p1a: Aegislash|62/324","|-enditem|p1a: Aegislash|Weakness Policy","|-boost|p1a: Aegislash|atk|2|[from] item: Weakness Policy","|-boost|p1a: Aegislash|spa|2|[from] item: Weakness Policy","|move|p1a: Aegislash|Swords Dance|p1a: Aegislash","|-boost|p1a: Aegislash|atk|2","|","|-end|p2a: Gyarados|Disable","|turn|10","|","|-formechange|p1a: Aegislash|Aegislash-Blade","|move|p1a: Aegislash|Shadow Sneak|p2a: Gyarados","|-resisted|p2a: Gyarados","|-damage|p2a: Gyarados|0 fnt","|faint|p2a: Gyarados","|","|","|switch|p2a: Salamence|Salamence, F|331/331","|turn|11","|","|move|p1a: Aegislash|Shadow Sneak|p2a: Salamence","|-damage|p2a: Salamence|15/331","|move|p2a: Salamence|Outrage|p1a: Aegislash","|-resisted|p1a: Aegislash","|-damage|p1a: Aegislash|0 fnt","|faint|p1a: Aegislash","|-boost|p2a: Salamence|atk|1|[from] ability: Moxie","|","|","|switch|p1a: Sableye|Sableye, M, shiny|304/304","|turn|12","|","|move|p1a: Sableye|Will-O-Wisp|p2a: Salamence","|-status|p2a: Salamence|brn","|move|p2a: Salamence|Outrage|p1a: Sableye","|-damage|p1a: Sableye|164/304","|-start|p2a: Salamence|confusion|[fatigue]","|","|-damage|p2a: Salamence|0 fnt|[from] brn","|faint|p2a: Salamence","|","|switch|p2a: Togekiss|Togekiss, M|374/374","|turn|13","|","|move|p1a: Sableye|Recover|p1a: Sableye","|-heal|p1a: Sableye|304/304","|move|p2a: Togekiss|Thunder Wave|p1a: Sableye","|-status|p1a: Sableye|par","|","|turn|14","|","|move|p1a: Sableye|Calm Mind|p1a: Sableye","|-boost|p1a: Sableye|spa|1","|-boost|p1a: Sableye|spd|1","|move|p2a: Togekiss|Air Slash|p1a: Sableye","|-damage|p1a: Sableye|207/304 par","|","|turn|15","|","|move|p1a: Sableye|Calm Mind|p1a: Sableye","|-boost|p1a: Sableye|spa|1","|-boost|p1a: Sableye|spd|1","|move|p2a: Togekiss|Air Slash|p1a: Sableye","|-damage|p1a: Sableye|134/304 par","|","|turn|16","|","|move|p1a: Sableye|Recover|p1a: Sableye","|-heal|p1a: Sableye|286/304 par","|move|p2a: Togekiss|Air Slash|p1a: Sableye","|-damage|p1a: Sableye|217/304 par","|","|turn|17","|","|switch|p2a: Gliscor|Gliscor, M|354/354","|move|p1a: Sableye|Calm Mind|p1a: Sableye","|-boost|p1a: Sableye|spa|1","|-boost|p1a: Sableye|spd|1","|","|-status|p2a: Gliscor|tox|[from] item: Toxic Orb","|turn|18","|","|cant|p1a: Sableye|par","|move|p2a: Gliscor|Toxic|p1a: Sableye","|-fail|p1a: Sableye","|","|turn|19","|","|cant|p1a: Sableye|par","|move|p2a: Gliscor|Thunder Fang|p1a: Sableye","|-damage|p1a: Sableye|175/304 par","|","|turn|20","|","|cant|p1a: Sableye|par","|move|p2a: Gliscor|Substitute|p2a: Gliscor","|-start|p2a: Gliscor|Substitute","|-damage|p2a: Gliscor|266/354 tox","|","|-heal|p2a: Gliscor|310/354 tox|[from] ability: Poison Heal","|turn|21","|","|move|p2a: Gliscor|Thunder Fang|p1a: Sableye","|-damage|p1a: Sableye|134/304 par","|move|p1a: Sableye|Snarl|p2a: Gliscor","|-damage|p2a: Gliscor|166/354 tox","|-unboost|p2a: Gliscor|spa|1","|","|-heal|p2a: Gliscor|210/354 tox|[from] ability: Poison Heal","|turn|22","|","|cant|p1a: Sableye|par","|move|p2a: Gliscor|Thunder Fang|p1a: Sableye","|-damage|p1a: Sableye|93/304 par","|","|-heal|p2a: Gliscor|254/354 tox|[from] ability: Poison Heal","|turn|23","|","|move|p1a: Sableye|Recover|p1a: Sableye","|-heal|p1a: Sableye|245/304 par","|move|p2a: Gliscor|Thunder Fang|p1a: Sableye","|-damage|p1a: Sableye|204/304 par","|","|-heal|p2a: Gliscor|298/354 tox|[from] ability: Poison Heal","|turn|24","|","|switch|p2a: Skarmory|Skarmory, M|334/334","|move|p1a: Sableye|Calm Mind|p1a: Sableye","|-boost|p1a: Sableye|spa|1","|-boost|p1a: Sableye|spd|1","|","|turn|25","|","|move|p2a: Skarmory|Iron Head|p1a: Sableye","|-damage|p1a: Sableye|137/304 par","|cant|p1a: Sableye|par","|","|turn|26","|","|cant|p1a: Sableye|par","|move|p2a: Skarmory|Iron Head|p1a: Sableye","|-damage|p1a: Sableye|67/304 par","|","|turn|27","|","|move|p1a: Sableye|Recover|p1a: Sableye","|-heal|p1a: Sableye|219/304 par","|move|p2a: Skarmory|Iron Head|p1a: Sableye","|-damage|p1a: Sableye|147/304 par","|","|turn|28","|","|cant|p1a: Sableye|par","|move|p2a: Skarmory|Iron Head|p1a: Sableye","|-damage|p1a: Sableye|74/304 par","|","|turn|29","|","|move|p1a: Sableye|Recover|p1a: Sableye","|-heal|p1a: Sableye|226/304 par","|move|p2a: Skarmory|Iron Head|p1a: Sableye","|-damage|p1a: Sableye|156/304 par","|","|turn|30","|","|move|p1a: Sableye|Will-O-Wisp|p2a: Skarmory","|-status|p2a: Skarmory|brn","|move|p2a: Skarmory|Iron Head|p1a: Sableye","|-damage|p1a: Sableye|125/304 par","|","|-damage|p2a: Skarmory|293/334 brn|[from] brn","|turn|31","|","|move|p1a: Sableye|Recover|p1a: Sableye","|-heal|p1a: Sableye|277/304 par","|move|p2a: Skarmory|Iron Head|p1a: Sableye","|-damage|p1a: Sableye|244/304 par","|","|-damage|p2a: Skarmory|252/334 brn|[from] brn","|turn|32","|","|cant|p1a: Sableye|par","|move|p2a: Skarmory|Iron Head|p1a: Sableye","|-damage|p1a: Sableye|209/304 par","|","|-damage|p2a: Skarmory|211/334 brn|[from] brn","|turn|33","|","|switch|p2a: Landorus|Landorus, M|319/319","|cant|p1a: Sableye|par","|","|turn|34","|","|move|p2a: Landorus|Sludge Wave|p1a: Sableye","|-resisted|p1a: Sableye","|-damage|p1a: Sableye|177/304 par","|move|p1a: Sableye|Snarl|p2a: Landorus","|-damage|p2a: Landorus|141/319","|-unboost|p2a: Landorus|spa|1","|","|turn|35","|","|move|p1a: Sableye|Calm Mind|p1a: Sableye","|-boost|p1a: Sableye|spa|1","|-boost|p1a: Sableye|spd|1","|move|p2a: Landorus|Psychic|p1a: Sableye","|-immune|p1a: Sableye|[msg]","|","|turn|36","|","|cant|p1a: Sableye|par","|move|p2a: Landorus|Hidden Power|p1a: Sableye","|-damage|p1a: Sableye|156/304 par","|-damage|p2a: Landorus|110/319|[from] item: Life Orb","|","|turn|37","|","|switch|p2a: Togekiss|Togekiss, M|374/374","|move|p1a: Sableye|Calm Mind|p1a: Sableye","|-boost|p1a: Sableye|spa|1","|-boost|p1a: Sableye|spd|1","|","|turn|38","|","|move|p1a: Sableye|Recover|p1a: Sableye","|-heal|p1a: Sableye|304/304 par","|move|p2a: Togekiss|Air Slash|p1a: Sableye","|-damage|p1a: Sableye|265/304 par","|","|turn|39","|","|cant|p1a: Sableye|par","|move|p2a: Togekiss|Air Slash|p1a: Sableye","|-damage|p1a: Sableye|229/304 par","|","|turn|40","|","|move|p1a: Sableye|Will-O-Wisp|p2a: Togekiss","|-status|p2a: Togekiss|brn","|-enditem|p2a: Togekiss|Lum Berry|[eat]","|-curestatus|p2a: Togekiss|brn","|move|p2a: Togekiss|Air Slash|p1a: Sableye","|-damage|p1a: Sableye|189/304 par","|","|turn|41","|","|cant|p1a: Sableye|par","|move|p2a: Togekiss|Air Slash|p1a: Sableye","|-damage|p1a: Sableye|149/304 par","|","|turn|42","|","|cant|p1a: Sableye|par","|move|p2a: Togekiss|Air Slash|p1a: Sableye|[miss]","|-miss|p2a: Togekiss|p1a: Sableye","|","|turn|43","|","|move|p1a: Sableye|Will-O-Wisp|p2a: Togekiss|[miss]","|-miss|p1a: Sableye|p2a: Togekiss","|move|p2a: Togekiss|Air Slash|p1a: Sableye","|-damage|p1a: Sableye|109/304 par","|","|turn|44","|","|move|p1a: Sableye|Recover|p1a: Sableye","|-heal|p1a: Sableye|261/304 par","|move|p2a: Togekiss|Air Slash|p1a: Sableye","|-damage|p1a: Sableye|225/304 par","|","|turn|45","|","|cant|p1a: Sableye|par","|move|p2a: Togekiss|Air Slash|p1a: Sableye","|-damage|p1a: Sableye|189/304 par","|","|turn|46","|","|move|p1a: Sableye|Will-O-Wisp|p2a: Togekiss","|-status|p2a: Togekiss|brn","|move|p2a: Togekiss|Air Slash|p1a: Sableye","|-damage|p1a: Sableye|153/304 par","|","|-damage|p2a: Togekiss|328/374 brn|[from] brn","|turn|47","|","|move|p1a: Sableye|Recover|p1a: Sableye","|-heal|p1a: Sableye|304/304 par","|move|p2a: Togekiss|Body Slam|p1a: Sableye","|-immune|p1a: Sableye|[msg]","|","|-damage|p2a: Togekiss|282/374 brn|[from] brn","|turn|48","|","|move|p2a: Togekiss|Air Slash|p1a: Sableye","|-damage|p1a: Sableye|262/304 par","|cant|p1a: Sableye|flinch","|","|-damage|p2a: Togekiss|236/374 brn|[from] brn","|turn|49","|","|move|p2a: Togekiss|Air Slash|p1a: Sableye","|-damage|p1a: Sableye|223/304 par","|cant|p1a: Sableye|flinch","|","|-damage|p2a: Togekiss|190/374 brn|[from] brn","|turn|50","|","|move|p2a: Togekiss|Air Slash|p1a: Sableye","|-damage|p1a: Sableye|184/304 par","|cant|p1a: Sableye|flinch","|","|-damage|p2a: Togekiss|144/374 brn|[from] brn","|turn|51","|","|move|p2a: Togekiss|Air Slash|p1a: Sableye","|-damage|p1a: Sableye|145/304 par","|move|p1a: Sableye|Snarl|p2a: Togekiss","|-resisted|p2a: Togekiss","|-damage|p2a: Togekiss|80/374 brn","|-unboost|p2a: Togekiss|spa|1","|","|-damage|p2a: Togekiss|34/374 brn|[from] brn","|turn|52","|","|move|p1a: Sableye|Recover|p1a: Sableye","|-heal|p1a: Sableye|297/304 par","|move|p2a: Togekiss|Air Slash|p1a: Sableye","|-damage|p1a: Sableye|272/304 par","|","|-damage|p2a: Togekiss|0 fnt|[from] brn","|faint|p2a: Togekiss","|","|switch|p2a: Landorus|Landorus, M|110/319","|turn|53","|","|move|p2a: Landorus|Earth Power|p1a: Sableye","|-damage|p1a: Sableye|204/304 par","|move|p1a: Sableye|Snarl|p2a: Landorus","|-damage|p2a: Landorus|0 fnt","|faint|p2a: Landorus","|","|","|switch|p2a: Skarmory|Skarmory, M|211/334 brn","|turn|54","|","|move|p1a: Sableye|Recover|p1a: Sableye","|-heal|p1a: Sableye|304/304 par","|move|p2a: Skarmory|Iron Head|p1a: Sableye","|-damage|p1a: Sableye|267/304 par","|","|-damage|p2a: Skarmory|170/334 brn|[from] brn","|turn|55","|","|move|p2a: Skarmory|Iron Head|p1a: Sableye","|-damage|p1a: Sableye|234/304 par","|cant|p1a: Sableye|flinch","|","|-damage|p2a: Skarmory|129/334 brn|[from] brn","|turn|56","|","|move|p2a: Skarmory|Roost|p2a: Skarmory","|-heal|p2a: Skarmory|296/334 brn","|move|p1a: Sableye|Snarl|p2a: Skarmory","|-damage|p2a: Skarmory|46/334 brn","|-unboost|p2a: Skarmory|spa|1","|","|-damage|p2a: Skarmory|5/334 brn|[from] brn","|turn|57","|","|move|p2a: Skarmory|Roost|p2a: Skarmory","|-heal|p2a: Skarmory|172/334 brn","|move|p1a: Sableye|Snarl|p2a: Skarmory","|-miss|p1a: Sableye|p2a: Skarmory","|","|-damage|p2a: Skarmory|131/334 brn|[from] brn","|turn|58","|","|move|p2a: Skarmory|Roost|p2a: Skarmory","|-heal|p2a: Skarmory|298/334 brn","|move|p1a: Sableye|Snarl|p2a: Skarmory","|-damage|p2a: Skarmory|64/334 brn","|-unboost|p2a: Skarmory|spa|1","|","|-damage|p2a: Skarmory|23/334 brn|[from] brn","|turn|59","|","|move|p2a: Skarmory|Roost|p2a: Skarmory","|-heal|p2a: Skarmory|190/334 brn","|move|p1a: Sableye|Snarl|p2a: Skarmory","|-damage|p2a: Skarmory|0 fnt","|faint|p2a: Skarmory","|","|","|switch|p2a: Gliscor|Gliscor, M|298/354 tox","|turn|60","|","|move|p2a: Gliscor|Thunder Fang|p1a: Sableye","|-damage|p1a: Sableye|190/304 par","|cant|p1a: Sableye|par","|","|-heal|p2a: Gliscor|342/354 tox|[from] ability: Poison Heal","|turn|61","|","|move|p2a: Gliscor|Thunder Fang|p1a: Sableye","|-damage|p1a: Sableye|149/304 par","|move|p1a: Sableye|Snarl|p2a: Gliscor","|-crit|p2a: Gliscor","|-damage|p2a: Gliscor|0 fnt","|faint|p2a: Gliscor","|","|win|Deucez"],"p1rating":{"entryid":"7192012","serverid":"eos","formatid":"monotype","userid":"deucez","username":"Deucez","w":8,"l":"12","t":"0","gxe":42.8,"r":"1465.9508419661","rd":"75.548432933087","sigma":"0","rptime":"1438246800","rpr":1444.5047382279,"rprd":70.135884893013,"rpsigma":"0","acre":1060.798113225,"lacre":1060.798113225,"oldacre":"1024.2462256757"},"p2rating":{"entryid":"7256390","serverid":"eos","formatid":"monotype","userid":"keysein","username":"keysein","w":"1","l":4,"t":"0","gxe":40.7,"r":1454.7522688325,"rd":106.77879618217,"sigma":"0","rptime":1438246800,"rpr":1426.3723024625,"rprd":102.31160304758,"rpsigma":"0","acre":1012.0705888437,"lacre":1012.0705888437,"oldacre":"1026.0503602136"},"endType":"normal"}