{"seed":[35360,31295,61794,50743],"turns":23,"p1":"Alliance-C-Control","p2":"Flying Master Gage","p1team":[{"name":"Beheeyem","species":"Beheeyem","item":"leftovers","ability":"Synchronize","moves":["shadowball","psychic","painsplit","recover"],"nature":"Calm","evs":{"hp":252,"atk":0,"def":0,"spa":4,"spd":252,"spe":0},"ivs":{"hp":31,"atk":31,"def":31,"spa":31,"spd":31,"spe":31}},{"name":"Azelf","species":"Azelf","item":"ejectbutton","ability":"Levitate","moves":["magicroom","acrobatics","stealthrock","explosion"],"nature":"Jolly","evs":{"hp":4,"atk":252,"def":0,"spa":0,"spd":0,"spe":252},"ivs":{"hp":31,"atk":31,"def":31,"spa":31,"spd":31,"spe":31}},{"name":"Jirachi","species":"Jirachi","item":"choicescarf","ability":"Serene Grace","moves":["cosmicpower","trick","moonblast","flashcannon"],"nature":"Timid","evs":{"hp":4,"atk":0,"def":0,"spa":252,"spd":0,"spe":252},"shiny":true,"ivs":{"hp":31,"atk":31,"def":31,"spa":31,"spd":31,"spe":31}},{"name":"Gardevoir","species":"Gardevoir","item":"gardevoirite","ability":"Trace","moves":["trickroom","doubleedge","zenheadbutt","bodyslam"],"nature":"Brave","evs":{"hp":252,"atk":252,"def":0,"spa":0,"spd":4,"spe":0},"ivs":{"hp":31,"atk":31,"def":31,"spa":31,"spd":31,"spe":0}},{"name":"Latias","species":"Latias","item":"leftovers","ability":"Levitate","moves":["defog","dracometeor","icebeam","healingwish"],"nature":"Timid","evs":{"hp":0,"atk":0,"def":0,"spa":252,"spd":4,"spe":252},"ivs":{"hp":31,"atk":31,"def":31,"spa":31,"spd":31,"spe":31}},{"name":"Slowbro","species":"Slowbro","item":"rockyhelmet","ability":"Regenerator","moves":["scald","slackoff","irondefense","calmmind"],"nature":"Bold","evs":{"hp":248,"atk":0,"def":252,"spa":0,"spd":8,"spe":0},"ivs":{"hp":31,"atk":31,"def":31,"spa":31,"spd":31,"spe":31}}],"p2team":[{"name":"Landorus-Therian","species":"Landorus-Therian","item":"leftovers","ability":"Intimidate","moves":["stealthrock","earthquake","stoneedge","knockoff"],"nature":"Adamant","evs":{"hp":252,"atk":252,"def":0,"spa":0,"spd":4,"spe":0},"ivs":{"hp":31,"atk":31,"def":31,"spa":31,"spd":31,"spe":31}},{"name":"Thundurus","species":"Thundurus","item":"lifeorb","ability":"Prankster","moves":["taunt","voltswitch","grassknot","thunderwave"],"nature":"Timid","evs":{"hp":0,"atk":0,"def":0,"spa":252,"spd":4,"spe":252},"ivs":{"hp":31,"atk":31,"def":31,"spa":31,"spd":31,"spe":31}},{"name":"Tornadus-Therian","species":"Tornadus-Therian","item":"assaultvest","ability":"Regenerator","moves":["hurricane","heatwave","knockoff","superpower"],"nature":"Mild","evs":{"hp":248,"atk":8,"def":0,"spa":252,"spd":0,"spe":0},"ivs":{"hp":31,"atk":31,"def":31,"spa":31,"spd":31,"spe":31}},{"name":"Charizard","species":"Charizard","item":"charizarditey","ability":"Blaze","moves":["fireblast","solarbeam","focusblast","roost"],"nature":"Timid","evs":{"hp":0,"atk":0,"def":0,"spa":252,"spd":4,"spe":252},"ivs":{"hp":31,"atk":31,"def":31,"spa":31,"spd":31,"spe":31}},{"name":"Mandibuzz","species":"Mandibuzz","item":"rockyhelmet","ability":"Overcoat","moves":["foulplay","toxic","defog","roost"],"nature":"Bold","evs":{"hp":248,"atk":0,"def":252,"spa":0,"spd":8,"spe":0},"ivs":{"hp":31,"atk":31,"def":31,"spa":31,"spd":31,"spe":31}},{"name":"Staraptor","species":"Staraptor","item":"choicescarf","ability":"Reckless","moves":["bravebird","doubleedge","closecombat","uturn"],"nature":"Jolly","evs":{"hp":0,"atk":252,"def":0,"spa":0,"spd":4,"spe":252},"ivs":{"hp":31,"atk":31,"def":31,"spa":31,"spd":31,"spe":31}}],"log":["|player|p1|Alliance-C-Control|190","|player|p2|Flying Master Gage|141","|gametype|singles","|gen|6","|tier|Monotype","|rated","|rule|Baton Pass Clause: Limit one Baton Passer, can't pass Spe and other stats simultaneously","|rule|Swagger Clause: Swagger is banned","|rule|Same Type Clause: Pokémon in a team must share a type","|clearpoke","|poke|p1|Beheeyem, F","|poke|p1|Azelf","|poke|p1|Jirachi, shiny","|poke|p1|Gardevoir, M","|poke|p1|Latias, F","|poke|p1|Slowbro, F","|poke|p2|Landorus-Therian, M","|poke|p2|Thundurus, M","|poke|p2|Tornadus-Therian, M","|poke|p2|Charizard, M","|poke|p2|Mandibuzz, F","|poke|p2|Staraptor, M","|rule|Sleep Clause Mod: Limit one foe put to sleep","|rule|Species Clause: Limit one of each Pokémon","|rule|OHKO Clause: OHKO moves are banned","|rule|Moody Clause: Moody is banned","|rule|Evasion Moves Clause: Evasion moves are banned","|rule|Endless Battle Clause: Forcing endless battles is banned","|rule|HP Percentage Mod: HP is shown in percentages","|teampreview","|","|start","|switch|p1a: Azelf|Azelf|292/292","|switch|p2a: Landorus-Therian|Landorus-Therian, M|382/382","|-ability|p2a: Landorus-Therian|Intimidate","|-unboost|p1a: Azelf|atk|1","|turn|1","|","|switch|p1a: Slowbro|Slowbro, F|393/393","|move|p2a: Landorus-Therian|Knock Off|p1a: Slowbro","|-supereffective|p1a: Slowbro","|-damage|p1a: Slowbro|217/393","|-damage|p2a: Landorus-Therian|319/382|[from] item: Rocky Helmet|[of] p1a: Slowbro","|-enditem|p1a: Slowbro|Rocky Helmet|[from] move: Knock Off|[of] p2a: Landorus-Therian","|","|-heal|p2a: Landorus-Therian|342/382|[from] item: Leftovers","|turn|2","|","|switch|p2a: Tornadus-Therian|Tornadus-Therian, M|361/361","|move|p1a: Slowbro|Iron Defense|p1a: Slowbro","|-boost|p1a: Slowbro|def|2","|","|turn|3","|","|switch|p1a: Beheeyem|Beheeyem, F|354/354","|move|p2a: Tornadus-Therian|Hurricane|p1a: Beheeyem","|-damage|p1a: Beheeyem|213/354","|","|-heal|p1a: Beheeyem|235/354|[from] item: Leftovers","|turn|4","|","|move|p2a: Tornadus-Therian|Knock Off|p1a: Beheeyem","|-supereffective|p1a: Beheeyem","|-damage|p1a: Beheeyem|45/354","|-enditem|p1a: Beheeyem|Leftovers|[from] move: Knock Off|[of] p2a: Tornadus-Therian","|move|p1a: Beheeyem|Recover|p1a: Beheeyem","|-heal|p1a: Beheeyem|222/354","|","|turn|5","|","|switch|p2a: Landorus-Therian|Landorus-Therian, M|342/382","|-ability|p2a: Landorus-Therian|Intimidate","|-unboost|p1a: Beheeyem|atk|1","|move|p1a: Beheeyem|Recover|p1a: Beheeyem","|-heal|p1a: Beheeyem|354/354","|","|-heal|p2a: Landorus-Therian|365/382|[from] item: Leftovers","|turn|6","|","|switch|p1a: Slowbro|Slowbro, F|348/393","|move|p2a: Landorus-Therian|Earthquake|p1a: Slowbro","|-damage|p1a: Slowbro|210/393","|","|-heal|p2a: Landorus-Therian|382/382|[from] item: Leftovers","|turn|7","|","|switch|p2a: Thundurus|Thundurus, M|299/299","|move|p1a: Slowbro|Calm Mind|p1a: Slowbro","|-boost|p1a: Slowbro|spa|1","|-boost|p1a: Slowbro|spd|1","|","|turn|8","|","|switch|p1a: Beheeyem|Beheeyem, F|354/354","|move|p2a: Thundurus|Volt Switch|p1a: Beheeyem","|-damage|p1a: Beheeyem|245/354","|-damage|p2a: Thundurus|270/299|[from] item: Life Orb","|","|switch|p2a: Charizard|Charizard, M|297/297","|","|turn|9","|","|switch|p1a: Gardevoir|Gardevoir, M|340/340","|-ability|p1a: Gardevoir|Blaze|[from] ability: Trace|[of] p2a: Charizard","|detailschange|p2a: Charizard|Charizard-Mega-Y, M","|-mega|p2a: Charizard|Charizard|Charizardite Y","|-weather|SunnyDay","|move|p2a: Charizard|Solar Beam|p1a: Gardevoir|[still]","|-prepare|p2a: Charizard|Solar Beam|p1a: Gardevoir","|-anim|p2a: Charizard|Solar Beam|p1a: Gardevoir","|-damage|p1a: Gardevoir|191/340","|","|-weather|SunnyDay|[upkeep]","|turn|10","|","|switch|p1a: Latias|Latias, F|301/301","|move|p2a: Charizard|Fire Blast|p1a: Latias","|-resisted|p1a: Latias","|-damage|p1a: Latias|163/301","|","|-weather|SunnyDay|[upkeep]","|-heal|p1a: Latias|181/301|[from] item: Leftovers","|turn|11","|","|switch|p2a: Landorus-Therian|Landorus-Therian, M|382/382","|-ability|p2a: Landorus-Therian|Intimidate","|-unboost|p1a: Latias|atk|1","|move|p1a: Latias|Draco Meteor|p2a: Landorus-Therian","|-damage|p2a: Landorus-Therian|132/382","|-unboost|p1a: Latias|spa|2","|","|-weather|SunnyDay|[upkeep]","|-heal|p1a: Latias|199/301|[from] item: Leftovers","|-heal|p2a: Landorus-Therian|155/382|[from] item: Leftovers","|turn|12","|","|switch|p2a: Charizard|Charizard-Mega-Y, M|297/297","|move|p1a: Latias|Ice Beam|p2a: Charizard","|-damage|p2a: Charizard|256/297","|","|-weather|SunnyDay|[upkeep]","|-heal|p1a: Latias|217/301|[from] item: Leftovers","|turn|13","|","|switch|p1a: Slowbro|Slowbro, F|341/393","|move|p2a: Charizard|Fire Blast|p1a: Slowbro","|-resisted|p1a: Slowbro","|-damage|p1a: Slowbro|142/393","|","|-weather|none","|turn|14","|","|switch|p1a: Latias|Latias, F|217/301","|move|p2a: Charizard|Fire Blast|p1a: Latias","|-resisted|p1a: Latias","|-damage|p1a: Latias|133/301","|-status|p1a: Latias|brn","|","|-heal|p1a: Latias|151/301 brn|[from] item: Leftovers","|-damage|p1a: Latias|114/301 brn|[from] brn","|turn|15","|","|move|p1a: Latias|Draco Meteor|p2a: Charizard","|-damage|p2a: Charizard|82/297","|-unboost|p1a: Latias|spa|2","|move|p2a: Charizard|Roost|p2a: Charizard","|-heal|p2a: Charizard|231/297","|","|-heal|p1a: Latias|132/301 brn|[from] item: Leftovers","|-damage|p1a: Latias|95/301 brn|[from] brn","|turn|16","|","|move|p1a: Latias|Healing Wish|p1a: Latias","|faint|p1a: Latias","|move|p2a: Charizard|Fire Blast|p1: Latias|[notarget]","|-notarget","|","|","|switch|p1a: Gardevoir|Gardevoir, M|191/340","|-heal|p1a: Gardevoir|340/340|[from] move: Healing Wish","|-ability|p1a: Gardevoir|Drought|[from] ability: Trace|[of] p2a: Charizard","|-weather|SunnyDay","|turn|17","|","|detailschange|p1a: Gardevoir|Gardevoir-Mega, M","|-mega|p1a: Gardevoir|Gardevoir|Gardevoirite","|move|p2a: Charizard|Fire Blast|p1a: Gardevoir","|-damage|p1a: Gardevoir|87/340","|move|p1a: Gardevoir|Trick Room|p1a: Gardevoir","|-fieldstart|move: Trick Room|[of] p1a: Gardevoir","|","|-weather|SunnyDay|[upkeep]","|turn|18","|","|move|p1a: Gardevoir|Body Slam|p2a: Charizard","|-resisted|p2a: Charizard","|-damage|p2a: Charizard|135/297","|move|p2a: Charizard|Solar Beam|p1a: Gardevoir|[still]","|-prepare|p2a: Charizard|Solar Beam|p1a: Gardevoir","|-anim|p2a: Charizard|Solar Beam|p1a: Gardevoir","|-damage|p1a: Gardevoir|0 fnt","|faint|p1a: Gardevoir","|","|-weather|SunnyDay|[upkeep]","|","|switch|p1a: Azelf|Azelf|292/292","|turn|19","|","|switch|p2a: Mandibuzz|Mandibuzz, F|423/423","|switch|p1a: Slowbro|Slowbro, F|273/393","|","|-weather|SunnyDay|[upkeep]","|turn|20","|","|move|p1a: Slowbro|Calm Mind|p1a: Slowbro","|-boost|p1a: Slowbro|spa|1","|-boost|p1a: Slowbro|spd|1","|move|p2a: Mandibuzz|Toxic|p1a: Slowbro|[miss]","|-miss|p2a: Mandibuzz|p1a: Slowbro","|","|-weather|SunnyDay|[upkeep]","|turn|21","|","|switch|p1a: Azelf|Azelf|292/292","|move|p2a: Mandibuzz|Foul Play|p1a: Azelf","|-supereffective|p1a: Azelf","|-damage|p1a: Azelf|0 fnt","|faint|p1a: Azelf","|","|-weather|none","|-fieldend|move: Trick Room","|","|switch|p1a: Jirachi|Jirachi, shiny|342/342","|turn|22","|","|switch|p2a: Tornadus-Therian|Tornadus-Therian, M|361/361","|move|p1a: Jirachi|Trick|p2a: Tornadus-Therian","|-activate|p1a: Jirachi|move: Trick|[of] p2a: Tornadus-Therian","|-item|p2a: Tornadus-Therian|Choice Scarf|[from] move: Trick","|-item|p1a: Jirachi|Assault Vest|[from] move: Trick","|","|turn|23","|","|win|Flying Master Gage"],"p1rating":{"entryid":"6440455","serverid":"eos","formatid":"monotype","userid":"allianceccontrol","username":"Alliance-C-Control","w":"212","l":282,"t":"0","gxe":41.6,"r":"1435.8579604977","rd":"25","sigma":"0","rptime":"1438246800","rpr":1435.8689601102,"rprd":25,"rpsigma":"0","acre":1082.2963107181,"lacre":1082.2963107181,"oldacre":"1115.3011645985"},"p2rating":{"entryid":7278839,"formatid":"monotype","userid":"flyingmastergage","username":"Flying Master Gage","r":1500,"rd":130,"sigma":0,"rpr":1534.9621200277,"rprd":122.04987862947,"rpsigma":0,"rptime":1438246800,"w":1,"l":0,"t":0,"gxe":54.4,"acre":1052.8077662086,"lacre":1052.8077662086,"oldacre":1000},"endType":"forfeit"}