{"seed":[38793,36373,54069,57778],"turns":23,"p1":"opal boltrider","p2":"DJ Jester","p1team":[{"name":"Cloyster","species":"Cloyster","item":"focussash","ability":"Skill Link","moves":["explosion","shellsmash","iciclespear","rockblast"],"nature":"Careful","evs":{"hp":0,"atk":156,"def":0,"spa":0,"spd":100,"spe":252},"gender":"F","ivs":{"hp":31,"atk":31,"def":31,"spa":31,"spd":31,"spe":31}},{"name":"Slowking","species":"Slowking","item":"assaultvest","ability":"Regenerator","moves":["flamethrower","psyshock","scald","focusblast"],"nature":"Modest","evs":{"hp":0,"atk":0,"def":136,"spa":252,"spd":120,"spe":0},"gender":"M","ivs":{"hp":31,"atk":31,"def":31,"spa":31,"spd":31,"spe":31}},{"name":"Swampert","species":"Swampert","item":"swampertite","ability":"Torrent","moves":["earthquake","refresh","waterfall","icepunch"],"nature":"","gender":"F","evs":{"hp":0,"atk":0,"def":0,"spa":0,"spd":0,"spe":0},"ivs":{"hp":31,"atk":31,"def":31,"spa":31,"spd":31,"spe":31}},{"name":"Tentacruel","species":"Tentacruel","item":"blacksludge","ability":"Liquid Ooze","moves":["toxicspikes","scald","rapidspin","sludgebomb"],"nature":"Modest","evs":{"hp":0,"atk":0,"def":152,"spa":156,"spd":0,"spe":200},"gender":"M","ivs":{"hp":31,"atk":31,"def":31,"spa":31,"spd":31,"spe":31}},{"name":"Azumarill","species":"Azumarill","item":"sitrusberry","ability":"Huge Power","moves":["aquajet","knockoff","playrough","bellydrum"],"nature":"Adamant","evs":{"hp":0,"atk":160,"def":92,"spa":0,"spd":116,"spe":140},"gender":"F","ivs":{"hp":31,"atk":31,"def":31,"spa":31,"spd":31,"spe":31}},{"name":"Keldeo","species":"Keldeo","item":"choicespecs","ability":"Justified","moves":["secretsword","hydropump","hiddenpowerelectric","icywind"],"nature":"Modest","evs":{"hp":0,"atk":0,"def":100,"spa":5,"spd":100,"spe":252},"ivs":{"hp":31,"atk":31,"def":31,"spa":30,"spd":31,"spe":31}}],"p2team":[{"name":"Seductive Weavile","species":"weavile","item":"lifeorb","ability":"Pressure","moves":["fakeout","knockoff","iciclecrash","lowkick"],"nature":"Jolly","evs":{"hp":0,"atk":252,"def":0,"spa":0,"spd":4,"spe":252},"ivs":{"hp":31,"atk":31,"def":31,"spa":31,"spd":31,"spe":31}},{"name":"Seductive Sableye","species":"sableye","item":"sablenite","ability":"Prankster","moves":["willowisp","recover","calmmind","darkpulse"],"nature":"Bold","evs":{"hp":248,"atk":0,"def":252,"spa":8,"spd":0,"spe":0},"ivs":{"hp":31,"atk":31,"def":31,"spa":31,"spd":31,"spe":31}},{"name":"Cutting Edge","species":"bisharp","item":"lifeorb","ability":"Defiant","moves":["ironhead","suckerpunch","knockoff","lowsweep"],"nature":"Jolly","evs":{"hp":0,"atk":252,"def":0,"spa":0,"spd":4,"spe":252},"ivs":{"hp":31,"atk":31,"def":31,"spa":31,"spd":31,"spe":31}},{"name":"Schrodinger's Cat","species":"umbreon","item":"leftovers","ability":"Synchronize","moves":["curse","payback","healbell","moonlight"],"nature":"Careful","evs":{"hp":252,"atk":4,"def":0,"spa":0,"spd":252,"spe":0},"ivs":{"hp":31,"atk":31,"def":31,"spa":31,"spd":31,"spe":31}},{"name":"Very Sharpedo","species":"sharpedo","item":"lifeorb","ability":"Speed Boost","moves":["protect","aquajet","hydropump","icebeam"],"nature":"Hasty","evs":{"hp":0,"atk":4,"def":0,"spa":252,"spd":0,"spe":252},"ivs":{"hp":31,"atk":31,"def":31,"spa":31,"spd":31,"spe":31}},{"name":"Highdreigon","species":"hydreigon","item":"choicescarf","ability":"Levitate","moves":["dracometeor","flamethrower","flashcannon","earthpower"],"nature":"Timid","evs":{"hp":0,"atk":0,"def":0,"spa":252,"spd":4,"spe":252},"ivs":{"hp":31,"atk":31,"def":31,"spa":31,"spd":31,"spe":31}}],"log":["|player|p1|opal boltrider|93","|player|p2|DJ Jester|53","|gametype|singles","|gen|6","|tier|Monotype","|rated","|rule|Baton Pass Clause: Limit one Baton Passer, can't pass Spe and other stats simultaneously","|rule|Swagger Clause: Swagger is banned","|rule|Same Type Clause: Pokémon in a team must share a type","|clearpoke","|poke|p1|Cloyster, F","|poke|p1|Slowking, M","|poke|p1|Swampert, F","|poke|p1|Tentacruel, M","|poke|p1|Azumarill, F","|poke|p1|Keldeo","|poke|p2|Weavile, M","|poke|p2|Sableye, F","|poke|p2|Bisharp, M","|poke|p2|Umbreon, M","|poke|p2|Sharpedo, F","|poke|p2|Hydreigon, M","|rule|Sleep Clause Mod: Limit one foe put to sleep","|rule|Species Clause: Limit one of each Pokémon","|rule|OHKO Clause: OHKO moves are banned","|rule|Moody Clause: Moody is banned","|rule|Evasion Moves Clause: Evasion moves are banned","|rule|Endless Battle Clause: Forcing endless battles is banned","|rule|HP Percentage Mod: HP is shown in percentages","|teampreview","|","|start","|switch|p1a: Tentacruel|Tentacruel, M|301/301","|switch|p2a: Seductive Weavile|Weavile, M|281/281","|-ability|p2a: Seductive Weavile|Pressure","|turn|1","|","|move|p2a: Seductive Weavile|Fake Out|p1a: Tentacruel","|-damage|p1a: Tentacruel|227/301","|-damage|p2a: Seductive Weavile|253/281|[from] item: Life Orb","|cant|p1a: Tentacruel|flinch","|","|-heal|p1a: Tentacruel|245/301|[from] item: Black Sludge","|turn|2","|","|move|p2a: Seductive Weavile|Knock Off|p1a: Tentacruel","|-damage|p1a: Tentacruel|0 fnt","|-enditem|p1a: Tentacruel|Black Sludge|[from] move: Knock Off|[of] p2a: Seductive Weavile","|-damage|p2a: Seductive Weavile|225/281|[from] item: Life Orb","|faint|p1a: Tentacruel","|","|","|switch|p1a: Azumarill|Azumarill, F|341/341","|turn|3","|","|move|p2a: Seductive Weavile|Knock Off|p1a: Azumarill","|-resisted|p1a: Azumarill","|-damage|p1a: Azumarill|229/341","|-enditem|p1a: Azumarill|Sitrus Berry|[from] move: Knock Off|[of] p2a: Seductive Weavile","|-damage|p2a: Seductive Weavile|197/281|[from] item: Life Orb","|move|p1a: Azumarill|Belly Drum|p1a: Azumarill","|-damage|p1a: Azumarill|59/341","|-setboost|p1a: Azumarill|atk|6|[from] move: Belly Drum","|","|turn|4","|","|switch|p2a: Very Sharpedo|Sharpedo, F|281/281","|move|p1a: Azumarill|Aqua Jet|p2a: Very Sharpedo","|-resisted|p2a: Very Sharpedo","|-damage|p2a: Very Sharpedo|0 fnt","|faint|p2a: Very Sharpedo","|","|","|switch|p2a: Cutting Edge|Bisharp, M|271/271","|turn|5","|","|move|p2a: Cutting Edge|Sucker Punch|p1a: Azumarill","|-resisted|p1a: Azumarill","|-damage|p1a: Azumarill|0 fnt","|-damage|p2a: Cutting Edge|244/271|[from] item: Life Orb","|faint|p1a: Azumarill","|","|","|switch|p1a: Keldeo|Keldeo|323/323","|turn|6","|","|switch|p2a: Seductive Sableye|Sableye, F|303/303","|move|p1a: Keldeo|Secret Sword|p2a: Seductive Sableye","|-immune|p2a: Seductive Sableye|[msg]","|","|turn|7","|","|switch|p1a: Swampert|Swampert, F|341/341","|move|p2a: Seductive Sableye|Calm Mind|p2a: Seductive Sableye","|-boost|p2a: Seductive Sableye|spa|1","|-boost|p2a: Seductive Sableye|spd|1","|","|turn|8","|","|detailschange|p1a: Swampert|Swampert-Mega, F","|-mega|p1a: Swampert|Swampert|Swampertite","|move|p2a: Seductive Sableye|Will-O-Wisp|p1a: Swampert","|-status|p1a: Swampert|brn","|move|p1a: Swampert|Earthquake|p2a: Seductive Sableye","|-damage|p2a: Seductive Sableye|231/303","|","|-damage|p1a: Swampert|299/341 brn|[from] brn","|turn|9","|","|move|p2a: Seductive Sableye|Calm Mind|p2a: Seductive Sableye","|-boost|p2a: Seductive Sableye|spa|1","|-boost|p2a: Seductive Sableye|spd|1","|move|p1a: Swampert|Refresh|p1a: Swampert","|-curestatus|p1a: Swampert|brn","|","|turn|10","|","|move|p2a: Seductive Sableye|Will-O-Wisp|p1a: Swampert","|-status|p1a: Swampert|brn","|move|p1a: Swampert|Earthquake|p2a: Seductive Sableye","|-damage|p2a: Seductive Sableye|162/303","|","|-damage|p1a: Swampert|257/341 brn|[from] brn","|turn|11","|","|move|p2a: Seductive Sableye|Recover|p2a: Seductive Sableye","|-heal|p2a: Seductive Sableye|303/303","|move|p1a: Swampert|Refresh|p1a: Swampert","|-curestatus|p1a: Swampert|brn","|","|turn|12","|","|move|p2a: Seductive Sableye|Will-O-Wisp|p1a: Swampert","|-status|p1a: Swampert|brn","|move|p1a: Swampert|Waterfall|p2a: Seductive Sableye","|-damage|p2a: Seductive Sableye|240/303","|","|-damage|p1a: Swampert|215/341 brn|[from] brn","|turn|13","|","|move|p1a: Swampert|Refresh|p1a: Swampert","|-curestatus|p1a: Swampert|brn","|move|p2a: Seductive Sableye|Dark Pulse|p1a: Swampert","|-damage|p1a: Swampert|91/341","|","|turn|14","|","|switch|p1a: Cloyster|Cloyster, F|241/241","|move|p2a: Seductive Sableye|Will-O-Wisp|p1a: Cloyster","|-status|p1a: Cloyster|brn","|","|-damage|p1a: Cloyster|211/241 brn|[from] brn","|turn|15","|","|move|p1a: Cloyster|Shell Smash|p1a: Cloyster","|-boost|p1a: Cloyster|atk|2","|-boost|p1a: Cloyster|spa|2","|-boost|p1a: Cloyster|spe|2","|-unboost|p1a: Cloyster|def|1","|-unboost|p1a: Cloyster|spd|1","|move|p2a: Seductive Sableye|Dark Pulse|p1a: Cloyster","|-damage|p1a: Cloyster|0 fnt","|faint|p1a: Cloyster","|","|","|switch|p1a: Keldeo|Keldeo|323/323","|turn|16","|","|detailschange|p2a: Seductive Sableye|Sableye-Mega, F","|-mega|p2a: Seductive Sableye|Sableye|Sablenite","|move|p2a: Seductive Sableye|Will-O-Wisp|p1a: Keldeo","|-status|p1a: Keldeo|brn","|move|p1a: Keldeo|Hydro Pump|p2a: Seductive Sableye","|-damage|p2a: Seductive Sableye|114/303","|","|-damage|p1a: Keldeo|283/323 brn|[from] brn","|turn|17","|","|move|p1a: Keldeo|Hydro Pump|p2a: Seductive Sableye","|-damage|p2a: Seductive Sableye|0 fnt","|faint|p2a: Seductive Sableye","|","|-damage|p1a: Keldeo|243/323 brn|[from] brn","|","|switch|p2a: Seductive Weavile|Weavile, M|197/281","|-ability|p2a: Seductive Weavile|Pressure","|turn|18","|","|switch|p1a: Swampert|Swampert-Mega, F|91/341","|move|p2a: Seductive Weavile|Fake Out|p1a: Swampert","|-damage|p1a: Swampert|39/341","|-damage|p2a: Seductive Weavile|169/281|[from] item: Life Orb","|","|turn|19","|","|move|p2a: Seductive Weavile|Icicle Crash|p1a: Swampert","|-damage|p1a: Swampert|0 fnt","|-damage|p2a: Seductive Weavile|141/281|[from] item: Life Orb","|faint|p1a: Swampert","|","|","|switch|p1a: Keldeo|Keldeo|243/323 brn","|turn|20","|","|switch|p2a: Highdreigon|Hydreigon, M|325/325","|move|p1a: Keldeo|Secret Sword|p2a: Highdreigon","|-supereffective|p2a: Highdreigon","|-damage|p2a: Highdreigon|0 fnt","|faint|p2a: Highdreigon","|","|-damage|p1a: Keldeo|203/323 brn|[from] brn","|","|switch|p2a: Seductive Weavile|Weavile, M|141/281","|-ability|p2a: Seductive Weavile|Pressure","|turn|21","|","|move|p2a: Seductive Weavile|Fake Out|p1a: Keldeo","|-damage|p1a: Keldeo|142/323 brn","|-damage|p2a: Seductive Weavile|113/281|[from] item: Life Orb","|cant|p1a: Keldeo|flinch","|","|-damage|p1a: Keldeo|102/323 brn|[from] brn","|turn|22","|","|move|p2a: Seductive Weavile|Knock Off|p1a: Keldeo","|-resisted|p1a: Keldeo","|-damage|p1a: Keldeo|0 fnt","|-enditem|p1a: Keldeo|Choice Specs|[from] move: Knock Off|[of] p2a: Seductive Weavile","|-damage|p2a: Seductive Weavile|85/281|[from] item: Life Orb","|faint|p1a: Keldeo","|","|","|switch|p1a: Slowking|Slowking, M|331/331","|turn|23","|","|move|p2a: Seductive Weavile|Knock Off|p1a: Slowking","|-supereffective|p1a: Slowking","|-damage|p1a: Slowking|0 fnt","|-enditem|p1a: Slowking|Assault Vest|[from] move: Knock Off|[of] p2a: Seductive Weavile","|-damage|p2a: Seductive Weavile|57/281|[from] item: Life Orb","|faint|p1a: Slowking","|","|win|DJ Jester"],"p1rating":{"entryid":"6940424","serverid":"eos","formatid":"monotype","userid":"opalboltrider","username":"opal boltrider","w":"22","l":32,"t":"0","gxe":40.3,"r":"1429.5395489336","rd":"49.369927553184","sigma":"0","rptime":"1438160400","rpr":1425.2407609156,"rprd":48.128142025651,"rpsigma":"0","acre":1073.9422117634,"lacre":1073.9422117634,"oldacre":"1106.3653405689"},"p2rating":{"entryid":7261055,"formatid":"monotype","userid":"djjester","username":"DJ Jester","r":1500,"rd":130,"sigma":0,"rpr":1534.0794286038,"rprd":122.22307431746,"rpsigma":0,"rptime":1438160400,"w":1,"l":0,"t":0,"gxe":54.3,"acre":1051.8770060888,"lacre":1051.8770060888,"oldacre":1000},"endType":"normal"}