{"seed":[4962,46359,1054,5084],"turns":24,"p1":"Mega Torterra plz","p2":"Nyan Loki","p1team":[{"name":"Skarmory","species":"Skarmory","item":"rockyhelmet","ability":"Sturdy","moves":["whirlwind","stealthrock","roost","bravebird"],"nature":"Impish","evs":{"hp":252,"atk":0,"def":232,"spa":0,"spd":0,"spe":24},"gender":"M","ivs":{"hp":31,"atk":31,"def":31,"spa":31,"spd":31,"spe":31}},{"name":"Scizor","species":"Scizor","item":"scizorite","ability":"Light Metal","moves":["swordsdance","roost","bulletpunch","knockoff"],"nature":"Impish","evs":{"hp":248,"atk":44,"def":16,"spa":0,"spd":200,"spe":0},"ivs":{"hp":31,"atk":31,"def":31,"spa":31,"spd":31,"spe":31}},{"name":"Excadrill","species":"Excadrill","item":"lifeorb","ability":"Mold Breaker","moves":["earthquake","rockslide","ironhead","rapidspin"],"nature":"Jolly","evs":{"hp":0,"atk":252,"def":4,"spa":0,"spd":0,"spe":252},"gender":"F","ivs":{"hp":31,"atk":31,"def":31,"spa":31,"spd":31,"spe":31}},{"name":"Ferrothorn","species":"Ferrothorn","item":"leftovers","ability":"Iron Barbs","moves":["powerwhip","leechseed","thunderwave","protect"],"nature":"Sassy","evs":{"hp":252,"atk":4,"def":0,"spa":0,"spd":252,"spe":0},"gender":"F","shiny":true,"ivs":{"hp":31,"atk":31,"def":31,"spa":31,"spd":31,"spe":31}},{"name":"Heatran","species":"Heatran","item":"airballoon","ability":"Flash Fire","moves":["fireblast","earthpower","hiddenpowerice","willowisp"],"nature":"Modest","evs":{"hp":0,"atk":0,"def":0,"spa":252,"spd":4,"spe":252},"gender":"F","ivs":{"hp":31,"atk":30,"def":30,"spa":31,"spd":31,"spe":31},"shiny":true},{"name":"Empoleon","species":"Empoleon","item":"choicespecs","ability":"Torrent","moves":["hydropump","flashcannon","icebeam","scald"],"nature":"Modest","evs":{"hp":248,"atk":0,"def":0,"spa":252,"spd":8,"spe":0},"ivs":{"hp":31,"atk":31,"def":31,"spa":31,"spd":31,"spe":31}}],"p2team":[{"name":"Conkeldurr","species":"Conkeldurr","item":"lifeorb","ability":"Sheer Force","moves":["firepunch","icepunch","brickbreak","thunderpunch"],"nature":"Adamant","evs":{"hp":248,"atk":252,"def":0,"spa":0,"spd":8,"spe":0},"ivs":{"hp":31,"atk":31,"def":31,"spa":31,"spd":31,"spe":31}},{"name":"Infernape","species":"Infernape","item":"lifeorb","ability":"Iron Fist","moves":["stealthrock","fakeout","flareblitz","thunderpunch"],"nature":"Jolly","evs":{"hp":0,"atk":252,"def":0,"spa":0,"spd":4,"spe":252},"ivs":{"hp":31,"atk":31,"def":31,"spa":31,"spd":31,"spe":31}},{"name":"Gallade","species":"Gallade","item":"galladite","ability":"Justified","moves":["drainpunch","zenheadbutt","aerialace","leafblade"],"nature":"Adamant","evs":{"hp":248,"atk":252,"def":0,"spa":0,"spd":8,"spe":0},"ivs":{"hp":31,"atk":31,"def":31,"spa":31,"spd":31,"spe":31}},{"name":"Scrafty","species":"Scrafty","item":"choiceband","ability":"Moxie","moves":["highjumpkick","dragonclaw","knockoff","headsmash"],"nature":"Adamant","evs":{"hp":248,"atk":252,"def":0,"spa":0,"spd":8,"spe":0},"ivs":{"hp":31,"atk":31,"def":31,"spa":31,"spd":31,"spe":31}},{"name":"Poliwrath","species":"Poliwrath","item":"lifeorb","ability":"Water Absorb","moves":["bulkup","poweruppunch","waterfall","brickbreak"],"nature":"Adamant","evs":{"hp":248,"atk":252,"def":0,"spa":0,"spd":8,"spe":0},"ivs":{"hp":31,"atk":31,"def":31,"spa":31,"spd":31,"spe":31}},{"name":"Chesnaught","species":"Chesnaught","item":"choiceband","ability":"Overgrow","moves":["earthquake","drainpunch","ironhead","woodhammer"],"nature":"Adamant","evs":{"hp":248,"atk":252,"def":0,"spa":0,"spd":8,"spe":0},"ivs":{"hp":31,"atk":31,"def":31,"spa":31,"spd":31,"spe":31}}],"log":["|player|p1|Mega Torterra plz|103","|player|p2|Nyan Loki|222","|gametype|singles","|gen|6","|tier|Monotype","|rated","|rule|Baton Pass Clause: Limit one Baton Passer, can't pass Spe and other stats simultaneously","|rule|Swagger Clause: Swagger is banned","|rule|Same Type Clause: Pokémon in a team must share a type","|clearpoke","|poke|p1|Skarmory, M","|poke|p1|Scizor, F","|poke|p1|Excadrill, F","|poke|p1|Ferrothorn, F, shiny","|poke|p1|Heatran, F, shiny","|poke|p1|Empoleon, F","|poke|p2|Conkeldurr, M","|poke|p2|Infernape, M","|poke|p2|Gallade, M","|poke|p2|Scrafty, M","|poke|p2|Poliwrath, F","|poke|p2|Chesnaught, F","|rule|Sleep Clause Mod: Limit one foe put to sleep","|rule|Species Clause: Limit one of each Pokémon","|rule|OHKO Clause: OHKO moves are banned","|rule|Moody Clause: Moody is banned","|rule|Evasion Moves Clause: Evasion moves are banned","|rule|Endless Battle Clause: Forcing endless battles is banned","|rule|HP Percentage Mod: HP is shown in percentages","|teampreview","|","|start","|switch|p1a: Excadrill|Excadrill, F|361/361","|switch|p2a: Infernape|Infernape, M|293/293","|-ability|p1a: Excadrill|Mold Breaker","|turn|1","|","|switch|p1a: Skarmory|Skarmory, M|334/334","|move|p2a: Infernape|Fake Out|p1a: Skarmory","|-resisted|p1a: Skarmory","|-damage|p1a: Skarmory|318/334","|-damage|p2a: Infernape|245/293|[from] item: Rocky Helmet|[of] p1a: Skarmory","|-damage|p2a: Infernape|216/293|[from] item: Life Orb","|","|turn|2","|","|move|p2a: Infernape|Stealth Rock|p1a: Skarmory","|-sidestart|p1: Mega Torterra plz|move: Stealth Rock","|move|p1a: Skarmory|Roost|p1a: Skarmory","|-heal|p1a: Skarmory|334/334","|","|turn|3","|","|move|p2a: Infernape|Thunder Punch|p1a: Skarmory","|-supereffective|p1a: Skarmory","|-damage|p1a: Skarmory|201/334","|-damage|p2a: Infernape|168/293|[from] item: Rocky Helmet|[of] p1a: Skarmory","|-damage|p2a: Infernape|139/293|[from] item: Life Orb","|move|p1a: Skarmory|Stealth Rock|p2a: Infernape","|-sidestart|p2: Nyan Loki|move: Stealth Rock","|","|turn|4","|","|move|p2a: Infernape|Thunder Punch|p1a: Skarmory","|-supereffective|p1a: Skarmory","|-damage|p1a: Skarmory|61/334","|-damage|p2a: Infernape|91/293|[from] item: Rocky Helmet|[of] p1a: Skarmory","|-damage|p2a: Infernape|62/293|[from] item: Life Orb","|move|p1a: Skarmory|Brave Bird|p2a: Infernape","|-crit|p2a: Infernape","|-supereffective|p2a: Infernape","|-damage|p2a: Infernape|0 fnt","|-damage|p1a: Skarmory|41/334|[from] recoil|[of] p2a: Infernape","|faint|p2a: Infernape","|","|","|switch|p2a: Conkeldurr|Conkeldurr, M|413/413","|-damage|p2a: Conkeldurr|388/413|[from] Stealth Rock","|turn|5","|","|move|p1a: Skarmory|Roost|p1a: Skarmory","|-heal|p1a: Skarmory|208/334","|move|p2a: Conkeldurr|Thunder Punch|p1a: Skarmory","|-damage|p1a: Skarmory|111/334","|-damage|p2a: Conkeldurr|320/413|[from] item: Rocky Helmet|[of] p1a: Skarmory","|","|turn|6","|","|move|p1a: Skarmory|Roost|p1a: Skarmory","|-heal|p1a: Skarmory|278/334","|move|p2a: Conkeldurr|Fire Punch|p1a: Skarmory","|-supereffective|p1a: Skarmory","|-damage|p1a: Skarmory|62/334","|-damage|p2a: Conkeldurr|252/413|[from] item: Rocky Helmet|[of] p1a: Skarmory","|","|turn|7","|","|move|p1a: Skarmory|Brave Bird|p2a: Conkeldurr","|-supereffective|p2a: Conkeldurr","|-damage|p2a: Conkeldurr|16/413","|-damage|p1a: Skarmory|0 fnt|[from] recoil|[of] p2a: Conkeldurr","|faint|p1a: Skarmory","|move|p2a: Conkeldurr|Fire Punch|p1: Skarmory|[notarget]","|-notarget","|","|","|switch|p1a: Scizor|Scizor, F|343/343","|-damage|p1a: Scizor|301/343|[from] Stealth Rock","|turn|8","|","|detailschange|p1a: Scizor|Scizor-Mega, F","|-mega|p1a: Scizor|Scizor|Scizorite","|move|p1a: Scizor|Bullet Punch|p2a: Conkeldurr","|-damage|p2a: Conkeldurr|0 fnt","|faint|p2a: Conkeldurr","|","|","|switch|p2a: Poliwrath|Poliwrath, F|383/383","|-damage|p2a: Poliwrath|360/383|[from] Stealth Rock","|turn|9","|","|switch|p1a: Ferrothorn|Ferrothorn, F, shiny|352/352","|-damage|p1a: Ferrothorn|330/352|[from] Stealth Rock","|move|p2a: Poliwrath|Waterfall|p1a: Ferrothorn","|-resisted|p1a: Ferrothorn","|-damage|p1a: Ferrothorn|265/352","|-damage|p2a: Poliwrath|313/383|[from] ability: Iron Barbs|[of] p1a: Ferrothorn","|-damage|p2a: Poliwrath|275/383|[from] item: Life Orb","|","|-heal|p1a: Ferrothorn|287/352|[from] item: Leftovers","|turn|10","|","|move|p2a: Poliwrath|Bulk Up|p2a: Poliwrath","|-boost|p2a: Poliwrath|atk|1","|-boost|p2a: Poliwrath|def|1","|move|p1a: Ferrothorn|Power Whip|p2a: Poliwrath|[miss]","|-miss|p1a: Ferrothorn|p2a: Poliwrath","|","|-heal|p1a: Ferrothorn|309/352|[from] item: Leftovers","|turn|11","|","|move|p2a: Poliwrath|Brick Break|p1a: Ferrothorn","|-supereffective|p1a: Ferrothorn","|-damage|p1a: Ferrothorn|0 fnt","|-damage|p2a: Poliwrath|228/383|[from] ability: Iron Barbs|[of] p1a: Ferrothorn","|-damage|p2a: Poliwrath|190/383|[from] item: Life Orb","|faint|p1a: Ferrothorn","|","|","|switch|p1a: Heatran|Heatran, F, shiny|323/323","|-damage|p1a: Heatran|283/323|[from] Stealth Rock","|-item|p1a: Heatran|Air Balloon","|turn|12","|","|move|p1a: Heatran|Fire Blast|p2a: Poliwrath|[miss]","|-miss|p1a: Heatran|p2a: Poliwrath","|move|p2a: Poliwrath|Waterfall|p1a: Heatran","|-supereffective|p1a: Heatran","|-damage|p1a: Heatran|0 fnt","|-enditem|p1a: Heatran|Air Balloon","|-damage|p2a: Poliwrath|152/383|[from] item: Life Orb","|faint|p1a: Heatran","|","|","|switch|p1a: Empoleon|Empoleon, F|371/371","|-damage|p1a: Empoleon|348/371|[from] Stealth Rock","|turn|13","|","|move|p2a: Poliwrath|Brick Break|p1a: Empoleon","|-supereffective|p1a: Empoleon","|-damage|p1a: Empoleon|0 fnt","|-damage|p2a: Poliwrath|114/383|[from] item: Life Orb","|faint|p1a: Empoleon","|","|","|switch|p1a: Excadrill|Excadrill, F|361/361","|-damage|p1a: Excadrill|350/361|[from] Stealth Rock","|-ability|p1a: Excadrill|Mold Breaker","|turn|14","|","|move|p1a: Excadrill|Earthquake|p2a: Poliwrath","|-damage|p2a: Poliwrath|0 fnt","|-damage|p1a: Excadrill|314/361|[from] item: Life Orb","|faint|p2a: Poliwrath","|","|","|switch|p2a: Scrafty|Scrafty, M|333/333","|-damage|p2a: Scrafty|313/333|[from] Stealth Rock","|turn|15","|","|move|p1a: Excadrill|Earthquake|p2a: Scrafty","|-damage|p2a: Scrafty|106/333","|-damage|p1a: Excadrill|278/361|[from] item: Life Orb","|move|p2a: Scrafty|High Jump Kick|p1a: Excadrill","|-supereffective|p1a: Excadrill","|-damage|p1a: Excadrill|0 fnt","|faint|p1a: Excadrill","|-boost|p2a: Scrafty|atk|1|[from] ability: Moxie","|","|","|switch|p1a: Scizor|Scizor-Mega, F|301/343","|-damage|p1a: Scizor|259/343|[from] Stealth Rock","|turn|16","|","|move|p1a: Scizor|Swords Dance|p1a: Scizor","|-boost|p1a: Scizor|atk|2","|move|p2a: Scrafty|High Jump Kick|p1a: Scizor|[miss]","|-miss|p2a: Scrafty|p1a: Scizor","|-damage|p2a: Scrafty|0 fnt|[from] highjumpkick","|faint|p2a: Scrafty","|","|","|switch|p2a: Gallade|Gallade, M|339/339","|-damage|p2a: Gallade|318/339|[from] Stealth Rock","|turn|17","|","|detailschange|p2a: Gallade|Gallade-Mega, M","|-mega|p2a: Gallade|Gallade|Galladite","|move|p1a: Scizor|Bullet Punch|p2a: Gallade","|-damage|p2a: Gallade|84/339","|move|p2a: Gallade|Drain Punch|p1a: Scizor","|-damage|p1a: Scizor|136/343","|-heal|p2a: Gallade|146/339|[from] drain|[of] p1a: Scizor","|","|turn|18","|","|move|p1a: Scizor|Bullet Punch|p2a: Gallade","|-damage|p2a: Gallade|0 fnt","|faint|p2a: Gallade","|","|","|switch|p2a: Chesnaught|Chesnaught, F|379/379","|-damage|p2a: Chesnaught|356/379|[from] Stealth Rock","|turn|19","|","|move|p1a: Scizor|Roost|p1a: Scizor","|-heal|p1a: Scizor|308/343","|move|p2a: Chesnaught|Drain Punch|p1a: Scizor","|-damage|p1a: Scizor|188/343","|-heal|p2a: Chesnaught|379/379|[from] drain|[of] p1a: Scizor","|","|turn|20","|","|move|p1a: Scizor|Swords Dance|p1a: Scizor","|-boost|p1a: Scizor|atk|2","|move|p2a: Chesnaught|Drain Punch|p1a: Scizor","|-damage|p1a: Scizor|62/343","|","|turn|21","|","|move|p1a: Scizor|Roost|p1a: Scizor","|-heal|p1a: Scizor|234/343","|move|p2a: Chesnaught|Drain Punch|p1a: Scizor","|-damage|p1a: Scizor|110/343","|","|turn|22","|","|move|p1a: Scizor|Roost|p1a: Scizor","|-heal|p1a: Scizor|282/343","|move|p2a: Chesnaught|Drain Punch|p1a: Scizor","|-damage|p1a: Scizor|146/343","|","|turn|23","|","|move|p1a: Scizor|Bullet Punch|p2a: Chesnaught","|-damage|p2a: Chesnaught|127/379","|move|p2a: Chesnaught|Drain Punch|p1a: Scizor","|-damage|p1a: Scizor|19/343","|-heal|p2a: Chesnaught|191/379|[from] drain|[of] p1a: Scizor","|","|turn|24","|","|move|p1a: Scizor|Bullet Punch|p2a: Chesnaught","|-damage|p2a: Chesnaught|0 fnt","|faint|p2a: Chesnaught","|","|win|Mega Torterra plz"],"p1rating":{"entryid":"6942320","serverid":"eos","formatid":"monotype","userid":"megatorterraplz","username":"mega torterra plz","w":9,"l":"10","t":"0","gxe":48.7,"r":"1477.3828475033","rd":"73.245629957992","sigma":"0","rptime":"1438246800","rpr":1490.2291959755,"rprd":71.892131630186,"rpsigma":"0","acre":1132.7877756574,"lacre":1132.7877756574,"oldacre":"1110.3016308886"},"p2rating":{"entryid":"6540883","serverid":"eos","formatid":"monotype","userid":"nyanloki","username":"Nyan Loki","w":"6","l":11,"t":"0","gxe":39.6,"r":"1451.7162163683","rd":"127.55093627511","sigma":"0","rptime":"1438246800","rpr":1418.5141425399,"rprd":74.796345155108,"rpsigma":"0","acre":1056.1004980763,"lacre":1056.1004980763,"oldacre":"1075.2470527074"},"endType":"normal"}