{"seed":[47459,47875,58579,27927],"turns":37,"p1":"Wаrden Arguѕ","p2":"SeviperM","p1team":[{"name":"Sableye","species":"Sableye","item":"leftovers","ability":"Prankster","moves":["knockoff","willowisp","recover","taunt"],"nature":"Bold","evs":{"hp":228,"atk":0,"def":252,"spa":0,"spd":0,"spe":28},"gender":"M","ivs":{"hp":31,"atk":0,"def":31,"spa":31,"spd":31,"spe":31}},{"name":"Aegislash","species":"Aegislash","item":"weaknesspolicy","ability":"Stance Change","moves":["kingsshield","sacredsword","shadowball","shadowsneak"],"nature":"Lonely","evs":{"hp":0,"atk":252,"def":0,"spa":240,"spd":0,"spe":16},"gender":"M","shiny":true,"ivs":{"hp":31,"atk":31,"def":31,"spa":31,"spd":31,"spe":31}},{"name":"Jellicent","species":"Jellicent","item":"leftovers","ability":"Cursed Body","moves":["toxic","scald","recover","acidarmor"],"nature":"Calm","evs":{"hp":252,"atk":0,"def":0,"spa":0,"spd":252,"spe":4},"gender":"M","ivs":{"hp":31,"atk":0,"def":31,"spa":31,"spd":31,"spe":31},"shiny":true},{"name":"Golurk","species":"Golurk","item":"focussash","ability":"No Guard","moves":["stealthrock","stoneedge","dynamicpunch","curse"],"nature":"Adamant","evs":{"hp":0,"atk":252,"def":0,"spa":0,"spd":4,"spe":252},"shiny":true,"ivs":{"hp":31,"atk":31,"def":31,"spa":31,"spd":31,"spe":31}},{"name":"Chandelure","species":"Chandelure","item":"choicescarf","ability":"Infiltrator","moves":["flamethrower","shadowball","energyball","trick"],"nature":"Modest","evs":{"hp":0,"atk":0,"def":0,"spa":252,"spd":4,"spe":252},"gender":"F","ivs":{"hp":31,"atk":0,"def":31,"spa":31,"spd":31,"spe":31}},{"name":"Gengar","species":"Gengar","item":"focussash","ability":"Levitate","moves":["destinybond","sludgebomb","shadowball","energyball"],"nature":"Timid","evs":{"hp":0,"atk":0,"def":0,"spa":252,"spd":4,"spe":252},"gender":"F","ivs":{"hp":31,"atk":0,"def":31,"spa":31,"spd":31,"spe":31},"shiny":true}],"p2team":[{"name":"Genesect","species":"Genesect","item":"choicescarf","ability":"Download","moves":["energyball","icebeam","uturn","ironhead"],"nature":"Hasty","evs":{"hp":0,"atk":4,"def":0,"spa":252,"spd":0,"spe":252},"ivs":{"hp":31,"atk":31,"def":31,"spa":31,"spd":31,"spe":31}},{"name":"Pinsir","species":"Pinsir","item":"pinsirite","ability":"Moxie","moves":["quickattack","earthquake","frustration","swordsdance"],"nature":"Adamant","evs":{"hp":0,"atk":252,"def":0,"spa":0,"spd":4,"spe":252},"happiness":0,"ivs":{"hp":31,"atk":31,"def":31,"spa":31,"spd":31,"spe":31}},{"name":"Shuckle","species":"Shuckle","item":"mentalherb","ability":"Sturdy","moves":["stealthrock","stickyweb","toxic","encore"],"nature":"Calm","evs":{"hp":248,"atk":0,"def":8,"spa":0,"spd":252,"spe":0},"ivs":{"hp":31,"atk":31,"def":31,"spa":31,"spd":31,"spe":31}},{"name":"Volcarona","species":"Volcarona","item":"lumberry","ability":"Flame Body","moves":["quiverdance","roost","hiddenpowerground","fierydance"],"nature":"Bold","evs":{"hp":248,"atk":0,"def":208,"spa":0,"spd":0,"spe":52},"ivs":{"hp":31,"atk":0,"def":31,"spa":30,"spd":30,"spe":31}},{"name":"Scizor","species":"Scizor","item":"leftovers","ability":"Technician","moves":["bulletpunch","uturn","roost","defog"],"nature":"Impish","evs":{"hp":248,"atk":8,"def":252,"spa":0,"spd":0,"spe":0},"ivs":{"hp":31,"atk":31,"def":31,"spa":31,"spd":31,"spe":31}},{"name":"Heracross","species":"Heracross","item":"choicescarf","ability":"Moxie","moves":["closecombat","earthquake","megahorn","stoneedge"],"nature":"Jolly","evs":{"hp":0,"atk":252,"def":4,"spa":0,"spd":0,"spe":252},"ivs":{"hp":31,"atk":31,"def":31,"spa":31,"spd":31,"spe":31}}],"log":["|player|p1|Wаrden Arguѕ|144","|player|p2|SeviperM|70","|gametype|singles","|gen|6","|tier|Monotype","|rated","|rule|Baton Pass Clause: Limit one Baton Passer, can't pass Spe and other stats simultaneously","|rule|Swagger Clause: Swagger is banned","|rule|Same Type Clause: Pokémon in a team must share a type","|clearpoke","|poke|p1|Sableye, M","|poke|p1|Aegislash, M, shiny","|poke|p1|Jellicent, M, shiny","|poke|p1|Golurk, shiny","|poke|p1|Chandelure, F","|poke|p1|Gengar, F, shiny","|poke|p2|Genesect-*","|poke|p2|Pinsir, F","|poke|p2|Shuckle, M","|poke|p2|Volcarona, F","|poke|p2|Scizor, M","|poke|p2|Heracross, M","|rule|Sleep Clause Mod: Limit one foe put to sleep","|rule|Species Clause: Limit one of each Pokémon","|rule|OHKO Clause: OHKO moves are banned","|rule|Moody Clause: Moody is banned","|rule|Evasion Moves Clause: Evasion moves are banned","|rule|Endless Battle Clause: Forcing endless battles is banned","|rule|HP Percentage Mod: HP is shown in percentages","|teampreview","|","|start","|switch|p1a: Golurk|Golurk, shiny|319/319","|switch|p2a: Shuckle|Shuckle, M|243/243","|turn|1","|","|move|p1a: Golurk|Dynamic Punch|p2a: Shuckle","|-damage|p2a: Shuckle|187/243","|-start|p2a: Shuckle|confusion","|-activate|p2a: Shuckle|confusion","|-damage|p2a: Shuckle|183/243|[from] confusion","|","|turn|2","|","|move|p1a: Golurk|Stone Edge|p2a: Shuckle","|-supereffective|p2a: Shuckle","|-damage|p2a: Shuckle|59/243","|-activate|p2a: Shuckle|confusion","|-damage|p2a: Shuckle|55/243|[from] confusion","|","|turn|3","|","|switch|p2a: Genesect|Genesect|283/283","|-boost|p2a: Genesect|atk|1|[from] ability: Download","|move|p1a: Golurk|Stone Edge|p2a: Genesect","|-damage|p2a: Genesect|139/283","|","|turn|4","|","|move|p2a: Genesect|U-turn|p1a: Golurk","|-resisted|p1a: Golurk","|-damage|p1a: Golurk|225/319","|","|switch|p2a: Shuckle|Shuckle, M|55/243","|move|p1a: Golurk|Stealth Rock|p2a: Shuckle","|-sidestart|p2: SeviperM|move: Stealth Rock","|","|turn|5","|","|move|p1a: Golurk|Stone Edge|p2a: Shuckle","|-supereffective|p2a: Shuckle","|-damage|p2a: Shuckle|0 fnt","|faint|p2a: Shuckle","|","|","|switch|p2a: Genesect|Genesect|139/283","|-damage|p2a: Genesect|104/283|[from] Stealth Rock","|-boost|p2a: Genesect|atk|1|[from] ability: Download","|turn|6","|","|switch|p1a: Jellicent|Jellicent, M, shiny|404/404","|move|p2a: Genesect|Iron Head|p1a: Jellicent","|-resisted|p1a: Jellicent","|-damage|p1a: Jellicent|287/404","|","|-heal|p1a: Jellicent|312/404|[from] item: Leftovers","|turn|7","|","|move|p2a: Genesect|Iron Head|p1a: Jellicent","|-crit|p1a: Jellicent","|-resisted|p1a: Jellicent","|-damage|p1a: Jellicent|136/404","|move|p1a: Jellicent|Acid Armor|p1a: Jellicent","|-boost|p1a: Jellicent|def|2","|","|-heal|p1a: Jellicent|161/404|[from] item: Leftovers","|turn|8","|","|move|p2a: Genesect|Iron Head|p1a: Jellicent","|-resisted|p1a: Jellicent","|-damage|p1a: Jellicent|102/404","|cant|p1a: Jellicent|flinch","|","|-heal|p1a: Jellicent|127/404|[from] item: Leftovers","|turn|9","|","|move|p2a: Genesect|Iron Head|p1a: Jellicent","|-resisted|p1a: Jellicent","|-damage|p1a: Jellicent|71/404","|-start|p2a: Genesect|Disable|Iron Head","|cant|p1a: Jellicent|flinch","|","|-heal|p1a: Jellicent|96/404|[from] item: Leftovers","|turn|10","|","|switch|p2a: Pinsir|Pinsir, F|271/271","|-damage|p2a: Pinsir|204/271|[from] Stealth Rock","|move|p1a: Jellicent|Recover|p1a: Jellicent","|-heal|p1a: Jellicent|298/404","|","|-heal|p1a: Jellicent|323/404|[from] item: Leftovers","|turn|11","|","|detailschange|p2a: Pinsir|Pinsir-Mega, F","|-mega|p2a: Pinsir|Pinsir|Pinsirite","|move|p2a: Pinsir|Swords Dance|p2a: Pinsir","|-boost|p2a: Pinsir|atk|2","|move|p1a: Jellicent|Scald|p2a: Pinsir","|-damage|p2a: Pinsir|122/271","|","|-heal|p1a: Jellicent|348/404|[from] item: Leftovers","|turn|12","|","|move|p2a: Pinsir|Frustration|p1a: Jellicent","|-damage|p1a: Jellicent|0 fnt","|faint|p1a: Jellicent","|","|","|switch|p1a: Gengar|Gengar, F, shiny|261/261","|turn|13","|","|switch|p2a: Heracross|Heracross, M|301/301","|-damage|p2a: Heracross|264/301|[from] Stealth Rock","|move|p1a: Gengar|Sludge Bomb|p2a: Heracross","|-damage|p2a: Heracross|108/301","|","|turn|14","|","|move|p2a: Heracross|Stone Edge|p1a: Gengar","|-damage|p1a: Gengar|72/261","|move|p1a: Gengar|Shadow Ball|p2a: Heracross","|-damage|p2a: Heracross|0 fnt","|faint|p2a: Heracross","|","|","|switch|p2a: Scizor|Scizor, M|343/343","|-damage|p2a: Scizor|301/343|[from] Stealth Rock","|turn|15","|","|switch|p1a: Chandelure|Chandelure, F|261/261","|move|p2a: Scizor|Defog|p1a: Chandelure","|-unboost|p1a: Chandelure|evasion|1","|-sideend|p2: SeviperM|Stealth Rock|[from] move: Defog|[of] p2a: Scizor","|","|-heal|p2a: Scizor|322/343|[from] item: Leftovers","|turn|16","|","|switch|p2a: Genesect|Genesect|104/283","|-boost|p2a: Genesect|atk|1|[from] ability: Download","|move|p1a: Chandelure|Flamethrower|p2a: Genesect","|-supereffective|p2a: Genesect","|-damage|p2a: Genesect|0 fnt","|faint|p2a: Genesect","|","|","|switch|p2a: Volcarona|Volcarona, F|373/373","|turn|17","|","|switch|p1a: Sableye|Sableye, M|298/298","|move|p2a: Volcarona|Quiver Dance|p2a: Volcarona","|-boost|p2a: Volcarona|spa|1","|-boost|p2a: Volcarona|spd|1","|-boost|p2a: Volcarona|spe|1","|","|turn|18","|","|move|p1a: Sableye|Taunt|p2a: Volcarona","|-start|p2a: Volcarona|move: Taunt","|move|p2a: Volcarona|Fiery Dance|p1a: Sableye","|-damage|p1a: Sableye|40/298","|-boost|p2a: Volcarona|spa|1","|","|-heal|p1a: Sableye|58/298|[from] item: Leftovers","|turn|19","|","|move|p2a: Volcarona|Hidden Power|p1a: Sableye","|-damage|p1a: Sableye|0 fnt","|faint|p1a: Sableye","|","|","|switch|p1a: Chandelure|Chandelure, F|261/261","|turn|20","|","|move|p1a: Chandelure|Trick|p2a: Volcarona","|-activate|p1a: Chandelure|move: Trick|[of] p2a: Volcarona","|-item|p2a: Volcarona|Choice Scarf|[from] move: Trick","|-item|p1a: Chandelure|Lum Berry|[from] move: Trick","|move|p2a: Volcarona|Hidden Power|p1a: Chandelure","|-supereffective|p1a: Chandelure","|-damage|p1a: Chandelure|1/261","|","|-end|p2a: Volcarona|move: Taunt","|turn|21","|","|switch|p2a: Scizor|Scizor, M|322/343","|switch|p1a: Gengar|Gengar, F, shiny|72/261","|","|-heal|p2a: Scizor|343/343|[from] item: Leftovers","|turn|22","|","|move|p1a: Gengar|Destiny Bond|p1a: Gengar","|-singlemove|p1a: Gengar|Destiny Bond","|move|p2a: Scizor|U-turn|p1a: Gengar","|-resisted|p1a: Gengar","|-damage|p1a: Gengar|30/261","|","|switch|p2a: Volcarona|Volcarona, F|373/373","|","|turn|23","|","|switch|p2a: Scizor|Scizor, M|343/343","|move|p1a: Gengar|Destiny Bond|p1a: Gengar","|-singlemove|p1a: Gengar|Destiny Bond","|","|turn|24","|","|move|p1a: Gengar|Shadow Ball|p2a: Scizor","|-damage|p2a: Scizor|162/343","|move|p2a: Scizor|Defog|p1a: Gengar","|-unboost|p1a: Gengar|evasion|1","|","|-heal|p2a: Scizor|183/343|[from] item: Leftovers","|turn|25","|","|move|p2a: Scizor|Bullet Punch|p1a: Gengar","|-damage|p1a: Gengar|0 fnt","|faint|p1a: Gengar","|","|-heal|p2a: Scizor|204/343|[from] item: Leftovers","|","|switch|p1a: Golurk|Golurk, shiny|225/319","|turn|26","|","|move|p1a: Golurk|Dynamic Punch|p2a: Scizor","|-damage|p2a: Scizor|120/343","|-start|p2a: Scizor|confusion","|-activate|p2a: Scizor|confusion","|move|p2a: Scizor|Roost|p2a: Scizor","|-heal|p2a: Scizor|292/343","|","|-heal|p2a: Scizor|313/343|[from] item: Leftovers","|turn|27","|","|move|p1a: Golurk|Stealth Rock|p2a: Scizor","|-sidestart|p2: SeviperM|move: Stealth Rock","|-activate|p2a: Scizor|confusion","|move|p2a: Scizor|U-turn|p1a: Golurk","|-resisted|p1a: Golurk","|-damage|p1a: Golurk|167/319","|","|switch|p2a: Volcarona|Volcarona, F|373/373","|-damage|p2a: Volcarona|187/373|[from] Stealth Rock","|","|turn|28","|","|switch|p2a: Scizor|Scizor, M|313/343","|-damage|p2a: Scizor|271/343|[from] Stealth Rock","|switch|p1a: Chandelure|Chandelure, F|1/261","|","|-heal|p2a: Scizor|292/343|[from] item: Leftovers","|turn|29","|","|move|p2a: Scizor|Bullet Punch|p1a: Chandelure","|-crit|p1a: Chandelure","|-resisted|p1a: Chandelure","|-damage|p1a: Chandelure|0 fnt","|faint|p1a: Chandelure","|","|-heal|p2a: Scizor|313/343|[from] item: Leftovers","|","|switch|p1a: Golurk|Golurk, shiny|167/319","|turn|30","|","|move|p1a: Golurk|Dynamic Punch|p2a: Scizor","|-damage|p2a: Scizor|217/343","|-start|p2a: Scizor|confusion","|-activate|p2a: Scizor|confusion","|move|p2a: Scizor|Defog|p1a: Golurk","|-unboost|p1a: Golurk|evasion|1","|-sideend|p2: SeviperM|Stealth Rock|[from] move: Defog|[of] p2a: Scizor","|","|-heal|p2a: Scizor|238/343|[from] item: Leftovers","|turn|31","|","|-activate|p2a: Scizor|confusion","|-damage|p2a: Scizor|192/343|[from] confusion","|move|p1a: Golurk|Stealth Rock|p2a: Scizor","|-sidestart|p2: SeviperM|move: Stealth Rock","|","|-heal|p2a: Scizor|213/343|[from] item: Leftovers","|turn|32","|","|move|p1a: Golurk|Curse|p2a: Scizor","|-start|p2a: Scizor|Curse|[of] p1a: Golurk","|-damage|p1a: Golurk|8/319","|-end|p2a: Scizor|confusion","|move|p2a: Scizor|Defog|p1a: Golurk","|-unboost|p1a: Golurk|evasion|1","|-sideend|p2: SeviperM|Stealth Rock|[from] move: Defog|[of] p2a: Scizor","|","|-heal|p2a: Scizor|234/343|[from] item: Leftovers","|-damage|p2a: Scizor|149/343|[from] Curse","|turn|33","|","|move|p2a: Scizor|Bullet Punch|p1a: Golurk","|-crit|p1a: Golurk","|-damage|p1a: Golurk|0 fnt","|faint|p1a: Golurk","|","|-heal|p2a: Scizor|170/343|[from] item: Leftovers","|-damage|p2a: Scizor|85/343|[from] Curse","|","|switch|p1a: Aegislash|Aegislash, M, shiny|261/261","|turn|34","|","|move|p2a: Scizor|U-turn|p1a: Aegislash","|-resisted|p1a: Aegislash","|-damage|p1a: Aegislash|239/261","|","|switch|p2a: Volcarona|Volcarona, F|187/373","|-formechange|p1a: Aegislash|Aegislash-Blade","|move|p1a: Aegislash|Shadow Ball|p2a: Volcarona","|-damage|p2a: Volcarona|28/373","|","|turn|35","|","|-formechange|p1a: Aegislash|Aegislash","|move|p1a: Aegislash|King's Shield|p1a: Aegislash","|-singleturn|p1a: Aegislash|Protect","|move|p2a: Volcarona|Fiery Dance|p1a: Aegislash","|-activate|p1a: Aegislash|Protect","|","|turn|36","|","|-formechange|p1a: Aegislash|Aegislash-Blade","|move|p1a: Aegislash|Shadow Sneak|p2a: Volcarona","|-damage|p2a: Volcarona|0 fnt","|faint|p2a: Volcarona","|","|","|switch|p2a: Pinsir|Pinsir-Mega, F|122/271","|turn|37","|","|move|p2a: Pinsir|Earthquake|p1a: Aegislash","|-supereffective|p1a: Aegislash","|-damage|p1a: Aegislash|0 fnt","|faint|p1a: Aegislash","|","|win|SeviperM"],"p1rating":{"entryid":"7252450","serverid":"eos","formatid":"monotype","userid":"wrdenargu","username":"Wаrden Arguѕ","w":"17","l":4,"t":"0","gxe":72.7,"r":"1500","rd":"130","sigma":"0","rptime":"1438160400","rpr":1687.7789381011,"rprd":68.115467704526,"rpsigma":"0","acre":1269.6150522387,"lacre":1269.6150522387,"oldacre":"1289.9039734906"},"p2rating":{"entryid":"6047332","serverid":"eos","formatid":"monotype","userid":"seviperm","username":"SeviperM","w":68,"l":"23","t":"0","gxe":74,"r":"1685.0570810164","rd":"47.209439882612","sigma":"0","rptime":"1438160400","rpr":1698.356252001,"rprd":45.129118959354,"rpsigma":"0","acre":1372.3988960606,"lacre":1372.3988960606,"oldacre":"1356.1677590591"},"endType":"normal"}