{"seed":[61725,31136,47322,41603],"turns":28,"p1":"Cilex Prism","p2":"Guard Wanderer","p1team":[{"name":"Guts","species":"heracross","item":"choicescarf","ability":"Moxie","moves":["closecombat","earthquake","rockslide","megahorn"],"nature":"Adamant","evs":{"hp":0,"atk":252,"def":0,"spa":0,"spd":4,"spe":252},"ivs":{"hp":31,"atk":31,"def":31,"spa":31,"spd":31,"spe":31}},{"name":"I dont Fuck wiv u","species":"pinsir","item":"pinsirite","ability":"Moxie","moves":["return","rockslide","quickattack","xscissor"],"nature":"Adamant","evs":{"hp":0,"atk":252,"def":0,"spa":0,"spd":8,"spe":248},"ivs":{"hp":31,"atk":31,"def":31,"spa":31,"spd":31,"spe":31}},{"name":"Black Widow","species":"galvantula","item":"focussash","ability":"Compound Eyes","moves":["energyball","stickyweb","thunder","hiddenpowerice"],"nature":"Timid","evs":{"hp":0,"atk":0,"def":0,"spa":252,"spd":4,"spe":252},"ivs":{"hp":31,"atk":30,"def":30,"spa":31,"spd":31,"spe":31},"shiny":true},{"name":"DJ Skillex","species":"genesectdouse","item":"dousedrive","ability":"Download","moves":["bugbuzz","icebeam","technoblast","extremespeed"],"nature":"Hasty","evs":{"hp":0,"atk":4,"def":0,"spa":252,"spd":0,"spe":252},"shiny":true,"ivs":{"hp":31,"atk":31,"def":31,"spa":31,"spd":31,"spe":31}},{"name":"Wannabe Scyther","species":"armaldo","item":"lifeorb","ability":"Battle Armor","moves":["rocktomb","aquajet","stealthrock","rapidspin"],"nature":"Adamant","evs":{"hp":248,"atk":124,"def":128,"spa":0,"spd":8,"spe":0},"ivs":{"hp":31,"atk":31,"def":31,"spa":31,"spd":31,"spe":31}},{"name":"Scizor","species":"Scizor","item":"lifeorb","ability":"Technician","moves":["bulletpunch","defog","swordsdance","roost"],"nature":"Impish","evs":{"hp":248,"atk":252,"def":0,"spa":0,"spd":0,"spe":0},"ivs":{"hp":31,"atk":31,"def":31,"spa":31,"spd":31,"spe":31}}],"p2team":[{"name":"Weezing","species":"Weezing","item":"sitrusberry","ability":"Levitate","moves":["toxicspikes","willowisp","memento","thief"],"nature":"Careful","evs":{"hp":248,"atk":8,"def":0,"spa":0,"spd":252,"spe":0},"ivs":{"hp":31,"atk":31,"def":31,"spa":31,"spd":31,"spe":31}},{"name":"Tentacruel","species":"Tentacruel","item":"assaultvest","ability":"Liquid Ooze","moves":["scald","acidspray","gigadrain","hex"],"nature":"Timid","evs":{"hp":0,"atk":0,"def":4,"spa":252,"spd":0,"spe":252},"ivs":{"hp":31,"atk":31,"def":31,"spa":31,"spd":31,"spe":31}},{"name":"Skuntank","species":"Skuntank","item":"","ability":"Stench","moves":["snatch","thief","suckerpunch","poisonjab"],"nature":"Adamant","evs":{"hp":248,"atk":252,"def":0,"spa":0,"spd":8,"spe":0},"ivs":{"hp":31,"atk":31,"def":31,"spa":31,"spd":31,"spe":31}},{"name":"Crobat","species":"Crobat","item":"whiteherb","ability":"Infiltrator","moves":["curse","acrobatics","roost","venomdrench"],"nature":"Jolly","evs":{"hp":248,"atk":8,"def":0,"spa":0,"spd":0,"spe":252},"ivs":{"hp":31,"atk":31,"def":31,"spa":31,"spd":31,"spe":31}},{"name":"Gengar","species":"Gengar","item":"choicescarf","ability":"Levitate","moves":["trick","destinybond","venoshock","hex"],"nature":"Timid","evs":{"hp":0,"atk":0,"def":0,"spa":252,"spd":4,"spe":252},"ivs":{"hp":31,"atk":31,"def":31,"spa":31,"spd":31,"spe":31}},{"name":"Amoonguss","species":"Amoonguss","item":"blacksludge","ability":"Regenerator","moves":["spore","gigadrain","gastroacid","stunspore"],"nature":"Calm","evs":{"hp":248,"atk":0,"def":0,"spa":8,"spd":252,"spe":0},"shiny":true,"ivs":{"hp":31,"atk":31,"def":31,"spa":31,"spd":31,"spe":31}}],"log":["|player|p1|Cilex Prism|209","|player|p2|Guard Wanderer|235","|gametype|singles","|gen|6","|tier|Monotype","|rated","|rule|Baton Pass Clause: Limit one Baton Passer, can't pass Spe and other stats simultaneously","|rule|Swagger Clause: Swagger is banned","|rule|Same Type Clause: Pokémon in a team must share a type","|clearpoke","|poke|p1|Heracross, M","|poke|p1|Pinsir, M","|poke|p1|Galvantula, M, shiny","|poke|p1|Genesect-*, shiny","|poke|p1|Armaldo, M","|poke|p1|Scizor, M","|poke|p2|Weezing, M","|poke|p2|Tentacruel, F","|poke|p2|Skuntank, M","|poke|p2|Crobat, F","|poke|p2|Gengar, F","|poke|p2|Amoonguss, M, shiny","|rule|Sleep Clause Mod: Limit one foe put to sleep","|rule|Species Clause: Limit one of each Pokémon","|rule|OHKO Clause: OHKO moves are banned","|rule|Moody Clause: Moody is banned","|rule|Evasion Moves Clause: Evasion moves are banned","|rule|Endless Battle Clause: Forcing endless battles is banned","|rule|HP Percentage Mod: HP is shown in percentages","|teampreview","|","|start","|switch|p1a: Wannabe Scyther|Armaldo, M|353/353","|switch|p2a: Weezing|Weezing, M|333/333","|turn|1","|","|move|p2a: Weezing|Will-O-Wisp|p1a: Wannabe Scyther","|-status|p1a: Wannabe Scyther|brn","|move|p1a: Wannabe Scyther|Stealth Rock|p2a: Weezing","|-sidestart|p2: Guard Wanderer|move: Stealth Rock","|","|-damage|p1a: Wannabe Scyther|309/353 brn|[from] brn","|turn|2","|","|move|p2a: Weezing|Toxic Spikes|p1a: Wannabe Scyther","|-sidestart|p1: Cilex Prism|move: Toxic Spikes","|move|p1a: Wannabe Scyther|Rock Tomb|p2a: Weezing","|-damage|p2a: Weezing|278/333","|-unboost|p2a: Weezing|spe|1","|-damage|p1a: Wannabe Scyther|274/353 brn|[from] item: Life Orb","|","|-damage|p1a: Wannabe Scyther|230/353 brn|[from] brn","|turn|3","|","|move|p1a: Wannabe Scyther|Rapid Spin|p2a: Weezing","|-damage|p2a: Weezing|264/333","|-sideend|p1: Cilex Prism|Toxic Spikes|[from] move: Rapid Spin|[of] p1a: Wannabe Scyther","|-damage|p1a: Wannabe Scyther|195/353 brn|[from] item: Life Orb","|move|p2a: Weezing|Toxic Spikes|p1a: Wannabe Scyther","|-sidestart|p1: Cilex Prism|move: Toxic Spikes","|","|-damage|p1a: Wannabe Scyther|151/353 brn|[from] brn","|turn|4","|","|move|p1a: Wannabe Scyther|Rapid Spin|p2a: Weezing","|-damage|p2a: Weezing|250/333","|-sideend|p1: Cilex Prism|Toxic Spikes|[from] move: Rapid Spin|[of] p1a: Wannabe Scyther","|-damage|p1a: Wannabe Scyther|116/353 brn|[from] item: Life Orb","|move|p2a: Weezing|Toxic Spikes|p1a: Wannabe Scyther","|-sidestart|p1: Cilex Prism|move: Toxic Spikes","|","|-damage|p1a: Wannabe Scyther|72/353 brn|[from] brn","|turn|5","|","|move|p1a: Wannabe Scyther|Rapid Spin|p2a: Weezing","|-damage|p2a: Weezing|237/333","|-sideend|p1: Cilex Prism|Toxic Spikes|[from] move: Rapid Spin|[of] p1a: Wannabe Scyther","|-damage|p1a: Wannabe Scyther|37/353 brn|[from] item: Life Orb","|move|p2a: Weezing|Toxic Spikes|p1a: Wannabe Scyther","|-sidestart|p1: Cilex Prism|move: Toxic Spikes","|","|-damage|p1a: Wannabe Scyther|0 fnt|[from] brn","|faint|p1a: Wannabe Scyther","|","|switch|p1a: DJ Skillex|Genesect-Douse, shiny|283/283","|-boost|p1a: DJ Skillex|spa|1|[from] ability: Download","|turn|6","|","|move|p1a: DJ Skillex|Techno Blast|p2a: Weezing","|-damage|p2a: Weezing|60/333","|-enditem|p2a: Weezing|Sitrus Berry|[eat]","|-heal|p2a: Weezing|143/333|[from] item: Sitrus Berry","|move|p2a: Weezing|Will-O-Wisp|p1a: DJ Skillex","|-status|p1a: DJ Skillex|brn","|","|-damage|p1a: DJ Skillex|248/283 brn|[from] brn","|turn|7","|","|switch|p2a: Tentacruel|Tentacruel, F|301/301","|-damage|p2a: Tentacruel|264/301|[from] Stealth Rock","|move|p1a: DJ Skillex|Techno Blast|p2a: Tentacruel","|-resisted|p2a: Tentacruel","|-damage|p2a: Tentacruel|204/301","|","|-damage|p1a: DJ Skillex|213/283 brn|[from] brn","|turn|8","|","|move|p2a: Tentacruel|Scald|p1a: DJ Skillex","|-damage|p1a: DJ Skillex|96/283 brn","|move|p1a: DJ Skillex|Bug Buzz|p2a: Tentacruel","|-resisted|p2a: Tentacruel","|-damage|p2a: Tentacruel|139/301","|","|-damage|p1a: DJ Skillex|61/283 brn|[from] brn","|turn|9","|","|move|p2a: Tentacruel|Scald|p1a: DJ Skillex","|-damage|p1a: DJ Skillex|0 fnt","|faint|p1a: DJ Skillex","|","|","|switch|p1a: Scizor|Scizor, M|343/343","|turn|10","|","|move|p2a: Tentacruel|Scald|p1a: Scizor","|-damage|p1a: Scizor|219/343","|move|p1a: Scizor|Swords Dance|p1a: Scizor","|-boost|p1a: Scizor|atk|2","|","|turn|11","|","|move|p1a: Scizor|Bullet Punch|p2a: Tentacruel","|-resisted|p2a: Tentacruel","|-damage|p2a: Tentacruel|0 fnt","|-damage|p1a: Scizor|185/343|[from] item: Life Orb","|faint|p2a: Tentacruel","|","|","|switch|p2a: Weezing|Weezing, M|143/333","|-damage|p2a: Weezing|102/333|[from] Stealth Rock","|turn|12","|","|move|p1a: Scizor|Bullet Punch|p2a: Weezing","|-damage|p2a: Weezing|0 fnt","|-damage|p1a: Scizor|151/343|[from] item: Life Orb","|faint|p2a: Weezing","|","|","|switch|p2a: Skuntank|Skuntank, M|409/409","|-damage|p2a: Skuntank|358/409|[from] Stealth Rock","|turn|13","|","|move|p1a: Scizor|Bullet Punch|p2a: Skuntank","|-damage|p2a: Skuntank|0 fnt","|-damage|p1a: Scizor|117/343|[from] item: Life Orb","|faint|p2a: Skuntank","|","|","|switch|p2a: Crobat|Crobat, F|373/373","|-damage|p2a: Crobat|280/373|[from] Stealth Rock","|turn|14","|","|move|p1a: Scizor|Bullet Punch|p2a: Crobat","|-damage|p2a: Crobat|0 fnt","|-damage|p1a: Scizor|83/343|[from] item: Life Orb","|faint|p2a: Crobat","|","|","|switch|p2a: Amoonguss|Amoonguss, M, shiny|431/431","|-damage|p2a: Amoonguss|378/431|[from] Stealth Rock","|turn|15","|","|move|p1a: Scizor|Roost|p1a: Scizor","|-heal|p1a: Scizor|255/343","|move|p2a: Amoonguss|Gastro Acid|p1a: Scizor","|-endability|p1a: Scizor","|","|-heal|p2a: Amoonguss|404/431|[from] item: Black Sludge","|turn|16","|","|move|p1a: Scizor|Swords Dance|p1a: Scizor","|-boost|p1a: Scizor|atk|2","|move|p2a: Amoonguss|Spore|p1a: Scizor","|-status|p1a: Scizor|slp","|","|-heal|p2a: Amoonguss|430/431|[from] item: Black Sludge","|turn|17","|","|switch|p2a: Gengar|Gengar, F|261/261","|-damage|p2a: Gengar|229/261|[from] Stealth Rock","|cant|p1a: Scizor|slp","|","|turn|18","|","|cant|p1a: Scizor|slp","|move|p2a: Gengar|Hex|p1a: Scizor","|-damage|p1a: Scizor|0 fnt","|faint|p1a: Scizor","|","|","|switch|p1a: Black Widow|Galvantula, M, shiny|281/281","|-status|p1a: Black Widow|psn","|turn|19","|","|switch|p2a: Amoonguss|Amoonguss, M, shiny|431/431","|-damage|p2a: Amoonguss|378/431|[from] Stealth Rock","|move|p1a: Black Widow|Thunder|p2a: Amoonguss","|-resisted|p2a: Amoonguss","|-damage|p2a: Amoonguss|315/431","|","|-heal|p2a: Amoonguss|341/431|[from] item: Black Sludge","|-damage|p1a: Black Widow|246/281 psn|[from] psn","|turn|20","|","|move|p1a: Black Widow|Hidden Power|p2a: Amoonguss","|-supereffective|p2a: Amoonguss","|-damage|p2a: Amoonguss|239/431","|move|p2a: Amoonguss|Gastro Acid|p1a: Black Widow","|-endability|p1a: Black Widow","|","|-heal|p2a: Amoonguss|265/431|[from] item: Black Sludge","|-damage|p1a: Black Widow|211/281 psn|[from] psn","|turn|21","|","|move|p1a: Black Widow|Hidden Power|p2a: Amoonguss","|-supereffective|p2a: Amoonguss","|-damage|p2a: Amoonguss|169/431","|move|p2a: Amoonguss|Giga Drain|p1a: Black Widow","|-resisted|p1a: Black Widow","|-damage|p1a: Black Widow|148/281 psn","|-heal|p2a: Amoonguss|201/431|[from] drain|[of] p1a: Black Widow","|","|-heal|p2a: Amoonguss|227/431|[from] item: Black Sludge","|-damage|p1a: Black Widow|113/281 psn|[from] psn","|turn|22","|","|switch|p2a: Gengar|Gengar, F|229/261","|-damage|p2a: Gengar|197/261|[from] Stealth Rock","|move|p1a: Black Widow|Hidden Power|p2a: Gengar","|-damage|p2a: Gengar|123/261","|","|-damage|p1a: Black Widow|78/281 psn|[from] psn","|turn|23","|","|move|p2a: Gengar|Hex|p1a: Black Widow","|-crit|p1a: Black Widow","|-damage|p1a: Black Widow|0 fnt","|faint|p1a: Black Widow","|","|","|switch|p1a: Guts|Heracross, M|301/301","|-status|p1a: Guts|psn","|turn|24","|","|move|p2a: Gengar|Hex|p1a: Guts","|-damage|p1a: Guts|61/301 psn","|move|p1a: Guts|Megahorn|p2a: Gengar","|-resisted|p2a: Gengar","|-damage|p2a: Gengar|35/261","|","|-damage|p1a: Guts|24/301 psn|[from] psn","|turn|25","|","|move|p2a: Gengar|Hex|p1a: Guts","|-damage|p1a: Guts|0 fnt","|faint|p1a: Guts","|","|","|switch|p1a: I dont Fuck wiv u|Pinsir, M|271/271","|-status|p1a: I dont Fuck wiv u|psn","|turn|26","|","|switch|p2a: Amoonguss|Amoonguss, M, shiny|370/431","|-damage|p2a: Amoonguss|317/431|[from] Stealth Rock","|detailschange|p1a: I dont Fuck wiv u|Pinsir-Mega, M","|-mega|p1a: I dont Fuck wiv u|Pinsir|Pinsirite","|move|p1a: I dont Fuck wiv u|Quick Attack|p2a: Amoonguss","|-supereffective|p2a: Amoonguss","|-damage|p2a: Amoonguss|11/431","|","|-heal|p2a: Amoonguss|37/431|[from] item: Black Sludge","|-damage|p1a: I dont Fuck wiv u|238/271 psn|[from] psn","|turn|27","|","|move|p1a: I dont Fuck wiv u|Quick Attack|p2a: Amoonguss","|-supereffective|p2a: Amoonguss","|-damage|p2a: Amoonguss|0 fnt","|faint|p2a: Amoonguss","|","|-damage|p1a: I dont Fuck wiv u|205/271 psn|[from] psn","|","|switch|p2a: Gengar|Gengar, F|35/261","|-damage|p2a: Gengar|3/261|[from] Stealth Rock","|turn|28","|","|move|p1a: I dont Fuck wiv u|Quick Attack|p2a: Gengar","|-crit|p2a: Gengar","|-damage|p2a: Gengar|0 fnt","|faint|p2a: Gengar","|","|win|Cilex Prism"],"p1rating":{"entryid":"6768148","serverid":"eos","formatid":"monotype","userid":"cilexprism","username":"Cilex Prism","w":7,"l":"8","t":"0","gxe":47.2,"r":"1443.7749182121","rd":"88.976197469817","sigma":"0","rptime":"1438246800","rpr":1478.0559637083,"rprd":78.795772244025,"rpsigma":"0","acre":1133.8166150097,"lacre":1133.8166150097,"oldacre":"1110.9810336492"},"p2rating":{"entryid":"6731189","serverid":"eos","formatid":"monotype","userid":"guardwanderer","username":"Guard Wanderer","w":"63","l":90,"t":"0","gxe":38.9,"r":"1416.4548063964","rd":"32.384035050339","sigma":"0","rptime":"1438246800","rpr":1414.5864413796,"rprd":32.014849889069,"rpsigma":"0","acre":1060.6172535395,"lacre":1060.6172535395,"oldacre":"1080.8256967252"},"endType":"normal"}