{"seed":[58883,5072,29170,20536],"turns":25,"p1":"valkoinen","p2":"Wаrden Arguѕ","p1team":[{"name":"Tyrantrum","species":"Tyrantrum","item":"choiceband","ability":"Rock Head","moves":["dragondance","headsmash","outrage","earthquake"],"nature":"Adamant","evs":{"hp":0,"atk":252,"def":0,"spa":0,"spd":4,"spe":252},"gender":"M","shiny":true,"ivs":{"hp":31,"atk":31,"def":31,"spa":31,"spd":31,"spe":31}},{"name":"Hydreigon","species":"Hydreigon","item":"choicescarf","ability":"Levitate","moves":["dragonpulse","darkpulse","flashcannon","fireblast"],"nature":"Timid","evs":{"hp":0,"atk":0,"def":0,"spa":252,"spd":4,"spe":252},"gender":"M","ivs":{"hp":31,"atk":31,"def":31,"spa":31,"spd":31,"spe":31}},{"name":"Birb","species":"altaria","item":"altarianite","ability":"Natural Cure","moves":["dragondance","earthquake","roost","frustration"],"nature":"Adamant","evs":{"hp":0,"atk":252,"def":0,"spa":0,"spd":4,"spe":252},"gender":"F","happiness":0,"ivs":{"hp":31,"atk":31,"def":31,"spa":31,"spd":31,"spe":31}},{"name":"Kyurem-Black","species":"Kyurem-Black","item":"choicescarf","ability":"Teravolt","moves":["outrage","fusionbolt","dragonclaw","ironhead"],"nature":"Jolly","evs":{"hp":0,"atk":252,"def":0,"spa":0,"spd":4,"spe":252},"shiny":true,"ivs":{"hp":31,"atk":31,"def":31,"spa":31,"spd":31,"spe":31}},{"name":"Dragalge","species":"Dragalge","item":"assaultvest","ability":"Adaptability","moves":["sludgewave","dragonpulse","focusblast","hiddenpowerground"],"nature":"Modest","evs":{"hp":236,"atk":0,"def":0,"spa":252,"spd":8,"spe":12},"gender":"M","ivs":{"hp":31,"atk":31,"def":31,"spa":30,"spd":30,"spe":31},"shiny":true},{"name":"Garchomp","species":"Garchomp","item":"focussash","ability":"Rough Skin","moves":["swordsdance","earthquake","dragonclaw","fireblast"],"nature":"Naive","evs":{"hp":0,"atk":252,"def":0,"spa":4,"spd":0,"spe":252},"gender":"M","shiny":true,"ivs":{"hp":31,"atk":31,"def":31,"spa":31,"spd":31,"spe":31}}],"p2team":[{"name":"Sableye","species":"Sableye","item":"leftovers","ability":"Prankster","moves":["knockoff","willowisp","recover","taunt"],"nature":"Bold","evs":{"hp":228,"atk":0,"def":252,"spa":0,"spd":0,"spe":28},"gender":"M","ivs":{"hp":31,"atk":0,"def":31,"spa":31,"spd":31,"spe":31}},{"name":"Aegislash","species":"Aegislash","item":"weaknesspolicy","ability":"Stance Change","moves":["kingsshield","sacredsword","shadowball","shadowsneak"],"nature":"Lonely","evs":{"hp":0,"atk":252,"def":0,"spa":240,"spd":0,"spe":16},"gender":"M","shiny":true,"ivs":{"hp":31,"atk":31,"def":31,"spa":31,"spd":31,"spe":31}},{"name":"Jellicent","species":"Jellicent","item":"leftovers","ability":"Cursed Body","moves":["toxic","scald","recover","acidarmor"],"nature":"Calm","evs":{"hp":252,"atk":0,"def":0,"spa":0,"spd":252,"spe":4},"gender":"M","ivs":{"hp":31,"atk":0,"def":31,"spa":31,"spd":31,"spe":31},"shiny":true},{"name":"Golurk","species":"Golurk","item":"focussash","ability":"No Guard","moves":["stealthrock","stoneedge","dynamicpunch","curse"],"nature":"Adamant","evs":{"hp":0,"atk":252,"def":0,"spa":0,"spd":4,"spe":252},"shiny":true,"ivs":{"hp":31,"atk":31,"def":31,"spa":31,"spd":31,"spe":31}},{"name":"Chandelure","species":"Chandelure","item":"choicescarf","ability":"Infiltrator","moves":["flamethrower","shadowball","energyball","trick"],"nature":"Modest","evs":{"hp":0,"atk":0,"def":0,"spa":252,"spd":4,"spe":252},"gender":"F","ivs":{"hp":31,"atk":0,"def":31,"spa":31,"spd":31,"spe":31}},{"name":"Gengar","species":"Gengar","item":"focussash","ability":"Levitate","moves":["destinybond","sludgebomb","shadowball","energyball"],"nature":"Timid","evs":{"hp":0,"atk":0,"def":0,"spa":252,"spd":4,"spe":252},"gender":"F","ivs":{"hp":31,"atk":0,"def":31,"spa":31,"spd":31,"spe":31},"shiny":true}],"log":["|player|p1|valkoinen|260","|player|p2|Wаrden Arguѕ|144","|gametype|singles","|gen|6","|tier|Monotype","|rated","|rule|Baton Pass Clause: Limit one Baton Passer, can't pass Spe and other stats simultaneously","|rule|Swagger Clause: Swagger is banned","|rule|Same Type Clause: Pokémon in a team must share a type","|clearpoke","|poke|p1|Tyrantrum, M, shiny","|poke|p1|Hydreigon, M","|poke|p1|Altaria, F","|poke|p1|Kyurem-Black, shiny","|poke|p1|Dragalge, M, shiny","|poke|p1|Garchomp, M, shiny","|poke|p2|Sableye, M","|poke|p2|Aegislash, M, shiny","|poke|p2|Jellicent, M, shiny","|poke|p2|Golurk, shiny","|poke|p2|Chandelure, F","|poke|p2|Gengar, F, shiny","|rule|Sleep Clause Mod: Limit one foe put to sleep","|rule|Species Clause: Limit one of each Pokémon","|rule|OHKO Clause: OHKO moves are banned","|rule|Moody Clause: Moody is banned","|rule|Evasion Moves Clause: Evasion moves are banned","|rule|Endless Battle Clause: Forcing endless battles is banned","|rule|HP Percentage Mod: HP is shown in percentages","|teampreview","|","|start","|switch|p1a: Garchomp|Garchomp, M, shiny|357/357","|switch|p2a: Golurk|Golurk, shiny|319/319","|turn|1","|","|move|p1a: Garchomp|Swords Dance|p1a: Garchomp","|-boost|p1a: Garchomp|atk|2","|move|p2a: Golurk|Stealth Rock|p1a: Garchomp","|-sidestart|p1: valkoinen|move: Stealth Rock","|","|turn|2","|","|move|p1a: Garchomp|Swords Dance|p1a: Garchomp","|-boost|p1a: Garchomp|atk|2","|move|p2a: Golurk|Dynamic Punch|p1a: Garchomp","|-damage|p1a: Garchomp|217/357","|-damage|p2a: Golurk|280/319|[from] ability: Rough Skin|[of] p1a: Garchomp","|-start|p1a: Garchomp|confusion","|","|turn|3","|","|-activate|p1a: Garchomp|confusion","|-damage|p1a: Garchomp|57/357|[from] confusion","|move|p2a: Golurk|Dynamic Punch|p1a: Garchomp","|-damage|p1a: Garchomp|0 fnt","|-damage|p2a: Golurk|241/319|[from] ability: Rough Skin|[of] p1a: Garchomp","|faint|p1a: Garchomp","|","|","|switch|p1a: Hydreigon|Hydreigon, M|325/325","|-damage|p1a: Hydreigon|285/325|[from] Stealth Rock","|turn|4","|","|move|p1a: Hydreigon|Dark Pulse|p2a: Golurk","|-crit|p2a: Golurk","|-supereffective|p2a: Golurk","|-damage|p2a: Golurk|0 fnt","|faint|p2a: Golurk","|","|","|switch|p2a: Jellicent|Jellicent, M, shiny|404/404","|turn|5","|","|move|p1a: Hydreigon|Dark Pulse|p2a: Jellicent","|-supereffective|p2a: Jellicent","|-damage|p2a: Jellicent|200/404","|move|p2a: Jellicent|Toxic|p1a: Hydreigon","|-status|p1a: Hydreigon|tox","|","|-heal|p2a: Jellicent|225/404|[from] item: Leftovers","|-damage|p1a: Hydreigon|265/325 tox|[from] psn","|turn|6","|","|move|p1a: Hydreigon|Dark Pulse|p2a: Jellicent","|-supereffective|p2a: Jellicent","|-damage|p2a: Jellicent|21/404","|move|p2a: Jellicent|Recover|p2a: Jellicent","|-heal|p2a: Jellicent|223/404","|","|-heal|p2a: Jellicent|248/404|[from] item: Leftovers","|-damage|p1a: Hydreigon|225/325 tox|[from] psn","|turn|7","|","|move|p1a: Hydreigon|Dark Pulse|p2a: Jellicent","|-supereffective|p2a: Jellicent","|-damage|p2a: Jellicent|48/404","|move|p2a: Jellicent|Recover|p2a: Jellicent","|-heal|p2a: Jellicent|250/404","|","|-heal|p2a: Jellicent|275/404|[from] item: Leftovers","|-damage|p1a: Hydreigon|165/325 tox|[from] psn","|turn|8","|","|move|p1a: Hydreigon|Dark Pulse|p2a: Jellicent","|-supereffective|p2a: Jellicent","|-damage|p2a: Jellicent|71/404","|move|p2a: Jellicent|Recover|p2a: Jellicent","|-heal|p2a: Jellicent|273/404","|","|-heal|p2a: Jellicent|298/404|[from] item: Leftovers","|-damage|p1a: Hydreigon|85/325 tox|[from] psn","|turn|9","|","|move|p1a: Hydreigon|Dark Pulse|p2a: Jellicent","|-supereffective|p2a: Jellicent","|-damage|p2a: Jellicent|92/404","|-start|p1a: Hydreigon|Disable|Dark Pulse","|cant|p2a: Jellicent|flinch","|","|-heal|p2a: Jellicent|117/404|[from] item: Leftovers","|-damage|p1a: Hydreigon|0 fnt|[from] psn","|faint|p1a: Hydreigon","|","|switch|p1a: Kyurem-Black|Kyurem-Black, shiny|391/391","|-damage|p1a: Kyurem-Black|294/391|[from] Stealth Rock","|-ability|p1a: Kyurem-Black|Teravolt","|turn|10","|","|move|p1a: Kyurem-Black|Dragon Claw|p2a: Jellicent","|-damage|p2a: Jellicent|0 fnt","|-start|p1a: Kyurem-Black|Disable|Dragon Claw","|faint|p2a: Jellicent","|","|","|switch|p2a: Sableye|Sableye, M|298/298","|turn|11","|","|switch|p1a: Birb|Altaria, F|291/291","|-damage|p1a: Birb|219/291|[from] Stealth Rock","|move|p2a: Sableye|Will-O-Wisp|p1a: Birb","|-status|p1a: Birb|brn","|","|-damage|p1a: Birb|183/291 brn|[from] brn","|turn|12","|","|switch|p2a: Chandelure|Chandelure, F|261/261","|detailschange|p1a: Birb|Altaria-Mega, F","|-mega|p1a: Birb|Altaria|Altarianite","|move|p1a: Birb|Frustration|p2a: Chandelure","|-resisted|p2a: Chandelure","|-damage|p2a: Chandelure|198/261","|","|-damage|p1a: Birb|147/291 brn|[from] brn","|turn|13","|","|switch|p1a: Dragalge|Dragalge, M, shiny|330/330","|-damage|p1a: Dragalge|289/330|[from] Stealth Rock","|move|p2a: Chandelure|Shadow Ball|p1a: Dragalge","|-damage|p1a: Dragalge|193/330","|","|turn|14","|","|move|p2a: Chandelure|Shadow Ball|p1a: Dragalge","|-damage|p1a: Dragalge|94/330","|move|p1a: Dragalge|Hidden Power|p2a: Chandelure","|-supereffective|p2a: Chandelure","|-damage|p2a: Chandelure|62/261","|","|turn|15","|","|move|p2a: Chandelure|Shadow Ball|p1a: Dragalge","|-damage|p1a: Dragalge|0 fnt","|faint|p1a: Dragalge","|","|","|switch|p1a: Birb|Altaria-Mega, F|147/291 brn","|-damage|p1a: Birb|111/291 brn|[from] Stealth Rock","|turn|16","|","|move|p2a: Chandelure|Shadow Ball|p1a: Birb","|-damage|p1a: Birb|0 fnt","|faint|p1a: Birb","|","|","|switch|p1a: Kyurem-Black|Kyurem-Black, shiny|294/391","|-damage|p1a: Kyurem-Black|197/391|[from] Stealth Rock","|-ability|p1a: Kyurem-Black|Teravolt","|turn|17","|","|move|p1a: Kyurem-Black|Dragon Claw|p2a: Chandelure","|-damage|p2a: Chandelure|0 fnt","|faint|p2a: Chandelure","|","|","|switch|p2a: Sableye|Sableye, M|298/298","|turn|18","|","|move|p2a: Sableye|Will-O-Wisp|p1a: Kyurem-Black","|-status|p1a: Kyurem-Black|brn","|move|p1a: Kyurem-Black|Dragon Claw|p2a: Sableye","|-damage|p2a: Sableye|216/298","|","|-heal|p2a: Sableye|234/298|[from] item: Leftovers","|-damage|p1a: Kyurem-Black|149/391 brn|[from] brn","|turn|19","|","|move|p2a: Sableye|Recover|p2a: Sableye","|-heal|p2a: Sableye|298/298","|move|p1a: Kyurem-Black|Dragon Claw|p2a: Sableye","|-damage|p2a: Sableye|223/298","|","|-heal|p2a: Sableye|241/298|[from] item: Leftovers","|-damage|p1a: Kyurem-Black|101/391 brn|[from] brn","|turn|20","|","|move|p2a: Sableye|Recover|p2a: Sableye","|-heal|p2a: Sableye|298/298","|move|p1a: Kyurem-Black|Dragon Claw|p2a: Sableye","|-damage|p2a: Sableye|223/298","|","|-heal|p2a: Sableye|241/298|[from] item: Leftovers","|-damage|p1a: Kyurem-Black|53/391 brn|[from] brn","|turn|21","|","|move|p1a: Kyurem-Black|Dragon Claw|p2a: Sableye","|-damage|p2a: Sableye|163/298","|move|p2a: Sableye|Knock Off|p1a: Kyurem-Black","|-damage|p1a: Kyurem-Black|0 fnt","|-enditem|p1a: Kyurem-Black|Choice Scarf|[from] move: Knock Off|[of] p2a: Sableye","|faint|p1a: Kyurem-Black","|","|-heal|p2a: Sableye|181/298|[from] item: Leftovers","|","|switch|p1a: Tyrantrum|Tyrantrum, M, shiny|305/305","|-damage|p1a: Tyrantrum|267/305|[from] Stealth Rock","|turn|22","|","|move|p2a: Sableye|Will-O-Wisp|p1a: Tyrantrum","|-status|p1a: Tyrantrum|brn","|move|p1a: Tyrantrum|Dragon Dance|p1a: Tyrantrum","|-boost|p1a: Tyrantrum|atk|1","|-boost|p1a: Tyrantrum|spe|1","|","|-heal|p2a: Sableye|199/298|[from] item: Leftovers","|-damage|p1a: Tyrantrum|229/305 brn|[from] brn","|turn|23","|","|move|p2a: Sableye|Taunt|p1a: Tyrantrum","|-start|p1a: Tyrantrum|move: Taunt","|cant|p1a: Tyrantrum|move: Taunt|Dragon Dance","|","|-heal|p2a: Sableye|217/298|[from] item: Leftovers","|-damage|p1a: Tyrantrum|191/305 brn|[from] brn","|turn|24","|","|-activate|p1a: Tyrantrum|move: Struggle","|move|p1a: Tyrantrum|Struggle|p2a: Sableye","|-damage|p2a: Sableye|156/298","|-damage|p1a: Tyrantrum|115/305 brn|[from] recoil","|move|p2a: Sableye|Knock Off|p1a: Tyrantrum","|-damage|p1a: Tyrantrum|58/305 brn","|-enditem|p1a: Tyrantrum|Choice Band|[from] move: Knock Off|[of] p2a: Sableye","|","|-heal|p2a: Sableye|174/298|[from] item: Leftovers","|-damage|p1a: Tyrantrum|20/305 brn|[from] brn","|turn|25","|","|move|p2a: Sableye|Recover|p2a: Sableye","|-heal|p2a: Sableye|298/298","|move|p1a: Tyrantrum|Head Smash|p2a: Sableye","|-damage|p2a: Sableye|133/298","|","|-heal|p2a: Sableye|151/298|[from] item: Leftovers","|-damage|p1a: Tyrantrum|0 fnt|[from] brn","|faint|p1a: Tyrantrum","|","|win|Wаrden Arguѕ"],"p1rating":{"entryid":"7209054","serverid":"eos","formatid":"monotype","userid":"valkoinen","username":"valkoinen","w":"3","l":10,"t":"0","gxe":33.9,"r":1382.9269731152,"rd":82.657210410132,"sigma":"0","rptime":1438160400,"rpr":1370.7692681792,"rprd":80.89814463124,"rpsigma":"0","acre":1070.5087597578,"lacre":1070.5087597578,"oldacre":"1081.2839126284"},"p2rating":{"entryid":"7252450","serverid":"eos","formatid":"monotype","userid":"wrdenargu","username":"Wаrden Arguѕ","w":21,"l":"5","t":"0","gxe":73.1,"r":"1500","rd":"130","sigma":"0","rptime":"1438160400","rpr":1691.2037136198,"rprd":63.037942581765,"rpsigma":"0","acre":1291.0402839973,"lacre":1291.0402839973,"oldacre":"1278.9020495928"},"endType":"normal"}