{"seed":[33289,55179,23788,58757],"turns":22,"p1":"GTX♅Bzumzum","p2":"PokemonBlu98","p1team":[{"name":"Charging-Squirrel","species":"emolga","item":"leftovers","ability":"Static","moves":["discharge","hiddenpowerice","taunt","roost"],"nature":"Calm","evs":{"hp":0,"atk":0,"def":0,"spa":252,"spd":60,"spe":196},"gender":"M","ivs":{"hp":31,"atk":30,"def":30,"spa":31,"spd":31,"spe":31},"shiny":true},{"name":"Elegtric","species":"galvantula","item":"redcard","ability":"Unnerve","moves":["disable","gigadrain","stickyweb","hiddenpowerfighting"],"nature":"Timid","evs":{"hp":0,"atk":0,"def":0,"spa":252,"spd":4,"spe":252},"gender":"M","ivs":{"hp":31,"atk":31,"def":30,"spa":30,"spd":30,"spe":30},"shiny":true},{"name":"Sand-Shock","species":"stunfisk","item":"airballoon","ability":"Static","moves":["sludgewave","earthpower","muddywater","reflecttype"],"nature":"Modest","evs":{"hp":248,"atk":0,"def":0,"spa":252,"spd":8,"spe":0},"gender":"M","ivs":{"hp":31,"atk":31,"def":31,"spa":31,"spd":31,"spe":31}},{"name":"Nicelectric","species":"rotomfrost","item":"choicescarf","ability":"Levitate","moves":["lightscreen","trick","ominouswind","blizzard"],"nature":"Timid","evs":{"hp":0,"atk":0,"def":0,"spa":252,"spd":4,"spe":252},"shiny":true,"ivs":{"hp":31,"atk":31,"def":31,"spa":31,"spd":31,"spe":31}},{"name":"Zapz","species":"zapdos","item":"chartiberry","ability":"Pressure","moves":["ancientpower","defog","roar","aircutter"],"nature":"Timid","evs":{"hp":0,"atk":0,"def":0,"spa":248,"spd":144,"spe":116},"shiny":true,"ivs":{"hp":31,"atk":31,"def":31,"spa":31,"spd":31,"spe":31}},{"name":"Lumpy Lampsy","species":"lanturn","item":"airballoon","ability":"Water Absorb","moves":["healbell","icebeam","discharge","soak"],"nature":"Timid","evs":{"hp":248,"atk":0,"def":0,"spa":252,"spd":8,"spe":0},"gender":"M","shiny":true,"ivs":{"hp":31,"atk":31,"def":31,"spa":31,"spd":31,"spe":31}}],"p2team":[{"name":"Blitzkreig","species":"charizard","item":"charizarditey","ability":"Blaze","moves":["fireblast","solarbeam","airslash","dragonpulse"],"nature":"Timid","evs":{"hp":0,"atk":0,"def":4,"spa":252,"spd":0,"spe":252},"ivs":{"hp":31,"atk":31,"def":31,"spa":31,"spd":31,"spe":31}},{"name":"RK9","species":"arcanine","item":"lifeorb","ability":"Flash Fire","moves":["flareblitz","extremespeed","wildcharge","closecombat"],"nature":"Adamant","evs":{"hp":0,"atk":252,"def":4,"spa":0,"spd":0,"spe":252},"ivs":{"hp":31,"atk":31,"def":31,"spa":31,"spd":31,"spe":31}},{"name":"Mineturtle","species":"torkoal","item":"leftovers","ability":"Shell Armor","moves":["stealthrock","lavaplume","willowisp","rapidspin"],"nature":"Bold","evs":{"hp":248,"atk":0,"def":232,"spa":0,"spd":28,"spe":0},"ivs":{"hp":31,"atk":31,"def":31,"spa":31,"spd":31,"spe":31}},{"name":"Firebrows","species":"darmanitan","item":"choicescarf","ability":"Sheer Force","moves":["flareblitz","rockslide","uturn","poweruppunch"],"nature":"Jolly","evs":{"hp":0,"atk":252,"def":0,"spa":0,"spd":4,"spe":252},"ivs":{"hp":31,"atk":31,"def":31,"spa":31,"spd":31,"spe":31}},{"name":"Furnace Man","species":"rotomheat","item":"lightclay","ability":"Levitate","moves":["reflect","lightscreen","hiddenpowerice","voltswitch"],"nature":"Bold","evs":{"hp":248,"atk":0,"def":124,"spa":0,"spd":136,"spe":0},"ivs":{"hp":31,"atk":30,"def":30,"spa":31,"spd":31,"spe":31}},{"name":"Ears","species":"victini","item":"lifeorb","ability":"Victory Star","moves":["vcreate","boltstrike","uturn","zenheadbutt"],"nature":"Jolly","evs":{"hp":4,"atk":252,"def":0,"spa":0,"spd":0,"spe":252},"ivs":{"hp":31,"atk":31,"def":31,"spa":31,"spd":31,"spe":31}}],"log":["|player|p1|GTX♅Bzumzum|225","|player|p2|PokemonBlu98|1","|gametype|singles","|gen|6","|tier|Monotype","|rated","|rule|Baton Pass Clause: Limit one Baton Passer, can't pass Spe and other stats simultaneously","|rule|Swagger Clause: Swagger is banned","|rule|Same Type Clause: Pokémon in a team must share a type","|clearpoke","|poke|p1|Emolga, M, shiny","|poke|p1|Galvantula, M, shiny","|poke|p1|Stunfisk, M","|poke|p1|Rotom-Frost, shiny","|poke|p1|Zapdos, shiny","|poke|p1|Lanturn, M, shiny","|poke|p2|Charizard, F","|poke|p2|Arcanine, M","|poke|p2|Torkoal, F","|poke|p2|Darmanitan, M","|poke|p2|Rotom-Heat","|poke|p2|Victini","|rule|Sleep Clause Mod: Limit one foe put to sleep","|rule|Species Clause: Limit one of each Pokémon","|rule|OHKO Clause: OHKO moves are banned","|rule|Moody Clause: Moody is banned","|rule|Evasion Moves Clause: Evasion moves are banned","|rule|Endless Battle Clause: Forcing endless battles is banned","|rule|HP Percentage Mod: HP is shown in percentages","|teampreview","|","|start","|switch|p1a: Sand-Shock|Stunfisk, M|421/421","|switch|p2a: Furnace Man|Rotom-Heat|303/303","|-item|p1a: Sand-Shock|Air Balloon","|turn|1","|","|move|p2a: Furnace Man|Light Screen|p2a: Furnace Man","|-sidestart|p2: PokemonBlu98|move: Light Screen","|move|p1a: Sand-Shock|Muddy Water|p2a: Furnace Man","|-supereffective|p2a: Furnace Man","|-damage|p2a: Furnace Man|225/303","|","|turn|2","|","|move|p2a: Furnace Man|Reflect|p2a: Furnace Man","|-sidestart|p2: PokemonBlu98|Reflect","|move|p1a: Sand-Shock|Muddy Water|p2a: Furnace Man","|-supereffective|p2a: Furnace Man","|-damage|p2a: Furnace Man|155/303","|-unboost|p2a: Furnace Man|accuracy|1","|","|turn|3","|","|move|p2a: Furnace Man|Hidden Power|p1a: Sand-Shock","|-supereffective|p1a: Sand-Shock","|-damage|p1a: Sand-Shock|319/421","|-enditem|p1a: Sand-Shock|Air Balloon","|move|p1a: Sand-Shock|Muddy Water|p2a: Furnace Man","|-miss|p1a: Sand-Shock|p2a: Furnace Man","|","|turn|4","|","|switch|p2a: Mineturtle|Torkoal, F|343/343","|move|p1a: Sand-Shock|Reflect Type|p2a: Mineturtle","|-start|p1a: Sand-Shock|typechange|[from] move: Reflect Type|[of] p2a: Mineturtle","|","|turn|5","|","|move|p1a: Sand-Shock|Muddy Water|p2a: Mineturtle","|-supereffective|p2a: Mineturtle","|-damage|p2a: Mineturtle|229/343","|move|p2a: Mineturtle|Stealth Rock|p1a: Sand-Shock","|-sidestart|p1: GTX♅Bzumzum|move: Stealth Rock","|","|-heal|p2a: Mineturtle|250/343|[from] item: Leftovers","|turn|6","|","|switch|p2a: Ears|Victini|342/342","|move|p1a: Sand-Shock|Muddy Water|p2a: Ears","|-supereffective|p2a: Ears","|-damage|p2a: Ears|260/342","|","|turn|7","|","|move|p2a: Ears|Zen Headbutt|p1a: Sand-Shock","|-damage|p1a: Sand-Shock|151/421","|-damage|p2a: Ears|226/342|[from] item: Life Orb","|move|p1a: Sand-Shock|Earth Power|p2a: Ears","|-crit|p2a: Ears","|-supereffective|p2a: Ears","|-damage|p2a: Ears|0 fnt","|faint|p2a: Ears","|","|","|switch|p2a: RK9|Arcanine, M|321/321","|turn|8","|","|move|p2a: RK9|Extreme Speed|p1a: Sand-Shock","|-damage|p1a: Sand-Shock|5/421","|-damage|p2a: RK9|289/321|[from] item: Life Orb","|move|p1a: Sand-Shock|Earth Power|p2a: RK9","|-supereffective|p2a: RK9","|-damage|p2a: RK9|191/321","|","|-sideend|p2: PokemonBlu98|move: Light Screen","|turn|9","|","|move|p2a: RK9|Extreme Speed|p1a: Sand-Shock","|-damage|p1a: Sand-Shock|0 fnt","|-damage|p2a: RK9|159/321|[from] item: Life Orb","|faint|p1a: Sand-Shock","|","|-sideend|p2: PokemonBlu98|Reflect","|","|switch|p1a: Zapz|Zapdos, shiny|321/321","|-damage|p1a: Zapz|241/321|[from] Stealth Rock","|-ability|p1a: Zapz|Pressure","|turn|10","|","|move|p1a: Zapz|Defog|p2a: RK9","|-unboost|p2a: RK9|evasion|1","|-sideend|p1: GTX♅Bzumzum|Stealth Rock|[from] move: Defog|[of] p1a: Zapz","|move|p2a: RK9|Flare Blitz|p1a: Zapz","|-damage|p1a: Zapz|0 fnt","|-damage|p2a: RK9|79/321|[from] recoil|[of] p1a: Zapz","|-damage|p2a: RK9|47/321|[from] item: Life Orb","|faint|p1a: Zapz","|","|","|switch|p1a: Nicelectric|Rotom-Frost, shiny|241/241","|turn|11","|","|move|p1a: Nicelectric|Ominous Wind|p2a: RK9","|-damage|p2a: RK9|0 fnt","|faint|p2a: RK9","|","|","|switch|p2a: Mineturtle|Torkoal, F|250/343","|turn|12","|","|move|p1a: Nicelectric|Ominous Wind|p2a: Mineturtle","|-damage|p2a: Mineturtle|173/343","|-boost|p1a: Nicelectric|atk|1","|-boost|p1a: Nicelectric|def|1","|-boost|p1a: Nicelectric|spa|1","|-boost|p1a: Nicelectric|spd|1","|-boost|p1a: Nicelectric|spe|1","|move|p2a: Mineturtle|Will-O-Wisp|p1a: Nicelectric","|-status|p1a: Nicelectric|brn","|","|-heal|p2a: Mineturtle|194/343|[from] item: Leftovers","|-damage|p1a: Nicelectric|211/241 brn|[from] brn","|turn|13","|","|move|p1a: Nicelectric|Ominous Wind|p2a: Mineturtle","|-damage|p2a: Mineturtle|82/343","|move|p2a: Mineturtle|Stealth Rock|p1a: Nicelectric","|-sidestart|p1: GTX♅Bzumzum|move: Stealth Rock","|","|-heal|p2a: Mineturtle|103/343|[from] item: Leftovers","|-damage|p1a: Nicelectric|181/241 brn|[from] brn","|turn|14","|","|move|p1a: Nicelectric|Ominous Wind|p2a: Mineturtle","|-damage|p2a: Mineturtle|0 fnt","|faint|p2a: Mineturtle","|","|-damage|p1a: Nicelectric|151/241 brn|[from] brn","|","|switch|p2a: Firebrows|Darmanitan, M|351/351","|turn|15","|","|move|p1a: Nicelectric|Ominous Wind|p2a: Firebrows","|-damage|p2a: Firebrows|203/351","|move|p2a: Firebrows|Flare Blitz|p1a: Nicelectric","|-supereffective|p1a: Nicelectric","|-damage|p1a: Nicelectric|0 fnt","|-damage|p2a: Firebrows|153/351|[from] recoil|[of] p1a: Nicelectric","|faint|p1a: Nicelectric","|","|","|switch|p1a: Lumpy Lampsy|Lanturn, M, shiny|453/453","|-damage|p1a: Lumpy Lampsy|397/453|[from] Stealth Rock","|-item|p1a: Lumpy Lampsy|Air Balloon","|turn|16","|","|switch|p2a: Furnace Man|Rotom-Heat|155/303","|move|p1a: Lumpy Lampsy|Soak|p2a: Furnace Man","|-start|p2a: Furnace Man|typechange|Water","|","|turn|17","|","|move|p2a: Furnace Man|Light Screen|p2a: Furnace Man","|-sidestart|p2: PokemonBlu98|move: Light Screen","|move|p1a: Lumpy Lampsy|Discharge|p2a: Furnace Man","|-supereffective|p2a: Furnace Man","|-damage|p2a: Furnace Man|64/303","|","|turn|18","|","|switch|p1a: Elegtric|Galvantula, M, shiny|281/281","|-damage|p1a: Elegtric|211/281|[from] Stealth Rock","|-ability|p1a: Elegtric|Unnerve|p2: PokemonBlu98","|move|p2a: Furnace Man|Reflect|p2a: Furnace Man","|-sidestart|p2: PokemonBlu98|Reflect","|","|turn|19","|","|move|p1a: Elegtric|Sticky Web|p2a: Furnace Man","|-sidestart|p2: PokemonBlu98|move: Sticky Web","|move|p2a: Furnace Man|Volt Switch|p1a: Elegtric","|-resisted|p1a: Elegtric","|-damage|p1a: Elegtric|165/281","|-enditem|p1a: Elegtric|Red Card|[of] p2a: Furnace Man","|drag|p2a: Firebrows|Darmanitan, M|153/351","|-activate|p2a: Firebrows|move: Sticky Web","|-unboost|p2a: Firebrows|spe|1","|","|turn|20","|","|move|p1a: Elegtric|Hidden Power|p2a: Firebrows","|-damage|p2a: Firebrows|104/351","|move|p2a: Firebrows|Flare Blitz|p1a: Elegtric","|-supereffective|p1a: Elegtric","|-damage|p1a: Elegtric|0 fnt","|-damage|p2a: Firebrows|50/351|[from] recoil|[of] p1a: Elegtric","|faint|p1a: Elegtric","|","|","|switch|p1a: Lumpy Lampsy|Lanturn, M, shiny|397/453","|-damage|p1a: Lumpy Lampsy|341/453|[from] Stealth Rock","|-item|p1a: Lumpy Lampsy|Air Balloon","|turn|21","|","|move|p2a: Firebrows|Flare Blitz|p1a: Lumpy Lampsy","|-crit|p1a: Lumpy Lampsy","|-resisted|p1a: Lumpy Lampsy","|-damage|p1a: Lumpy Lampsy|0 fnt","|-enditem|p1a: Lumpy Lampsy|Air Balloon","|-damage|p2a: Firebrows|0 fnt|[from] recoil|[of] p1a: Lumpy Lampsy","|faint|p1a: Lumpy Lampsy","|faint|p2a: Firebrows","|","|","|switch|p2a: Blitzkreig|Charizard, F|297/297","|switch|p1a: Charging-Squirrel|Emolga, M, shiny|251/251","|-damage|p1a: Charging-Squirrel|189/251|[from] Stealth Rock","|turn|22","|","|detailschange|p2a: Blitzkreig|Charizard-Mega-Y, F","|-mega|p2a: Blitzkreig|Charizard|Charizardite Y","|-weather|SunnyDay","|move|p2a: Blitzkreig|Fire Blast|p1a: Charging-Squirrel","|-damage|p1a: Charging-Squirrel|0 fnt","|faint|p1a: Charging-Squirrel","|","|win|PokemonBlu98"],"p1rating":{"entryid":"6857825","serverid":"eos","formatid":"monotype","userid":"gtxbzumzum","username":"GTX♅Bzumzum","w":"15","l":63,"t":"0","gxe":21.7,"r":"1252.7661984995","rd":"44.175444322714","sigma":"0","rptime":"1438246800","rpr":1256.7384922604,"rprd":43.660908402574,"rpsigma":"0","acre":1053.5425575374,"lacre":1053.5425575374,"oldacre":"1073.8938029198"},"p2rating":{"entryid":"6954787","serverid":"eos","formatid":"monotype","userid":"pokemonblu98","username":"PokemonBlu98","w":9,"l":"20","t":"0","gxe":32.4,"r":1351.6216966508,"rd":63.537914790022,"sigma":"0","rptime":1438246800,"rpr":1359.7238401385,"rprd":62.595832733206,"rpsigma":"0","acre":1112.1363441317,"lacre":1112.1363441317,"oldacre":"1085.9745871304"},"endType":"normal"}