{"seed":[59251,45256,46160,45978],"turns":25,"p1":"Wаrden Arguѕ","p2":"opal boltrider","p1team":[{"name":"Sableye","species":"Sableye","item":"leftovers","ability":"Prankster","moves":["knockoff","willowisp","recover","taunt"],"nature":"Bold","evs":{"hp":228,"atk":0,"def":252,"spa":0,"spd":0,"spe":28},"gender":"M","ivs":{"hp":31,"atk":0,"def":31,"spa":31,"spd":31,"spe":31}},{"name":"Aegislash","species":"Aegislash","item":"weaknesspolicy","ability":"Stance Change","moves":["kingsshield","sacredsword","shadowball","shadowsneak"],"nature":"Lonely","evs":{"hp":0,"atk":252,"def":0,"spa":240,"spd":0,"spe":16},"gender":"M","shiny":true,"ivs":{"hp":31,"atk":31,"def":31,"spa":31,"spd":31,"spe":31}},{"name":"Jellicent","species":"Jellicent","item":"leftovers","ability":"Cursed Body","moves":["toxic","scald","recover","acidarmor"],"nature":"Calm","evs":{"hp":252,"atk":0,"def":0,"spa":0,"spd":252,"spe":4},"gender":"M","ivs":{"hp":31,"atk":0,"def":31,"spa":31,"spd":31,"spe":31},"shiny":true},{"name":"Golurk","species":"Golurk","item":"focussash","ability":"No Guard","moves":["stealthrock","stoneedge","dynamicpunch","curse"],"nature":"Adamant","evs":{"hp":0,"atk":252,"def":0,"spa":0,"spd":4,"spe":252},"shiny":true,"ivs":{"hp":31,"atk":31,"def":31,"spa":31,"spd":31,"spe":31}},{"name":"Chandelure","species":"Chandelure","item":"choicescarf","ability":"Infiltrator","moves":["flamethrower","shadowball","energyball","trick"],"nature":"Modest","evs":{"hp":0,"atk":0,"def":0,"spa":252,"spd":4,"spe":252},"gender":"F","ivs":{"hp":31,"atk":0,"def":31,"spa":31,"spd":31,"spe":31}},{"name":"Gengar","species":"Gengar","item":"focussash","ability":"Levitate","moves":["destinybond","sludgebomb","shadowball","energyball"],"nature":"Timid","evs":{"hp":0,"atk":0,"def":0,"spa":252,"spd":4,"spe":252},"gender":"F","ivs":{"hp":31,"atk":0,"def":31,"spa":31,"spd":31,"spe":31},"shiny":true}],"p2team":[{"name":"Cloyster","species":"Cloyster","item":"focussash","ability":"Skill Link","moves":["explosion","shellsmash","iciclespear","rockblast"],"nature":"Careful","evs":{"hp":0,"atk":156,"def":0,"spa":0,"spd":100,"spe":252},"gender":"F","ivs":{"hp":31,"atk":31,"def":31,"spa":31,"spd":31,"spe":31}},{"name":"Slowking","species":"Slowking","item":"assaultvest","ability":"Regenerator","moves":["flamethrower","psyshock","scald","focusblast"],"nature":"Modest","evs":{"hp":0,"atk":0,"def":136,"spa":252,"spd":120,"spe":0},"gender":"M","ivs":{"hp":31,"atk":31,"def":31,"spa":31,"spd":31,"spe":31}},{"name":"Swampert","species":"Swampert","item":"swampertite","ability":"Torrent","moves":["earthquake","refresh","waterfall","icepunch"],"nature":"","gender":"F","evs":{"hp":0,"atk":0,"def":0,"spa":0,"spd":0,"spe":0},"ivs":{"hp":31,"atk":31,"def":31,"spa":31,"spd":31,"spe":31}},{"name":"Tentacruel","species":"Tentacruel","item":"blacksludge","ability":"Liquid Ooze","moves":["toxicspikes","scald","rapidspin","sludgebomb"],"nature":"Modest","evs":{"hp":0,"atk":0,"def":152,"spa":156,"spd":0,"spe":200},"gender":"M","ivs":{"hp":31,"atk":31,"def":31,"spa":31,"spd":31,"spe":31}},{"name":"Azumarill","species":"Azumarill","item":"sitrusberry","ability":"Huge Power","moves":["aquajet","knockoff","playrough","bellydrum"],"nature":"Adamant","evs":{"hp":0,"atk":160,"def":92,"spa":0,"spd":116,"spe":140},"gender":"F","ivs":{"hp":31,"atk":31,"def":31,"spa":31,"spd":31,"spe":31}},{"name":"Keldeo","species":"Keldeo","item":"choicespecs","ability":"Justified","moves":["secretsword","hydropump","hiddenpowerelectric","icywind"],"nature":"Modest","evs":{"hp":0,"atk":0,"def":100,"spa":5,"spd":100,"spe":252},"ivs":{"hp":31,"atk":31,"def":31,"spa":30,"spd":31,"spe":31}}],"log":["|player|p1|Wаrden Arguѕ|144","|player|p2|opal boltrider|93","|gametype|singles","|gen|6","|tier|Monotype","|rated","|rule|Baton Pass Clause: Limit one Baton Passer, can't pass Spe and other stats simultaneously","|rule|Swagger Clause: Swagger is banned","|rule|Same Type Clause: Pokémon in a team must share a type","|clearpoke","|poke|p1|Sableye, M","|poke|p1|Aegislash, M, shiny","|poke|p1|Jellicent, M, shiny","|poke|p1|Golurk, shiny","|poke|p1|Chandelure, F","|poke|p1|Gengar, F, shiny","|poke|p2|Cloyster, F","|poke|p2|Slowking, M","|poke|p2|Swampert, F","|poke|p2|Tentacruel, M","|poke|p2|Azumarill, F","|poke|p2|Keldeo","|rule|Sleep Clause Mod: Limit one foe put to sleep","|rule|Species Clause: Limit one of each Pokémon","|rule|OHKO Clause: OHKO moves are banned","|rule|Moody Clause: Moody is banned","|rule|Evasion Moves Clause: Evasion moves are banned","|rule|Endless Battle Clause: Forcing endless battles is banned","|rule|HP Percentage Mod: HP is shown in percentages","|teampreview","|","|start","|switch|p1a: Golurk|Golurk, shiny|319/319","|switch|p2a: Swampert|Swampert, F|341/341","|turn|1","|","|detailschange|p2a: Swampert|Swampert-Mega, F","|-mega|p2a: Swampert|Swampert|Swampertite","|move|p1a: Golurk|Dynamic Punch|p2a: Swampert","|-damage|p2a: Swampert|214/341","|-start|p2a: Swampert|confusion","|-activate|p2a: Swampert|confusion","|-damage|p2a: Swampert|175/341|[from] confusion","|","|turn|2","|","|move|p1a: Golurk|Stealth Rock|p2a: Swampert","|-sidestart|p2: opal boltrider|move: Stealth Rock","|-activate|p2a: Swampert|confusion","|move|p2a: Swampert|Waterfall|p1a: Golurk","|-supereffective|p1a: Golurk","|-damage|p1a: Golurk|1/319","|","|turn|3","|","|switch|p2a: Tentacruel|Tentacruel, M|301/301","|-damage|p2a: Tentacruel|264/301|[from] Stealth Rock","|move|p1a: Golurk|Dynamic Punch|p2a: Tentacruel","|-resisted|p2a: Tentacruel","|-damage|p2a: Tentacruel|194/301","|-start|p2a: Tentacruel|confusion","|","|-heal|p2a: Tentacruel|212/301|[from] item: Black Sludge","|turn|4","|","|-activate|p2a: Tentacruel|confusion","|-damage|p2a: Tentacruel|188/301|[from] confusion","|move|p1a: Golurk|Stone Edge|p2a: Tentacruel","|-damage|p2a: Tentacruel|51/301","|","|-heal|p2a: Tentacruel|69/301|[from] item: Black Sludge","|turn|5","|","|-activate|p2a: Tentacruel|confusion","|-damage|p2a: Tentacruel|44/301|[from] confusion","|move|p1a: Golurk|Stone Edge|p2a: Tentacruel","|-damage|p2a: Tentacruel|0 fnt","|faint|p2a: Tentacruel","|","|","|switch|p2a: Azumarill|Azumarill, F|341/341","|-damage|p2a: Azumarill|299/341|[from] Stealth Rock","|turn|6","|","|move|p1a: Golurk|Dynamic Punch|p2a: Azumarill","|-resisted|p2a: Azumarill","|-damage|p2a: Azumarill|234/341","|-start|p2a: Azumarill|confusion","|-activate|p2a: Azumarill|confusion","|move|p2a: Azumarill|Belly Drum|p2a: Azumarill","|-damage|p2a: Azumarill|64/341","|-setboost|p2a: Azumarill|atk|6|[from] move: Belly Drum","|-enditem|p2a: Azumarill|Sitrus Berry|[eat]","|-heal|p2a: Azumarill|149/341|[from] item: Sitrus Berry","|","|turn|7","|","|-end|p2a: Azumarill|confusion","|move|p2a: Azumarill|Aqua Jet|p1a: Golurk","|-supereffective|p1a: Golurk","|-damage|p1a: Golurk|0 fnt","|faint|p1a: Golurk","|","|","|switch|p1a: Aegislash|Aegislash, M, shiny|261/261","|turn|8","|","|move|p2a: Azumarill|Knock Off|p1a: Aegislash","|-supereffective|p1a: Aegislash","|-damage|p1a: Aegislash|0 fnt","|-enditem|p1a: Aegislash|Weakness Policy|[from] move: Knock Off|[of] p2a: Azumarill","|faint|p1a: Aegislash","|","|","|switch|p1a: Gengar|Gengar, F, shiny|261/261","|turn|9","|","|move|p2a: Azumarill|Aqua Jet|p1a: Gengar","|-enditem|p1a: Gengar|Focus Sash","|-damage|p1a: Gengar|1/261","|move|p1a: Gengar|Sludge Bomb|p2a: Azumarill","|-supereffective|p2a: Azumarill","|-damage|p2a: Azumarill|0 fnt","|faint|p2a: Azumarill","|","|","|switch|p2a: Swampert|Swampert-Mega, F|175/341","|-damage|p2a: Swampert|154/341|[from] Stealth Rock","|turn|10","|","|move|p1a: Gengar|Energy Ball|p2a: Swampert","|-supereffective|p2a: Swampert","|-damage|p2a: Swampert|0 fnt","|faint|p2a: Swampert","|","|","|switch|p2a: Keldeo|Keldeo|323/323","|-damage|p2a: Keldeo|303/323|[from] Stealth Rock","|turn|11","|","|switch|p1a: Jellicent|Jellicent, M, shiny|404/404","|move|p2a: Keldeo|Hidden Power|p1a: Jellicent","|-supereffective|p1a: Jellicent","|-damage|p1a: Jellicent|276/404","|","|-heal|p1a: Jellicent|301/404|[from] item: Leftovers","|turn|12","|","|move|p2a: Keldeo|Hidden Power|p1a: Jellicent","|-supereffective|p1a: Jellicent","|-damage|p1a: Jellicent|175/404","|move|p1a: Jellicent|Scald|p2a: Keldeo","|-resisted|p2a: Keldeo","|-damage|p2a: Keldeo|264/323","|","|-heal|p1a: Jellicent|200/404|[from] item: Leftovers","|turn|13","|","|move|p2a: Keldeo|Hidden Power|p1a: Jellicent","|-supereffective|p1a: Jellicent","|-damage|p1a: Jellicent|76/404","|move|p1a: Jellicent|Recover|p1a: Jellicent","|-heal|p1a: Jellicent|278/404","|","|-heal|p1a: Jellicent|303/404|[from] item: Leftovers","|turn|14","|","|move|p2a: Keldeo|Hidden Power|p1a: Jellicent","|-supereffective|p1a: Jellicent","|-damage|p1a: Jellicent|169/404","|move|p1a: Jellicent|Toxic|p2a: Keldeo","|-status|p2a: Keldeo|tox","|","|-heal|p1a: Jellicent|194/404|[from] item: Leftovers","|-damage|p2a: Keldeo|244/323 tox|[from] psn","|turn|15","|","|move|p2a: Keldeo|Hidden Power|p1a: Jellicent","|-supereffective|p1a: Jellicent","|-damage|p1a: Jellicent|70/404","|move|p1a: Jellicent|Recover|p1a: Jellicent","|-heal|p1a: Jellicent|272/404","|","|-heal|p1a: Jellicent|297/404|[from] item: Leftovers","|-damage|p2a: Keldeo|204/323 tox|[from] psn","|turn|16","|","|move|p2a: Keldeo|Hidden Power|p1a: Jellicent","|-supereffective|p1a: Jellicent","|-damage|p1a: Jellicent|157/404","|move|p1a: Jellicent|Recover|p1a: Jellicent","|-heal|p1a: Jellicent|359/404","|","|-heal|p1a: Jellicent|384/404|[from] item: Leftovers","|-damage|p2a: Keldeo|144/323 tox|[from] psn","|turn|17","|","|move|p2a: Keldeo|Hidden Power|p1a: Jellicent","|-supereffective|p1a: Jellicent","|-damage|p1a: Jellicent|256/404","|move|p1a: Jellicent|Acid Armor|p1a: Jellicent","|-boost|p1a: Jellicent|def|2","|","|-heal|p1a: Jellicent|281/404|[from] item: Leftovers","|-damage|p2a: Keldeo|64/323 tox|[from] psn","|turn|18","|","|move|p2a: Keldeo|Hidden Power|p1a: Jellicent","|-supereffective|p1a: Jellicent","|-damage|p1a: Jellicent|153/404","|move|p1a: Jellicent|Recover|p1a: Jellicent","|-heal|p1a: Jellicent|355/404","|","|-heal|p1a: Jellicent|380/404|[from] item: Leftovers","|-damage|p2a: Keldeo|0 fnt|[from] psn","|faint|p2a: Keldeo","|","|switch|p2a: Slowking|Slowking, M|331/331","|-damage|p2a: Slowking|290/331|[from] Stealth Rock","|turn|19","|","|move|p1a: Jellicent|Toxic|p2a: Slowking","|-status|p2a: Slowking|tox","|move|p2a: Slowking|Psyshock|p1a: Jellicent","|-damage|p1a: Jellicent|284/404","|-start|p2a: Slowking|Disable|Psyshock","|","|-heal|p1a: Jellicent|309/404|[from] item: Leftovers","|-damage|p2a: Slowking|270/331 tox|[from] psn","|turn|20","|","|move|p1a: Jellicent|Scald|p2a: Slowking","|-resisted|p2a: Slowking","|-damage|p2a: Slowking|248/331 tox","|move|p2a: Slowking|Scald|p1a: Jellicent","|-resisted|p1a: Jellicent","|-damage|p1a: Jellicent|259/404","|","|-heal|p1a: Jellicent|284/404|[from] item: Leftovers","|-damage|p2a: Slowking|208/331 tox|[from] psn","|turn|21","|","|move|p1a: Jellicent|Scald|p2a: Slowking","|-resisted|p2a: Slowking","|-damage|p2a: Slowking|184/331 tox","|move|p2a: Slowking|Scald|p1a: Jellicent","|-resisted|p1a: Jellicent","|-damage|p1a: Jellicent|237/404","|","|-heal|p1a: Jellicent|262/404|[from] item: Leftovers","|-damage|p2a: Slowking|124/331 tox|[from] psn","|turn|22","|","|move|p1a: Jellicent|Scald|p2a: Slowking","|-resisted|p2a: Slowking","|-damage|p2a: Slowking|100/331 tox","|move|p2a: Slowking|Scald|p1a: Jellicent","|-resisted|p1a: Jellicent","|-damage|p1a: Jellicent|220/404","|","|-heal|p1a: Jellicent|245/404|[from] item: Leftovers","|-damage|p2a: Slowking|20/331 tox|[from] psn","|turn|23","|","|move|p1a: Jellicent|Recover|p1a: Jellicent","|-heal|p1a: Jellicent|404/404","|move|p2a: Slowking|Scald|p1a: Jellicent","|-resisted|p1a: Jellicent","|-damage|p1a: Jellicent|358/404","|-status|p1a: Jellicent|brn","|","|-heal|p1a: Jellicent|383/404 brn|[from] item: Leftovers","|-damage|p1a: Jellicent|333/404 brn|[from] brn","|-damage|p2a: Slowking|0 fnt|[from] psn","|faint|p2a: Slowking","|","|switch|p2a: Cloyster|Cloyster, F|241/241","|-damage|p2a: Cloyster|181/241|[from] Stealth Rock","|turn|24","|","|move|p2a: Cloyster|Shell Smash|p2a: Cloyster","|-boost|p2a: Cloyster|atk|2","|-boost|p2a: Cloyster|spa|2","|-boost|p2a: Cloyster|spe|2","|-unboost|p2a: Cloyster|def|1","|-unboost|p2a: Cloyster|spd|1","|move|p1a: Jellicent|Scald|p2a: Cloyster","|-resisted|p2a: Cloyster","|-damage|p2a: Cloyster|96/241","|","|-heal|p1a: Jellicent|358/404 brn|[from] item: Leftovers","|-damage|p1a: Jellicent|308/404 brn|[from] brn","|turn|25","|","|move|p2a: Cloyster|Icicle Spear|p1a: Jellicent","|-resisted|p1a: Jellicent","|-damage|p1a: Jellicent|287/404 brn","|-resisted|p1a: Jellicent","|-damage|p1a: Jellicent|263/404 brn","|-resisted|p1a: Jellicent","|-damage|p1a: Jellicent|240/404 brn","|-resisted|p1a: Jellicent","|-damage|p1a: Jellicent|219/404 brn","|-resisted|p1a: Jellicent","|-damage|p1a: Jellicent|198/404 brn","|-hitcount|p1a: Jellicent|5","|move|p1a: Jellicent|Scald|p2a: Cloyster","|-resisted|p2a: Cloyster","|-damage|p2a: Cloyster|3/241","|-status|p2a: Cloyster|brn","|","|-heal|p1a: Jellicent|223/404 brn|[from] item: Leftovers","|-damage|p2a: Cloyster|0 fnt|[from] brn","|-damage|p1a: Jellicent|173/404 brn|[from] brn","|faint|p2a: Cloyster","|","|win|Wаrden Arguѕ"],"p1rating":{"entryid":"7252450","serverid":"eos","formatid":"monotype","userid":"wrdenargu","username":"Wаrden Arguѕ","w":18,"l":"5","t":"0","gxe":71.3,"r":"1500","rd":"130","sigma":"0","rptime":"1438160400","rpr":1674.1849656523,"rprd":65.879083036959,"rpsigma":"0","acre":1256.7366401822,"lacre":1256.7366401822,"oldacre":"1241.8191779993"},"p2rating":{"entryid":"6940424","serverid":"eos","formatid":"monotype","userid":"opalboltrider","username":"opal boltrider","w":"21","l":31,"t":"0","gxe":40.2,"r":1429.5395489336,"rd":49.369927553184,"sigma":"0","rptime":1438160400,"rpr":1424.342773452,"rprd":48.963691198639,"rpsigma":"0","acre":1078.9464877799,"lacre":1078.9464877799,"oldacre":"1093.2607554044"},"endType":"normal"}