{"seed":[3741,8217,7308,44543],"turns":27,"p1":"Void Wiley","p2":"Wаrden Arguѕ","p1team":[{"name":"Tuba","species":"slurpuff","item":"sitrusberry","ability":"Unburden","moves":["bellydrum","drainpunch","playrough","aromatherapy"],"nature":"Jolly","evs":{"hp":4,"atk":252,"def":0,"spa":0,"spd":0,"spe":252},"ivs":{"hp":31,"atk":31,"def":31,"spa":31,"spd":31,"spe":31}},{"name":"Clarinet","species":"azumarill","item":"sitrusberry","ability":"Huge Power","moves":["bellydrum","aquajet","brickbreak","playrough"],"nature":"Adamant","evs":{"hp":252,"atk":252,"def":0,"spa":0,"spd":4,"spe":0},"ivs":{"hp":31,"atk":31,"def":31,"spa":31,"spd":31,"spe":31}},{"name":"Flute","species":"gardevoir","item":"gardevoirite","ability":"Synchronize","moves":["psyshock","hypervoice","energyball","focusblast"],"nature":"Modest","evs":{"hp":248,"atk":0,"def":0,"spa":252,"spd":8,"spe":0},"ivs":{"hp":31,"atk":31,"def":31,"spa":31,"spd":31,"spe":31}},{"name":"Alto","species":"togekiss","item":"choicescarf","ability":"Serene Grace","moves":["airslash","flamethrower","aurasphere","dazzlinggleam"],"nature":"Timid","evs":{"hp":0,"atk":0,"def":0,"spa":252,"spd":4,"spe":252},"ivs":{"hp":31,"atk":31,"def":31,"spa":31,"spd":31,"spe":31}},{"name":"Sax","species":"klefki","item":"lightclay","ability":"Prankster","moves":["thunderwave","lightscreen","reflect","foulplay"],"nature":"Bold","evs":{"hp":248,"atk":0,"def":252,"spa":0,"spd":8,"spe":0},"ivs":{"hp":31,"atk":31,"def":31,"spa":31,"spd":31,"spe":31}},{"name":"Trumpet","species":"sylveon","item":"leftovers","ability":"Pixilate","moves":["hypervoice","wish","protect","calmmind"],"nature":"Calm","evs":{"hp":252,"atk":0,"def":0,"spa":4,"spd":252,"spe":0},"ivs":{"hp":31,"atk":31,"def":31,"spa":31,"spd":31,"spe":31}}],"p2team":[{"name":"Sableye","species":"Sableye","item":"leftovers","ability":"Prankster","moves":["knockoff","willowisp","recover","taunt"],"nature":"Bold","evs":{"hp":228,"atk":0,"def":252,"spa":0,"spd":0,"spe":28},"gender":"M","ivs":{"hp":31,"atk":0,"def":31,"spa":31,"spd":31,"spe":31}},{"name":"Aegislash","species":"Aegislash","item":"weaknesspolicy","ability":"Stance Change","moves":["kingsshield","sacredsword","shadowball","shadowsneak"],"nature":"Lonely","evs":{"hp":0,"atk":252,"def":0,"spa":240,"spd":0,"spe":16},"gender":"M","shiny":true,"ivs":{"hp":31,"atk":31,"def":31,"spa":31,"spd":31,"spe":31}},{"name":"Jellicent","species":"Jellicent","item":"leftovers","ability":"Cursed Body","moves":["toxic","scald","recover","acidarmor"],"nature":"Calm","evs":{"hp":252,"atk":0,"def":0,"spa":0,"spd":252,"spe":4},"gender":"M","ivs":{"hp":31,"atk":0,"def":31,"spa":31,"spd":31,"spe":31},"shiny":true},{"name":"Golurk","species":"Golurk","item":"focussash","ability":"No Guard","moves":["stealthrock","stoneedge","dynamicpunch","curse"],"nature":"Adamant","evs":{"hp":0,"atk":252,"def":0,"spa":0,"spd":4,"spe":252},"shiny":true,"ivs":{"hp":31,"atk":31,"def":31,"spa":31,"spd":31,"spe":31}},{"name":"Chandelure","species":"Chandelure","item":"choicescarf","ability":"Infiltrator","moves":["flamethrower","shadowball","energyball","trick"],"nature":"Modest","evs":{"hp":0,"atk":0,"def":0,"spa":252,"spd":4,"spe":252},"gender":"F","ivs":{"hp":31,"atk":0,"def":31,"spa":31,"spd":31,"spe":31}},{"name":"Gengar","species":"Gengar","item":"focussash","ability":"Levitate","moves":["destinybond","sludgebomb","shadowball","energyball"],"nature":"Timid","evs":{"hp":0,"atk":0,"def":0,"spa":252,"spd":4,"spe":252},"gender":"F","ivs":{"hp":31,"atk":0,"def":31,"spa":31,"spd":31,"spe":31},"shiny":true}],"log":["|player|p1|Void Wiley|voidwiley.png","|player|p2|Wаrden Arguѕ|144","|gametype|singles","|gen|6","|tier|Monotype","|rated","|rule|Baton Pass Clause: Limit one Baton Passer, can't pass Spe and other stats simultaneously","|rule|Swagger Clause: Swagger is banned","|rule|Same Type Clause: Pokémon in a team must share a type","|clearpoke","|poke|p1|Slurpuff, F","|poke|p1|Azumarill, M","|poke|p1|Gardevoir, M","|poke|p1|Togekiss, F","|poke|p1|Klefki, F","|poke|p1|Sylveon, F","|poke|p2|Sableye, M","|poke|p2|Aegislash, M, shiny","|poke|p2|Jellicent, M, shiny","|poke|p2|Golurk, shiny","|poke|p2|Chandelure, F","|poke|p2|Gengar, F, shiny","|rule|Sleep Clause Mod: Limit one foe put to sleep","|rule|Species Clause: Limit one of each Pokémon","|rule|OHKO Clause: OHKO moves are banned","|rule|Moody Clause: Moody is banned","|rule|Evasion Moves Clause: Evasion moves are banned","|rule|Endless Battle Clause: Forcing endless battles is banned","|rule|HP Percentage Mod: HP is shown in percentages","|teampreview","|","|start","|switch|p1a: Flute|Gardevoir, M|339/339","|switch|p2a: Golurk|Golurk, shiny|319/319","|turn|1","|","|detailschange|p1a: Flute|Gardevoir-Mega, M","|-mega|p1a: Flute|Gardevoir|Gardevoirite","|move|p2a: Golurk|Stealth Rock|p1a: Flute","|-sidestart|p1: Void Wiley|move: Stealth Rock","|move|p1a: Flute|Energy Ball|p2a: Golurk","|-supereffective|p2a: Golurk","|-enditem|p2a: Golurk|Focus Sash","|-damage|p2a: Golurk|1/319","|","|turn|2","|","|switch|p2a: Chandelure|Chandelure, F|261/261","|move|p1a: Flute|Energy Ball|p2a: Chandelure","|-resisted|p2a: Chandelure","|-damage|p2a: Chandelure|190/261","|","|turn|3","|","|switch|p1a: Clarinet|Azumarill, M|404/404","|-damage|p1a: Clarinet|354/404|[from] Stealth Rock","|move|p2a: Chandelure|Shadow Ball|p1a: Clarinet","|-damage|p1a: Clarinet|165/404","|-unboost|p1a: Clarinet|spd|1","|-enditem|p1a: Clarinet|Sitrus Berry|[eat]","|-heal|p1a: Clarinet|266/404|[from] item: Sitrus Berry","|","|turn|4","|","|move|p1a: Clarinet|Aqua Jet|p2a: Chandelure","|-supereffective|p2a: Chandelure","|-damage|p2a: Chandelure|4/261","|move|p2a: Chandelure|Shadow Ball|p1a: Clarinet","|-damage|p1a: Clarinet|0 fnt","|faint|p1a: Clarinet","|","|","|switch|p1a: Alto|Togekiss, F|311/311","|-damage|p1a: Alto|234/311|[from] Stealth Rock","|turn|5","|","|switch|p2a: Jellicent|Jellicent, M, shiny|404/404","|move|p1a: Alto|Air Slash|p2a: Jellicent","|-damage|p2a: Jellicent|316/404","|","|-heal|p2a: Jellicent|341/404|[from] item: Leftovers","|turn|6","|","|switch|p1a: Flute|Gardevoir-Mega, M|339/339","|-damage|p1a: Flute|297/339|[from] Stealth Rock","|move|p2a: Jellicent|Scald|p1a: Flute","|-damage|p1a: Flute|239/339","|","|-heal|p2a: Jellicent|366/404|[from] item: Leftovers","|turn|7","|","|move|p1a: Flute|Energy Ball|p2a: Jellicent","|-supereffective|p2a: Jellicent","|-damage|p2a: Jellicent|176/404","|move|p2a: Jellicent|Toxic|p1a: Flute","|-status|p1a: Flute|tox","|","|-heal|p2a: Jellicent|201/404|[from] item: Leftovers","|-damage|p1a: Flute|218/339 tox|[from] psn","|turn|8","|","|move|p1a: Flute|Energy Ball|p2a: Jellicent","|-supereffective|p2a: Jellicent","|-damage|p2a: Jellicent|0 fnt","|faint|p2a: Jellicent","|","|-damage|p1a: Flute|176/339 tox|[from] psn","|","|switch|p2a: Chandelure|Chandelure, F|4/261","|turn|9","|","|move|p2a: Chandelure|Shadow Ball|p1a: Flute","|-supereffective|p1a: Flute","|-damage|p1a: Flute|0 fnt","|faint|p1a: Flute","|","|","|switch|p1a: Alto|Togekiss, F|234/311","|-damage|p1a: Alto|157/311|[from] Stealth Rock","|turn|10","|","|switch|p2a: Aegislash|Aegislash, M, shiny|261/261","|move|p1a: Alto|Air Slash|p2a: Aegislash","|-crit|p2a: Aegislash","|-resisted|p2a: Aegislash","|-damage|p2a: Aegislash|189/261","|","|turn|11","|","|switch|p1a: Sax|Klefki, F|317/317","|-damage|p1a: Sax|298/317|[from] Stealth Rock","|-formechange|p2a: Aegislash|Aegislash-Blade","|move|p2a: Aegislash|Shadow Ball|p1a: Sax","|-damage|p1a: Sax|112/317","|-unboost|p1a: Sax|spd|1","|","|turn|12","|","|switch|p2a: Golurk|Golurk, shiny|1/319","|move|p1a: Sax|Thunder Wave|p2a: Golurk","|-immune|p2a: Golurk|[msg]","|","|turn|13","|","|move|p2a: Golurk|Dynamic Punch|p1a: Sax","|-damage|p1a: Sax|20/317","|-start|p1a: Sax|confusion","|-activate|p1a: Sax|confusion","|-damage|p1a: Sax|3/317|[from] confusion","|","|turn|14","|","|-end|p1a: Sax|confusion","|move|p1a: Sax|Reflect|p1a: Sax","|-sidestart|p1: Void Wiley|Reflect","|move|p2a: Golurk|Dynamic Punch|p1a: Sax","|-damage|p1a: Sax|0 fnt","|faint|p1a: Sax","|","|","|switch|p1a: Alto|Togekiss, F|157/311","|-damage|p1a: Alto|80/311|[from] Stealth Rock","|turn|15","|","|move|p1a: Alto|Flamethrower|p2a: Golurk","|-damage|p2a: Golurk|0 fnt","|faint|p2a: Golurk","|","|","|switch|p2a: Sableye|Sableye, M|298/298","|turn|16","|","|move|p2a: Sableye|Will-O-Wisp|p1a: Alto","|-status|p1a: Alto|brn","|move|p1a: Alto|Flamethrower|p2a: Sableye","|-damage|p2a: Sableye|149/298","|","|-heal|p2a: Sableye|167/298|[from] item: Leftovers","|-damage|p1a: Alto|42/311 brn|[from] brn","|turn|17","|","|move|p2a: Sableye|Recover|p2a: Sableye","|-heal|p2a: Sableye|298/298","|move|p1a: Alto|Flamethrower|p2a: Sableye","|-damage|p2a: Sableye|147/298","|","|-heal|p2a: Sableye|165/298|[from] item: Leftovers","|-damage|p1a: Alto|4/311 brn|[from] brn","|turn|18","|","|move|p2a: Sableye|Recover|p2a: Sableye","|-heal|p2a: Sableye|298/298","|move|p1a: Alto|Flamethrower|p2a: Sableye","|-damage|p2a: Sableye|166/298","|","|-heal|p2a: Sableye|184/298|[from] item: Leftovers","|-damage|p1a: Alto|0 fnt|[from] brn","|faint|p1a: Alto","|","|switch|p1a: Trumpet|Sylveon, F|394/394","|-damage|p1a: Trumpet|345/394|[from] Stealth Rock","|turn|19","|","|move|p2a: Sableye|Will-O-Wisp|p1a: Trumpet","|-status|p1a: Trumpet|brn","|move|p1a: Trumpet|Hyper Voice|p2a: Sableye","|-supereffective|p2a: Sableye","|-damage|p2a: Sableye|0 fnt","|faint|p2a: Sableye","|","|-heal|p1a: Trumpet|369/394 brn|[from] item: Leftovers","|-damage|p1a: Trumpet|320/394 brn|[from] brn","|","|switch|p2a: Chandelure|Chandelure, F|4/261","|turn|20","|","|move|p2a: Chandelure|Trick|p1a: Trumpet","|-activate|p2a: Chandelure|move: Trick|[of] p1a: Trumpet","|-item|p1a: Trumpet|Choice Scarf|[from] move: Trick","|-item|p2a: Chandelure|Leftovers|[from] move: Trick","|move|p1a: Trumpet|Wish|p1a: Trumpet","|","|-heal|p2a: Chandelure|20/261|[from] item: Leftovers","|-damage|p1a: Trumpet|271/394 brn|[from] brn","|turn|21","|","|switch|p1a: Tuba|Slurpuff, F|306/306","|-damage|p1a: Tuba|268/306|[from] Stealth Rock","|move|p2a: Chandelure|Flamethrower|p1a: Tuba","|-damage|p1a: Tuba|27/306","|-enditem|p1a: Tuba|Sitrus Berry|[eat]","|-heal|p1a: Tuba|103/306|[from] item: Sitrus Berry","|","|-heal|p1a: Tuba|300/306|[from] move: Wish|[wisher] Trumpet","|-heal|p2a: Chandelure|36/261|[from] item: Leftovers","|-sideend|p1: Void Wiley|Reflect","|turn|22","|","|move|p1a: Tuba|Play Rough|p2a: Chandelure|[miss]","|-miss|p1a: Tuba|p2a: Chandelure","|move|p2a: Chandelure|Flamethrower|p1a: Tuba","|-damage|p1a: Tuba|65/306","|","|-heal|p2a: Chandelure|52/261|[from] item: Leftovers","|turn|23","|","|move|p1a: Tuba|Play Rough|p2a: Chandelure","|-resisted|p2a: Chandelure","|-damage|p2a: Chandelure|0 fnt","|faint|p2a: Chandelure","|","|","|switch|p2a: Aegislash|Aegislash, M, shiny|189/261","|turn|24","|","|move|p1a: Tuba|Play Rough|p2a: Aegislash","|-resisted|p2a: Aegislash","|-damage|p2a: Aegislash|141/261","|-formechange|p2a: Aegislash|Aegislash-Blade","|move|p2a: Aegislash|Shadow Ball|p1a: Tuba","|-damage|p1a: Tuba|0 fnt","|faint|p1a: Tuba","|","|","|switch|p1a: Trumpet|Sylveon, F|271/394 brn","|-damage|p1a: Trumpet|222/394 brn|[from] Stealth Rock","|turn|25","|","|-formechange|p2a: Aegislash|Aegislash","|move|p2a: Aegislash|King's Shield|p2a: Aegislash","|-singleturn|p2a: Aegislash|Protect","|move|p1a: Trumpet|Hyper Voice|p2a: Aegislash","|-activate|p2a: Aegislash|Protect","|","|-damage|p1a: Trumpet|173/394 brn|[from] brn","|turn|26","|","|move|p1a: Trumpet|Hyper Voice|p2a: Aegislash","|-resisted|p2a: Aegislash","|-damage|p2a: Aegislash|84/261","|-formechange|p2a: Aegislash|Aegislash-Blade","|move|p2a: Aegislash|Shadow Ball|p1a: Trumpet","|-damage|p1a: Trumpet|74/394 brn","|","|-damage|p1a: Trumpet|25/394 brn|[from] brn","|turn|27","|","|move|p2a: Aegislash|Shadow Sneak|p1a: Trumpet","|-crit|p1a: Trumpet","|-damage|p1a: Trumpet|0 fnt","|faint|p1a: Trumpet","|","|win|Wаrden Arguѕ"],"p1rating":{"entryid":"5697050","serverid":"eos","formatid":"monotype","userid":"voidwiley","username":"Void Wiley","w":"150","l":135,"t":"0","gxe":54.7,"r":"1539.7205030319","rd":"25.930890478979","sigma":"0","rptime":"1438160400","rpr":1535.3037295681,"rprd":25,"rpsigma":"0","acre":1159.9289393874,"lacre":1159.9289393874,"oldacre":"1174.7711081452"},"p2rating":{"entryid":"7252450","serverid":"eos","formatid":"monotype","userid":"wrdenargu","username":"Wаrden Arguѕ","w":25,"l":"5","t":"0","gxe":74.9,"r":"1500","rd":"130","sigma":"0","rptime":"1438160400","rpr":1708.9388933138,"rprd":59.488092118535,"rpsigma":"0","acre":1336.4547279171,"lacre":1336.4547279171,"oldacre":"1324.5809929108"},"endType":"normal"}