{"seed":[3700,44695,3134,1580],"turns":35,"p1":"Wаrden Arguѕ","p2":"Genesis Vrys","p1team":[{"name":"Sableye","species":"Sableye","item":"leftovers","ability":"Prankster","moves":["knockoff","willowisp","recover","taunt"],"nature":"Bold","evs":{"hp":228,"atk":0,"def":252,"spa":0,"spd":0,"spe":28},"gender":"M","ivs":{"hp":31,"atk":0,"def":31,"spa":31,"spd":31,"spe":31}},{"name":"Aegislash","species":"Aegislash","item":"weaknesspolicy","ability":"Stance Change","moves":["kingsshield","sacredsword","shadowball","shadowsneak"],"nature":"Lonely","evs":{"hp":0,"atk":252,"def":0,"spa":240,"spd":0,"spe":16},"gender":"M","shiny":true,"ivs":{"hp":31,"atk":31,"def":31,"spa":31,"spd":31,"spe":31}},{"name":"Jellicent","species":"Jellicent","item":"leftovers","ability":"Cursed Body","moves":["toxic","scald","recover","acidarmor"],"nature":"Calm","evs":{"hp":252,"atk":0,"def":0,"spa":0,"spd":252,"spe":4},"gender":"M","ivs":{"hp":31,"atk":0,"def":31,"spa":31,"spd":31,"spe":31},"shiny":true},{"name":"Golurk","species":"Golurk","item":"focussash","ability":"No Guard","moves":["stealthrock","stoneedge","dynamicpunch","curse"],"nature":"Adamant","evs":{"hp":0,"atk":252,"def":0,"spa":0,"spd":4,"spe":252},"shiny":true,"ivs":{"hp":31,"atk":31,"def":31,"spa":31,"spd":31,"spe":31}},{"name":"Chandelure","species":"Chandelure","item":"choicescarf","ability":"Infiltrator","moves":["flamethrower","shadowball","energyball","trick"],"nature":"Modest","evs":{"hp":0,"atk":0,"def":0,"spa":252,"spd":4,"spe":252},"gender":"F","ivs":{"hp":31,"atk":0,"def":31,"spa":31,"spd":31,"spe":31}},{"name":"Gengar","species":"Gengar","item":"focussash","ability":"Levitate","moves":["destinybond","sludgebomb","shadowball","energyball"],"nature":"Timid","evs":{"hp":0,"atk":0,"def":0,"spa":252,"spd":4,"spe":252},"gender":"F","ivs":{"hp":31,"atk":0,"def":31,"spa":31,"spd":31,"spe":31},"shiny":true}],"p2team":[{"name":"TROGDOR!!","species":"haxorus","item":"focussash","ability":"Mold Breaker","moves":["dualchop","earthquake","poisonjab","dragondance"],"nature":"Jolly","evs":{"hp":0,"atk":252,"def":0,"spa":0,"spd":4,"spe":252},"gender":"M","shiny":true,"ivs":{"hp":31,"atk":31,"def":31,"spa":31,"spd":31,"spe":31}},{"name":"BlendTec","species":"salamence","item":"lifeorb","ability":"Intimidate","moves":["dragonclaw","earthquake","fireblast","hydropump"],"nature":"Hasty","evs":{"hp":0,"atk":4,"def":0,"spa":252,"spd":0,"spe":252},"gender":"M","ivs":{"hp":31,"atk":31,"def":31,"spa":31,"spd":31,"spe":31}},{"name":"Glaurung","species":"dragonite","item":"weaknesspolicy","ability":"Multiscale","moves":["dragonclaw","earthquake","extremespeed","dragondance"],"nature":"Jolly","evs":{"hp":0,"atk":252,"def":0,"spa":0,"spd":4,"spe":252},"gender":"M","ivs":{"hp":31,"atk":31,"def":31,"spa":31,"spd":31,"spe":31}},{"name":"Sonora","species":"flygon","item":"choicescarf","ability":"Levitate","moves":["dragonclaw","earthquake","crunch","firepunch"],"nature":"Jolly","evs":{"hp":0,"atk":252,"def":0,"spa":0,"spd":4,"spe":252},"gender":"F","ivs":{"hp":31,"atk":31,"def":31,"spa":31,"spd":31,"spe":31}},{"name":"Bismuth","species":"kyurem","item":"leftovers","ability":"Pressure","moves":["dragonpulse","icebeam","flashcannon","earthpower"],"nature":"Modest","evs":{"hp":248,"atk":0,"def":4,"spa":252,"spd":4,"spe":0},"shiny":true,"ivs":{"hp":31,"atk":31,"def":31,"spa":31,"spd":31,"spe":31}},{"name":"R'lyeh","species":"kingdra","item":"scopelens","ability":"Sniper","moves":["dracometeor","scald","clearsmog","focusenergy"],"nature":"Timid","evs":{"hp":0,"atk":0,"def":0,"spa":252,"spd":4,"spe":252},"gender":"M","shiny":true,"ivs":{"hp":31,"atk":31,"def":31,"spa":31,"spd":31,"spe":31}}],"log":["|player|p1|Wаrden Arguѕ|144","|player|p2|Genesis Vrys|165","|gametype|singles","|gen|6","|tier|Monotype","|rated","|rule|Baton Pass Clause: Limit one Baton Passer, can't pass Spe and other stats simultaneously","|rule|Swagger Clause: Swagger is banned","|rule|Same Type Clause: Pokémon in a team must share a type","|clearpoke","|poke|p1|Sableye, M","|poke|p1|Aegislash, M, shiny","|poke|p1|Jellicent, M, shiny","|poke|p1|Golurk, shiny","|poke|p1|Chandelure, F","|poke|p1|Gengar, F, shiny","|poke|p2|Haxorus, M, shiny","|poke|p2|Salamence, M","|poke|p2|Dragonite, M","|poke|p2|Flygon, F","|poke|p2|Kyurem, shiny","|poke|p2|Kingdra, M, shiny","|rule|Sleep Clause Mod: Limit one foe put to sleep","|rule|Species Clause: Limit one of each Pokémon","|rule|OHKO Clause: OHKO moves are banned","|rule|Moody Clause: Moody is banned","|rule|Evasion Moves Clause: Evasion moves are banned","|rule|Endless Battle Clause: Forcing endless battles is banned","|rule|HP Percentage Mod: HP is shown in percentages","|teampreview","|","|start","|switch|p1a: Golurk|Golurk, shiny|319/319","|switch|p2a: TROGDOR!!|Haxorus, M, shiny|293/293","|-ability|p2a: TROGDOR!!|Mold Breaker","|turn|1","|","|move|p2a: TROGDOR!!|Dragon Dance|p2a: TROGDOR!!","|-boost|p2a: TROGDOR!!|atk|1","|-boost|p2a: TROGDOR!!|spe|1","|move|p1a: Golurk|Dynamic Punch|p2a: TROGDOR!!","|-damage|p2a: TROGDOR!!|163/293","|-start|p2a: TROGDOR!!|confusion","|","|turn|2","|","|-activate|p2a: TROGDOR!!|confusion","|move|p2a: TROGDOR!!|Dual Chop|p1a: Golurk","|-damage|p1a: Golurk|171/319","|-damage|p1a: Golurk|38/319","|-hitcount|p1a: Golurk|2","|move|p1a: Golurk|Stealth Rock|p2a: TROGDOR!!","|-sidestart|p2: Genesis Vrys|move: Stealth Rock","|","|turn|3","|","|-activate|p2a: TROGDOR!!|confusion","|move|p2a: TROGDOR!!|Earthquake|p1a: Golurk","|-damage|p1a: Golurk|0 fnt","|faint|p1a: Golurk","|","|","|switch|p1a: Sableye|Sableye, M|298/298","|turn|4","|","|move|p1a: Sableye|Will-O-Wisp|p2a: TROGDOR!!","|-status|p2a: TROGDOR!!|brn","|-end|p2a: TROGDOR!!|confusion","|move|p2a: TROGDOR!!|Dual Chop|p1a: Sableye","|-damage|p1a: Sableye|247/298","|-crit|p1a: Sableye","|-damage|p1a: Sableye|176/298","|-hitcount|p1a: Sableye|2","|","|-heal|p1a: Sableye|194/298|[from] item: Leftovers","|-damage|p2a: TROGDOR!!|127/293 brn|[from] brn","|turn|5","|","|move|p1a: Sableye|Taunt|p2a: TROGDOR!!","|-start|p2a: TROGDOR!!|move: Taunt","|cant|p2a: TROGDOR!!|move: Taunt|Dragon Dance","|","|-heal|p1a: Sableye|212/298|[from] item: Leftovers","|-damage|p2a: TROGDOR!!|91/293 brn|[from] brn","|turn|6","|","|move|p1a: Sableye|Recover|p1a: Sableye","|-heal|p1a: Sableye|298/298","|move|p2a: TROGDOR!!|Dual Chop|p1a: Sableye","|-damage|p1a: Sableye|247/298","|-damage|p1a: Sableye|195/298","|-hitcount|p1a: Sableye|2","|","|-heal|p1a: Sableye|213/298|[from] item: Leftovers","|-damage|p2a: TROGDOR!!|55/293 brn|[from] brn","|turn|7","|","|move|p1a: Sableye|Recover|p1a: Sableye","|-heal|p1a: Sableye|298/298","|move|p2a: TROGDOR!!|Dual Chop|p1a: Sableye|[miss]","|-miss|p2a: TROGDOR!!|p1a: Sableye","|","|-damage|p2a: TROGDOR!!|19/293 brn|[from] brn","|-end|p2a: TROGDOR!!|move: Taunt","|turn|8","|","|move|p2a: TROGDOR!!|Dual Chop|p1a: Sableye|[miss]","|-miss|p2a: TROGDOR!!|p1a: Sableye","|move|p1a: Sableye|Knock Off|p2a: TROGDOR!!","|-damage|p2a: TROGDOR!!|0 fnt","|-enditem|p2a: TROGDOR!!|Focus Sash|[from] move: Knock Off|[of] p1a: Sableye","|faint|p2a: TROGDOR!!","|","|","|switch|p2a: Bismuth|Kyurem, shiny|453/453","|-damage|p2a: Bismuth|340/453|[from] Stealth Rock","|-ability|p2a: Bismuth|Pressure","|turn|9","|","|switch|p1a: Jellicent|Jellicent, M, shiny|404/404","|move|p2a: Bismuth|Ice Beam|p1a: Jellicent","|-resisted|p1a: Jellicent","|-damage|p1a: Jellicent|344/404","|-start|p2a: Bismuth|Disable|Ice Beam","|-status|p1a: Jellicent|frz","|","|-heal|p2a: Bismuth|368/453|[from] item: Leftovers","|-heal|p1a: Jellicent|369/404 frz|[from] item: Leftovers","|turn|10","|","|switch|p2a: R'lyeh|Kingdra, M, shiny|291/291","|-damage|p2a: R'lyeh|255/291|[from] Stealth Rock","|-curestatus|p1a: Jellicent|frz|[from] move: Scald","|move|p1a: Jellicent|Scald|p2a: R'lyeh","|-resisted|p2a: R'lyeh","|-damage|p2a: R'lyeh|236/291","|","|-heal|p1a: Jellicent|394/404|[from] item: Leftovers","|turn|11","|","|move|p2a: R'lyeh|Focus Energy|p2a: R'lyeh","|-start|p2a: R'lyeh|move: Focus Energy","|move|p1a: Jellicent|Toxic|p2a: R'lyeh","|-status|p2a: R'lyeh|tox","|","|-heal|p1a: Jellicent|404/404|[from] item: Leftovers","|-damage|p2a: R'lyeh|218/291 tox|[from] psn","|turn|12","|","|move|p2a: R'lyeh|Draco Meteor|p1a: Jellicent|[miss]","|-miss|p2a: R'lyeh|p1a: Jellicent","|move|p1a: Jellicent|Scald|p2a: R'lyeh","|-resisted|p2a: R'lyeh","|-damage|p2a: R'lyeh|198/291 tox","|","|-damage|p2a: R'lyeh|162/291 tox|[from] psn","|turn|13","|","|move|p2a: R'lyeh|Draco Meteor|p1a: Jellicent|[miss]","|-miss|p2a: R'lyeh|p1a: Jellicent","|move|p1a: Jellicent|Recover|p1a: Jellicent","|-fail|p1a: Jellicent","|","|-damage|p2a: R'lyeh|108/291 tox|[from] psn","|turn|14","|","|move|p2a: R'lyeh|Draco Meteor|p1a: Jellicent","|-crit|p1a: Jellicent","|-damage|p1a: Jellicent|98/404","|-start|p2a: R'lyeh|Disable|Draco Meteor","|-unboost|p2a: R'lyeh|spa|2","|move|p1a: Jellicent|Recover|p1a: Jellicent","|-heal|p1a: Jellicent|300/404","|","|-heal|p1a: Jellicent|325/404|[from] item: Leftovers","|-damage|p2a: R'lyeh|36/291 tox|[from] psn","|turn|15","|","|move|p2a: R'lyeh|Scald|p1a: Jellicent","|-crit|p1a: Jellicent","|-resisted|p1a: Jellicent","|-damage|p1a: Jellicent|238/404","|-status|p1a: Jellicent|brn","|move|p1a: Jellicent|Recover|p1a: Jellicent","|-heal|p1a: Jellicent|404/404 brn","|","|-damage|p2a: R'lyeh|0 fnt|[from] psn","|-damage|p1a: Jellicent|354/404 brn|[from] brn","|faint|p2a: R'lyeh","|","|switch|p2a: Sonora|Flygon, F|301/301","|-damage|p2a: Sonora|283/301|[from] Stealth Rock","|turn|16","|","|move|p2a: Sonora|Crunch|p1a: Jellicent","|-supereffective|p1a: Jellicent","|-damage|p1a: Jellicent|154/404 brn","|move|p1a: Jellicent|Scald|p2a: Sonora","|-damage|p2a: Sonora|184/301","|-status|p2a: Sonora|brn","|","|-heal|p1a: Jellicent|179/404 brn|[from] item: Leftovers","|-damage|p2a: Sonora|147/301 brn|[from] brn","|-damage|p1a: Jellicent|129/404 brn|[from] brn","|turn|17","|","|move|p2a: Sonora|Crunch|p1a: Jellicent","|-supereffective|p1a: Jellicent","|-damage|p1a: Jellicent|20/404 brn","|move|p1a: Jellicent|Recover|p1a: Jellicent","|-heal|p1a: Jellicent|222/404 brn","|","|-heal|p1a: Jellicent|247/404 brn|[from] item: Leftovers","|-damage|p2a: Sonora|110/301 brn|[from] brn","|-damage|p1a: Jellicent|197/404 brn|[from] brn","|turn|18","|","|move|p2a: Sonora|Crunch|p1a: Jellicent","|-supereffective|p1a: Jellicent","|-damage|p1a: Jellicent|87/404 brn","|move|p1a: Jellicent|Recover|p1a: Jellicent","|-heal|p1a: Jellicent|289/404 brn","|","|-heal|p1a: Jellicent|314/404 brn|[from] item: Leftovers","|-damage|p2a: Sonora|73/301 brn|[from] brn","|-damage|p1a: Jellicent|264/404 brn|[from] brn","|turn|19","|","|move|p2a: Sonora|Crunch|p1a: Jellicent","|-supereffective|p1a: Jellicent","|-damage|p1a: Jellicent|150/404 brn","|-start|p2a: Sonora|Disable|Crunch","|move|p1a: Jellicent|Recover|p1a: Jellicent","|-heal|p1a: Jellicent|352/404 brn","|","|-heal|p1a: Jellicent|377/404 brn|[from] item: Leftovers","|-damage|p2a: Sonora|36/301 brn|[from] brn","|-damage|p1a: Jellicent|327/404 brn|[from] brn","|turn|20","|","|-activate|p2a: Sonora|move: Struggle","|move|p2a: Sonora|Struggle|p1a: Jellicent","|-damage|p1a: Jellicent|295/404 brn","|-damage|p2a: Sonora|0 fnt|[from] recoil","|faint|p2a: Sonora","|move|p1a: Jellicent|Acid Armor|p1a: Jellicent","|-boost|p1a: Jellicent|def|2","|","|-heal|p1a: Jellicent|320/404 brn|[from] item: Leftovers","|-damage|p1a: Jellicent|270/404 brn|[from] brn","|","|switch|p2a: Bismuth|Kyurem, shiny|368/453","|-damage|p2a: Bismuth|255/453|[from] Stealth Rock","|-ability|p2a: Bismuth|Pressure","|turn|21","|","|move|p2a: Bismuth|Dragon Pulse|p1a: Jellicent","|-damage|p1a: Jellicent|152/404 brn","|move|p1a: Jellicent|Recover|p1a: Jellicent","|-heal|p1a: Jellicent|354/404 brn","|","|-heal|p2a: Bismuth|283/453|[from] item: Leftovers","|-heal|p1a: Jellicent|379/404 brn|[from] item: Leftovers","|-damage|p1a: Jellicent|329/404 brn|[from] brn","|turn|22","|","|move|p2a: Bismuth|Dragon Pulse|p1a: Jellicent","|-crit|p1a: Jellicent","|-damage|p1a: Jellicent|145/404 brn","|move|p1a: Jellicent|Toxic|p2a: Bismuth","|-status|p2a: Bismuth|tox","|","|-heal|p2a: Bismuth|311/453 tox|[from] item: Leftovers","|-heal|p1a: Jellicent|170/404 brn|[from] item: Leftovers","|-damage|p2a: Bismuth|283/453 tox|[from] psn","|-damage|p1a: Jellicent|120/404 brn|[from] brn","|turn|23","|","|move|p2a: Bismuth|Dragon Pulse|p1a: Jellicent","|-damage|p1a: Jellicent|6/404 brn","|move|p1a: Jellicent|Recover|p1a: Jellicent","|-heal|p1a: Jellicent|208/404 brn","|","|-heal|p2a: Bismuth|311/453 tox|[from] item: Leftovers","|-heal|p1a: Jellicent|233/404 brn|[from] item: Leftovers","|-damage|p2a: Bismuth|255/453 tox|[from] psn","|-damage|p1a: Jellicent|183/404 brn|[from] brn","|turn|24","|","|move|p2a: Bismuth|Dragon Pulse|p1a: Jellicent","|-damage|p1a: Jellicent|63/404 brn","|move|p1a: Jellicent|Recover|p1a: Jellicent","|-heal|p1a: Jellicent|265/404 brn","|","|-heal|p2a: Bismuth|283/453 tox|[from] item: Leftovers","|-heal|p1a: Jellicent|290/404 brn|[from] item: Leftovers","|-damage|p2a: Bismuth|199/453 tox|[from] psn","|-damage|p1a: Jellicent|240/404 brn|[from] brn","|turn|25","|","|move|p2a: Bismuth|Dragon Pulse|p1a: Jellicent","|-damage|p1a: Jellicent|128/404 brn","|move|p1a: Jellicent|Recover|p1a: Jellicent","|-heal|p1a: Jellicent|330/404 brn","|","|-heal|p2a: Bismuth|227/453 tox|[from] item: Leftovers","|-heal|p1a: Jellicent|355/404 brn|[from] item: Leftovers","|-damage|p2a: Bismuth|115/453 tox|[from] psn","|-damage|p1a: Jellicent|305/404 brn|[from] brn","|turn|26","|","|move|p2a: Bismuth|Dragon Pulse|p1a: Jellicent","|-damage|p1a: Jellicent|197/404 brn","|-start|p2a: Bismuth|Disable|Dragon Pulse","|move|p1a: Jellicent|Recover|p1a: Jellicent","|-heal|p1a: Jellicent|399/404 brn","|","|-heal|p2a: Bismuth|143/453 tox|[from] item: Leftovers","|-heal|p1a: Jellicent|404/404 brn|[from] item: Leftovers","|-damage|p2a: Bismuth|3/453 tox|[from] psn","|-damage|p1a: Jellicent|354/404 brn|[from] brn","|turn|27","|player|p2","|player|p2|Genesis Vrys|165","|","|move|p2a: Bismuth|Ice Beam|p1a: Jellicent","|-resisted|p1a: Jellicent","|-damage|p1a: Jellicent|291/404 brn","|move|p1a: Jellicent|Acid Armor|p1a: Jellicent","|-boost|p1a: Jellicent|def|2","|","|-heal|p2a: Bismuth|31/453 tox|[from] item: Leftovers","|-heal|p1a: Jellicent|316/404 brn|[from] item: Leftovers","|-damage|p2a: Bismuth|0 fnt|[from] psn","|-damage|p1a: Jellicent|266/404 brn|[from] brn","|faint|p2a: Bismuth","|","|switch|p2a: Glaurung|Dragonite, M|323/323","|-damage|p2a: Glaurung|243/323|[from] Stealth Rock","|turn|28","|","|move|p2a: Glaurung|Dragon Dance|p2a: Glaurung","|-boost|p2a: Glaurung|atk|1","|-boost|p2a: Glaurung|spe|1","|move|p1a: Jellicent|Toxic|p2a: Glaurung","|-status|p2a: Glaurung|tox","|","|-heal|p1a: Jellicent|291/404 brn|[from] item: Leftovers","|-damage|p2a: Glaurung|223/323 tox|[from] psn","|-damage|p1a: Jellicent|241/404 brn|[from] brn","|turn|29","|","|move|p2a: Glaurung|Dragon Claw|p1a: Jellicent","|-damage|p1a: Jellicent|148/404 brn","|-start|p2a: Glaurung|Disable|Dragon Claw","|move|p1a: Jellicent|Recover|p1a: Jellicent","|-heal|p1a: Jellicent|350/404 brn","|","|-heal|p1a: Jellicent|375/404 brn|[from] item: Leftovers","|-damage|p2a: Glaurung|183/323 tox|[from] psn","|-damage|p1a: Jellicent|325/404 brn|[from] brn","|turn|30","|","|move|p2a: Glaurung|Dragon Dance|p2a: Glaurung","|-boost|p2a: Glaurung|atk|1","|-boost|p2a: Glaurung|spe|1","|move|p1a: Jellicent|Recover|p1a: Jellicent","|-heal|p1a: Jellicent|404/404 brn","|","|-damage|p2a: Glaurung|123/323 tox|[from] psn","|-damage|p1a: Jellicent|354/404 brn|[from] brn","|turn|31","|","|move|p2a: Glaurung|Dragon Dance|p2a: Glaurung","|-boost|p2a: Glaurung|atk|1","|-boost|p2a: Glaurung|spe|1","|move|p1a: Jellicent|Acid Armor|p1a: Jellicent","|-boost|p1a: Jellicent|def|2","|","|-heal|p1a: Jellicent|379/404 brn|[from] item: Leftovers","|-damage|p2a: Glaurung|43/323 tox|[from] psn","|-damage|p1a: Jellicent|329/404 brn|[from] brn","|turn|32","|","|move|p2a: Glaurung|Earthquake|p1a: Jellicent","|-damage|p1a: Jellicent|224/404 brn","|move|p1a: Jellicent|Recover|p1a: Jellicent","|-heal|p1a: Jellicent|404/404 brn","|","|-damage|p2a: Glaurung|0 fnt|[from] psn","|-damage|p1a: Jellicent|354/404 brn|[from] brn","|faint|p2a: Glaurung","|","|switch|p2a: BlendTec|Salamence, M|331/331","|-damage|p2a: BlendTec|249/331|[from] Stealth Rock","|-ability|p2a: BlendTec|Intimidate","|-unboost|p1a: Jellicent|atk|1","|turn|33","|","|move|p2a: BlendTec|Fire Blast|p1a: Jellicent|[miss]","|-miss|p2a: BlendTec|p1a: Jellicent","|move|p1a: Jellicent|Toxic|p2a: BlendTec","|-status|p2a: BlendTec|tox","|","|-heal|p1a: Jellicent|379/404 brn|[from] item: Leftovers","|-damage|p2a: BlendTec|229/331 tox|[from] psn","|-damage|p1a: Jellicent|329/404 brn|[from] brn","|turn|34","|","|move|p2a: BlendTec|Fire Blast|p1a: Jellicent","|-resisted|p1a: Jellicent","|-damage|p1a: Jellicent|274/404 brn","|-damage|p2a: BlendTec|196/331 tox|[from] item: Life Orb","|move|p1a: Jellicent|Scald|p2a: BlendTec","|-resisted|p2a: BlendTec","|-damage|p2a: BlendTec|148/331 tox","|","|-heal|p1a: Jellicent|299/404 brn|[from] item: Leftovers","|-damage|p2a: BlendTec|108/331 tox|[from] psn","|-damage|p1a: Jellicent|249/404 brn|[from] brn","|turn|35","|","|move|p2a: BlendTec|Dragon Claw|p1a: Jellicent","|-damage|p1a: Jellicent|193/404 brn","|-start|p2a: BlendTec|Disable|Dragon Claw","|-damage|p2a: BlendTec|75/331 tox|[from] item: Life Orb","|move|p1a: Jellicent|Scald|p2a: BlendTec","|-resisted|p2a: BlendTec","|-damage|p2a: BlendTec|25/331 tox","|","|-heal|p1a: Jellicent|218/404 brn|[from] item: Leftovers","|-damage|p2a: BlendTec|0 fnt|[from] psn","|-damage|p1a: Jellicent|168/404 brn|[from] brn","|faint|p2a: BlendTec","|","|win|Wаrden Arguѕ"],"p1rating":{"entryid":"7252450","serverid":"eos","formatid":"monotype","userid":"wrdenargu","username":"Wаrden Arguѕ","w":32,"l":"6","t":"0","gxe":77.1,"r":"1734.3716784252","rd":"56.692445093201","sigma":"0","rptime":"1438246800","rpr":1730.8055717954,"rprd":55.107594305325,"rpsigma":"0","acre":1379.4883932024,"lacre":1379.4883932024,"oldacre":"1373.3697897676"},"p2rating":{"entryid":"6559901","serverid":"eos","formatid":"monotype","userid":"genesisvrys","username":"Genesis Vrys","w":"43","l":31,"t":"0","gxe":57.9,"r":"1575.7844589172","rd":"45.143479496211","sigma":"0","rptime":"1438246800","rpr":1560.5199574998,"rprd":44.223919447933,"rpsigma":"0","acre":1069.4971655554,"lacre":1069.4971655554,"oldacre":"1076.0461909096"},"endType":"normal"}