{"seed":[24532,19413,59757,49777],"turns":30,"p1":"Alliance - Shirika","p2":"Carter_Rules_All","p1team":[{"name":"Madara","species":"landorus","item":"lifeorb","ability":"Sheer Force","moves":["gravity","earthpower","rockslide","rockpolish"],"nature":"Timid","evs":{"hp":0,"atk":0,"def":0,"spa":252,"spd":4,"spe":252},"ivs":{"hp":31,"atk":31,"def":31,"spa":31,"spd":31,"spe":31}},{"name":"Mikasa","species":"dragonite","item":"muscleband","ability":"Multiscale","moves":["dragondance","ironhead","flamethrower","extremespeed"],"nature":"Jolly","evs":{"hp":0,"atk":252,"def":0,"spa":4,"spd":0,"spe":252},"gender":"F","ivs":{"hp":31,"atk":31,"def":31,"spa":31,"spd":31,"spe":31}},{"name":"Chi-Hana","species":"charizard","item":"charizarditex","ability":"Blaze","moves":["dragondance","firepunch","dragonclaw","substitute"],"nature":"Jolly","evs":{"hp":0,"atk":252,"def":0,"spa":0,"spd":4,"spe":252},"gender":"F","shiny":true,"ivs":{"hp":31,"atk":31,"def":31,"spa":31,"spd":31,"spe":31}},{"name":"Nora","species":"skarmory","item":"rockyhelmet","ability":"Sturdy","moves":["ironhead","roost","defog","whirlwind"],"nature":"Impish","evs":{"hp":248,"atk":0,"def":236,"spa":0,"spd":0,"spe":24},"gender":"M","ivs":{"hp":31,"atk":31,"def":31,"spa":31,"spd":31,"spe":31}},{"name":"Rajin-Sama","species":"thundurustherian","item":"focussash","ability":"Volt Absorb","moves":["nastyplot","thunderbolt","grassknot","focusblast"],"nature":"Timid","evs":{"hp":0,"atk":0,"def":0,"spa":252,"spd":4,"spe":252},"ivs":{"hp":31,"atk":31,"def":31,"spa":31,"spd":31,"spe":31}},{"name":"Amai-Chan","species":"togekiss","item":"leftovers","ability":"Serene Grace","moves":["airslash","roost","flamethrower","thunderwave"],"nature":"Calm","evs":{"hp":252,"atk":0,"def":0,"spa":4,"spd":252,"spe":0},"gender":"F","shiny":true,"ivs":{"hp":31,"atk":31,"def":31,"spa":31,"spd":31,"spe":31}}],"p2team":[{"name":"Leavanny","species":"Leavanny","item":"focussash","ability":"Swarm","moves":["fellstinger","xscissor","leafblade","camouflage"],"nature":"Naive","evs":{"hp":4,"atk":252,"def":0,"spa":0,"spd":0,"spe":252},"ivs":{"hp":31,"atk":31,"def":31,"spa":31,"spd":31,"spe":31}},{"name":"Shuckle","species":"Shuckle","item":"leftovers","ability":"Sturdy","moves":["encore","toxic","substitute","infestation"],"nature":"Calm","evs":{"hp":248,"atk":0,"def":0,"spa":8,"spd":252,"spe":0},"ivs":{"hp":31,"atk":31,"def":31,"spa":31,"spd":31,"spe":31}},{"name":"Galvantula","species":"Galvantula","item":"focussash","ability":"Compound Eyes","moves":["thunder","bugbuzz","gigadrain","voltswitch"],"nature":"Timid","evs":{"hp":0,"atk":0,"def":0,"spa":252,"spd":4,"spe":252},"ivs":{"hp":31,"atk":31,"def":31,"spa":31,"spd":31,"spe":31}},{"name":"Pinsir","species":"Pinsir","item":"pinsirite","ability":"Hyper Cutter","moves":["quickattack","thrash","bulldoze","return"],"nature":"Jolly","evs":{"hp":0,"atk":252,"def":0,"spa":0,"spd":4,"spe":252},"shiny":true,"happiness":0,"ivs":{"hp":31,"atk":31,"def":31,"spa":31,"spd":31,"spe":31}},{"name":"Escavalier","species":"Escavalier","item":"airballoon","ability":"Shell Armor","moves":["drillrun","facade","poisonjab","aerialace"],"nature":"Adamant","evs":{"hp":248,"atk":252,"def":0,"spa":0,"spd":8,"spe":0},"ivs":{"hp":31,"atk":31,"def":31,"spa":31,"spd":31,"spe":31}},{"name":"Volcarona","species":"Volcarona","item":"leftovers","ability":"Flame Body","moves":["quiverdance","roost","fierydance","flamecharge"],"nature":"Timid","evs":{"hp":252,"atk":0,"def":0,"spa":4,"spd":0,"spe":252},"ivs":{"hp":31,"atk":31,"def":31,"spa":31,"spd":31,"spe":31}}],"log":["|player|p1|Alliance - Shirika|170","|player|p2|Carter_Rules_All|101","|gametype|singles","|gen|6","|tier|Monotype","|rated","|rule|Baton Pass Clause: Limit one Baton Passer, can't pass Spe and other stats simultaneously","|rule|Swagger Clause: Swagger is banned","|rule|Same Type Clause: Pokémon in a team must share a type","|clearpoke","|poke|p1|Landorus, M","|poke|p1|Dragonite, F","|poke|p1|Charizard, F, shiny","|poke|p1|Skarmory, M","|poke|p1|Thundurus-Therian, M","|poke|p1|Togekiss, F, shiny","|poke|p2|Leavanny, M","|poke|p2|Shuckle, M","|poke|p2|Galvantula, M","|poke|p2|Pinsir, F, shiny","|poke|p2|Escavalier, F","|poke|p2|Volcarona, M","|rule|Sleep Clause Mod: Limit one foe put to sleep","|rule|Species Clause: Limit one of each Pokémon","|rule|OHKO Clause: OHKO moves are banned","|rule|Moody Clause: Moody is banned","|rule|Evasion Moves Clause: Evasion moves are banned","|rule|Endless Battle Clause: Forcing endless battles is banned","|rule|HP Percentage Mod: HP is shown in percentages","|teampreview","|","|start","|switch|p1a: Nora|Skarmory, M|333/333","|switch|p2a: Galvantula|Galvantula, M|281/281","|turn|1","|","|switch|p1a: Rajin-Sama|Thundurus-Therian, M|299/299","|move|p2a: Galvantula|Thunder|p1a: Rajin-Sama","|-immune|p1a: Rajin-Sama|[msg]","|","|turn|2","|player|p2","|player|p2|Carter_Rules_All|101","|","|switch|p2a: Shuckle|Shuckle, M|243/243","|move|p1a: Rajin-Sama|Thunderbolt|p2a: Shuckle","|-damage|p2a: Shuckle|171/243","|","|-heal|p2a: Shuckle|186/243|[from] item: Leftovers","|turn|3","|","|move|p1a: Rajin-Sama|Nasty Plot|p1a: Rajin-Sama","|-boost|p1a: Rajin-Sama|spa|2","|move|p2a: Shuckle|Toxic|p1a: Rajin-Sama|[miss]","|-miss|p2a: Shuckle|p1a: Rajin-Sama","|","|-heal|p2a: Shuckle|201/243|[from] item: Leftovers","|turn|4","|","|switch|p1a: Madara|Landorus, M|319/319","|move|p2a: Shuckle|Toxic|p1a: Madara","|-status|p1a: Madara|tox","|","|-heal|p2a: Shuckle|216/243|[from] item: Leftovers","|-damage|p1a: Madara|300/319 tox|[from] psn","|turn|5","|","|switch|p1a: Nora|Skarmory, M|333/333","|switch|p2a: Leavanny|Leavanny, M|292/292","|","|turn|6","|","|move|p2a: Leavanny|Camouflage|p2a: Leavanny","|-start|p2a: Leavanny|typechange|Normal","|move|p1a: Nora|Iron Head|p2a: Leavanny","|-damage|p2a: Leavanny|196/292","|","|turn|7","|","|switch|p2a: Escavalier|Escavalier, F|343/343","|-item|p2a: Escavalier|Air Balloon","|move|p1a: Nora|Iron Head|p2a: Escavalier","|-resisted|p2a: Escavalier","|-damage|p2a: Escavalier|305/343","|-enditem|p2a: Escavalier|Air Balloon","|","|turn|8","|","|move|p1a: Nora|Iron Head|p2a: Escavalier","|-resisted|p2a: Escavalier","|-damage|p2a: Escavalier|271/343","|move|p2a: Escavalier|Aerial Ace|p1a: Nora","|-resisted|p1a: Nora","|-damage|p1a: Nora|310/333","|-damage|p2a: Escavalier|214/343|[from] item: Rocky Helmet|[of] p1a: Nora","|","|turn|9","|","|switch|p2a: Shuckle|Shuckle, M|216/243","|move|p1a: Nora|Roost|p1a: Nora","|-heal|p1a: Nora|333/333","|","|-heal|p2a: Shuckle|231/243|[from] item: Leftovers","|turn|10","|","|move|p1a: Nora|Iron Head|p2a: Shuckle","|-supereffective|p2a: Shuckle","|-damage|p2a: Shuckle|153/243","|move|p2a: Shuckle|Encore|p1a: Nora","|-start|p1a: Nora|Encore","|","|-heal|p2a: Shuckle|168/243|[from] item: Leftovers","|turn|11","|","|switch|p2a: Volcarona|Volcarona, M|374/374","|move|p1a: Nora|Iron Head|p2a: Volcarona","|-resisted|p2a: Volcarona","|-damage|p2a: Volcarona|318/374","|","|-heal|p2a: Volcarona|341/374|[from] item: Leftovers","|turn|12","|","|switch|p1a: Amai-Chan|Togekiss, F, shiny|374/374","|move|p2a: Volcarona|Quiver Dance|p2a: Volcarona","|-boost|p2a: Volcarona|spa|1","|-boost|p2a: Volcarona|spd|1","|-boost|p2a: Volcarona|spe|1","|","|-heal|p2a: Volcarona|364/374|[from] item: Leftovers","|turn|13","|","|move|p2a: Volcarona|Fiery Dance|p1a: Amai-Chan","|-damage|p1a: Amai-Chan|262/374","|-boost|p2a: Volcarona|spa|1","|move|p1a: Amai-Chan|Thunder Wave|p2a: Volcarona","|-status|p2a: Volcarona|par","|","|-heal|p1a: Amai-Chan|285/374|[from] item: Leftovers","|-heal|p2a: Volcarona|374/374 par|[from] item: Leftovers","|turn|14","|","|move|p1a: Amai-Chan|Air Slash|p2a: Volcarona","|-supereffective|p2a: Volcarona","|-damage|p2a: Volcarona|240/374 par","|cant|p2a: Volcarona|flinch","|","|-heal|p1a: Amai-Chan|308/374|[from] item: Leftovers","|-heal|p2a: Volcarona|263/374 par|[from] item: Leftovers","|turn|15","|","|move|p1a: Amai-Chan|Air Slash|p2a: Volcarona","|-supereffective|p2a: Volcarona","|-damage|p2a: Volcarona|125/374 par","|move|p2a: Volcarona|Roost|p2a: Volcarona","|-heal|p2a: Volcarona|312/374 par","|","|-heal|p1a: Amai-Chan|331/374|[from] item: Leftovers","|-heal|p2a: Volcarona|335/374 par|[from] item: Leftovers","|turn|16","|","|switch|p2a: Shuckle|Shuckle, M|168/243","|move|p1a: Amai-Chan|Air Slash|p2a: Shuckle","|-damage|p2a: Shuckle|131/243","|","|-heal|p1a: Amai-Chan|354/374|[from] item: Leftovers","|-heal|p2a: Shuckle|146/243|[from] item: Leftovers","|turn|17","|","|switch|p1a: Nora|Skarmory, M|333/333","|move|p2a: Shuckle|Toxic|p1a: Nora","|-immune|p1a: Nora|[msg]","|","|-heal|p2a: Shuckle|161/243|[from] item: Leftovers","|turn|18","|","|move|p1a: Nora|Iron Head|p2a: Shuckle","|-supereffective|p2a: Shuckle","|-damage|p2a: Shuckle|89/243","|move|p2a: Shuckle|Encore|p1a: Nora","|-start|p1a: Nora|Encore","|","|-heal|p2a: Shuckle|104/243|[from] item: Leftovers","|turn|19","|","|switch|p1a: Mikasa|Dragonite, F|323/323","|switch|p2a: Volcarona|Volcarona, M|335/374 par","|","|-heal|p2a: Volcarona|358/374 par|[from] item: Leftovers","|turn|20","|","|switch|p2a: Escavalier|Escavalier, F|214/343","|move|p1a: Mikasa|Dragon Dance|p1a: Mikasa","|-boost|p1a: Mikasa|atk|1","|-boost|p1a: Mikasa|spe|1","|","|turn|21","|","|move|p1a: Mikasa|Flamethrower|p2a: Escavalier","|-supereffective|p2a: Escavalier","|-damage|p2a: Escavalier|0 fnt","|faint|p2a: Escavalier","|","|","|switch|p2a: Galvantula|Galvantula, M|281/281","|turn|22","|","|move|p1a: Mikasa|Flamethrower|p2a: Galvantula","|-supereffective|p2a: Galvantula","|-damage|p2a: Galvantula|101/281","|move|p2a: Galvantula|Thunder|p1a: Mikasa","|-damage|p1a: Mikasa|242/323","|","|turn|23","|","|move|p1a: Mikasa|Flamethrower|p2a: Galvantula","|-supereffective|p2a: Galvantula","|-damage|p2a: Galvantula|0 fnt","|faint|p2a: Galvantula","|","|","|switch|p2a: Shuckle|Shuckle, M|104/243","|turn|24","|","|move|p1a: Mikasa|Iron Head|p2a: Shuckle","|-supereffective|p2a: Shuckle","|-damage|p2a: Shuckle|0 fnt","|faint|p2a: Shuckle","|","|","|switch|p2a: Pinsir|Pinsir, F, shiny|271/271","|turn|25","|","|detailschange|p2a: Pinsir|Pinsir-Mega, F, shiny","|-mega|p2a: Pinsir|Pinsir|Pinsirite","|move|p1a: Mikasa|Flamethrower|p2a: Pinsir","|-crit|p2a: Pinsir","|-supereffective|p2a: Pinsir","|-damage|p2a: Pinsir|67/271","|move|p2a: Pinsir|Return|p1a: Mikasa","|-damage|p1a: Mikasa|239/323","|","|turn|26","|","|move|p1a: Mikasa|Extreme Speed|p2a: Pinsir","|-crit|p2a: Pinsir","|-damage|p2a: Pinsir|0 fnt","|faint|p2a: Pinsir","|","|","|switch|p2a: Volcarona|Volcarona, M|358/374 par","|turn|27","|","|move|p1a: Mikasa|Dragon Dance|p1a: Mikasa","|-boost|p1a: Mikasa|atk|1","|-boost|p1a: Mikasa|spe|1","|move|p2a: Volcarona|Flame Charge|p1a: Mikasa","|-resisted|p1a: Mikasa","|-damage|p1a: Mikasa|221/323","|-boost|p2a: Volcarona|spe|1","|","|-heal|p2a: Volcarona|374/374 par|[from] item: Leftovers","|turn|28","|","|move|p1a: Mikasa|Extreme Speed|p2a: Volcarona","|-damage|p2a: Volcarona|76/374 par","|move|p2a: Volcarona|Flame Charge|p1a: Mikasa","|-resisted|p1a: Mikasa","|-damage|p1a: Mikasa|202/323","|-boost|p2a: Volcarona|spe|1","|","|-heal|p2a: Volcarona|99/374 par|[from] item: Leftovers","|turn|29","|","|move|p1a: Mikasa|Extreme Speed|p2a: Volcarona","|-damage|p2a: Volcarona|0 fnt","|-status|p1a: Mikasa|brn","|faint|p2a: Volcarona","|","|-damage|p1a: Mikasa|162/323 brn|[from] brn","|","|switch|p2a: Leavanny|Leavanny, M|196/292","|turn|30","|","|move|p1a: Mikasa|Flamethrower|p2a: Leavanny","|-supereffective|p2a: Leavanny","|-damage|p2a: Leavanny|0 fnt","|faint|p2a: Leavanny","|","|win|Alliance - Shirika"],"p1rating":{"entryid":"7272729","serverid":"eos","formatid":"monotype","userid":"allianceshirika","username":"Alliance - Shirika","w":2,"l":"0","t":"0","gxe":57.3,"r":"1500","rd":"130","sigma":"0","rptime":"1438246800","rpr":1558.3895226456,"rprd":117.36246644214,"rpsigma":"0","acre":1081.0950067444,"lacre":1081.0950067444,"oldacre":"1051.0241491767"},"p2rating":{"entryid":"7271971","serverid":"eos","formatid":"monotype","userid":"carterrulesall","username":"Carter_Rules_All","w":"1","l":3,"t":"0","gxe":41,"r":"1500","rd":"130","sigma":"0","rptime":"1438246800","rpr":1428.1189184076,"rprd":107.04248262557,"rpsigma":"0","acre":1013.5443733353,"lacre":1013.5443733353,"oldacre":"1026.5421271963"},"endType":"normal"}