{"seed":[29908,15302,45209,27043],"turns":37,"p1":"Professor♅ Nyx","p2":"Guard Shadow","p1team":[{"name":"Tyranitar","species":"Tyranitar","item":"assaultvest","ability":"Sand Stream","moves":["stoneedge","earthquake","crunch","fireblast"],"nature":"Lonely","evs":{"hp":248,"atk":252,"def":0,"spa":8,"spd":0,"spe":0},"ivs":{"hp":31,"atk":31,"def":31,"spa":31,"spd":31,"spe":31}},{"name":"Aggron","species":"Aggron","item":"aggronite","ability":"Sturdy","moves":["curse","sleeptalk","rest","heavyslam"],"nature":"Careful","evs":{"hp":252,"atk":4,"def":56,"spa":0,"spd":196,"spe":0},"ivs":{"hp":31,"atk":31,"def":31,"spa":31,"spd":31,"spe":31}},{"name":"Terrakion","species":"Terrakion","item":"choicescarf","ability":"Justified","moves":["closecombat","stoneedge","earthquake","poisonjab"],"nature":"Jolly","evs":{"hp":4,"atk":252,"def":0,"spa":0,"spd":0,"spe":252},"ivs":{"hp":31,"atk":31,"def":31,"spa":31,"spd":31,"spe":31}},{"name":"Cradily","species":"Cradily","item":"leftovers","ability":"Storm Drain","moves":["stockpile","toxic","gigadrain","recover"],"nature":"Calm","gender":"F","evs":{"hp":0,"atk":0,"def":0,"spa":0,"spd":0,"spe":0},"ivs":{"hp":31,"atk":31,"def":31,"spa":31,"spd":31,"spe":31}},{"name":"Shuckle","species":"Shuckle","item":"leftovers","ability":"Sturdy","moves":["toxic","encore","stickyweb","stealthrock"],"nature":"Bold","evs":{"hp":252,"atk":0,"def":252,"spa":0,"spd":4,"spe":0},"ivs":{"hp":31,"atk":31,"def":31,"spa":31,"spd":31,"spe":31}},{"name":"Lord Helix","species":"omastar","item":"focussash","ability":"Weak Armor","moves":["shellsmash","surf","icebeam","hiddenpowergrass"],"nature":"Timid","evs":{"hp":0,"atk":0,"def":4,"spa":252,"spd":0,"spe":252},"ivs":{"hp":31,"atk":30,"def":31,"spa":30,"spd":31,"spe":31}}],"p2team":[{"name":"Skuntank","species":"Skuntank","item":"blacksludge","ability":"Aftermath","moves":["suckerpunch","poisonjab","fireblast","defog"],"nature":"Adamant","evs":{"hp":252,"atk":252,"def":0,"spa":4,"spd":0,"spe":0},"gender":"M","ivs":{"hp":31,"atk":31,"def":31,"spa":31,"spd":31,"spe":31}},{"name":"Gengar","species":"Gengar","item":"focussash","ability":"Levitate","moves":["shadowball","sludgebomb","focusblast","destinybond"],"nature":"Timid","evs":{"hp":0,"atk":0,"def":0,"spa":252,"spd":4,"spe":252},"gender":"M","shiny":true,"ivs":{"hp":31,"atk":31,"def":31,"spa":31,"spd":31,"spe":31}},{"name":"Toxicroak","species":"Toxicroak","item":"focussash","ability":"Dry Skin","moves":["swordsdance","drainpunch","poisonjab","suckerpunch"],"nature":"Adamant","evs":{"hp":4,"atk":252,"def":0,"spa":0,"spd":0,"spe":252},"gender":"M","ivs":{"hp":31,"atk":31,"def":31,"spa":31,"spd":31,"spe":31}},{"name":"Ariados","species":"Ariados","item":"focussash","ability":"Swarm","moves":["stickyweb","toxicspikes","suckerpunch","xscissor"],"nature":"Adamant","evs":{"hp":252,"atk":252,"def":0,"spa":0,"spd":0,"spe":4},"gender":"M","shiny":true,"ivs":{"hp":31,"atk":31,"def":31,"spa":31,"spd":31,"spe":31}},{"name":"Venusaur","species":"Venusaur","item":"venusaurite","ability":"Chlorophyll","moves":["gigadrain","sludgebomb","synthesis","leechseed"],"nature":"Modest","evs":{"hp":0,"atk":0,"def":0,"spa":252,"spd":4,"spe":252},"gender":"M","shiny":true,"ivs":{"hp":31,"atk":31,"def":31,"spa":31,"spd":31,"spe":31}},{"name":"Vileplume","species":"Vileplume","item":"blacksludge","ability":"Effect Spore","moves":["toxic","aromatherapy","gigadrain","venoshock"],"nature":"Modest","evs":{"hp":252,"atk":0,"def":0,"spa":252,"spd":4,"spe":0},"gender":"M","ivs":{"hp":31,"atk":31,"def":31,"spa":31,"spd":31,"spe":31}}],"log":["|player|p1|Professor♅ Nyx|132","|player|p2|Guard Shadow|169","|gametype|singles","|gen|6","|tier|Monotype","|rated","|rule|Baton Pass Clause: Limit one Baton Passer, can't pass Spe and other stats simultaneously","|rule|Swagger Clause: Swagger is banned","|rule|Same Type Clause: Pokémon in a team must share a type","|clearpoke","|poke|p1|Tyranitar, M","|poke|p1|Aggron, M","|poke|p1|Terrakion","|poke|p1|Cradily, F","|poke|p1|Shuckle, F","|poke|p1|Omastar, M","|poke|p2|Skuntank, M","|poke|p2|Gengar, M, shiny","|poke|p2|Toxicroak, M","|poke|p2|Ariados, M, shiny","|poke|p2|Venusaur, M, shiny","|poke|p2|Vileplume, M","|rule|Sleep Clause Mod: Limit one foe put to sleep","|rule|Species Clause: Limit one of each Pokémon","|rule|OHKO Clause: OHKO moves are banned","|rule|Moody Clause: Moody is banned","|rule|Evasion Moves Clause: Evasion moves are banned","|rule|Endless Battle Clause: Forcing endless battles is banned","|rule|HP Percentage Mod: HP is shown in percentages","|teampreview","|","|start","|switch|p1a: Shuckle|Shuckle, F|244/244","|switch|p2a: Ariados|Ariados, M, shiny|344/344","|turn|1","|","|move|p2a: Ariados|Sticky Web|p1a: Shuckle","|-sidestart|p1: Professor♅ Nyx|move: Sticky Web","|move|p1a: Shuckle|Encore|p2a: Ariados","|-start|p2a: Ariados|Encore","|","|turn|2","|","|switch|p2a: Vileplume|Vileplume, M|354/354","|move|p1a: Shuckle|Sticky Web|p2a: Vileplume","|-sidestart|p2: Guard Shadow|move: Sticky Web","|","|turn|3","|","|switch|p1a: Aggron|Aggron, M|344/344","|-activate|p1a: Aggron|move: Sticky Web","|-unboost|p1a: Aggron|spe|1","|move|p2a: Vileplume|Toxic|p1a: Aggron","|-immune|p1a: Aggron|[msg]","|","|turn|4","|","|detailschange|p1a: Aggron|Aggron-Mega, M","|-mega|p1a: Aggron|Aggron|Aggronite","|move|p2a: Vileplume|Giga Drain|p1a: Aggron","|-resisted|p1a: Aggron","|-damage|p1a: Aggron|289/344","|move|p1a: Aggron|Curse|p1a: Aggron","|-boost|p1a: Aggron|atk|1","|-boost|p1a: Aggron|def|1","|-unboost|p1a: Aggron|spe|1","|","|turn|5","|","|switch|p2a: Toxicroak|Toxicroak, M|308/308","|-activate|p2a: Toxicroak|move: Sticky Web","|-unboost|p2a: Toxicroak|spe|1","|move|p1a: Aggron|Curse|p1a: Aggron","|-boost|p1a: Aggron|atk|1","|-boost|p1a: Aggron|def|1","|-unboost|p1a: Aggron|spe|1","|","|turn|6","|","|move|p2a: Toxicroak|Swords Dance|p2a: Toxicroak","|-boost|p2a: Toxicroak|atk|2","|move|p1a: Aggron|Heavy Slam|p2a: Toxicroak","|-enditem|p2a: Toxicroak|Focus Sash","|-damage|p2a: Toxicroak|1/308","|","|turn|7","|","|move|p2a: Toxicroak|Drain Punch|p1a: Aggron","|-supereffective|p1a: Aggron","|-damage|p1a: Aggron|204/344","|-heal|p2a: Toxicroak|44/308|[from] drain|[of] p1a: Aggron","|move|p1a: Aggron|Heavy Slam|p2a: Toxicroak","|-damage|p2a: Toxicroak|0 fnt","|faint|p2a: Toxicroak","|","|","|switch|p2a: Skuntank|Skuntank, M|410/410","|-activate|p2a: Skuntank|move: Sticky Web","|-unboost|p2a: Skuntank|spe|1","|turn|8","|","|move|p2a: Skuntank|Fire Blast|p1a: Aggron","|-supereffective|p1a: Aggron","|-damage|p1a: Aggron|119/344","|move|p1a: Aggron|Rest|p1a: Aggron","|-status|p1a: Aggron|slp","|-heal|p1a: Aggron|344/344 slp|[silent]","|-status|p1a: Aggron|slp|[from] move: Rest","|","|turn|9","|","|move|p2a: Skuntank|Defog|p1a: Aggron","|-unboost|p1a: Aggron|evasion|1","|-sideend|p1: Professor♅ Nyx|Sticky Web|[from] move: Defog|[of] p1a: Aggron","|-sideend|p2: Guard Shadow|Sticky Web|[from] move: Defog|[of] p2a: Skuntank","|cant|p1a: Aggron|slp","|move|p1a: Aggron|Sleep Talk|p1a: Aggron","|move|p1a: Aggron|Heavy Slam|p2a: Skuntank|[from]Sleep Talk","|-damage|p2a: Skuntank|0 fnt","|-damage|p1a: Aggron|258/344 slp|[from] ability: Aftermath|[of] p2a: Skuntank","|faint|p2a: Skuntank","|","|","|switch|p2a: Venusaur|Venusaur, M, shiny|301/301","|turn|10","|","|detailschange|p2a: Venusaur|Venusaur-Mega, M, shiny","|-mega|p2a: Venusaur|Venusaur|Venusaurite","|move|p2a: Venusaur|Leech Seed|p1a: Aggron","|-start|p1a: Aggron|move: Leech Seed","|cant|p1a: Aggron|slp","|move|p1a: Aggron|Sleep Talk|p1a: Aggron","|move|p1a: Aggron|Rest|p1a: Aggron|[from]Sleep Talk","|-fail|p1a: Aggron","|","|-damage|p1a: Aggron|215/344 slp|[from] Leech Seed|[of] p2a: Venusaur","|turn|11","|","|switch|p2a: Ariados|Ariados, M, shiny|344/344","|-curestatus|p1a: Aggron|slp","|move|p1a: Aggron|Heavy Slam|p2a: Ariados","|-enditem|p2a: Ariados|Focus Sash","|-damage|p2a: Ariados|1/344","|","|-damage|p1a: Aggron|172/344|[from] Leech Seed|[of] p2a: Ariados","|-heal|p2a: Ariados|44/344|[silent]","|turn|12","|","|switch|p1a: Lord Helix|Omastar, M|281/281","|move|p2a: Ariados|Toxic Spikes|p1a: Lord Helix","|-sidestart|p1: Professor♅ Nyx|move: Toxic Spikes","|","|turn|13","|","|move|p1a: Lord Helix|Shell Smash|p1a: Lord Helix","|-boost|p1a: Lord Helix|atk|2","|-boost|p1a: Lord Helix|spa|2","|-boost|p1a: Lord Helix|spe|2","|-unboost|p1a: Lord Helix|def|1","|-unboost|p1a: Lord Helix|spd|1","|move|p2a: Ariados|Toxic Spikes|p1a: Lord Helix","|-sidestart|p1: Professor♅ Nyx|move: Toxic Spikes","|","|turn|14","|","|move|p2a: Ariados|Sucker Punch|p1a: Lord Helix","|-fail|p2a: Ariados","|move|p1a: Lord Helix|Shell Smash|p1a: Lord Helix","|-boost|p1a: Lord Helix|atk|2","|-boost|p1a: Lord Helix|spa|2","|-boost|p1a: Lord Helix|spe|2","|-unboost|p1a: Lord Helix|def|1","|-unboost|p1a: Lord Helix|spd|1","|","|turn|15","|","|move|p1a: Lord Helix|Surf|p2a: Ariados","|-damage|p2a: Ariados|0 fnt","|faint|p2a: Ariados","|","|","|switch|p2a: Gengar|Gengar, M, shiny|261/261","|turn|16","|","|move|p1a: Lord Helix|Surf|p2a: Gengar","|-enditem|p2a: Gengar|Focus Sash","|-damage|p2a: Gengar|1/261","|move|p2a: Gengar|Focus Blast|p1a: Lord Helix","|-supereffective|p1a: Lord Helix","|-enditem|p1a: Lord Helix|Focus Sash","|-damage|p1a: Lord Helix|1/281","|","|turn|17","|","|move|p1a: Lord Helix|Hidden Power|p2a: Gengar","|-resisted|p2a: Gengar","|-damage|p2a: Gengar|0 fnt","|faint|p2a: Gengar","|","|","|switch|p2a: Venusaur|Venusaur-Mega, M, shiny|301/301","|turn|18","|","|move|p1a: Lord Helix|Ice Beam|p2a: Venusaur","|-supereffective|p2a: Venusaur","|-damage|p2a: Venusaur|63/301","|move|p2a: Venusaur|Giga Drain|p1a: Lord Helix","|-supereffective|p1a: Lord Helix","|-damage|p1a: Lord Helix|0 fnt","|-heal|p2a: Venusaur|64/301|[from] drain|[of] p1a: Lord Helix","|faint|p1a: Lord Helix","|","|","|switch|p1a: Aggron|Aggron-Mega, M|172/344","|turn|19","|","|move|p2a: Venusaur|Synthesis|p2a: Venusaur","|-heal|p2a: Venusaur|214/301","|move|p1a: Aggron|Curse|p1a: Aggron","|-boost|p1a: Aggron|atk|1","|-boost|p1a: Aggron|def|1","|-unboost|p1a: Aggron|spe|1","|","|turn|20","|","|move|p2a: Venusaur|Leech Seed|p1a: Aggron","|-start|p1a: Aggron|move: Leech Seed","|move|p1a: Aggron|Curse|p1a: Aggron","|-boost|p1a: Aggron|atk|1","|-boost|p1a: Aggron|def|1","|-unboost|p1a: Aggron|spe|1","|","|-damage|p1a: Aggron|129/344|[from] Leech Seed|[of] p2a: Venusaur","|-heal|p2a: Venusaur|257/301|[silent]","|turn|21","|","|move|p2a: Venusaur|Giga Drain|p1a: Aggron","|-resisted|p1a: Aggron","|-damage|p1a: Aggron|71/344","|-heal|p2a: Venusaur|286/301|[from] drain|[of] p1a: Aggron","|move|p1a: Aggron|Rest|p1a: Aggron","|-status|p1a: Aggron|slp","|-heal|p1a: Aggron|344/344 slp|[silent]","|-status|p1a: Aggron|slp|[from] move: Rest","|","|-damage|p1a: Aggron|301/344 slp|[from] Leech Seed|[of] p2a: Venusaur","|-heal|p2a: Venusaur|301/301|[silent]","|turn|22","|","|move|p2a: Venusaur|Giga Drain|p1a: Aggron","|-resisted|p1a: Aggron","|-damage|p1a: Aggron|241/344 slp","|cant|p1a: Aggron|slp","|move|p1a: Aggron|Sleep Talk|p1a: Aggron","|move|p1a: Aggron|Rest|p1a: Aggron|[from]Sleep Talk","|-fail|p1a: Aggron","|","|-damage|p1a: Aggron|198/344 slp|[from] Leech Seed|[of] p2a: Venusaur","|turn|23","|","|move|p2a: Venusaur|Giga Drain|p1a: Aggron","|-resisted|p1a: Aggron","|-damage|p1a: Aggron|141/344 slp","|cant|p1a: Aggron|slp","|move|p1a: Aggron|Sleep Talk|p1a: Aggron","|move|p1a: Aggron|Rest|p1a: Aggron|[from]Sleep Talk","|-fail|p1a: Aggron","|","|-damage|p1a: Aggron|98/344 slp|[from] Leech Seed|[of] p2a: Venusaur","|turn|24","|","|move|p2a: Venusaur|Giga Drain|p1a: Aggron","|-resisted|p1a: Aggron","|-damage|p1a: Aggron|32/344 slp","|-curestatus|p1a: Aggron|slp","|move|p1a: Aggron|Rest|p1a: Aggron","|-status|p1a: Aggron|slp","|-heal|p1a: Aggron|344/344 slp|[silent]","|-status|p1a: Aggron|slp|[from] move: Rest","|","|-damage|p1a: Aggron|301/344 slp|[from] Leech Seed|[of] p2a: Venusaur","|turn|25","|","|move|p2a: Venusaur|Giga Drain|p1a: Aggron","|-resisted|p1a: Aggron","|-damage|p1a: Aggron|242/344 slp","|cant|p1a: Aggron|slp","|move|p1a: Aggron|Sleep Talk|p1a: Aggron","|move|p1a: Aggron|Curse|p1a: Aggron|[from]Sleep Talk","|-boost|p1a: Aggron|atk|1","|-boost|p1a: Aggron|def|1","|-unboost|p1a: Aggron|spe|1","|","|-damage|p1a: Aggron|199/344 slp|[from] Leech Seed|[of] p2a: Venusaur","|turn|26","|","|move|p2a: Venusaur|Giga Drain|p1a: Aggron","|-resisted|p1a: Aggron","|-damage|p1a: Aggron|139/344 slp","|cant|p1a: Aggron|slp","|move|p1a: Aggron|Sleep Talk|p1a: Aggron","|move|p1a: Aggron|Heavy Slam|p2a: Venusaur|[from]Sleep Talk","|-damage|p2a: Venusaur|87/301","|","|-damage|p1a: Aggron|96/344 slp|[from] Leech Seed|[of] p2a: Venusaur","|-heal|p2a: Venusaur|130/301|[silent]","|turn|27","|","|move|p2a: Venusaur|Synthesis|p2a: Venusaur","|-heal|p2a: Venusaur|280/301","|-curestatus|p1a: Aggron|slp","|move|p1a: Aggron|Rest|p1a: Aggron","|-status|p1a: Aggron|slp","|-heal|p1a: Aggron|344/344 slp|[silent]","|-status|p1a: Aggron|slp|[from] move: Rest","|","|-damage|p1a: Aggron|301/344 slp|[from] Leech Seed|[of] p2a: Venusaur","|-heal|p2a: Venusaur|301/301|[silent]","|turn|28","|","|move|p2a: Venusaur|Giga Drain|p1a: Aggron","|-resisted|p1a: Aggron","|-damage|p1a: Aggron|242/344 slp","|cant|p1a: Aggron|slp","|move|p1a: Aggron|Sleep Talk|p1a: Aggron","|move|p1a: Aggron|Curse|p1a: Aggron|[from]Sleep Talk","|-boost|p1a: Aggron|atk|1","|-boost|p1a: Aggron|def|1","|-unboost|p1a: Aggron|spe|1","|","|-damage|p1a: Aggron|199/344 slp|[from] Leech Seed|[of] p2a: Venusaur","|turn|29","|","|move|p2a: Venusaur|Giga Drain|p1a: Aggron","|-crit|p1a: Aggron","|-resisted|p1a: Aggron","|-damage|p1a: Aggron|114/344 slp","|cant|p1a: Aggron|slp","|move|p1a: Aggron|Sleep Talk|p1a: Aggron","|move|p1a: Aggron|Rest|p1a: Aggron|[from]Sleep Talk","|-fail|p1a: Aggron","|","|-damage|p1a: Aggron|71/344 slp|[from] Leech Seed|[of] p2a: Venusaur","|turn|30","|","|move|p2a: Venusaur|Giga Drain|p1a: Aggron","|-resisted|p1a: Aggron","|-damage|p1a: Aggron|5/344 slp","|-curestatus|p1a: Aggron|slp","|move|p1a: Aggron|Rest|p1a: Aggron","|-status|p1a: Aggron|slp","|-heal|p1a: Aggron|344/344 slp|[silent]","|-status|p1a: Aggron|slp|[from] move: Rest","|","|-damage|p1a: Aggron|301/344 slp|[from] Leech Seed|[of] p2a: Venusaur","|turn|31","|","|move|p2a: Venusaur|Giga Drain|p1a: Aggron","|-resisted|p1a: Aggron","|-damage|p1a: Aggron|241/344 slp","|cant|p1a: Aggron|slp","|move|p1a: Aggron|Sleep Talk|p1a: Aggron","|move|p1a: Aggron|Rest|p1a: Aggron|[from]Sleep Talk","|-fail|p1a: Aggron","|","|-damage|p1a: Aggron|198/344 slp|[from] Leech Seed|[of] p2a: Venusaur","|turn|32","|","|move|p2a: Venusaur|Giga Drain|p1a: Aggron","|-resisted|p1a: Aggron","|-damage|p1a: Aggron|131/344 slp","|cant|p1a: Aggron|slp","|move|p1a: Aggron|Sleep Talk|p1a: Aggron","|move|p1a: Aggron|Heavy Slam|p2a: Venusaur|[from]Sleep Talk","|-damage|p2a: Venusaur|66/301","|","|-damage|p1a: Aggron|88/344 slp|[from] Leech Seed|[of] p2a: Venusaur","|-heal|p2a: Venusaur|109/301|[silent]","|turn|33","|","|move|p2a: Venusaur|Giga Drain|p1a: Aggron","|-resisted|p1a: Aggron","|-damage|p1a: Aggron|25/344 slp","|-heal|p2a: Venusaur|141/301|[from] drain|[of] p1a: Aggron","|-curestatus|p1a: Aggron|slp","|move|p1a: Aggron|Rest|p1a: Aggron","|-status|p1a: Aggron|slp","|-heal|p1a: Aggron|344/344 slp|[silent]","|-status|p1a: Aggron|slp|[from] move: Rest","|","|-damage|p1a: Aggron|301/344 slp|[from] Leech Seed|[of] p2a: Venusaur","|-heal|p2a: Venusaur|184/301|[silent]","|turn|34","|","|move|p2a: Venusaur|Giga Drain|p1a: Aggron","|-resisted|p1a: Aggron","|-damage|p1a: Aggron|235/344 slp","|-heal|p2a: Venusaur|217/301|[from] drain|[of] p1a: Aggron","|cant|p1a: Aggron|slp","|move|p1a: Aggron|Sleep Talk|p1a: Aggron","|move|p1a: Aggron|Curse|p1a: Aggron|[from]Sleep Talk","|-boost|p1a: Aggron|atk|1","|-boost|p1a: Aggron|def|1","|-unboost|p1a: Aggron|spe|1","|","|-damage|p1a: Aggron|192/344 slp|[from] Leech Seed|[of] p2a: Venusaur","|-heal|p2a: Venusaur|260/301|[silent]","|turn|35","|","|move|p2a: Venusaur|Giga Drain|p1a: Aggron","|-resisted|p1a: Aggron","|-damage|p1a: Aggron|129/344 slp","|-heal|p2a: Venusaur|292/301|[from] drain|[of] p1a: Aggron","|cant|p1a: Aggron|slp","|move|p1a: Aggron|Sleep Talk|p1a: Aggron","|move|p1a: Aggron|Heavy Slam|p2a: Venusaur|[from]Sleep Talk","|-damage|p2a: Venusaur|16/301","|","|-damage|p1a: Aggron|86/344 slp|[from] Leech Seed|[of] p2a: Venusaur","|-heal|p2a: Venusaur|59/301|[silent]","|turn|36","|","|move|p2a: Venusaur|Giga Drain|p1a: Aggron","|-resisted|p1a: Aggron","|-damage|p1a: Aggron|23/344 slp","|-heal|p2a: Venusaur|91/301|[from] drain|[of] p1a: Aggron","|-curestatus|p1a: Aggron|slp","|move|p1a: Aggron|Rest|p1a: Aggron","|-status|p1a: Aggron|slp","|-heal|p1a: Aggron|344/344 slp|[silent]","|-status|p1a: Aggron|slp|[from] move: Rest","|","|-damage|p1a: Aggron|301/344 slp|[from] Leech Seed|[of] p2a: Venusaur","|-heal|p2a: Venusaur|134/301|[silent]","|turn|37","|","|win|Professor♅ Nyx"],"p1rating":{"entryid":"6674868","serverid":"eos","formatid":"monotype","userid":"professornyx","username":"Professor ♅ ☯ Nyx","w":50,"l":"38","t":"0","gxe":55,"r":"1539.550271867","rd":"40.982097521263","sigma":"0","rptime":"1438246800","rpr":1537.8051139271,"rprd":40.462995799374,"rpsigma":"0","acre":1169.6565571131,"lacre":1169.6565571131,"oldacre":"1153.958518996"},"p2rating":{"entryid":"6072101","serverid":"eos","formatid":"monotype","userid":"guardshadow","username":"Guard Shadow","w":"15","l":22,"t":"0","gxe":38.2,"r":"1428.6747265555","rd":"62.451860745121","sigma":"0","rptime":"1438246800","rpr":1408.2330362149,"rprd":60.082780249739,"rpsigma":"0","acre":1010.1785573665,"lacre":1010.1785573665,"oldacre":"1018.1690867075"},"endType":"forfeit"}