{"seed":[30942,41769,21308,23354],"turns":23,"p1":"Metalyte","p2":"Nyan Loki","p1team":[{"name":"Thundurus-Therian","species":"Thundurus-Therian","item":"choicescarf","ability":"Volt Absorb","moves":["thunderbolt","hiddenpowerice","sludgewave","focusblast"],"nature":"Timid","evs":{"hp":0,"atk":0,"def":0,"spa":252,"spd":4,"spe":252},"ivs":{"hp":31,"atk":30,"def":30,"spa":31,"spd":31,"spe":31}},{"name":"Magnezone","species":"Magnezone","item":"airballoon","ability":"Sturdy","moves":["thunderbolt","flashcannon","voltswitch","hiddenpowergrass"],"nature":"Modest","evs":{"hp":248,"atk":0,"def":0,"spa":252,"spd":8,"spe":0},"ivs":{"hp":31,"atk":30,"def":31,"spa":30,"spd":31,"spe":31}},{"name":"Ampharos","species":"Ampharos","item":"ampharosite","ability":"Static","moves":["thunderwave","dragonpulse","voltswitch","powergem"],"nature":"Modest","evs":{"hp":248,"atk":0,"def":0,"spa":252,"spd":8,"spe":0},"ivs":{"hp":31,"atk":31,"def":31,"spa":31,"spd":31,"spe":31}},{"name":"Zapdos","species":"Zapdos","item":"leftovers","ability":"Pressure","moves":["roost","defog","discharge","heatwave"],"nature":"Bold","evs":{"hp":252,"atk":0,"def":252,"spa":0,"spd":4,"spe":0},"ivs":{"hp":31,"atk":31,"def":31,"spa":31,"spd":31,"spe":31}},{"name":"Rotom-Wash","species":"Rotom-Wash","item":"leftovers","ability":"Levitate","moves":["painsplit","willowisp","hydropump","voltswitch"],"nature":"Calm","evs":{"hp":252,"atk":0,"def":0,"spa":4,"spd":252,"spe":0},"ivs":{"hp":31,"atk":31,"def":31,"spa":31,"spd":31,"spe":31}},{"name":"Electivire","species":"Electivire","item":"choiceband","ability":"Vital Spirit","moves":["wildcharge","earthquake","icepunch","crosschop"],"nature":"Jolly","evs":{"hp":0,"atk":252,"def":0,"spa":0,"spd":4,"spe":252},"ivs":{"hp":31,"atk":31,"def":31,"spa":31,"spd":31,"spe":31}}],"p2team":[{"name":"Conkeldurr","species":"Conkeldurr","item":"lifeorb","ability":"Sheer Force","moves":["firepunch","icepunch","brickbreak","thunderpunch"],"nature":"Adamant","evs":{"hp":248,"atk":252,"def":0,"spa":0,"spd":8,"spe":0},"ivs":{"hp":31,"atk":31,"def":31,"spa":31,"spd":31,"spe":31}},{"name":"Infernape","species":"Infernape","item":"lifeorb","ability":"Iron Fist","moves":["stealthrock","fakeout","flareblitz","thunderpunch"],"nature":"Jolly","evs":{"hp":0,"atk":252,"def":0,"spa":0,"spd":4,"spe":252},"ivs":{"hp":31,"atk":31,"def":31,"spa":31,"spd":31,"spe":31}},{"name":"Gallade","species":"Gallade","item":"galladite","ability":"Justified","moves":["drainpunch","zenheadbutt","aerialace","leafblade"],"nature":"Adamant","evs":{"hp":248,"atk":252,"def":0,"spa":0,"spd":8,"spe":0},"ivs":{"hp":31,"atk":31,"def":31,"spa":31,"spd":31,"spe":31}},{"name":"Scrafty","species":"Scrafty","item":"choiceband","ability":"Moxie","moves":["highjumpkick","dragonclaw","knockoff","headsmash"],"nature":"Adamant","evs":{"hp":248,"atk":252,"def":0,"spa":0,"spd":8,"spe":0},"ivs":{"hp":31,"atk":31,"def":31,"spa":31,"spd":31,"spe":31}},{"name":"Poliwrath","species":"Poliwrath","item":"lifeorb","ability":"Water Absorb","moves":["bulkup","poweruppunch","waterfall","brickbreak"],"nature":"Adamant","evs":{"hp":248,"atk":252,"def":0,"spa":0,"spd":8,"spe":0},"ivs":{"hp":31,"atk":31,"def":31,"spa":31,"spd":31,"spe":31}},{"name":"Chesnaught","species":"Chesnaught","item":"choiceband","ability":"Overgrow","moves":["earthquake","drainpunch","ironhead","woodhammer"],"nature":"Adamant","evs":{"hp":248,"atk":252,"def":0,"spa":0,"spd":8,"spe":0},"ivs":{"hp":31,"atk":31,"def":31,"spa":31,"spd":31,"spe":31}}],"log":["|player|p1|Metalyte|165","|player|p2|Nyan Loki|222","|gametype|singles","|gen|6","|tier|Monotype","|rated","|rule|Baton Pass Clause: Limit one Baton Passer, can't pass Spe and other stats simultaneously","|rule|Swagger Clause: Swagger is banned","|rule|Same Type Clause: Pokémon in a team must share a type","|clearpoke","|poke|p1|Thundurus-Therian, M","|poke|p1|Magnezone","|poke|p1|Ampharos, F","|poke|p1|Zapdos","|poke|p1|Rotom-Wash","|poke|p1|Electivire, M","|poke|p2|Conkeldurr, M","|poke|p2|Infernape, F","|poke|p2|Gallade, M","|poke|p2|Scrafty, F","|poke|p2|Poliwrath, F","|poke|p2|Chesnaught, M","|rule|Sleep Clause Mod: Limit one foe put to sleep","|rule|Species Clause: Limit one of each Pokémon","|rule|OHKO Clause: OHKO moves are banned","|rule|Moody Clause: Moody is banned","|rule|Evasion Moves Clause: Evasion moves are banned","|rule|Endless Battle Clause: Forcing endless battles is banned","|rule|HP Percentage Mod: HP is shown in percentages","|teampreview","|","|start","|switch|p1a: Rotom-Wash|Rotom-Wash|304/304","|switch|p2a: Infernape|Infernape, F|293/293","|turn|1","|","|move|p2a: Infernape|Fake Out|p1a: Rotom-Wash","|-damage|p1a: Rotom-Wash|252/304","|-damage|p2a: Infernape|264/293|[from] item: Life Orb","|cant|p1a: Rotom-Wash|flinch","|","|-heal|p1a: Rotom-Wash|271/304|[from] item: Leftovers","|turn|2","|","|move|p2a: Infernape|Stealth Rock|p1a: Rotom-Wash","|-sidestart|p1: Metalyte|move: Stealth Rock","|move|p1a: Rotom-Wash|Hydro Pump|p2a: Infernape","|-supereffective|p2a: Infernape","|-damage|p2a: Infernape|0 fnt","|faint|p2a: Infernape","|","|-heal|p1a: Rotom-Wash|290/304|[from] item: Leftovers","|","|switch|p2a: Gallade|Gallade, M|339/339","|turn|3","|","|detailschange|p2a: Gallade|Gallade-Mega, M","|-mega|p2a: Gallade|Gallade|Galladite","|move|p1a: Rotom-Wash|Will-O-Wisp|p2a: Gallade","|-status|p2a: Gallade|brn","|move|p2a: Gallade|Leaf Blade|p1a: Rotom-Wash","|-supereffective|p1a: Rotom-Wash","|-damage|p1a: Rotom-Wash|151/304","|","|-heal|p1a: Rotom-Wash|170/304|[from] item: Leftovers","|-damage|p2a: Gallade|297/339 brn|[from] brn","|turn|4","|","|move|p2a: Gallade|Leaf Blade|p1a: Rotom-Wash","|-supereffective|p1a: Rotom-Wash","|-damage|p1a: Rotom-Wash|34/304","|move|p1a: Rotom-Wash|Volt Switch|p2a: Gallade","|-damage|p2a: Gallade|224/339 brn","|","|switch|p1a: Zapdos|Zapdos|384/384","|-damage|p1a: Zapdos|288/384|[from] Stealth Rock","|-ability|p1a: Zapdos|Pressure","|","|-heal|p1a: Zapdos|312/384|[from] item: Leftovers","|-damage|p2a: Gallade|182/339 brn|[from] brn","|turn|5","|","|move|p2a: Gallade|Zen Headbutt|p1a: Zapdos","|-damage|p1a: Zapdos|241/384","|cant|p1a: Zapdos|flinch","|","|-heal|p1a: Zapdos|265/384|[from] item: Leftovers","|-damage|p2a: Gallade|140/339 brn|[from] brn","|turn|6","|","|move|p2a: Gallade|Zen Headbutt|p1a: Zapdos","|-crit|p1a: Zapdos","|-damage|p1a: Zapdos|146/384","|move|p1a: Zapdos|Defog|p2a: Gallade","|-unboost|p2a: Gallade|evasion|1","|-sideend|p1: Metalyte|Stealth Rock|[from] move: Defog|[of] p1a: Zapdos","|","|-heal|p1a: Zapdos|170/384|[from] item: Leftovers","|-damage|p2a: Gallade|98/339 brn|[from] brn","|turn|7","|","|move|p2a: Gallade|Drain Punch|p1a: Zapdos","|-resisted|p1a: Zapdos","|-damage|p1a: Zapdos|136/384","|-heal|p2a: Gallade|115/339 brn|[from] drain|[of] p1a: Zapdos","|move|p1a: Zapdos|Roost|p1a: Zapdos","|-heal|p1a: Zapdos|328/384","|","|-heal|p1a: Zapdos|352/384|[from] item: Leftovers","|-damage|p2a: Gallade|73/339 brn|[from] brn","|turn|8","|","|move|p2a: Gallade|Zen Headbutt|p1a: Zapdos","|-damage|p1a: Zapdos|273/384","|move|p1a: Zapdos|Discharge|p2a: Gallade","|-damage|p2a: Gallade|0 fnt","|faint|p2a: Gallade","|","|-heal|p1a: Zapdos|297/384|[from] item: Leftovers","|","|switch|p2a: Conkeldurr|Conkeldurr, M|413/413","|turn|9","|","|move|p1a: Zapdos|Discharge|p2a: Conkeldurr","|-damage|p2a: Conkeldurr|248/413","|-status|p2a: Conkeldurr|par","|cant|p2a: Conkeldurr|par","|","|-heal|p1a: Zapdos|321/384|[from] item: Leftovers","|turn|10","|","|move|p1a: Zapdos|Discharge|p2a: Conkeldurr","|-damage|p2a: Conkeldurr|91/413 par","|move|p2a: Conkeldurr|Ice Punch|p1a: Zapdos","|-supereffective|p1a: Zapdos","|-damage|p1a: Zapdos|35/384","|","|-heal|p1a: Zapdos|59/384|[from] item: Leftovers","|turn|11","|","|move|p1a: Zapdos|Roost|p1a: Zapdos","|-heal|p1a: Zapdos|251/384","|move|p2a: Conkeldurr|Ice Punch|p1a: Zapdos","|-crit|p1a: Zapdos","|-damage|p1a: Zapdos|40/384","|","|-heal|p1a: Zapdos|64/384|[from] item: Leftovers","|turn|12","|","|move|p1a: Zapdos|Roost|p1a: Zapdos","|-heal|p1a: Zapdos|256/384","|move|p2a: Conkeldurr|Ice Punch|p1a: Zapdos","|-damage|p1a: Zapdos|105/384","|","|-heal|p1a: Zapdos|129/384|[from] item: Leftovers","|turn|13","|","|move|p1a: Zapdos|Discharge|p2a: Conkeldurr","|-damage|p2a: Conkeldurr|0 fnt","|faint|p2a: Conkeldurr","|","|-heal|p1a: Zapdos|153/384|[from] item: Leftovers","|","|switch|p2a: Scrafty|Scrafty, F|333/333","|turn|14","|","|switch|p1a: Ampharos|Ampharos, F|383/383","|move|p2a: Scrafty|High Jump Kick|p1a: Ampharos","|-damage|p1a: Ampharos|23/383","|","|turn|15","|","|detailschange|p1a: Ampharos|Ampharos-Mega, F","|-mega|p1a: Ampharos|Ampharos|Ampharosite","|-ability|p1a: Ampharos|Mold Breaker","|move|p2a: Scrafty|High Jump Kick|p1a: Ampharos","|-damage|p1a: Ampharos|0 fnt","|faint|p1a: Ampharos","|-boost|p2a: Scrafty|atk|1|[from] ability: Moxie","|","|","|switch|p1a: Magnezone|Magnezone|343/343","|-item|p1a: Magnezone|Air Balloon","|turn|16","|","|move|p1a: Magnezone|Thunderbolt|p2a: Scrafty","|-damage|p2a: Scrafty|176/333","|move|p2a: Scrafty|High Jump Kick|p1a: Magnezone","|-supereffective|p1a: Magnezone","|-activate|p1a: Magnezone|Sturdy","|-damage|p1a: Magnezone|1/343","|-enditem|p1a: Magnezone|Air Balloon","|","|turn|17","|","|move|p1a: Magnezone|Thunderbolt|p2a: Scrafty","|-damage|p2a: Scrafty|32/333","|move|p2a: Scrafty|High Jump Kick|p1a: Magnezone","|-supereffective|p1a: Magnezone","|-damage|p1a: Magnezone|0 fnt","|faint|p1a: Magnezone","|-boost|p2a: Scrafty|atk|1|[from] ability: Moxie","|","|","|switch|p1a: Rotom-Wash|Rotom-Wash|34/304","|turn|18","|","|move|p1a: Rotom-Wash|Volt Switch|p2a: Scrafty","|-crit|p2a: Scrafty","|-damage|p2a: Scrafty|0 fnt","|faint|p2a: Scrafty","|","|switch|p1a: Zapdos|Zapdos|153/384","|-ability|p1a: Zapdos|Pressure","|","|-heal|p1a: Zapdos|177/384|[from] item: Leftovers","|","|switch|p2a: Chesnaught|Chesnaught, M|379/379","|turn|19","|","|move|p1a: Zapdos|Heat Wave|p2a: Chesnaught","|-supereffective|p2a: Chesnaught","|-damage|p2a: Chesnaught|133/379","|move|p2a: Chesnaught|Iron Head|p1a: Zapdos","|-resisted|p1a: Zapdos","|-damage|p1a: Zapdos|118/384","|","|-heal|p1a: Zapdos|142/384|[from] item: Leftovers","|turn|20","|","|move|p1a: Zapdos|Roost|p1a: Zapdos","|-heal|p1a: Zapdos|334/384","|move|p2a: Chesnaught|Iron Head|p1a: Zapdos","|-resisted|p1a: Zapdos","|-damage|p1a: Zapdos|280/384","|","|-heal|p1a: Zapdos|304/384|[from] item: Leftovers","|turn|21","|","|move|p1a: Zapdos|Heat Wave|p2a: Chesnaught","|-supereffective|p2a: Chesnaught","|-damage|p2a: Chesnaught|0 fnt","|faint|p2a: Chesnaught","|","|-heal|p1a: Zapdos|328/384|[from] item: Leftovers","|","|switch|p2a: Poliwrath|Poliwrath, F|383/383","|turn|22","|","|move|p1a: Zapdos|Discharge|p2a: Poliwrath","|-supereffective|p2a: Poliwrath","|-damage|p2a: Poliwrath|117/383","|move|p2a: Poliwrath|Waterfall|p1a: Zapdos","|-damage|p1a: Zapdos|190/384","|-damage|p2a: Poliwrath|79/383|[from] item: Life Orb","|","|-heal|p1a: Zapdos|214/384|[from] item: Leftovers","|turn|23","|","|move|p1a: Zapdos|Discharge|p2a: Poliwrath","|-supereffective|p2a: Poliwrath","|-damage|p2a: Poliwrath|0 fnt","|faint|p2a: Poliwrath","|","|win|Metalyte"],"p1rating":{"entryid":"6571486","serverid":"eos","formatid":"monotype","userid":"metalyte","username":"Metalyte","w":28,"l":"21","t":"0","gxe":53.4,"r":"1515.225955562","rd":"63.377478648679","sigma":"0","rptime":"1438246800","rpr":1526.1820960051,"rprd":52.915600726837,"rpsigma":"0","acre":1175.3043836478,"lacre":1175.3043836478,"oldacre":"1154.4410240097"},"p2rating":{"entryid":"6540883","serverid":"eos","formatid":"monotype","userid":"nyanloki","username":"Nyan Loki","w":"5","l":9,"t":"0","gxe":41.5,"r":"1451.7162163683","rd":"127.55093627511","sigma":"0","rptime":"1438246800","rpr":1433.4196734693,"rprd":80.079730519894,"rpsigma":"0","acre":1076.0038513659,"lacre":1076.0038513659,"oldacre":"1096.4189323962"},"endType":"normal"}