{"seed":[34366,7204,51986,63402],"turns":38,"p1":"valkoinen","p2":"Rain ☆ Dinite","p1team":[{"name":"Whimsicott","species":"Whimsicott","item":"leftovers","ability":"Prankster","moves":["substitute","leechseed","gigadrain","stunspore"],"nature":"Bold","evs":{"hp":248,"atk":0,"def":252,"spa":8,"spd":0,"spe":0},"gender":"F","ivs":{"hp":31,"atk":30,"def":31,"spa":30,"spd":31,"spe":30},"shiny":true},{"name":"Diancie","species":"Diancie","item":"diancite","ability":"Clear Body","moves":["moonblast","diamondstorm","hiddenpowerfire","protect"],"nature":"Hasty","evs":{"hp":0,"atk":4,"def":0,"spa":252,"spd":0,"spe":252},"shiny":true,"ivs":{"atk":30,"spa":30,"spe":30,"hp":31,"def":31,"spd":31}},{"name":"Azumarill","species":"Azumarill","item":"assaultvest","ability":"Huge Power","moves":["playrough","waterfall","aquajet","superpower"],"nature":"Adamant","evs":{"hp":248,"atk":252,"def":0,"spa":0,"spd":8,"spe":0},"gender":"F","ivs":{"hp":31,"atk":31,"def":31,"spa":31,"spd":31,"spe":31}},{"name":"Togekiss","species":"Togekiss","item":"leftovers","ability":"Serene Grace","moves":["nastyplot","airslash","thunderwave","roost"],"nature":"Bold","evs":{"hp":252,"atk":0,"def":0,"spa":4,"spd":252,"spe":0},"gender":"F","ivs":{"hp":31,"atk":31,"def":31,"spa":31,"spd":31,"spe":31}},{"name":"Klefki","species":"Klefki","item":"leftovers","ability":"Prankster","moves":["reflect","lightscreen","foulplay","thunderwave"],"nature":"Bold","evs":{"hp":252,"atk":0,"def":252,"spa":0,"spd":4,"spe":0},"gender":"F","ivs":{"hp":31,"atk":31,"def":31,"spa":31,"spd":31,"spe":31}},{"name":"Granbull","species":"Granbull","item":"assaultvest","ability":"Quick Feet","moves":["playrough","superpower","rest","sleeptalk"],"nature":"Adamant","evs":{"hp":248,"atk":252,"def":0,"spa":0,"spd":8,"spe":0},"gender":"F","ivs":{"hp":31,"atk":31,"def":31,"spa":31,"spd":31,"spe":31}}],"p2team":[{"name":"Mage sim","species":"magnezone","item":"choicespecs","ability":"Sturdy","moves":["thunderbolt","flashcannon","voltswitch","hiddenpowerice"],"nature":"Modest","evs":{"hp":0,"atk":0,"def":4,"spa":252,"spd":0,"spe":252},"ivs":{"hp":31,"atk":0,"def":30,"spa":31,"spd":31,"spe":31}},{"name":"wild dog","species":"luxray","item":"choiceband","ability":"Guts","moves":["wildcharge","crunch","quickattack","superpower"],"nature":"Adamant","evs":{"hp":252,"atk":252,"def":0,"spa":0,"spd":4,"spe":0},"ivs":{"hp":31,"atk":31,"def":31,"spa":31,"spd":31,"spe":31}},{"name":"Washing-atk","species":"rotomwash","item":"chestoberry","ability":"Levitate","moves":["confuseray","hydropump","willowisp","rest"],"nature":"Bold","evs":{"hp":252,"atk":0,"def":252,"spa":4,"spd":0,"spe":0},"ivs":{"hp":31,"atk":0,"def":31,"spa":31,"spd":31,"spe":31}},{"name":"Thunder god","species":"thundurus","item":"lifeorb","ability":"Prankster","moves":["thunderwave","superpower","knockoff","wildcharge"],"nature":"Jolly","evs":{"hp":0,"atk":252,"def":0,"spa":0,"spd":4,"spe":252},"ivs":{"hp":31,"atk":30,"def":30,"spa":31,"spd":31,"spe":31}},{"name":"Thunderbirds are g","species":"zapdos","item":"leftovers","ability":"Pressure","moves":["roost","heatwave","discharge","defog"],"nature":"Calm","evs":{"hp":252,"atk":0,"def":0,"spa":4,"spd":252,"spe":0},"ivs":{"hp":31,"atk":0,"def":30,"spa":31,"spd":31,"spe":31}},{"name":"mr zooom","species":"manectric","item":"manectite","ability":"Static","moves":["voltswitch","flamethrower","hiddenpowerice","protect"],"nature":"Timid","evs":{"hp":4,"atk":0,"def":0,"spa":252,"spd":0,"spe":252},"ivs":{"hp":31,"atk":30,"def":30,"spa":31,"spd":31,"spe":31},"shiny":true}],"log":["|player|p1|valkoinen|53","|player|p2|Rain ☆ Dinite|137","|gametype|singles","|gen|6","|tier|Monotype","|rated","|rule|Baton Pass Clause: Limit one Baton Passer, can't pass Spe and other stats simultaneously","|rule|Swagger Clause: Swagger is banned","|rule|Same Type Clause: Pokémon in a team must share a type","|clearpoke","|poke|p1|Whimsicott, F, shiny","|poke|p1|Diancie, shiny","|poke|p1|Azumarill, F","|poke|p1|Togekiss, F","|poke|p1|Klefki, F","|poke|p1|Granbull, F","|poke|p2|Magnezone","|poke|p2|Luxray, M","|poke|p2|Rotom-Wash","|poke|p2|Thundurus, M","|poke|p2|Zapdos","|poke|p2|Manectric, F, shiny","|rule|Sleep Clause Mod: Limit one foe put to sleep","|rule|Species Clause: Limit one of each Pokémon","|rule|OHKO Clause: OHKO moves are banned","|rule|Moody Clause: Moody is banned","|rule|Evasion Moves Clause: Evasion moves are banned","|rule|Endless Battle Clause: Forcing endless battles is banned","|rule|HP Percentage Mod: HP is shown in percentages","|teampreview","|","|start","|switch|p1a: Klefki|Klefki, F|318/318","|switch|p2a: mr zooom|Manectric, F, shiny|282/282","|turn|1","|","|detailschange|p2a: mr zooom|Manectric-Mega, F, shiny","|-mega|p2a: mr zooom|Manectric|Manectite","|-ability|p2a: mr zooom|Intimidate","|-unboost|p1a: Klefki|atk|1","|move|p1a: Klefki|Light Screen|p1a: Klefki","|-sidestart|p1: valkoinen|move: Light Screen","|move|p2a: mr zooom|Flamethrower|p1a: Klefki","|-supereffective|p1a: Klefki","|-damage|p1a: Klefki|189/318","|-status|p1a: Klefki|brn","|","|-heal|p1a: Klefki|208/318 brn|[from] item: Leftovers","|-damage|p1a: Klefki|169/318 brn|[from] brn","|turn|2","|","|move|p1a: Klefki|Reflect|p1a: Klefki","|-sidestart|p1: valkoinen|Reflect","|move|p2a: mr zooom|Volt Switch|p1a: Klefki","|-damage|p1a: Klefki|100/318 brn","|","|switch|p2a: Thunderbirds are g|Zapdos|384/384","|-ability|p2a: Thunderbirds are g|Pressure","|","|-heal|p1a: Klefki|119/318 brn|[from] item: Leftovers","|-damage|p1a: Klefki|80/318 brn|[from] brn","|turn|3","|","|switch|p1a: Whimsicott|Whimsicott, F, shiny|323/323","|move|p2a: Thunderbirds are g|Defog|p1a: Whimsicott","|-unboost|p1a: Whimsicott|evasion|1","|-sideend|p1: valkoinen|Reflect","|-sideend|p1: valkoinen|move: Light Screen","|","|turn|4","|","|move|p1a: Whimsicott|Substitute|p1a: Whimsicott","|-start|p1a: Whimsicott|Substitute","|-damage|p1a: Whimsicott|243/323","|move|p2a: Thunderbirds are g|Heat Wave|p1a: Whimsicott","|-supereffective|p1a: Whimsicott","|-end|p1a: Whimsicott|Substitute","|","|-heal|p1a: Whimsicott|263/323|[from] item: Leftovers","|turn|5","|","|switch|p1a: Diancie|Diancie, shiny|241/241","|move|p2a: Thunderbirds are g|Heat Wave|p1a: Diancie","|-miss|p2a: Thunderbirds are g|p1a: Diancie","|","|turn|6","|","|switch|p2a: Washing-atk|Rotom-Wash|304/304","|detailschange|p1a: Diancie|Diancie-Mega, shiny","|-mega|p1a: Diancie|Diancie|Diancite","|move|p1a: Diancie|Protect|p1a: Diancie","|-fail|p1a: Diancie","|","|turn|7","|","|switch|p1a: Whimsicott|Whimsicott, F, shiny|263/323","|move|p2a: Washing-atk|Confuse Ray|p1a: Whimsicott","|-start|p1a: Whimsicott|confusion","|","|-heal|p1a: Whimsicott|283/323|[from] item: Leftovers","|turn|8","|","|switch|p1a: Granbull|Granbull, F|383/383","|switch|p2a: mr zooom|Manectric-Mega, F, shiny|282/282","|-ability|p2a: mr zooom|Intimidate","|-unboost|p1a: Granbull|atk|1","|","|turn|9","|","|move|p2a: mr zooom|Volt Switch|p1a: Granbull","|-damage|p1a: Granbull|247/383","|","|switch|p2a: Washing-atk|Rotom-Wash|304/304","|move|p1a: Granbull|Play Rough|p2a: Washing-atk|[miss]","|-miss|p1a: Granbull|p2a: Washing-atk","|","|turn|10","|","|switch|p1a: Whimsicott|Whimsicott, F, shiny|283/323","|move|p2a: Washing-atk|Confuse Ray|p1a: Whimsicott","|-start|p1a: Whimsicott|confusion","|","|-heal|p1a: Whimsicott|303/323|[from] item: Leftovers","|turn|11","|","|switch|p1a: Granbull|Granbull, F|247/383","|move|p2a: Washing-atk|Will-O-Wisp|p1a: Granbull","|-status|p1a: Granbull|brn","|","|-damage|p1a: Granbull|200/383 brn|[from] brn","|turn|12","|","|move|p2a: Washing-atk|Hydro Pump|p1a: Granbull","|-damage|p1a: Granbull|74/383 brn","|move|p1a: Granbull|Superpower|p2a: Washing-atk","|-crit|p2a: Washing-atk","|-damage|p2a: Washing-atk|227/304","|-unboost|p1a: Granbull|atk|1","|-unboost|p1a: Granbull|def|1","|","|-damage|p1a: Granbull|27/383 brn|[from] brn","|turn|13","|","|move|p2a: Washing-atk|Hydro Pump|p1a: Granbull","|-damage|p1a: Granbull|0 fnt","|faint|p1a: Granbull","|","|","|switch|p1a: Whimsicott|Whimsicott, F, shiny|303/323","|turn|14","|","|move|p1a: Whimsicott|Substitute|p1a: Whimsicott","|-start|p1a: Whimsicott|Substitute","|-damage|p1a: Whimsicott|223/323","|move|p2a: Washing-atk|Will-O-Wisp|p1a: Whimsicott","|-fail|p1a: Whimsicott","|","|-heal|p1a: Whimsicott|243/323|[from] item: Leftovers","|turn|15","|","|move|p1a: Whimsicott|Leech Seed|p2a: Washing-atk","|-start|p2a: Washing-atk|move: Leech Seed","|move|p2a: Washing-atk|Confuse Ray|p1a: Whimsicott","|-fail|p1a: Whimsicott","|","|-heal|p1a: Whimsicott|263/323|[from] item: Leftovers","|-damage|p2a: Washing-atk|189/304|[from] Leech Seed|[of] p1a: Whimsicott","|-heal|p1a: Whimsicott|301/323|[silent]","|turn|16","|","|switch|p2a: wild dog|Luxray, M|364/364","|move|p1a: Whimsicott|Giga Drain|p2a: wild dog","|-damage|p2a: wild dog|280/364","|-heal|p1a: Whimsicott|323/323|[from] drain|[of] p2a: wild dog","|","|turn|17","|","|move|p1a: Whimsicott|Leech Seed|p2a: wild dog","|-start|p2a: wild dog|move: Leech Seed","|move|p2a: wild dog|Quick Attack|p1a: Whimsicott","|-activate|p1a: Whimsicott|Substitute|[damage]","|","|-damage|p2a: wild dog|235/364|[from] Leech Seed|[of] p1a: Whimsicott","|turn|18","|","|move|p1a: Whimsicott|Stun Spore|p2a: wild dog","|-immune|p2a: wild dog|[msg]","|move|p2a: wild dog|Quick Attack|p1a: Whimsicott","|-crit|p1a: Whimsicott","|-end|p1a: Whimsicott|Substitute","|","|-damage|p2a: wild dog|190/364|[from] Leech Seed|[of] p1a: Whimsicott","|turn|19","|","|move|p1a: Whimsicott|Substitute|p1a: Whimsicott","|-start|p1a: Whimsicott|Substitute","|-damage|p1a: Whimsicott|243/323","|move|p2a: wild dog|Quick Attack|p1a: Whimsicott","|-activate|p1a: Whimsicott|Substitute|[damage]","|","|-heal|p1a: Whimsicott|263/323|[from] item: Leftovers","|-damage|p2a: wild dog|145/364|[from] Leech Seed|[of] p1a: Whimsicott","|-heal|p1a: Whimsicott|308/323|[silent]","|turn|20","|","|move|p2a: wild dog|Quick Attack|p1a: Whimsicott","|-end|p1a: Whimsicott|Substitute","|move|p1a: Whimsicott|Giga Drain|p2a: wild dog","|-damage|p2a: wild dog|55/364","|-heal|p1a: Whimsicott|323/323|[from] drain|[of] p2a: wild dog","|","|-damage|p2a: wild dog|10/364|[from] Leech Seed|[of] p1a: Whimsicott","|turn|21","|","|move|p1a: Whimsicott|Substitute|p1a: Whimsicott","|-start|p1a: Whimsicott|Substitute","|-damage|p1a: Whimsicott|243/323","|move|p2a: wild dog|Quick Attack|p1a: Whimsicott","|-activate|p1a: Whimsicott|Substitute|[damage]","|","|-heal|p1a: Whimsicott|263/323|[from] item: Leftovers","|-damage|p2a: wild dog|0 fnt|[from] Leech Seed|[of] p1a: Whimsicott","|-heal|p1a: Whimsicott|273/323|[silent]","|faint|p2a: wild dog","|","|switch|p2a: mr zooom|Manectric-Mega, F, shiny|282/282","|-ability|p2a: mr zooom|Intimidate","|-activate|p1a: Whimsicott|Substitute|ability: Intimidate|[of] p2a: mr zooom","|turn|22","|","|move|p1a: Whimsicott|Leech Seed|p2a: mr zooom","|-start|p2a: mr zooom|move: Leech Seed","|move|p2a: mr zooom|Flamethrower|p1a: Whimsicott","|-supereffective|p1a: Whimsicott","|-end|p1a: Whimsicott|Substitute","|","|-heal|p1a: Whimsicott|293/323|[from] item: Leftovers","|-damage|p2a: mr zooom|247/282|[from] Leech Seed|[of] p1a: Whimsicott","|-heal|p1a: Whimsicott|323/323|[silent]","|turn|23","|","|switch|p1a: Diancie|Diancie-Mega, shiny|241/241","|move|p2a: mr zooom|Flamethrower|p1a: Diancie","|-resisted|p1a: Diancie","|-damage|p1a: Diancie|189/241","|","|-damage|p2a: mr zooom|212/282|[from] Leech Seed|[of] p1a: Diancie","|-heal|p1a: Diancie|224/241|[silent]","|turn|24","|","|move|p2a: mr zooom|Volt Switch|p1a: Diancie","|-damage|p1a: Diancie|103/241","|","|switch|p2a: Washing-atk|Rotom-Wash|189/304","|move|p1a: Diancie|Diamond Storm|p2a: Washing-atk","|-damage|p2a: Washing-atk|65/304","|","|turn|25","|","|move|p1a: Diancie|Moonblast|p2a: Washing-atk","|-damage|p2a: Washing-atk|0 fnt","|faint|p2a: Washing-atk","|","|","|switch|p2a: Mage sim|Magnezone|281/281","|turn|26","|","|move|p1a: Diancie|Hidden Power|p2a: Mage sim","|-supereffective|p2a: Mage sim","|-damage|p2a: Mage sim|107/281","|move|p2a: Mage sim|Flash Cannon|p1a: Diancie","|-supereffective|p1a: Diancie","|-damage|p1a: Diancie|0 fnt","|faint|p1a: Diancie","|","|","|switch|p1a: Whimsicott|Whimsicott, F, shiny|323/323","|turn|27","|","|move|p1a: Whimsicott|Substitute|p1a: Whimsicott","|-start|p1a: Whimsicott|Substitute","|-damage|p1a: Whimsicott|243/323","|move|p2a: Mage sim|Flash Cannon|p1a: Whimsicott","|-supereffective|p1a: Whimsicott","|-end|p1a: Whimsicott|Substitute","|","|-heal|p1a: Whimsicott|263/323|[from] item: Leftovers","|turn|28","|","|switch|p1a: Klefki|Klefki, F|80/318 brn","|move|p2a: Mage sim|Flash Cannon|p1a: Klefki","|-damage|p1a: Klefki|0 fnt","|faint|p1a: Klefki","|","|","|switch|p1a: Azumarill|Azumarill, F|403/403","|turn|29","|","|switch|p2a: Thunderbirds are g|Zapdos|384/384","|-ability|p2a: Thunderbirds are g|Pressure","|move|p1a: Azumarill|Play Rough|p2a: Thunderbirds are g","|-damage|p2a: Thunderbirds are g|147/384","|","|-heal|p2a: Thunderbirds are g|171/384|[from] item: Leftovers","|turn|30","|","|switch|p1a: Whimsicott|Whimsicott, F, shiny|263/323","|move|p2a: Thunderbirds are g|Discharge|p1a: Whimsicott","|-resisted|p1a: Whimsicott","|-damage|p1a: Whimsicott|192/323","|-status|p1a: Whimsicott|par","|","|-heal|p2a: Thunderbirds are g|195/384|[from] item: Leftovers","|-heal|p1a: Whimsicott|212/323 par|[from] item: Leftovers","|turn|31","|","|move|p1a: Whimsicott|Leech Seed|p2a: Thunderbirds are g","|-start|p2a: Thunderbirds are g|move: Leech Seed","|move|p2a: Thunderbirds are g|Heat Wave|p1a: Whimsicott","|-supereffective|p1a: Whimsicott","|-damage|p1a: Whimsicott|0 fnt","|faint|p1a: Whimsicott","|","|-heal|p2a: Thunderbirds are g|219/384|[from] item: Leftovers","|","|switch|p1a: Togekiss|Togekiss, F|374/374","|turn|32","|","|move|p2a: Thunderbirds are g|Discharge|p1a: Togekiss","|-crit|p1a: Togekiss","|-supereffective|p1a: Togekiss","|-damage|p1a: Togekiss|122/374","|-status|p1a: Togekiss|par","|move|p1a: Togekiss|Air Slash|p2a: Thunderbirds are g","|-resisted|p2a: Thunderbirds are g","|-damage|p2a: Thunderbirds are g|181/384","|","|-heal|p2a: Thunderbirds are g|205/384|[from] item: Leftovers","|-heal|p1a: Togekiss|145/374 par|[from] item: Leftovers","|-damage|p2a: Thunderbirds are g|157/384|[from] Leech Seed|[of] p1a: Togekiss","|-heal|p1a: Togekiss|193/374 par|[silent]","|turn|33","|","|move|p2a: Thunderbirds are g|Discharge|p1a: Togekiss","|-supereffective|p1a: Togekiss","|-damage|p1a: Togekiss|31/374 par","|move|p1a: Togekiss|Air Slash|p2a: Thunderbirds are g","|-resisted|p2a: Thunderbirds are g","|-damage|p2a: Thunderbirds are g|118/384","|","|-heal|p2a: Thunderbirds are g|142/384|[from] item: Leftovers","|-heal|p1a: Togekiss|54/374 par|[from] item: Leftovers","|-damage|p2a: Thunderbirds are g|94/384|[from] Leech Seed|[of] p1a: Togekiss","|-heal|p1a: Togekiss|102/374 par|[silent]","|turn|34","|","|move|p2a: Thunderbirds are g|Discharge|p1a: Togekiss","|-supereffective|p1a: Togekiss","|-damage|p1a: Togekiss|0 fnt","|faint|p1a: Togekiss","|","|-heal|p2a: Thunderbirds are g|118/384|[from] item: Leftovers","|","|switch|p1a: Azumarill|Azumarill, F|403/403","|turn|35","|","|move|p2a: Thunderbirds are g|Roost|p2a: Thunderbirds are g","|-heal|p2a: Thunderbirds are g|310/384","|move|p1a: Azumarill|Play Rough|p2a: Thunderbirds are g|[miss]","|-miss|p1a: Azumarill|p2a: Thunderbirds are g","|","|-heal|p2a: Thunderbirds are g|334/384|[from] item: Leftovers","|-damage|p2a: Thunderbirds are g|286/384|[from] Leech Seed|[of] p1a: Azumarill","|turn|36","|","|move|p2a: Thunderbirds are g|Discharge|p1a: Azumarill","|-supereffective|p1a: Azumarill","|-damage|p1a: Azumarill|211/403","|move|p1a: Azumarill|Play Rough|p2a: Thunderbirds are g","|-damage|p2a: Thunderbirds are g|73/384","|","|-heal|p2a: Thunderbirds are g|97/384|[from] item: Leftovers","|-damage|p2a: Thunderbirds are g|49/384|[from] Leech Seed|[of] p1a: Azumarill","|-heal|p1a: Azumarill|259/403|[silent]","|turn|37","|","|move|p1a: Azumarill|Aqua Jet|p2a: Thunderbirds are g","|-damage|p2a: Thunderbirds are g|0 fnt","|faint|p2a: Thunderbirds are g","|","|","|switch|p2a: Thunder god|Thundurus, M|299/299","|turn|38","|","|move|p1a: Azumarill|Aqua Jet|p2a: Thunder god","|-damage|p2a: Thunder god|172/299","|move|p2a: Thunder god|Wild Charge|p1a: Azumarill","|-supereffective|p1a: Azumarill","|-damage|p1a: Azumarill|0 fnt","|-damage|p2a: Thunder god|107/299|[from] recoil|[of] p1a: Azumarill","|-damage|p2a: Thunder god|78/299|[from] item: Life Orb","|faint|p1a: Azumarill","|","|win|Rain ☆ Dinite"],"p1rating":{"entryid":"7209054","serverid":"eos","formatid":"monotype","userid":"valkoinen","username":"valkoinen","w":"13","l":24,"t":"0","gxe":37.7,"r":"1332.9760960296","rd":"74.649635028333","sigma":"0","rptime":"1438246800","rpr":1404.4753885507,"rprd":57.789214890601,"rpsigma":"0","acre":1109.2366144524,"lacre":1109.2366144524,"oldacre":"1137.8151812945"},"p2rating":{"entryid":"7159862","serverid":"eos","formatid":"monotype","userid":"raindinite","username":"Rain ☆ Dinite","w":6,"l":"11","t":"0","gxe":40.3,"r":"1372.7364661289","rd":"94.147220466827","sigma":"0","rptime":"1438246800","rpr":1424.3117339139,"rprd":76.42734560375,"rpsigma":"0","acre":1118.4194906147,"lacre":1118.4194906147,"oldacre":"1087.7384121196"},"endType":"normal"}