{"seed":[2584,47689,55161,26569],"turns":25,"p1":"Recruiter♕Kingdra","p2":"Sovereign♕Instert","p1team":[{"name":"Smeargle","species":"Smeargle","item":"focussash","ability":"Own Tempo","moves":["darkvoid","stealthrock","stickyweb","transform"],"nature":"Timid","evs":{"hp":252,"atk":0,"def":4,"spa":0,"spd":0,"spe":252},"shiny":true,"ivs":{"hp":31,"atk":31,"def":31,"spa":31,"spd":31,"spe":31}},{"name":"Lopunny","species":"Lopunny","item":"lopunnite","ability":"Cute Charm","moves":["fakeout","quickattack","drainpunch","return"],"nature":"Jolly","evs":{"hp":4,"atk":252,"def":0,"spa":0,"spd":0,"spe":252},"shiny":true,"ivs":{"hp":31,"atk":31,"def":31,"spa":31,"spd":31,"spe":31}},{"name":"Meloetta","species":"Meloetta","item":"leftovers","ability":"Serene Grace","moves":["hypervoice","calmmind","dazzlinggleam","psyshock"],"nature":"","evs":{"hp":252,"atk":0,"def":0,"spa":4,"spd":252,"spe":0},"ivs":{"hp":31,"atk":31,"def":31,"spa":31,"spd":31,"spe":31}},{"name":"Ditto","species":"Ditto","item":"choicescarf","ability":"Imposter","moves":["transform"],"nature":"","evs":{"hp":252,"atk":4,"def":0,"spa":0,"spd":0,"spe":252},"shiny":true,"ivs":{"hp":31,"atk":31,"def":31,"spa":31,"spd":31,"spe":31}},{"name":"Diggersby","species":"Diggersby","item":"lifeorb","ability":"Huge Power","moves":["return","earthquake","quickattack","firepunch"],"nature":"Adamant","evs":{"hp":4,"atk":252,"def":0,"spa":0,"spd":0,"spe":252},"shiny":true,"ivs":{"hp":31,"atk":31,"def":31,"spa":31,"spd":31,"spe":31}},{"name":"Porygon-Z","species":"Porygon-Z","item":"focussash","ability":"Adaptability","moves":["triattack","icebeam","hiddenpowerfire","nastyplot"],"nature":"Modest","evs":{"hp":0,"atk":0,"def":4,"spa":252,"spd":0,"spe":252},"ivs":{"hp":31,"atk":30,"def":31,"spa":30,"spd":31,"spe":30},"shiny":true}],"p2team":[{"name":"Volcarona","species":"Volcarona","item":"leftovers","ability":"Flame Body","moves":["quiverdance","roost","fireblast","bugbuzz"],"nature":"Bold","evs":{"hp":252,"atk":0,"def":252,"spa":4,"spd":0,"spe":0},"ivs":{"hp":31,"atk":31,"def":31,"spa":31,"spd":31,"spe":31}},{"name":"Pinsir","species":"Pinsir","item":"pinsirite","ability":"Hyper Cutter","moves":["quickattack","return","earthquake","swordsdance"],"nature":"Jolly","evs":{"hp":4,"atk":252,"def":0,"spa":0,"spd":0,"spe":252},"ivs":{"hp":31,"atk":31,"def":31,"spa":31,"spd":31,"spe":31}},{"name":"Scizor","species":"Scizor","item":"lifeorb","ability":"Technician","moves":["bulletpunch","bugbite","aerialace","swordsdance"],"nature":"Adamant","evs":{"hp":248,"atk":252,"def":0,"spa":0,"spd":8,"spe":0},"ivs":{"hp":31,"atk":31,"def":31,"spa":31,"spd":31,"spe":31}},{"name":"Forretress","species":"Forretress","item":"rockyhelmet","ability":"Sturdy","moves":["gyroball","rapidspin","toxicspikes","stealthrock"],"nature":"Relaxed","evs":{"hp":248,"atk":8,"def":252,"spa":0,"spd":0,"spe":0},"ivs":{"hp":31,"atk":31,"def":31,"spa":31,"spd":31,"spe":0}},{"name":"Galvantula","species":"Galvantula","item":"focussash","ability":"Compound Eyes","moves":["thunder","energyball","stickyweb","thunderwave"],"nature":"Timid","evs":{"hp":0,"atk":0,"def":0,"spa":252,"spd":4,"spe":252},"ivs":{"hp":31,"atk":31,"def":31,"spa":31,"spd":31,"spe":31}},{"name":"Armaldo","species":"Armaldo","item":"assaultvest","ability":"Battle Armor","moves":["xscissor","stoneedge","facade","aquajet"],"nature":"Adamant","evs":{"hp":248,"atk":252,"def":0,"spa":0,"spd":8,"spe":0},"ivs":{"hp":31,"atk":31,"def":31,"spa":31,"spd":31,"spe":31}}],"log":["|player|p1|Recruiter♕Kingdra|3","|player|p2|Sovereign♕Instert|7","|gametype|singles","|gen|6","|tier|Monotype","|rated","|rule|Baton Pass Clause: Limit one Baton Passer, can't pass Spe and other stats simultaneously","|rule|Swagger Clause: Swagger is banned","|rule|Same Type Clause: Pokémon in a team must share a type","|clearpoke","|poke|p1|Smeargle, M, shiny","|poke|p1|Lopunny, F, shiny","|poke|p1|Meloetta","|poke|p1|Ditto, shiny","|poke|p1|Diggersby, M, shiny","|poke|p1|Porygon-Z, shiny","|poke|p2|Volcarona, F","|poke|p2|Pinsir, M","|poke|p2|Scizor, F","|poke|p2|Forretress, M","|poke|p2|Galvantula, M","|poke|p2|Armaldo, F","|rule|Sleep Clause Mod: Limit one foe put to sleep","|rule|Species Clause: Limit one of each Pokémon","|rule|OHKO Clause: OHKO moves are banned","|rule|Moody Clause: Moody is banned","|rule|Evasion Moves Clause: Evasion moves are banned","|rule|Endless Battle Clause: Forcing endless battles is banned","|rule|HP Percentage Mod: HP is shown in percentages","|teampreview","|","|start","|switch|p1a: Smeargle|Smeargle, M, shiny|314/314","|switch|p2a: Forretress|Forretress, M|353/353","|turn|1","|","|move|p1a: Smeargle|Dark Void|p2a: Forretress","|-status|p2a: Forretress|slp","|cant|p2a: Forretress|slp","|","|turn|2","|","|move|p1a: Smeargle|Sticky Web|p2a: Forretress","|-sidestart|p2: Sovereign♕Instert|move: Sticky Web","|-curestatus|p2a: Forretress|slp","|move|p2a: Forretress|Stealth Rock|p1a: Smeargle","|-sidestart|p1: Recruiter♕Kingdra|move: Stealth Rock","|","|turn|3","|","|move|p1a: Smeargle|Transform|p2a: Forretress","|-transform|p1a: Smeargle|p2a: Forretress","|move|p2a: Forretress|Toxic Spikes|p1a: Smeargle","|-sidestart|p1: Recruiter♕Kingdra|move: Toxic Spikes","|","|turn|4","|","|move|p1a: Smeargle|Toxic Spikes|p2a: Forretress","|-sidestart|p2: Sovereign♕Instert|move: Toxic Spikes","|move|p2a: Forretress|Rapid Spin|p1a: Smeargle","|-resisted|p1a: Smeargle","|-damage|p1a: Smeargle|310/314","|-sideend|p2: Sovereign♕Instert|Toxic Spikes|[from] move: Rapid Spin|[of] p2a: Forretress","|-sideend|p2: Sovereign♕Instert|Sticky Web|[from] move: Rapid Spin|[of] p2a: Forretress","|","|turn|5","|","|move|p1a: Smeargle|Rapid Spin|p2a: Forretress","|-resisted|p2a: Forretress","|-damage|p2a: Forretress|349/353","|-damage|p1a: Smeargle|258/314|[from] item: Rocky Helmet|[of] p2a: Forretress","|-sideend|p1: Recruiter♕Kingdra|Toxic Spikes|[from] move: Rapid Spin|[of] p1a: Smeargle","|-sideend|p1: Recruiter♕Kingdra|Stealth Rock|[from] move: Rapid Spin|[of] p1a: Smeargle","|move|p2a: Forretress|Toxic Spikes|p1a: Smeargle","|-sidestart|p1: Recruiter♕Kingdra|move: Toxic Spikes","|","|turn|6","|","|move|p2a: Forretress|Toxic Spikes|p1a: Smeargle","|-sidestart|p1: Recruiter♕Kingdra|move: Toxic Spikes","|move|p1a: Smeargle|Rapid Spin|p2a: Forretress","|-resisted|p2a: Forretress","|-damage|p2a: Forretress|345/353","|-damage|p1a: Smeargle|206/314|[from] item: Rocky Helmet|[of] p2a: Forretress","|-sideend|p1: Recruiter♕Kingdra|Toxic Spikes|[from] move: Rapid Spin|[of] p1a: Smeargle","|","|turn|7","|","|switch|p1a: Porygon-Z|Porygon-Z, shiny|311/311","|move|p2a: Forretress|Stealth Rock|p1a: Porygon-Z","|-sidestart|p1: Recruiter♕Kingdra|move: Stealth Rock","|","|turn|8","|","|move|p1a: Porygon-Z|Nasty Plot|p1a: Porygon-Z","|-boost|p1a: Porygon-Z|spa|2","|move|p2a: Forretress|Toxic Spikes|p1a: Porygon-Z","|-sidestart|p1: Recruiter♕Kingdra|move: Toxic Spikes","|","|turn|9","|","|move|p1a: Porygon-Z|Hidden Power|p2a: Forretress","|-supereffective|p2a: Forretress","|-damage|p2a: Forretress|0 fnt","|faint|p2a: Forretress","|","|","|switch|p2a: Galvantula|Galvantula, M|281/281","|turn|10","|","|move|p2a: Galvantula|Thunder Wave|p1a: Porygon-Z","|-status|p1a: Porygon-Z|par","|move|p1a: Porygon-Z|Tri Attack|p2a: Galvantula","|-enditem|p2a: Galvantula|Focus Sash","|-damage|p2a: Galvantula|1/281","|","|turn|11","|","|move|p2a: Galvantula|Sticky Web|p1a: Porygon-Z","|-sidestart|p1: Recruiter♕Kingdra|move: Sticky Web","|cant|p1a: Porygon-Z|par","|","|turn|12","|","|move|p2a: Galvantula|Thunder|p1a: Porygon-Z","|-damage|p1a: Porygon-Z|103/311 par","|move|p1a: Porygon-Z|Hidden Power|p2a: Galvantula","|-supereffective|p2a: Galvantula","|-damage|p2a: Galvantula|0 fnt","|faint|p2a: Galvantula","|","|","|switch|p2a: Volcarona|Volcarona, F|374/374","|turn|13","|","|move|p2a: Volcarona|Quiver Dance|p2a: Volcarona","|-boost|p2a: Volcarona|spa|1","|-boost|p2a: Volcarona|spd|1","|-boost|p2a: Volcarona|spe|1","|cant|p1a: Porygon-Z|par","|","|turn|14","|","|move|p2a: Volcarona|Quiver Dance|p2a: Volcarona","|-boost|p2a: Volcarona|spa|1","|-boost|p2a: Volcarona|spd|1","|-boost|p2a: Volcarona|spe|1","|move|p1a: Porygon-Z|Tri Attack|p2a: Volcarona","|-damage|p2a: Volcarona|154/374","|","|-heal|p2a: Volcarona|177/374|[from] item: Leftovers","|turn|15","|","|move|p2a: Volcarona|Bug Buzz|p1a: Porygon-Z","|-damage|p1a: Porygon-Z|0 fnt","|faint|p1a: Porygon-Z","|","|-heal|p2a: Volcarona|200/374|[from] item: Leftovers","|","|switch|p1a: Lopunny|Lopunny, F, shiny|272/272","|-status|p1a: Lopunny|psn","|-activate|p1a: Lopunny|move: Sticky Web","|-unboost|p1a: Lopunny|spe|1","|-damage|p1a: Lopunny|238/272 psn|[from] Stealth Rock","|turn|16","|","|detailschange|p1a: Lopunny|Lopunny-Mega, F, shiny","|-mega|p1a: Lopunny|Lopunny|Lopunnite","|move|p1a: Lopunny|Fake Out|p2a: Volcarona","|-damage|p2a: Volcarona|130/374","|cant|p2a: Volcarona|flinch","|","|-heal|p2a: Volcarona|153/374|[from] item: Leftovers","|-damage|p1a: Lopunny|204/272 psn|[from] psn","|turn|17","|","|move|p2a: Volcarona|Fire Blast|p1a: Lopunny|[miss]","|-miss|p2a: Volcarona|p1a: Lopunny","|move|p1a: Lopunny|Return|p2a: Volcarona","|-damage|p2a: Volcarona|0 fnt","|faint|p2a: Volcarona","|","|-damage|p1a: Lopunny|170/272 psn|[from] psn","|","|switch|p2a: Scizor|Scizor, F|343/343","|turn|18","|","|move|p1a: Lopunny|Return|p2a: Scizor","|-crit|p2a: Scizor","|-resisted|p2a: Scizor","|-damage|p2a: Scizor|202/343","|move|p2a: Scizor|Swords Dance|p2a: Scizor","|-boost|p2a: Scizor|atk|2","|","|-damage|p1a: Lopunny|136/272 psn|[from] psn","|turn|19","|","|move|p1a: Lopunny|Drain Punch|p2a: Scizor","|-damage|p2a: Scizor|51/343","|-heal|p1a: Lopunny|212/272 psn|[from] drain|[of] p2a: Scizor","|move|p2a: Scizor|Aerial Ace|p1a: Lopunny","|-supereffective|p1a: Lopunny","|-damage|p1a: Lopunny|0 fnt","|-damage|p2a: Scizor|17/343|[from] item: Life Orb","|faint|p1a: Lopunny","|","|","|switch|p1a: Ditto|Ditto, shiny|300/300","|-damage|p1a: Ditto|263/300|[from] Stealth Rock","|-status|p1a: Ditto|psn","|-activate|p1a: Ditto|move: Sticky Web","|-unboost|p1a: Ditto|spe|1","|-transform|p1a: Ditto|p2a: Scizor","|turn|20","|","|move|p1a: Ditto|Bullet Punch|p2a: Scizor","|-resisted|p2a: Scizor","|-damage|p2a: Scizor|0 fnt","|faint|p2a: Scizor","|","|-damage|p1a: Ditto|226/300 psn|[from] psn","|","|switch|p2a: Pinsir|Pinsir, M|272/272","|turn|21","|","|detailschange|p2a: Pinsir|Pinsir-Mega, M","|-mega|p2a: Pinsir|Pinsir|Pinsirite","|move|p1a: Ditto|Bullet Punch|p2a: Pinsir","|-damage|p2a: Pinsir|59/272","|move|p2a: Pinsir|Return|p1a: Ditto","|-damage|p1a: Ditto|0 fnt","|faint|p1a: Ditto","|","|","|switch|p1a: Diggersby|Diggersby, M, shiny|312/312","|-damage|p1a: Diggersby|293/312|[from] Stealth Rock","|-status|p1a: Diggersby|psn","|-activate|p1a: Diggersby|move: Sticky Web","|-unboost|p1a: Diggersby|spe|1","|turn|22","|","|move|p1a: Diggersby|Quick Attack|p2a: Pinsir","|-damage|p2a: Pinsir|0 fnt","|-damage|p1a: Diggersby|262/312 psn|[from] item: Life Orb","|faint|p2a: Pinsir","|","|-damage|p1a: Diggersby|223/312 psn|[from] psn","|","|switch|p2a: Armaldo|Armaldo, F|353/353","|turn|23","|","|move|p1a: Diggersby|Fire Punch|p2a: Armaldo","|-damage|p2a: Armaldo|214/353","|-damage|p1a: Diggersby|192/312 psn|[from] item: Life Orb","|move|p2a: Armaldo|X-Scissor|p1a: Diggersby","|-damage|p1a: Diggersby|0 fnt","|faint|p1a: Diggersby","|","|","|switch|p1a: Meloetta|Meloetta|404/404","|-status|p1a: Meloetta|psn","|-activate|p1a: Meloetta|move: Sticky Web","|-unboost|p1a: Meloetta|spe|1","|-damage|p1a: Meloetta|354/404 psn|[from] Stealth Rock","|turn|24","|","|move|p1a: Meloetta|Hyper Voice|p2a: Armaldo","|-resisted|p2a: Armaldo","|-damage|p2a: Armaldo|166/353","|move|p2a: Armaldo|X-Scissor|p1a: Meloetta","|-supereffective|p1a: Meloetta","|-damage|p1a: Meloetta|6/404 psn","|","|-heal|p1a: Meloetta|31/404 psn|[from] item: Leftovers","|-damage|p1a: Meloetta|0 fnt|[from] psn","|faint|p1a: Meloetta","|","|switch|p1a: Smeargle|Smeargle, M, shiny|206/314","|-damage|p1a: Smeargle|167/314|[from] Stealth Rock","|-status|p1a: Smeargle|psn","|-activate|p1a: Smeargle|move: Sticky Web","|-unboost|p1a: Smeargle|spe|1","|turn|25","|","|move|p1a: Smeargle|Transform|p2a: Armaldo","|-transform|p1a: Smeargle|p2a: Armaldo","|move|p2a: Armaldo|X-Scissor|p1a: Smeargle","|-damage|p1a: Smeargle|7/314 psn","|","|-damage|p1a: Smeargle|0 fnt|[from] psn","|faint|p1a: Smeargle","|","|win|Sovereign♕Instert"],"p1rating":{"entryid":"7080447","serverid":"eos","formatid":"monotype","userid":"recruiterkingdra","username":"Recruiter♕Kingdra","w":"52","l":48,"t":"0","gxe":52.9,"r":"1531.8743260607","rd":"39.562679061502","sigma":"0","rptime":"1438160400","rpr":1522.0563495803,"rprd":37.879123970853,"rpsigma":"0","acre":1103.2127793594,"lacre":1103.2127793594,"oldacre":"1134.874795756"},"p2rating":{"entryid":"7260220","serverid":"eos","formatid":"monotype","userid":"sovereigninstert","username":"Sovereign♕Instert","w":2,"l":"0","t":"0","gxe":59.7,"r":"1500","rd":"130","sigma":"0","rptime":"1438160400","rpr":1577.6941252579,"rprd":115.9821201174,"rpsigma":"0","acre":1083.0603422994,"lacre":1083.0603422994,"oldacre":"1040"},"endType":"normal"}