{"seed":[56882,7001,18861,60717],"turns":26,"p1":"Nyan Loki","p2":"Rain ☆ Warner","p1team":[{"name":"Gastrodon","species":"Gastrodon","item":"lifeorb","ability":"Sticky Hold","moves":["earthpower","recover","surf","icebeam"],"nature":"Modest","evs":{"hp":248,"atk":0,"def":0,"spa":252,"spd":8,"spe":0},"ivs":{"hp":31,"atk":31,"def":31,"spa":31,"spd":31,"spe":31}},{"name":"Azumarill","species":"Azumarill","item":"lifeorb","ability":"Sap Sipper","moves":["aquajet","knockoff","playrough","poweruppunch"],"nature":"Adamant","evs":{"hp":248,"atk":252,"def":0,"spa":0,"spd":8,"spe":0},"ivs":{"hp":31,"atk":31,"def":31,"spa":31,"spd":31,"spe":31}},{"name":"Seismitoad","species":"Seismitoad","item":"focussash","ability":"Swift Swim","moves":["stealthrock","raindance","rockslide","drainpunch"],"nature":"Adamant","evs":{"hp":0,"atk":252,"def":0,"spa":0,"spd":4,"spe":252},"ivs":{"hp":31,"atk":31,"def":31,"spa":31,"spd":31,"spe":31}},{"name":"Sharpedo","species":"Sharpedo","item":"sharpedonite","ability":"Speed Boost","moves":["protect","crunch","waterfall","destinybond"],"nature":"Adamant","evs":{"hp":0,"atk":252,"def":0,"spa":0,"spd":4,"spe":252},"ivs":{"hp":31,"atk":31,"def":31,"spa":31,"spd":31,"spe":31}},{"name":"Jellicent","species":"Jellicent","item":"lifeorb","ability":"Cursed Body","moves":["hydropump","gigadrain","dazzlinggleam","psychic"],"nature":"Modest","evs":{"hp":248,"atk":0,"def":0,"spa":252,"spd":8,"spe":0},"ivs":{"hp":31,"atk":31,"def":31,"spa":31,"spd":31,"spe":31}},{"name":"Ludicolo","species":"Ludicolo","item":"lifeorb","ability":"Swift Swim","moves":["hydropump","energyball","gigadrain","icebeam"],"nature":"Modest","evs":{"hp":0,"atk":0,"def":0,"spa":252,"spd":4,"spe":252},"ivs":{"hp":31,"atk":31,"def":31,"spa":31,"spd":31,"spe":31}}],"p2team":[{"name":"Gardevoir","species":"Gardevoir","item":"gardevoirite","ability":"Trace","moves":["hypervoice","psyshock","focusblast","substitute"],"nature":"Timid","evs":{"hp":0,"atk":0,"def":4,"spa":252,"spd":0,"spe":252},"gender":"F","ivs":{"hp":31,"atk":31,"def":31,"spa":31,"spd":31,"spe":31}},{"name":"Slowbro","species":"Slowbro","item":"leftovers","ability":"Regenerator","moves":["flamethrower","scald","thunderwave","slackoff"],"nature":"Bold","evs":{"hp":252,"atk":0,"def":252,"spa":4,"spd":0,"spe":0},"gender":"M","ivs":{"hp":31,"atk":31,"def":31,"spa":31,"spd":31,"spe":31}},{"name":"Mew","species":"Mew","item":"leftovers","ability":"Synchronize","moves":["stealthrock","willowisp","defog","roost"],"nature":"Calm","evs":{"hp":252,"atk":0,"def":0,"spa":0,"spd":148,"spe":108},"ivs":{"hp":31,"atk":31,"def":31,"spa":31,"spd":31,"spe":31}},{"name":"Jirachi","species":"Jirachi","item":"choicescarf","ability":"Serene Grace","moves":["zenheadbutt","firepunch","ironhead","uturn"],"nature":"Jolly","evs":{"hp":0,"atk":252,"def":0,"spa":0,"spd":4,"spe":252},"ivs":{"hp":31,"atk":31,"def":31,"spa":31,"spd":31,"spe":31}},{"name":"Victini","species":"Victini","item":"choiceband","ability":"Victory Star","moves":["zenheadbutt","boltstrike","vcreate","trick"],"nature":"Jolly","evs":{"hp":0,"atk":252,"def":4,"spa":0,"spd":0,"spe":252},"ivs":{"hp":31,"atk":31,"def":31,"spa":31,"spd":31,"spe":31}},{"name":"Meloetta","species":"Meloetta","item":"assaultvest","ability":"Serene Grace","moves":["shadowball","energyball","focusblast","psyshock"],"nature":"Modest","evs":{"hp":144,"atk":0,"def":104,"spa":176,"spd":0,"spe":84},"ivs":{"hp":31,"atk":31,"def":31,"spa":31,"spd":31,"spe":31}}],"log":["|player|p1|Nyan Loki|222","|player|p2|Rain ☆ Warner|167","|gametype|singles","|gen|6","|tier|Monotype","|rated","|rule|Baton Pass Clause: Limit one Baton Passer, can't pass Spe and other stats simultaneously","|rule|Swagger Clause: Swagger is banned","|rule|Same Type Clause: Pokémon in a team must share a type","|clearpoke","|poke|p1|Gastrodon, M","|poke|p1|Azumarill, F","|poke|p1|Seismitoad, F","|poke|p1|Sharpedo, M","|poke|p1|Jellicent, M","|poke|p1|Ludicolo, F","|poke|p2|Gardevoir, F","|poke|p2|Slowbro, M","|poke|p2|Mew","|poke|p2|Jirachi","|poke|p2|Victini","|poke|p2|Meloetta","|rule|Sleep Clause Mod: Limit one foe put to sleep","|rule|Species Clause: Limit one of each Pokémon","|rule|OHKO Clause: OHKO moves are banned","|rule|Moody Clause: Moody is banned","|rule|Evasion Moves Clause: Evasion moves are banned","|rule|Endless Battle Clause: Forcing endless battles is banned","|rule|HP Percentage Mod: HP is shown in percentages","|teampreview","|","|start","|switch|p1a: Seismitoad|Seismitoad, F|351/351","|switch|p2a: Gardevoir|Gardevoir, F|277/277","|-ability|p2a: Gardevoir|Swift Swim|[from] ability: Trace|[of] p1a: Seismitoad","|turn|1","|","|detailschange|p2a: Gardevoir|Gardevoir-Mega, F","|-mega|p2a: Gardevoir|Gardevoir|Gardevoirite","|move|p2a: Gardevoir|Substitute|p2a: Gardevoir","|-start|p2a: Gardevoir|Substitute","|-damage|p2a: Gardevoir|208/277","|move|p1a: Seismitoad|Stealth Rock|p2a: Gardevoir","|-sidestart|p2: Rain ☆ Warner|move: Stealth Rock","|","|turn|2","|","|move|p2a: Gardevoir|Hyper Voice|p1a: Seismitoad","|-damage|p1a: Seismitoad|15/351","|move|p1a: Seismitoad|Rain Dance|p1a: Seismitoad","|-weather|RainDance","|","|-weather|RainDance|[upkeep]","|turn|3","|","|move|p1a: Seismitoad|Rock Slide|p2a: Gardevoir","|-end|p2a: Gardevoir|Substitute","|move|p2a: Gardevoir|Hyper Voice|p1a: Seismitoad","|-damage|p1a: Seismitoad|0 fnt","|faint|p1a: Seismitoad","|","|-weather|RainDance|[upkeep]","|","|switch|p1a: Ludicolo|Ludicolo, F|301/301","|turn|4","|","|move|p1a: Ludicolo|Hydro Pump|p2a: Gardevoir|[miss]","|-miss|p1a: Ludicolo|p2a: Gardevoir","|move|p2a: Gardevoir|Hyper Voice|p1a: Ludicolo","|-damage|p1a: Ludicolo|39/301","|","|-weather|RainDance|[upkeep]","|turn|5","|","|move|p1a: Ludicolo|Hydro Pump|p2a: Gardevoir","|-damage|p2a: Gardevoir|0 fnt","|-damage|p1a: Ludicolo|9/301|[from] item: Life Orb","|faint|p2a: Gardevoir","|","|-weather|RainDance|[upkeep]","|","|switch|p2a: Jirachi|Jirachi|341/341","|-damage|p2a: Jirachi|320/341|[from] Stealth Rock","|turn|6","|","|move|p2a: Jirachi|U-turn|p1a: Ludicolo","|-supereffective|p1a: Ludicolo","|-damage|p1a: Ludicolo|0 fnt","|faint|p1a: Ludicolo","|","|switch|p2a: Mew|Mew|404/404","|-damage|p2a: Mew|354/404|[from] Stealth Rock","|","|-weather|none","|-heal|p2a: Mew|379/404|[from] item: Leftovers","|","|switch|p1a: Jellicent|Jellicent, M|403/403","|turn|7","|","|move|p2a: Mew|Defog|p1a: Jellicent","|-unboost|p1a: Jellicent|evasion|1","|-sideend|p2: Rain ☆ Warner|Stealth Rock|[from] move: Defog|[of] p2a: Mew","|move|p1a: Jellicent|Hydro Pump|p2a: Mew","|-damage|p2a: Mew|227/404","|-damage|p1a: Jellicent|363/403|[from] item: Life Orb","|","|-heal|p2a: Mew|252/404|[from] item: Leftovers","|turn|8","|","|move|p2a: Mew|Stealth Rock|p1a: Jellicent","|-sidestart|p1: Nyan Loki|move: Stealth Rock","|move|p1a: Jellicent|Hydro Pump|p2a: Mew","|-damage|p2a: Mew|79/404","|-damage|p1a: Jellicent|323/403|[from] item: Life Orb","|","|-heal|p2a: Mew|104/404|[from] item: Leftovers","|turn|9","|","|move|p2a: Mew|Roost|p2a: Mew","|-heal|p2a: Mew|306/404","|move|p1a: Jellicent|Hydro Pump|p2a: Mew|[miss]","|-miss|p1a: Jellicent|p2a: Mew","|","|-heal|p2a: Mew|331/404|[from] item: Leftovers","|turn|10","|","|move|p2a: Mew|Will-O-Wisp|p1a: Jellicent","|-status|p1a: Jellicent|brn","|move|p1a: Jellicent|Giga Drain|p2a: Mew","|-damage|p2a: Mew|254/404","|-heal|p1a: Jellicent|362/403 brn|[from] drain|[of] p2a: Mew","|-damage|p1a: Jellicent|322/403 brn|[from] item: Life Orb","|","|-heal|p2a: Mew|279/404|[from] item: Leftovers","|-damage|p1a: Jellicent|272/403 brn|[from] brn","|turn|11","|","|move|p2a: Mew|Roost|p2a: Mew","|-heal|p2a: Mew|404/404","|move|p1a: Jellicent|Hydro Pump|p2a: Mew","|-damage|p2a: Mew|239/404","|-damage|p1a: Jellicent|232/403 brn|[from] item: Life Orb","|","|-heal|p2a: Mew|264/404|[from] item: Leftovers","|-damage|p1a: Jellicent|182/403 brn|[from] brn","|turn|12","|","|switch|p1a: Azumarill|Azumarill, F|403/403","|-damage|p1a: Azumarill|353/403|[from] Stealth Rock","|move|p2a: Mew|Roost|p2a: Mew","|-heal|p2a: Mew|404/404","|","|turn|13","|","|move|p2a: Mew|Will-O-Wisp|p1a: Azumarill","|-status|p1a: Azumarill|brn","|move|p1a: Azumarill|Knock Off|p2a: Mew","|-supereffective|p2a: Mew","|-damage|p2a: Mew|310/404","|-enditem|p2a: Mew|Leftovers|[from] move: Knock Off|[of] p1a: Azumarill","|-damage|p1a: Azumarill|313/403 brn|[from] item: Life Orb","|","|-damage|p1a: Azumarill|263/403 brn|[from] brn","|turn|14","|","|switch|p1a: Sharpedo|Sharpedo, M|281/281","|-damage|p1a: Sharpedo|246/281|[from] Stealth Rock","|move|p2a: Mew|Roost|p2a: Mew","|-heal|p2a: Mew|404/404","|","|turn|15","|","|move|p1a: Sharpedo|Protect|p1a: Sharpedo","|-singleturn|p1a: Sharpedo|Protect","|move|p2a: Mew|Will-O-Wisp|p1a: Sharpedo","|-activate|p1a: Sharpedo|Protect","|","|-boost|p1a: Sharpedo|spe|1|[from] ability: Speed Boost","|turn|16","|","|detailschange|p1a: Sharpedo|Sharpedo-Mega, M","|-mega|p1a: Sharpedo|Sharpedo|Sharpedonite","|move|p1a: Sharpedo|Crunch|p2a: Mew","|-supereffective|p2a: Mew","|-damage|p2a: Mew|0 fnt","|faint|p2a: Mew","|","|","|switch|p2a: Slowbro|Slowbro, M|394/394","|turn|17","|","|move|p1a: Sharpedo|Crunch|p2a: Slowbro","|-supereffective|p2a: Slowbro","|-damage|p2a: Slowbro|52/394","|move|p2a: Slowbro|Thunder Wave|p1a: Sharpedo","|-status|p1a: Sharpedo|par","|","|-heal|p2a: Slowbro|76/394|[from] item: Leftovers","|turn|18","|","|cant|p1a: Sharpedo|par","|move|p2a: Slowbro|Scald|p1a: Sharpedo","|-resisted|p1a: Sharpedo","|-damage|p1a: Sharpedo|182/281 par","|","|-heal|p2a: Slowbro|100/394|[from] item: Leftovers","|turn|19","|","|cant|p1a: Sharpedo|par","|move|p2a: Slowbro|Scald|p1a: Sharpedo","|-resisted|p1a: Sharpedo","|-damage|p1a: Sharpedo|117/281 par","|","|-heal|p2a: Slowbro|124/394|[from] item: Leftovers","|turn|20","|","|move|p1a: Sharpedo|Crunch|p2a: Slowbro","|-supereffective|p2a: Slowbro","|-damage|p2a: Slowbro|0 fnt","|faint|p2a: Slowbro","|","|","|switch|p2a: Jirachi|Jirachi|320/341","|turn|21","|","|move|p2a: Jirachi|U-turn|p1a: Sharpedo","|-supereffective|p1a: Sharpedo","|-damage|p1a: Sharpedo|0 fnt","|faint|p1a: Sharpedo","|","|switch|p2a: Victini|Victini|341/341","|","|","|switch|p1a: Gastrodon|Gastrodon, M|425/425","|-damage|p1a: Gastrodon|399/425|[from] Stealth Rock","|turn|22","|","|move|p2a: Victini|Trick|p1a: Gastrodon","|-immune|p1a: Gastrodon|[msg]","|move|p1a: Gastrodon|Surf|p2a: Victini","|-supereffective|p2a: Victini","|-damage|p2a: Victini|0 fnt","|-damage|p1a: Gastrodon|357/425|[from] item: Life Orb","|faint|p2a: Victini","|","|","|switch|p2a: Jirachi|Jirachi|320/341","|turn|23","|","|move|p2a: Jirachi|Zen Headbutt|p1a: Gastrodon","|-damage|p1a: Gastrodon|185/425","|move|p1a: Gastrodon|Earth Power|p2a: Jirachi","|-supereffective|p2a: Jirachi","|-damage|p2a: Jirachi|0 fnt","|-damage|p1a: Gastrodon|143/425|[from] item: Life Orb","|faint|p2a: Jirachi","|","|","|switch|p2a: Meloetta|Meloetta|377/377","|turn|24","|","|move|p2a: Meloetta|Energy Ball|p1a: Gastrodon","|-supereffective|p1a: Gastrodon","|-damage|p1a: Gastrodon|0 fnt","|faint|p1a: Gastrodon","|","|","|switch|p1a: Jellicent|Jellicent, M|182/403 brn","|-damage|p1a: Jellicent|132/403 brn|[from] Stealth Rock","|turn|25","|","|move|p2a: Meloetta|Energy Ball|p1a: Jellicent","|-supereffective|p1a: Jellicent","|-damage|p1a: Jellicent|0 fnt","|-start|p2a: Meloetta|Disable|Energy Ball","|faint|p1a: Jellicent","|","|","|switch|p1a: Azumarill|Azumarill, F|263/403 brn","|-damage|p1a: Azumarill|213/403 brn|[from] Stealth Rock","|turn|26","|","|move|p2a: Meloetta|Psyshock|p1a: Azumarill","|-damage|p1a: Azumarill|33/403 brn","|move|p1a: Azumarill|Knock Off|p2a: Meloetta","|-supereffective|p2a: Meloetta","|-damage|p2a: Meloetta|280/377","|-enditem|p2a: Meloetta|Assault Vest|[from] move: Knock Off|[of] p1a: Azumarill","|-damage|p1a: Azumarill|0 fnt|[from] item: Life Orb","|faint|p1a: Azumarill","|","|win|Rain ☆ Warner"],"p1rating":{"entryid":"6540883","serverid":"eos","formatid":"monotype","userid":"nyanloki","username":"Nyan Loki","w":"3","l":7,"t":"0","gxe":40,"r":"1451.7162163683","rd":"127.55093627511","sigma":"0","rptime":"1438246800","rpr":1421.3867790271,"rprd":89.01924375551,"rpsigma":"0","acre":1074.3370151393,"lacre":1074.3370151393,"oldacre":"1087.2487162875"},"p2rating":{"entryid":"7100021","serverid":"eos","formatid":"monotype","userid":"rainwarner","username":"Rain ☆ Warner","w":19,"l":"6","t":"0","gxe":67.4,"r":"1632.4355338535","rd":"68.235150525463","sigma":"0","rptime":"1438246800","rpr":1639.1159765813,"rprd":67.348927827877,"rpsigma":"0","acre":1265.6208307123,"lacre":1265.6208307123,"oldacre":"1251.6394459406"},"endType":"normal"}