{"seed":[18326,60475,62288,41773],"turns":33,"p1":"Carnie Marston","p2":"Traine✘ Chief","p1team":[{"name":"Terrakion","species":"Terrakion","item":"expertbelt","ability":"Justified","moves":["earthquake","closecombat","ironhead","rockslide"],"nature":"Jolly","evs":{"hp":0,"atk":252,"def":0,"spa":0,"spd":4,"spe":252},"ivs":{"hp":31,"atk":31,"def":31,"spa":31,"spd":31,"spe":31}},{"name":"Tyranitar","species":"Tyranitar","item":"tyranitarite","ability":"Sand Stream","moves":["dragondance","rockslide","crunch","earthquake"],"nature":"Adamant","evs":{"hp":0,"atk":252,"def":0,"spa":0,"spd":4,"spe":252},"ivs":{"hp":31,"atk":31,"def":31,"spa":31,"spd":31,"spe":31}},{"name":"Rhyperior","species":"Rhyperior","item":"assaultvest","ability":"Solid Rock","moves":["earthquake","megahorn","icefang","rockwrecker"],"nature":"Adamant","evs":{"hp":248,"atk":252,"def":0,"spa":0,"spd":8,"spe":0},"ivs":{"hp":31,"atk":31,"def":31,"spa":31,"spd":31,"spe":31}},{"name":"Crustle","species":"Crustle","item":"airballoon","ability":"Sturdy","moves":["shellsmash","rockblast","xscissor","substitute"],"nature":"Adamant","evs":{"hp":0,"atk":252,"def":0,"spa":0,"spd":4,"spe":252},"ivs":{"hp":31,"atk":31,"def":31,"spa":31,"spd":31,"spe":31}},{"name":"Aerodactyl","species":"Aerodactyl","item":"expertbelt","ability":"Rock Head","moves":["earthquake","thunderfang","firefang","rockslide"],"nature":"Jolly","evs":{"hp":0,"atk":252,"def":0,"spa":0,"spd":4,"spe":252},"ivs":{"hp":31,"atk":31,"def":31,"spa":31,"spd":31,"spe":31}},{"name":"Cradily","species":"Cradily","item":"airballoon","ability":"Suction Cups","moves":["sludgewave","ancientpower","stealthrock","energyball"],"nature":"Modest","evs":{"hp":248,"atk":0,"def":0,"spa":252,"spd":8,"spe":0},"ivs":{"hp":31,"atk":31,"def":31,"spa":31,"spd":31,"spe":31}}],"p2team":[{"name":"Charizard","species":"Charizard","item":"charizarditex","ability":"Solar Power","moves":["dragondance","dragonclaw","flareblitz","earthquake"],"nature":"Adamant","evs":{"hp":144,"atk":252,"def":0,"spa":0,"spd":0,"spe":112},"ivs":{"hp":31,"atk":31,"def":31,"spa":31,"spd":31,"spe":31}},{"name":"Landorus-Therian","species":"Landorus-Therian","item":"choicescarf","ability":"Intimidate","moves":["uturn","earthquake","superpower","stoneedge"],"nature":"Jolly","evs":{"hp":0,"atk":252,"def":0,"spa":0,"spd":4,"spe":252},"ivs":{"hp":31,"atk":31,"def":31,"spa":31,"spd":31,"spe":31}},{"name":"Gyarados","species":"Gyarados","item":"assaultvest","ability":"Intimidate","moves":["dragontail","waterfall","icefang","earthquake"],"nature":"Adamant","evs":{"hp":248,"atk":252,"def":0,"spa":0,"spd":8,"spe":0},"ivs":{"hp":31,"atk":31,"def":31,"spa":31,"spd":31,"spe":31}},{"name":"Skarmory","species":"Skarmory","item":"rockyhelmet","ability":"Sturdy","moves":["stealthrock","spikes","roost","whirlwind"],"nature":"Bold","evs":{"hp":248,"atk":0,"def":252,"spa":0,"spd":8,"spe":0},"ivs":{"hp":31,"atk":31,"def":31,"spa":31,"spd":31,"spe":31}},{"name":"Togekiss","species":"Togekiss","item":"leftovers","ability":"Serene Grace","moves":["nastyplot","airslash","roost","thunderwave"],"nature":"Calm","evs":{"hp":248,"atk":0,"def":0,"spa":8,"spd":252,"spe":0},"ivs":{"hp":31,"atk":31,"def":31,"spa":31,"spd":31,"spe":31}},{"name":"Thundurus","species":"Thundurus","item":"lifeorb","ability":"Prankster","moves":["thunderwave","grassknot","nastyplot","thunderbolt"],"nature":"Timid","evs":{"hp":0,"atk":0,"def":0,"spa":252,"spd":4,"spe":252},"ivs":{"hp":31,"atk":31,"def":31,"spa":31,"spd":31,"spe":31}}],"log":["|player|p1|Carnie Marston|238","|player|p2|Traine✘ Chief|127","|gametype|singles","|gen|6","|tier|Monotype","|rated","|rule|Baton Pass Clause: Limit one Baton Passer, can't pass Spe and other stats simultaneously","|rule|Swagger Clause: Swagger is banned","|rule|Same Type Clause: Pokémon in a team must share a type","|clearpoke","|poke|p1|Terrakion","|poke|p1|Tyranitar, F","|poke|p1|Rhyperior, M","|poke|p1|Crustle, F","|poke|p1|Aerodactyl, F","|poke|p1|Cradily, M","|poke|p2|Charizard, M","|poke|p2|Landorus-Therian, M","|poke|p2|Gyarados, F","|poke|p2|Skarmory, F","|poke|p2|Togekiss, M","|poke|p2|Thundurus, M","|rule|Sleep Clause Mod: Limit one foe put to sleep","|rule|Species Clause: Limit one of each Pokémon","|rule|OHKO Clause: OHKO moves are banned","|rule|Moody Clause: Moody is banned","|rule|Evasion Moves Clause: Evasion moves are banned","|rule|Endless Battle Clause: Forcing endless battles is banned","|rule|HP Percentage Mod: HP is shown in percentages","|teampreview","|","|start","|switch|p1a: Crustle|Crustle, F|281/281","|switch|p2a: Landorus-Therian|Landorus-Therian, M|319/319","|-ability|p2a: Landorus-Therian|Intimidate","|-unboost|p1a: Crustle|atk|1","|-item|p1a: Crustle|Air Balloon","|turn|1","|","|move|p2a: Landorus-Therian|Stone Edge|p1a: Crustle|[miss]","|-miss|p2a: Landorus-Therian|p1a: Crustle","|move|p1a: Crustle|Shell Smash|p1a: Crustle","|-boost|p1a: Crustle|atk|2","|-boost|p1a: Crustle|spa|2","|-boost|p1a: Crustle|spe|2","|-unboost|p1a: Crustle|def|1","|-unboost|p1a: Crustle|spd|1","|","|turn|2","|","|move|p2a: Landorus-Therian|Stone Edge|p1a: Crustle","|-supereffective|p1a: Crustle","|-activate|p1a: Crustle|Sturdy","|-damage|p1a: Crustle|1/281","|-enditem|p1a: Crustle|Air Balloon","|move|p1a: Crustle|Shell Smash|p1a: Crustle","|-boost|p1a: Crustle|atk|2","|-boost|p1a: Crustle|spa|2","|-boost|p1a: Crustle|spe|2","|-unboost|p1a: Crustle|def|1","|-unboost|p1a: Crustle|spd|1","|","|turn|3","|","|move|p1a: Crustle|Rock Blast|p2a: Landorus-Therian","|-damage|p2a: Landorus-Therian|211/319","|-damage|p2a: Landorus-Therian|109/319","|-hitcount|p2a: Landorus-Therian|2","|move|p2a: Landorus-Therian|Stone Edge|p1a: Crustle","|-supereffective|p1a: Crustle","|-damage|p1a: Crustle|0 fnt","|faint|p1a: Crustle","|","|","|switch|p1a: Rhyperior|Rhyperior, M|433/433","|turn|4","|","|switch|p2a: Skarmory|Skarmory, F|333/333","|move|p1a: Rhyperior|Ice Fang|p2a: Skarmory","|-damage|p2a: Skarmory|284/333","|-damage|p1a: Rhyperior|361/433|[from] item: Rocky Helmet|[of] p2a: Skarmory","|","|turn|5","|","|move|p2a: Skarmory|Stealth Rock|p1a: Rhyperior","|-sidestart|p1: Carnie Marston|move: Stealth Rock","|move|p1a: Rhyperior|Rock Wrecker|p2a: Skarmory","|-damage|p2a: Skarmory|101/333","|","|turn|6","|-mustrecharge|p1a: Rhyperior","|-mustrecharge|p1a: Rhyperior","|","|move|p2a: Skarmory|Roost|p2a: Skarmory","|-heal|p2a: Skarmory|268/333","|cant|p1a: Rhyperior|recharge","|","|turn|7","|","|switch|p1a: Terrakion|Terrakion|323/323","|-damage|p1a: Terrakion|303/323|[from] Stealth Rock","|move|p2a: Skarmory|Roost|p2a: Skarmory","|-heal|p2a: Skarmory|333/333","|","|turn|8","|","|move|p1a: Terrakion|Rock Slide|p2a: Skarmory","|-damage|p2a: Skarmory|254/333","|cant|p2a: Skarmory|flinch","|","|turn|9","|","|move|p1a: Terrakion|Rock Slide|p2a: Skarmory","|-damage|p2a: Skarmory|176/333","|cant|p2a: Skarmory|flinch","|","|turn|10","|","|move|p1a: Terrakion|Rock Slide|p2a: Skarmory","|-miss|p1a: Terrakion|p2a: Skarmory","|move|p2a: Skarmory|Roost|p2a: Skarmory","|-heal|p2a: Skarmory|333/333","|","|turn|11","|","|move|p1a: Terrakion|Rock Slide|p2a: Skarmory","|-damage|p2a: Skarmory|254/333","|move|p2a: Skarmory|Spikes|p1a: Terrakion","|-sidestart|p1: Carnie Marston|Spikes","|","|turn|12","|","|move|p1a: Terrakion|Rock Slide|p2a: Skarmory","|-damage|p2a: Skarmory|182/333","|move|p2a: Skarmory|Spikes|p1a: Terrakion","|-sidestart|p1: Carnie Marston|Spikes","|","|turn|13","|","|move|p1a: Terrakion|Rock Slide|p2a: Skarmory","|-crit|p2a: Skarmory","|-damage|p2a: Skarmory|76/333","|move|p2a: Skarmory|Roost|p2a: Skarmory","|-heal|p2a: Skarmory|243/333","|","|turn|14","|","|move|p1a: Terrakion|Close Combat|p2a: Skarmory","|-damage|p2a: Skarmory|111/333","|-damage|p1a: Terrakion|250/323|[from] item: Rocky Helmet|[of] p2a: Skarmory","|-unboost|p1a: Terrakion|def|1","|-unboost|p1a: Terrakion|spd|1","|move|p2a: Skarmory|Roost|p2a: Skarmory","|-heal|p2a: Skarmory|278/333","|","|turn|15","|","|move|p1a: Terrakion|Rock Slide|p2a: Skarmory","|-damage|p2a: Skarmory|206/333","|move|p2a: Skarmory|Spikes|p1a: Terrakion","|-sidestart|p1: Carnie Marston|Spikes","|","|turn|16","|","|move|p1a: Terrakion|Rock Slide|p2a: Skarmory","|-damage|p2a: Skarmory|128/333","|cant|p2a: Skarmory|flinch","|","|turn|17","|","|move|p1a: Terrakion|Rock Slide|p2a: Skarmory","|-damage|p2a: Skarmory|53/333","|cant|p2a: Skarmory|flinch","|","|turn|18","|","|move|p1a: Terrakion|Rock Slide|p2a: Skarmory","|-damage|p2a: Skarmory|0 fnt","|faint|p2a: Skarmory","|","|","|switch|p2a: Gyarados|Gyarados, F|393/393","|-ability|p2a: Gyarados|Intimidate","|-unboost|p1a: Terrakion|atk|1","|turn|19","|","|switch|p2a: Landorus-Therian|Landorus-Therian, M|109/319","|-ability|p2a: Landorus-Therian|Intimidate","|-unboost|p1a: Terrakion|atk|1","|move|p1a: Terrakion|Rock Slide|p2a: Landorus-Therian","|-damage|p2a: Landorus-Therian|36/319","|","|turn|20","|","|move|p2a: Landorus-Therian|U-turn|p1a: Terrakion","|-resisted|p1a: Terrakion","|-damage|p1a: Terrakion|175/323","|","|switch|p2a: Gyarados|Gyarados, F|393/393","|-ability|p2a: Gyarados|Intimidate","|-unboost|p1a: Terrakion|atk|1","|move|p1a: Terrakion|Rock Slide|p2a: Gyarados","|-supereffective|p2a: Gyarados","|-damage|p2a: Gyarados|242/393","|","|turn|21","|","|move|p1a: Terrakion|Rock Slide|p2a: Gyarados","|-miss|p1a: Terrakion|p2a: Gyarados","|move|p2a: Gyarados|Dragon Tail|p1a: Terrakion","|-damage|p1a: Terrakion|46/323","|drag|p1a: Rhyperior|Rhyperior, M|361/433","|-damage|p1a: Rhyperior|253/433|[from] Spikes","|-damage|p1a: Rhyperior|226/433|[from] Stealth Rock","|","|turn|22","|","|move|p2a: Gyarados|Waterfall|p1a: Rhyperior","|-crit|p1a: Rhyperior","|-supereffective|p1a: Rhyperior","|-damage|p1a: Rhyperior|0 fnt","|faint|p1a: Rhyperior","|","|","|switch|p1a: Cradily|Cradily, M|375/375","|-damage|p1a: Cradily|329/375|[from] Stealth Rock","|-item|p1a: Cradily|Air Balloon","|turn|23","|","|move|p1a: Cradily|Stealth Rock|p2a: Gyarados","|-sidestart|p2: Traine✘ Chief|move: Stealth Rock","|move|p2a: Gyarados|Dragon Tail|p1a: Cradily","|-damage|p1a: Cradily|245/375","|-enditem|p1a: Cradily|Air Balloon","|-activate|p1a: Cradily|ability: Suction Cups","|","|turn|24","|","|move|p2a: Gyarados|Earthquake|p1a: Cradily","|-damage|p1a: Cradily|126/375","|move|p1a: Cradily|Ancient Power|p2a: Gyarados","|-supereffective|p2a: Gyarados","|-damage|p2a: Gyarados|120/393","|-boost|p1a: Cradily|atk|1","|-boost|p1a: Cradily|def|1","|-boost|p1a: Cradily|spa|1","|-boost|p1a: Cradily|spd|1","|-boost|p1a: Cradily|spe|1","|","|turn|25","|","|move|p2a: Gyarados|Ice Fang|p1a: Cradily","|-supereffective|p1a: Cradily","|-damage|p1a: Cradily|12/375","|move|p1a: Cradily|Ancient Power|p2a: Gyarados","|-supereffective|p2a: Gyarados","|-damage|p2a: Gyarados|0 fnt","|faint|p2a: Gyarados","|","|","|switch|p2a: Landorus-Therian|Landorus-Therian, M|36/319","|-damage|p2a: Landorus-Therian|0 fnt|[from] Stealth Rock","|faint|p2a: Landorus-Therian","|","|switch|p2a: Thundurus|Thundurus, M|299/299","|-damage|p2a: Thundurus|225/299|[from] Stealth Rock","|turn|26","|","|move|p2a: Thundurus|Thunderbolt|p1a: Cradily","|-crit|p1a: Cradily","|-resisted|p1a: Cradily","|-damage|p1a: Cradily|0 fnt","|-damage|p2a: Thundurus|196/299|[from] item: Life Orb","|faint|p1a: Cradily","|","|","|switch|p1a: Terrakion|Terrakion|46/323","|-damage|p1a: Terrakion|26/323|[from] Stealth Rock","|-damage|p1a: Terrakion|0 fnt|[from] Spikes","|faint|p1a: Terrakion","|","|switch|p1a: Tyranitar|Tyranitar, F|341/341","|-damage|p1a: Tyranitar|299/341|[from] Stealth Rock","|-damage|p1a: Tyranitar|214/341|[from] Spikes","|-weather|Sandstorm","|turn|27","|","|detailschange|p1a: Tyranitar|Tyranitar-Mega, F","|-mega|p1a: Tyranitar|Tyranitar|Tyranitarite","|move|p2a: Thundurus|Grass Knot|p1a: Tyranitar","|-supereffective|p1a: Tyranitar","|-damage|p1a: Tyranitar|0 fnt","|-damage|p2a: Thundurus|167/299|[from] item: Life Orb","|faint|p1a: Tyranitar","|","|-weather|Sandstorm|[upkeep]","|-damage|p2a: Thundurus|149/299|[from] sandstorm","|","|switch|p1a: Aerodactyl|Aerodactyl, F|301/301","|-damage|p1a: Aerodactyl|226/301|[from] Stealth Rock","|turn|28","|","|move|p2a: Thundurus|Thunder Wave|p1a: Aerodactyl","|-status|p1a: Aerodactyl|par","|move|p1a: Aerodactyl|Rock Slide|p2a: Thundurus","|-supereffective|p2a: Thundurus","|-damage|p2a: Thundurus|0 fnt","|faint|p2a: Thundurus","|","|-weather|Sandstorm|[upkeep]","|","|switch|p2a: Togekiss|Togekiss, M|373/373","|-damage|p2a: Togekiss|280/373|[from] Stealth Rock","|turn|29","|","|move|p2a: Togekiss|Air Slash|p1a: Aerodactyl","|-crit|p1a: Aerodactyl","|-resisted|p1a: Aerodactyl","|-damage|p1a: Aerodactyl|159/301 par","|cant|p1a: Aerodactyl|flinch","|","|-weather|Sandstorm|[upkeep]","|-damage|p2a: Togekiss|257/373|[from] sandstorm","|-heal|p2a: Togekiss|280/373|[from] item: Leftovers","|turn|30","|","|move|p2a: Togekiss|Air Slash|p1a: Aerodactyl","|-resisted|p1a: Aerodactyl","|-damage|p1a: Aerodactyl|114/301 par","|cant|p1a: Aerodactyl|flinch","|","|-weather|Sandstorm|[upkeep]","|-damage|p2a: Togekiss|257/373|[from] sandstorm","|-heal|p2a: Togekiss|280/373|[from] item: Leftovers","|turn|31","|","|move|p2a: Togekiss|Air Slash|p1a: Aerodactyl","|-resisted|p1a: Aerodactyl","|-damage|p1a: Aerodactyl|69/301 par","|cant|p1a: Aerodactyl|flinch","|","|-weather|none","|-heal|p2a: Togekiss|303/373|[from] item: Leftovers","|turn|32","|","|move|p2a: Togekiss|Air Slash|p1a: Aerodactyl","|-resisted|p1a: Aerodactyl","|-damage|p1a: Aerodactyl|9/301 par","|cant|p1a: Aerodactyl|flinch","|","|-heal|p2a: Togekiss|326/373|[from] item: Leftovers","|turn|33","|","|move|p2a: Togekiss|Air Slash|p1a: Aerodactyl","|-resisted|p1a: Aerodactyl","|-damage|p1a: Aerodactyl|0 fnt","|faint|p1a: Aerodactyl","|","|win|Traine✘ Chief"],"p1rating":{"entryid":"6128703","serverid":"eos","formatid":"monotype","userid":"carniemarston","username":"Carnie Marston","w":"23","l":81,"t":"0","gxe":25.3,"r":1298.1328712644,"rd":49.061891506137,"sigma":"0","rptime":1438246800,"rpr":1294.9133306958,"rprd":48.747616726377,"rpsigma":"0","acre":1049.9324885035,"lacre":1049.9324885035,"oldacre":"1068.4522122108"},"p2rating":{"entryid":"7268014","serverid":"eos","formatid":"monotype","userid":"trainechief","username":"Traine✘ Chief","w":4,"l":"2","t":"0","gxe":53.3,"r":"1500","rd":"130","sigma":"0","rptime":"1438246800","rpr":1525.8713236639,"rprd":99.119353821185,"rpsigma":"0","acre":1121.5435558205,"lacre":1121.5435558205,"oldacre":"1098.4933037626"},"endType":"normal"}