{"seed":[60191,60271,16285,59170],"turns":23,"p1":"Leade✘ Viewz","p2":"CTIL-Adin","p1team":[{"name":"Latias","species":"Latias","item":"lifeorb","ability":"Levitate","moves":["defog","psyshock","hiddenpowerfire","dragonpulse"],"nature":"Timid","evs":{"hp":0,"atk":0,"def":0,"spa":252,"spd":4,"spe":252},"ivs":{"hp":31,"atk":30,"def":31,"spa":30,"spd":31,"spe":30}},{"name":"Dragonite","species":"Dragonite","item":"choiceband","ability":"Multiscale","moves":["extremespeed","outrage","dragonclaw","earthquake"],"nature":"Adamant","evs":{"hp":248,"atk":252,"def":0,"spa":0,"spd":8,"spe":0},"ivs":{"hp":31,"atk":31,"def":31,"spa":31,"spd":31,"spe":31}},{"name":"Altaria","species":"Altaria","item":"altarianite","ability":"Natural Cure","moves":["dragondance","return","earthquake","roost"],"nature":"Adamant","evs":{"hp":0,"atk":252,"def":0,"spa":0,"spd":4,"spe":252},"ivs":{"hp":31,"atk":31,"def":31,"spa":31,"spd":31,"spe":31}},{"name":"Goodra","species":"Goodra","item":"assaultvest","ability":"Sap Sipper","moves":["dragonpulse","fireblast","icebeam","superpower"],"nature":"Rash","evs":{"hp":248,"atk":8,"def":0,"spa":252,"spd":0,"spe":0},"ivs":{"hp":31,"atk":31,"def":31,"spa":31,"spd":31,"spe":31}},{"name":"Kyurem-Black","species":"Kyurem-Black","item":"choicescarf","ability":"Teravolt","moves":["outrage","dragonclaw","fusionbolt","stoneedge"],"nature":"Jolly","evs":{"hp":0,"atk":252,"def":0,"spa":0,"spd":4,"spe":252},"ivs":{"hp":31,"atk":31,"def":31,"spa":31,"spd":31,"spe":31}},{"name":"Noivern","species":"Noivern","item":"lifeorb","ability":"Infiltrator","moves":["boomburst","dracometeor","flamethrower","focusblast"],"nature":"Timid","evs":{"hp":0,"atk":0,"def":0,"spa":252,"spd":4,"spe":252},"ivs":{"hp":31,"atk":31,"def":31,"spa":31,"spd":31,"spe":31}}],"p2team":[{"name":"Aerodactyl","species":"Aerodactyl","item":"aerodactylite","ability":"Unnerve","moves":["aerialace","honeclaws","stoneedge","earthquake"],"nature":"Jolly","evs":{"hp":0,"atk":252,"def":0,"spa":0,"spd":4,"spe":252},"ivs":{"hp":31,"atk":31,"def":31,"spa":31,"spd":31,"spe":31}},{"name":"Thundurus","species":"Thundurus","item":"leftovers","ability":"Prankster","moves":["thunderwave","hiddenpowerice","thunderbolt","focusblast"],"nature":"Timid","evs":{"hp":0,"atk":0,"def":0,"spa":252,"spd":4,"spe":252},"ivs":{"hp":31,"atk":30,"def":30,"spa":31,"spd":31,"spe":31}},{"name":"Togekiss","species":"Togekiss","item":"leftovers","ability":"Serene Grace","moves":["thunderwave","airslash","roost","defog"],"nature":"Calm","evs":{"hp":252,"atk":0,"def":0,"spa":4,"spd":252,"spe":0},"ivs":{"hp":31,"atk":31,"def":31,"spa":31,"spd":31,"spe":31}},{"name":"Landorus-Therian","species":"Landorus-Therian","item":"choicescarf","ability":"Intimidate","moves":["uturn","knockoff","stoneedge","earthquake"],"nature":"Jolly","evs":{"hp":0,"atk":252,"def":4,"spa":0,"spd":0,"spe":252},"ivs":{"hp":31,"atk":31,"def":31,"spa":31,"spd":31,"spe":31}},{"name":"Skarmory","species":"Skarmory","item":"rockyhelmet","ability":"Sturdy","moves":["stealthrock","roost","whirlwind","ironhead"],"nature":"Impish","evs":{"hp":248,"atk":0,"def":236,"spa":0,"spd":0,"spe":24},"ivs":{"hp":31,"atk":31,"def":31,"spa":31,"spd":31,"spe":31}},{"name":"Salamence","species":"Salamence","item":"choicescarf","ability":"Intimidate","moves":["dracometeor","flamethrower","hydropump","earthquake"],"nature":"Hasty","evs":{"hp":0,"atk":4,"def":0,"spa":252,"spd":0,"spe":252},"shiny":true,"ivs":{"hp":31,"atk":31,"def":31,"spa":31,"spd":31,"spe":31}}],"log":["|player|p1|Leade✘ Viewz|169","|player|p2|CTIL-Adin|til4adin.png","|gametype|singles","|gen|6","|tier|Monotype","|rated","|rule|Baton Pass Clause: Limit one Baton Passer, can't pass Spe and other stats simultaneously","|rule|Swagger Clause: Swagger is banned","|rule|Same Type Clause: Pokémon in a team must share a type","|clearpoke","|poke|p1|Latias, F","|poke|p1|Dragonite, M","|poke|p1|Altaria, F","|poke|p1|Goodra, M","|poke|p1|Kyurem-Black","|poke|p1|Noivern, F","|poke|p2|Aerodactyl, M","|poke|p2|Thundurus, M","|poke|p2|Togekiss, M","|poke|p2|Landorus-Therian, M","|poke|p2|Skarmory, M","|poke|p2|Salamence, M, shiny","|rule|Sleep Clause Mod: Limit one foe put to sleep","|rule|Species Clause: Limit one of each Pokémon","|rule|OHKO Clause: OHKO moves are banned","|rule|Moody Clause: Moody is banned","|rule|Evasion Moves Clause: Evasion moves are banned","|rule|Endless Battle Clause: Forcing endless battles is banned","|rule|HP Percentage Mod: HP is shown in percentages","|teampreview","|","|start","|switch|p1a: Noivern|Noivern, F|311/311","|switch|p2a: Skarmory|Skarmory, M|333/333","|turn|1","|","|move|p1a: Noivern|Flamethrower|p2a: Skarmory","|-supereffective|p2a: Skarmory","|-damage|p2a: Skarmory|8/333","|-damage|p1a: Noivern|280/311|[from] item: Life Orb","|move|p2a: Skarmory|Stealth Rock|p1a: Noivern","|-sidestart|p1: Leade✘ Viewz|move: Stealth Rock","|","|turn|2","|","|switch|p2a: Togekiss|Togekiss, M|374/374","|move|p1a: Noivern|Boomburst|p2a: Togekiss","|-damage|p2a: Togekiss|261/374","|-damage|p1a: Noivern|249/311|[from] item: Life Orb","|","|-heal|p2a: Togekiss|284/374|[from] item: Leftovers","|turn|3","|","|switch|p1a: Goodra|Goodra, M|383/383","|-damage|p1a: Goodra|336/383|[from] Stealth Rock","|move|p2a: Togekiss|Thunder Wave|p1a: Goodra","|-status|p1a: Goodra|par","|","|-heal|p2a: Togekiss|307/374|[from] item: Leftovers","|turn|4","|","|switch|p2a: Skarmory|Skarmory, M|8/333","|move|p1a: Goodra|Ice Beam|p2a: Skarmory","|-damage|p2a: Skarmory|0 fnt","|faint|p2a: Skarmory","|","|","|switch|p2a: Landorus-Therian|Landorus-Therian, M|319/319","|-ability|p2a: Landorus-Therian|Intimidate","|-unboost|p1a: Goodra|atk|1","|turn|5","|","|move|p2a: Landorus-Therian|U-turn|p1a: Goodra","|-damage|p1a: Goodra|212/383 par","|","|switch|p2a: Togekiss|Togekiss, M|307/374","|move|p1a: Goodra|Ice Beam|p2a: Togekiss","|-supereffective|p2a: Togekiss","|-damage|p2a: Togekiss|173/374","|-status|p2a: Togekiss|frz","|","|-heal|p2a: Togekiss|196/374 frz|[from] item: Leftovers","|turn|6","|","|-curestatus|p2a: Togekiss|frz","|move|p2a: Togekiss|Roost|p2a: Togekiss","|-heal|p2a: Togekiss|374/374","|move|p1a: Goodra|Ice Beam|p2a: Togekiss","|-damage|p2a: Togekiss|305/374","|","|-heal|p2a: Togekiss|328/374|[from] item: Leftovers","|turn|7","|","|move|p2a: Togekiss|Air Slash|p1a: Goodra","|-damage|p1a: Goodra|155/383 par","|cant|p1a: Goodra|flinch","|","|-heal|p2a: Togekiss|351/374|[from] item: Leftovers","|turn|8","|","|move|p2a: Togekiss|Air Slash|p1a: Goodra","|-damage|p1a: Goodra|103/383 par","|cant|p1a: Goodra|flinch","|","|-heal|p2a: Togekiss|374/374|[from] item: Leftovers","|turn|9","|","|move|p2a: Togekiss|Air Slash|p1a: Goodra","|-crit|p1a: Goodra","|-damage|p1a: Goodra|27/383 par","|cant|p1a: Goodra|flinch","|","|turn|10","|","|move|p2a: Togekiss|Air Slash|p1a: Goodra","|-damage|p1a: Goodra|0 fnt","|faint|p1a: Goodra","|","|","|switch|p1a: Latias|Latias, F|301/301","|-damage|p1a: Latias|264/301|[from] Stealth Rock","|turn|11","|","|move|p1a: Latias|Psyshock|p2a: Togekiss","|-damage|p2a: Togekiss|191/374","|-damage|p1a: Latias|234/301|[from] item: Life Orb","|move|p2a: Togekiss|Thunder Wave|p1a: Latias","|-status|p1a: Latias|par","|","|-heal|p2a: Togekiss|214/374|[from] item: Leftovers","|turn|12","|","|switch|p2a: Landorus-Therian|Landorus-Therian, M|319/319","|-ability|p2a: Landorus-Therian|Intimidate","|-unboost|p1a: Latias|atk|1","|move|p1a: Latias|Psyshock|p2a: Landorus-Therian","|-damage|p2a: Landorus-Therian|151/319","|-damage|p1a: Latias|204/301 par|[from] item: Life Orb","|","|turn|13","|","|move|p2a: Landorus-Therian|U-turn|p1a: Latias","|-supereffective|p1a: Latias","|-damage|p1a: Latias|8/301 par","|","|switch|p2a: Togekiss|Togekiss, M|214/374","|cant|p1a: Latias|par","|","|-heal|p2a: Togekiss|237/374|[from] item: Leftovers","|turn|14","|","|move|p2a: Togekiss|Air Slash|p1a: Latias","|-damage|p1a: Latias|0 fnt","|faint|p1a: Latias","|","|-heal|p2a: Togekiss|260/374|[from] item: Leftovers","|","|switch|p1a: Kyurem-Black|Kyurem-Black|391/391","|-damage|p1a: Kyurem-Black|294/391|[from] Stealth Rock","|-ability|p1a: Kyurem-Black|Teravolt","|turn|15","|","|switch|p2a: Salamence|Salamence, M, shiny|331/331","|-ability|p2a: Salamence|Intimidate","|-unboost|p1a: Kyurem-Black|atk|1","|move|p1a: Kyurem-Black|Stone Edge|p2a: Salamence","|-supereffective|p2a: Salamence","|-damage|p2a: Salamence|53/331","|","|turn|16","|","|move|p2a: Salamence|Draco Meteor|p1a: Kyurem-Black","|-supereffective|p1a: Kyurem-Black","|-damage|p1a: Kyurem-Black|0 fnt","|-unboost|p2a: Salamence|spa|2","|faint|p1a: Kyurem-Black","|","|","|switch|p1a: Altaria|Altaria, F|291/291","|-damage|p1a: Altaria|219/291|[from] Stealth Rock","|turn|17","|","|switch|p2a: Landorus-Therian|Landorus-Therian, M|151/319","|-ability|p2a: Landorus-Therian|Intimidate","|-unboost|p1a: Altaria|atk|1","|detailschange|p1a: Altaria|Altaria-Mega, F","|-mega|p1a: Altaria|Altaria|Altarianite","|move|p1a: Altaria|Dragon Dance|p1a: Altaria","|-boost|p1a: Altaria|atk|1","|-boost|p1a: Altaria|spe|1","|","|turn|18","|","|move|p2a: Landorus-Therian|Earthquake|p1a: Altaria","|-damage|p1a: Altaria|50/291","|move|p1a: Altaria|Roost|p1a: Altaria","|-heal|p1a: Altaria|196/291","|","|turn|19","|","|move|p2a: Landorus-Therian|Earthquake|p1a: Altaria","|-damage|p1a: Altaria|25/291","|move|p1a: Altaria|Dragon Dance|p1a: Altaria","|-boost|p1a: Altaria|atk|1","|-boost|p1a: Altaria|spe|1","|","|turn|20","|","|move|p1a: Altaria|Return|p2a: Landorus-Therian","|-damage|p2a: Landorus-Therian|0 fnt","|faint|p2a: Landorus-Therian","|","|","|switch|p2a: Thundurus|Thundurus, M|299/299","|turn|21","|","|move|p2a: Thundurus|Thunder Wave|p1a: Altaria","|-status|p1a: Altaria|par","|move|p1a: Altaria|Return|p2a: Thundurus","|-damage|p2a: Thundurus|0 fnt","|faint|p2a: Thundurus","|","|","|switch|p2a: Aerodactyl|Aerodactyl, M|301/301","|-ability|p2a: Aerodactyl|Unnerve|p1: Leade✘ Viewz","|turn|22","|","|detailschange|p2a: Aerodactyl|Aerodactyl-Mega, M","|-mega|p2a: Aerodactyl|Aerodactyl|Aerodactylite","|move|p2a: Aerodactyl|Aerial Ace|p1a: Altaria","|-damage|p1a: Altaria|0 fnt","|faint|p1a: Altaria","|","|","|switch|p1a: Dragonite|Dragonite, M|385/385","|-damage|p1a: Dragonite|289/385|[from] Stealth Rock","|turn|23","|","|move|p2a: Aerodactyl|Stone Edge|p1a: Dragonite","|-supereffective|p1a: Dragonite","|-damage|p1a: Dragonite|0 fnt","|faint|p1a: Dragonite","|","|","|win|CTIL-Adin"],"p1rating":{"entryid":"6898543","serverid":"eos","formatid":"monotype","userid":"leadeviewz","username":"Leade✘ Viewz","w":"92","l":40,"t":"0","gxe":71.6,"r":"1669.6800731959","rd":"36.5480277795","sigma":"0","rptime":"1438246800","rpr":1674.4560703377,"rprd":35.803847386073,"rpsigma":"0","acre":1386.8598976087,"lacre":1386.8598976087,"oldacre":"1420.6669091455"},"p2rating":{"entryid":"7232824","serverid":"eos","formatid":"monotype","userid":"ctiladin","username":"CTIL-Adin","w":4,"l":"0","t":"0","gxe":69.7,"r":"1595.8839321509","rd":"116.65320324297","sigma":"0","rptime":"1438246800","rpr":1664.250867742,"rprd":105.95360132944,"rpsigma":"0","acre":1168.0830692301,"lacre":1168.0830692301,"oldacre":"1125.8243048091"},"endType":"forfeit"}