{"seed":[28052,43676,1961,62875],"turns":27,"p1":"Metalyte","p2":"Marx-Bot","p1team":[{"name":"Thundurus-Therian","species":"Thundurus-Therian","item":"choicescarf","ability":"Volt Absorb","moves":["thunderbolt","hiddenpowerice","sludgewave","focusblast"],"nature":"Timid","evs":{"hp":0,"atk":0,"def":0,"spa":252,"spd":4,"spe":252},"ivs":{"hp":31,"atk":30,"def":30,"spa":31,"spd":31,"spe":31}},{"name":"Magnezone","species":"Magnezone","item":"airballoon","ability":"Sturdy","moves":["thunderbolt","flashcannon","voltswitch","hiddenpowergrass"],"nature":"Modest","evs":{"hp":248,"atk":0,"def":0,"spa":252,"spd":8,"spe":0},"ivs":{"hp":31,"atk":30,"def":31,"spa":30,"spd":31,"spe":31}},{"name":"Ampharos","species":"Ampharos","item":"ampharosite","ability":"Static","moves":["thunderwave","dragonpulse","voltswitch","powergem"],"nature":"Modest","evs":{"hp":248,"atk":0,"def":0,"spa":252,"spd":8,"spe":0},"ivs":{"hp":31,"atk":31,"def":31,"spa":31,"spd":31,"spe":31}},{"name":"Zapdos","species":"Zapdos","item":"leftovers","ability":"Pressure","moves":["roost","defog","discharge","heatwave"],"nature":"Bold","evs":{"hp":252,"atk":0,"def":252,"spa":0,"spd":4,"spe":0},"ivs":{"hp":31,"atk":31,"def":31,"spa":31,"spd":31,"spe":31}},{"name":"Rotom-Wash","species":"Rotom-Wash","item":"leftovers","ability":"Levitate","moves":["painsplit","willowisp","hydropump","voltswitch"],"nature":"Calm","evs":{"hp":252,"atk":0,"def":0,"spa":4,"spd":252,"spe":0},"ivs":{"hp":31,"atk":31,"def":31,"spa":31,"spd":31,"spe":31}},{"name":"Electivire","species":"Electivire","item":"choiceband","ability":"Vital Spirit","moves":["wildcharge","earthquake","icepunch","crosschop"],"nature":"Jolly","evs":{"hp":0,"atk":252,"def":0,"spa":0,"spd":4,"spe":252},"ivs":{"hp":31,"atk":31,"def":31,"spa":31,"spd":31,"spe":31}}],"p2team":[{"name":"Darude Hailstorm","species":"abomasnow","item":"focussash","ability":"Snow Warning","moves":["blizzard","gigadrain","iceshard","shadowball"],"nature":"Mild","evs":{"hp":248,"atk":8,"def":0,"spa":252,"spd":0,"spe":0},"gender":"M","shiny":true,"ivs":{"hp":31,"atk":31,"def":31,"spa":31,"spd":31,"spe":31}},{"name":"Froslass","species":"Froslass","item":"focussash","ability":"Cursed Body","moves":["destinybond","icebeam","taunt","shadowball"],"nature":"Timid","evs":{"hp":0,"atk":0,"def":0,"spa":252,"spd":4,"spe":252},"ivs":{"hp":31,"atk":31,"def":31,"spa":31,"spd":31,"spe":31}},{"name":"Ice Age","species":"mamoswine","item":"choicescarf","ability":"Thick Fat","moves":["superpower","earthquake","iciclecrash","stoneedge"],"nature":"Jolly","evs":{"hp":0,"atk":252,"def":0,"spa":0,"spd":4,"spe":252},"gender":"M","shiny":true,"ivs":{"hp":31,"atk":31,"def":31,"spa":31,"spd":31,"spe":31}},{"name":"The Titanic","species":"avalugg","item":"rockyhelmet","ability":"Sturdy","moves":["rapidspin","toxic","recover","avalanche"],"nature":"Bold","evs":{"hp":248,"atk":0,"def":252,"spa":0,"spd":8,"spe":0},"gender":"M","shiny":true,"ivs":{"hp":31,"atk":31,"def":31,"spa":31,"spd":31,"spe":31}},{"name":"Kyurem-Black","species":"Kyurem-Black","item":"muscleband","ability":"Teravolt","moves":["fusionbolt","outrage","icebeam","shadowclaw"],"nature":"Naughty","evs":{"hp":248,"atk":252,"def":0,"spa":8,"spd":0,"spe":0},"ivs":{"hp":31,"atk":31,"def":31,"spa":31,"spd":31,"spe":31}},{"name":"King Kold","species":"rotomfrost","item":"leftovers","ability":"Levitate","moves":["discharge","willowisp","painsplit","charge"],"nature":"Calm","evs":{"hp":248,"atk":0,"def":0,"spa":252,"spd":8,"spe":0},"shiny":true,"ivs":{"hp":31,"atk":31,"def":31,"spa":31,"spd":31,"spe":31}}],"log":["|player|p1|Metalyte|165","|player|p2|Marx-Bot|238","|gametype|singles","|gen|6","|tier|Monotype","|rated","|rule|Baton Pass Clause: Limit one Baton Passer, can't pass Spe and other stats simultaneously","|rule|Swagger Clause: Swagger is banned","|rule|Same Type Clause: Pokémon in a team must share a type","|clearpoke","|poke|p1|Thundurus-Therian, M","|poke|p1|Magnezone","|poke|p1|Ampharos, M","|poke|p1|Zapdos","|poke|p1|Rotom-Wash","|poke|p1|Electivire, M","|poke|p2|Abomasnow, M, shiny","|poke|p2|Froslass, F","|poke|p2|Mamoswine, M, shiny","|poke|p2|Avalugg, M, shiny","|poke|p2|Kyurem-Black","|poke|p2|Rotom-Frost, shiny","|rule|Sleep Clause Mod: Limit one foe put to sleep","|rule|Species Clause: Limit one of each Pokémon","|rule|OHKO Clause: OHKO moves are banned","|rule|Moody Clause: Moody is banned","|rule|Evasion Moves Clause: Evasion moves are banned","|rule|Endless Battle Clause: Forcing endless battles is banned","|rule|HP Percentage Mod: HP is shown in percentages","|teampreview","|","|start","|switch|p1a: Rotom-Wash|Rotom-Wash|304/304","|switch|p2a: Kyurem-Black|Kyurem-Black|453/453","|-ability|p2a: Kyurem-Black|Teravolt","|turn|1","|","|move|p2a: Kyurem-Black|Fusion Bolt|p1a: Rotom-Wash","|-damage|p1a: Rotom-Wash|148/304","|move|p1a: Rotom-Wash|Will-O-Wisp|p2a: Kyurem-Black","|-status|p2a: Kyurem-Black|brn","|","|-heal|p1a: Rotom-Wash|167/304|[from] item: Leftovers","|-damage|p2a: Kyurem-Black|397/453 brn|[from] brn","|turn|2","|","|move|p2a: Kyurem-Black|Fusion Bolt|p1a: Rotom-Wash","|-damage|p1a: Rotom-Wash|85/304","|move|p1a: Rotom-Wash|Pain Split|p2a: Kyurem-Black","|-sethp|p2a: Kyurem-Black|241/453 brn|p1a: Rotom-Wash|241/304|[from] move: Pain Split","|","|-heal|p1a: Rotom-Wash|260/304|[from] item: Leftovers","|-damage|p2a: Kyurem-Black|185/453 brn|[from] brn","|turn|3","|","|switch|p1a: Thundurus-Therian|Thundurus-Therian, M|299/299","|move|p2a: Kyurem-Black|Outrage|p1a: Thundurus-Therian","|-damage|p1a: Thundurus-Therian|90/299","|","|-damage|p2a: Kyurem-Black|129/453 brn|[from] brn","|turn|4","|","|move|p1a: Thundurus-Therian|Sludge Wave|p2a: Kyurem-Black","|-damage|p2a: Kyurem-Black|0 fnt","|faint|p2a: Kyurem-Black","|","|","|switch|p2a: Froslass|Froslass, F|281/281","|turn|5","|","|switch|p1a: Rotom-Wash|Rotom-Wash|260/304","|move|p2a: Froslass|Ice Beam|p1a: Rotom-Wash","|-resisted|p1a: Rotom-Wash","|-damage|p1a: Rotom-Wash|224/304","|","|-heal|p1a: Rotom-Wash|243/304|[from] item: Leftovers","|turn|6","|","|move|p2a: Froslass|Taunt|p1a: Rotom-Wash","|-start|p1a: Rotom-Wash|move: Taunt","|move|p1a: Rotom-Wash|Hydro Pump|p2a: Froslass","|-damage|p2a: Froslass|109/281","|-start|p1a: Rotom-Wash|Disable|Hydro Pump","|","|-heal|p1a: Rotom-Wash|262/304|[from] item: Leftovers","|turn|7","|","|move|p2a: Froslass|Destiny Bond|p2a: Froslass","|-singlemove|p2a: Froslass|Destiny Bond","|move|p1a: Rotom-Wash|Volt Switch|p2a: Froslass","|-damage|p2a: Froslass|0 fnt","|faint|p2a: Froslass","|-activate|p2a: Froslass|Destiny Bond","|faint|p1a: Rotom-Wash","|","|","|switch|p2a: Ice Age|Mamoswine, M, shiny|361/361","|switch|p1a: Ampharos|Ampharos, M|383/383","|turn|8","|","|detailschange|p1a: Ampharos|Ampharos-Mega, M","|-mega|p1a: Ampharos|Ampharos|Ampharosite","|-ability|p1a: Ampharos|Mold Breaker","|move|p2a: Ice Age|Icicle Crash|p1a: Ampharos","|-supereffective|p1a: Ampharos","|-damage|p1a: Ampharos|95/383","|move|p1a: Ampharos|Dragon Pulse|p2a: Ice Age","|-damage|p2a: Ice Age|51/361","|","|turn|9","|","|move|p2a: Ice Age|Icicle Crash|p1a: Ampharos","|-supereffective|p1a: Ampharos","|-damage|p1a: Ampharos|0 fnt","|faint|p1a: Ampharos","|","|","|switch|p1a: Thundurus-Therian|Thundurus-Therian, M|90/299","|turn|10","|","|move|p1a: Thundurus-Therian|Focus Blast|p2a: Ice Age|[miss]","|-miss|p1a: Thundurus-Therian|p2a: Ice Age","|move|p2a: Ice Age|Icicle Crash|p1a: Thundurus-Therian","|-supereffective|p1a: Thundurus-Therian","|-damage|p1a: Thundurus-Therian|0 fnt","|faint|p1a: Thundurus-Therian","|","|","|switch|p1a: Magnezone|Magnezone|343/343","|-item|p1a: Magnezone|Air Balloon","|turn|11","|","|switch|p2a: Darude Hailstorm|Abomasnow, M, shiny|383/383","|-weather|Hail","|move|p1a: Magnezone|Flash Cannon|p2a: Darude Hailstorm","|-supereffective|p2a: Darude Hailstorm","|-damage|p2a: Darude Hailstorm|51/383","|","|-weather|Hail|[upkeep]","|-damage|p1a: Magnezone|322/343|[from] hail","|turn|12","|","|move|p2a: Darude Hailstorm|Ice Shard|p1a: Magnezone","|-resisted|p1a: Magnezone","|-damage|p1a: Magnezone|300/343","|-enditem|p1a: Magnezone|Air Balloon","|move|p1a: Magnezone|Volt Switch|p2a: Darude Hailstorm","|-resisted|p2a: Darude Hailstorm","|-damage|p2a: Darude Hailstorm|0 fnt","|faint|p2a: Darude Hailstorm","|","|switch|p1a: Electivire|Electivire, M|291/291","|","|-weather|Hail|[upkeep]","|-damage|p1a: Electivire|273/291|[from] hail","|","|switch|p2a: Ice Age|Mamoswine, M, shiny|51/361","|turn|13","|","|switch|p1a: Zapdos|Zapdos|384/384","|-ability|p1a: Zapdos|Pressure","|move|p2a: Ice Age|Earthquake|p1a: Zapdos","|-immune|p1a: Zapdos|[msg]","|","|-weather|Hail|[upkeep]","|-damage|p1a: Zapdos|360/384|[from] hail","|-heal|p1a: Zapdos|384/384|[from] item: Leftovers","|turn|14","|","|switch|p2a: King Kold|Rotom-Frost, shiny|303/303","|move|p1a: Zapdos|Heat Wave|p2a: King Kold","|-supereffective|p2a: King Kold","|-damage|p2a: King Kold|147/303","|","|-weather|Hail|[upkeep]","|-damage|p1a: Zapdos|360/384|[from] hail","|-heal|p1a: Zapdos|384/384|[from] item: Leftovers","|-heal|p2a: King Kold|165/303|[from] item: Leftovers","|turn|15","|","|move|p1a: Zapdos|Discharge|p2a: King Kold","|-resisted|p2a: King Kold","|-damage|p2a: King Kold|120/303","|move|p2a: King Kold|Pain Split|p1a: Zapdos","|-sethp|p1a: Zapdos|252/384|p2a: King Kold|252/303|[from] move: Pain Split","|","|-weather|none","|-heal|p1a: Zapdos|276/384|[from] item: Leftovers","|-heal|p2a: King Kold|270/303|[from] item: Leftovers","|turn|16","|","|move|p1a: Zapdos|Heat Wave|p2a: King Kold","|-supereffective|p2a: King Kold","|-damage|p2a: King Kold|118/303","|move|p2a: King Kold|Charge|p2a: King Kold","|-boost|p2a: King Kold|spd|1","|-activate|p2a: King Kold|move: Charge","|","|-heal|p1a: Zapdos|300/384|[from] item: Leftovers","|-heal|p2a: King Kold|136/303|[from] item: Leftovers","|turn|17","|","|move|p1a: Zapdos|Heat Wave|p2a: King Kold","|-supereffective|p2a: King Kold","|-damage|p2a: King Kold|32/303","|move|p2a: King Kold|Pain Split|p1a: Zapdos","|-sethp|p1a: Zapdos|166/384|p2a: King Kold|166/303|[from] move: Pain Split","|","|-heal|p1a: Zapdos|190/384|[from] item: Leftovers","|-heal|p2a: King Kold|184/303|[from] item: Leftovers","|turn|18","|","|switch|p1a: Electivire|Electivire, M|273/291","|move|p2a: King Kold|Charge|p2a: King Kold","|-boost|p2a: King Kold|spd|1","|-activate|p2a: King Kold|move: Charge","|","|-heal|p2a: King Kold|202/303|[from] item: Leftovers","|turn|19","|","|move|p1a: Electivire|Cross Chop|p2a: King Kold","|-crit|p2a: King Kold","|-supereffective|p2a: King Kold","|-damage|p2a: King Kold|0 fnt","|faint|p2a: King Kold","|","|","|switch|p2a: The Titanic|Avalugg, M, shiny|393/393","|turn|20","|","|move|p1a: Electivire|Cross Chop|p2a: The Titanic","|-supereffective|p2a: The Titanic","|-damage|p2a: The Titanic|239/393","|-damage|p1a: Electivire|225/291|[from] item: Rocky Helmet|[of] p2a: The Titanic","|move|p2a: The Titanic|Avalanche|p1a: Electivire","|-damage|p1a: Electivire|20/291","|","|turn|21","|","|move|p1a: Electivire|Cross Chop|p2a: The Titanic|[miss]","|-miss|p1a: Electivire|p2a: The Titanic","|move|p2a: The Titanic|Recover|p2a: The Titanic","|-heal|p2a: The Titanic|393/393","|","|turn|22","|","|switch|p1a: Zapdos|Zapdos|190/384","|-ability|p1a: Zapdos|Pressure","|move|p2a: The Titanic|Recover|p2a: The Titanic","|-fail|p2a: The Titanic","|","|-heal|p1a: Zapdos|214/384|[from] item: Leftovers","|turn|23","|","|move|p1a: Zapdos|Roost|p1a: Zapdos","|-heal|p1a: Zapdos|384/384","|move|p2a: The Titanic|Avalanche|p1a: Zapdos","|-damage|p1a: Zapdos|326/384","|","|-heal|p1a: Zapdos|350/384|[from] item: Leftovers","|turn|24","|","|move|p1a: Zapdos|Heat Wave|p2a: The Titanic","|-supereffective|p2a: The Titanic","|-damage|p2a: The Titanic|93/393","|move|p2a: The Titanic|Avalanche|p1a: Zapdos","|-supereffective|p1a: Zapdos","|-damage|p1a: Zapdos|116/384","|","|-heal|p1a: Zapdos|140/384|[from] item: Leftovers","|turn|25","|","|move|p1a: Zapdos|Roost|p1a: Zapdos","|-heal|p1a: Zapdos|332/384","|move|p2a: The Titanic|Avalanche|p1a: Zapdos","|-damage|p1a: Zapdos|277/384","|","|-heal|p1a: Zapdos|301/384|[from] item: Leftovers","|turn|26","|","|move|p1a: Zapdos|Heat Wave|p2a: The Titanic","|-crit|p2a: The Titanic","|-supereffective|p2a: The Titanic","|-damage|p2a: The Titanic|0 fnt","|faint|p2a: The Titanic","|","|-heal|p1a: Zapdos|325/384|[from] item: Leftovers","|","|switch|p2a: Ice Age|Mamoswine, M, shiny|51/361","|turn|27","|","|move|p2a: Ice Age|Stone Edge|p1a: Zapdos","|-supereffective|p1a: Zapdos","|-damage|p1a: Zapdos|123/384","|move|p1a: Zapdos|Heat Wave|p2a: Ice Age","|-crit|p2a: Ice Age","|-supereffective|p2a: Ice Age","|-damage|p2a: Ice Age|0 fnt","|faint|p2a: Ice Age","|","|win|Metalyte"],"p1rating":{"entryid":"6571486","serverid":"eos","formatid":"monotype","userid":"metalyte","username":"Metalyte","w":24,"l":"19","t":"0","gxe":51.6,"r":"1515.225955562","rd":"63.377478648679","sigma":"0","rptime":"1438246800","rpr":1512.2843565254,"rprd":56.473254623079,"rpsigma":"0","acre":1163.6450275506,"lacre":1163.6450275506,"oldacre":"1137.4361214074"},"p2rating":{"entryid":"5765428","serverid":"eos","formatid":"monotype","userid":"marxbot","username":"Marx Bot","w":"190","l":281,"t":"0","gxe":41.5,"r":"1438.5252262905","rd":"25.361092107237","sigma":"0","rptime":"1438246800","rpr":1435.6896792046,"rprd":25.243703396771,"rpsigma":"0","acre":1128.0410093739,"lacre":1128.0410093739,"oldacre":"1154.2499155171"},"endType":"normal"}