{"seed":[45242,37884,10178,1989],"turns":35,"p1":"Alliance-SeaHutch","p2":"Zukushiku","p1team":[{"name":"Jenna Marbles","species":"garchomp","item":"rockyhelmet","ability":"Rough Skin","moves":["dragontail","earthquake","stealthrock","fireblast"],"nature":"Lax","evs":{"hp":252,"atk":0,"def":236,"spa":0,"spd":0,"spe":20},"ivs":{"hp":31,"atk":31,"def":31,"spa":31,"spd":31,"spe":31}},{"name":"Gooey ( ͡° ͜ʖ ͡°)","species":"goodra","item":"assaultvest","ability":"Gooey","moves":["dragonpulse","flamethrower","sludgebomb","hiddenpowerground"],"nature":"Modest","evs":{"hp":248,"atk":0,"def":0,"spa":252,"spd":8,"spe":0},"ivs":{"hp":31,"atk":31,"def":31,"spa":30,"spd":30,"spe":31}},{"name":"The Mailman","species":"dragonite","item":"lumberry","ability":"Multiscale","moves":["dragondance","dragonclaw","extremespeed","earthquake"],"nature":"Adamant","evs":{"hp":0,"atk":252,"def":0,"spa":0,"spd":4,"spe":252},"ivs":{"hp":31,"atk":31,"def":31,"spa":31,"spd":31,"spe":31}},{"name":"Angel","species":"latias","item":"latiasite","ability":"Levitate","moves":["healingwish","tailwind","defog","psyshock"],"nature":"Timid","evs":{"hp":248,"atk":0,"def":0,"spa":8,"spd":0,"spe":252},"ivs":{"hp":31,"atk":0,"def":31,"spa":31,"spd":31,"spe":31}},{"name":"Hail Hydra","species":"hydreigon","item":"choicespecs","ability":"Levitate","moves":["darkpulse","flamethrower","earthpower","flashcannon"],"nature":"Timid","evs":{"hp":0,"atk":0,"def":0,"spa":252,"spd":4,"spe":252},"happiness":0,"ivs":{"hp":31,"atk":31,"def":31,"spa":31,"spd":31,"spe":31}},{"name":"Kaneki Ken","species":"kyuremblack","item":"choiceband","ability":"Teravolt","moves":["outrage","fusionbolt","shadowclaw","ironhead"],"nature":"Adamant","evs":{"hp":160,"atk":252,"def":0,"spa":0,"spd":0,"spe":96},"ivs":{"hp":31,"atk":31,"def":31,"spa":31,"spd":31,"spe":31}}],"p2team":[{"name":"Roserade","species":"Roserade","item":"lifeorb","ability":"Natural Cure","moves":["hiddenpowerfire","sludgebomb","leafstorm","rest"],"nature":"Timid","evs":{"hp":0,"atk":0,"def":0,"spa":252,"spd":4,"spe":252},"ivs":{"hp":31,"atk":30,"def":31,"spa":30,"spd":31,"spe":30}},{"name":"Skuntank","species":"Skuntank","item":"blacksludge","ability":"Aftermath","moves":["defog","suckerpunch","pursuit","taunt"],"nature":"Adamant","evs":{"hp":16,"atk":228,"def":0,"spa":0,"spd":252,"spe":12},"shiny":true,"ivs":{"hp":31,"atk":31,"def":31,"spa":31,"spd":31,"spe":31}},{"name":"Nidoqueen","species":"Nidoqueen","item":"blacksludge","ability":"Sheer Force","moves":["stealthrock","roar","icebeam","earthpower"],"nature":"Bold","evs":{"hp":248,"atk":0,"def":240,"spa":20,"spd":0,"spe":0},"ivs":{"hp":31,"atk":31,"def":31,"spa":31,"spd":31,"spe":31}},{"name":"Venusaur","species":"Venusaur","item":"venusaurite","ability":"Chlorophyll","moves":["gigadrain","sludgebomb","synthesis","hiddenpowerfire"],"nature":"Bold","evs":{"hp":248,"atk":0,"def":96,"spa":0,"spd":144,"spe":20},"ivs":{"hp":31,"atk":30,"def":31,"spa":30,"spd":31,"spe":30}},{"name":"Gengar","species":"Gengar","item":"blacksludge","ability":"Levitate","moves":["taunt","sludgewave","shadowball","willowisp"],"nature":"Timid","evs":{"hp":0,"atk":0,"def":0,"spa":252,"spd":4,"spe":252},"ivs":{"hp":31,"atk":31,"def":31,"spa":31,"spd":31,"spe":31}},{"name":"Dragalge","species":"Dragalge","item":"blacksludge","ability":"Adaptability","moves":["dracometeor","sludgewave","scald","toxicspikes"],"nature":"Calm","evs":{"hp":248,"atk":0,"def":0,"spa":0,"spd":232,"spe":28},"ivs":{"hp":31,"atk":31,"def":31,"spa":31,"spd":31,"spe":31}}],"log":["|player|p1|Alliance-SeaHutch|288","|player|p2|Zukushiku|zukushiku.png","|gametype|singles","|gen|6","|tier|Monotype","|rated","|rule|Baton Pass Clause: Limit one Baton Passer, can't pass Spe and other stats simultaneously","|rule|Swagger Clause: Swagger is banned","|rule|Same Type Clause: Pokémon in a team must share a type","|clearpoke","|poke|p1|Garchomp, F","|poke|p1|Goodra, M","|poke|p1|Dragonite, F","|poke|p1|Latias, F","|poke|p1|Hydreigon, F","|poke|p1|Kyurem-Black","|poke|p2|Roserade, M","|poke|p2|Skuntank, M, shiny","|poke|p2|Nidoqueen, F","|poke|p2|Venusaur, F","|poke|p2|Gengar, F","|poke|p2|Dragalge, F","|rule|Sleep Clause Mod: Limit one foe put to sleep","|rule|Species Clause: Limit one of each Pokémon","|rule|OHKO Clause: OHKO moves are banned","|rule|Moody Clause: Moody is banned","|rule|Evasion Moves Clause: Evasion moves are banned","|rule|Endless Battle Clause: Forcing endless battles is banned","|rule|HP Percentage Mod: HP is shown in percentages","|teampreview","|","|start","|switch|p1a: Jenna Marbles|Garchomp, F|420/420","|switch|p2a: Gengar|Gengar, F|261/261","|turn|1","|","|move|p2a: Gengar|Taunt|p1a: Jenna Marbles","|-start|p1a: Jenna Marbles|move: Taunt","|cant|p1a: Jenna Marbles|move: Taunt|Stealth Rock","|","|turn|2","|","|move|p2a: Gengar|Will-O-Wisp|p1a: Jenna Marbles","|-status|p1a: Jenna Marbles|brn","|move|p1a: Jenna Marbles|Dragon Tail|p2a: Gengar","|-damage|p2a: Gengar|198/261","|drag|p2a: Skuntank|Skuntank, M, shiny|351/351","|","|-damage|p1a: Jenna Marbles|368/420 brn|[from] brn","|turn|3","|","|switch|p2a: Gengar|Gengar, F|198/261","|move|p1a: Jenna Marbles|Dragon Tail|p2a: Gengar","|-damage|p2a: Gengar|131/261","|drag|p2a: Venusaur|Venusaur, F|363/363","|","|-damage|p1a: Jenna Marbles|316/420 brn|[from] brn","|-end|p1a: Jenna Marbles|move: Taunt","|turn|4","|","|detailschange|p2a: Venusaur|Venusaur-Mega, F","|-mega|p2a: Venusaur|Venusaur|Venusaurite","|move|p1a: Jenna Marbles|Stealth Rock|p2a: Venusaur","|-sidestart|p2: Zukushiku|move: Stealth Rock","|move|p2a: Venusaur|Giga Drain|p1a: Jenna Marbles","|-damage|p1a: Jenna Marbles|184/420 brn","|","|-damage|p1a: Jenna Marbles|132/420 brn|[from] brn","|turn|5","|","|switch|p1a: Gooey ( ͡° ͜ʖ ͡°)|Goodra, M|383/383","|move|p2a: Venusaur|Giga Drain|p1a: Gooey ( ͡° ͜ʖ ͡°)","|-resisted|p1a: Gooey ( ͡° ͜ʖ ͡°)","|-damage|p1a: Gooey ( ͡° ͜ʖ ͡°)|358/383","|","|turn|6","|","|move|p2a: Venusaur|Sludge Bomb|p1a: Gooey ( ͡° ͜ʖ ͡°)","|-damage|p1a: Gooey ( ͡° ͜ʖ ͡°)|304/383","|move|p1a: Gooey ( ͡° ͜ʖ ͡°)|Dragon Pulse|p2a: Venusaur","|-damage|p2a: Venusaur|248/363","|","|turn|7","|","|move|p2a: Venusaur|Sludge Bomb|p1a: Gooey ( ͡° ͜ʖ ͡°)","|-damage|p1a: Gooey ( ͡° ͜ʖ ͡°)|243/383","|move|p1a: Gooey ( ͡° ͜ʖ ͡°)|Dragon Pulse|p2a: Venusaur","|-damage|p2a: Venusaur|133/363","|","|turn|8","|","|move|p2a: Venusaur|Synthesis|p2a: Venusaur","|-heal|p2a: Venusaur|314/363","|move|p1a: Gooey ( ͡° ͜ʖ ͡°)|Dragon Pulse|p2a: Venusaur","|-damage|p2a: Venusaur|206/363","|","|turn|9","|","|move|p2a: Venusaur|Sludge Bomb|p1a: Gooey ( ͡° ͜ʖ ͡°)","|-crit|p1a: Gooey ( ͡° ͜ʖ ͡°)","|-damage|p1a: Gooey ( ͡° ͜ʖ ͡°)|156/383","|move|p1a: Gooey ( ͡° ͜ʖ ͡°)|Dragon Pulse|p2a: Venusaur","|-damage|p2a: Venusaur|97/363","|","|turn|10","|","|move|p2a: Venusaur|Synthesis|p2a: Venusaur","|-heal|p2a: Venusaur|278/363","|move|p1a: Gooey ( ͡° ͜ʖ ͡°)|Dragon Pulse|p2a: Venusaur","|-damage|p2a: Venusaur|164/363","|","|turn|11","|","|move|p2a: Venusaur|Synthesis|p2a: Venusaur","|-heal|p2a: Venusaur|345/363","|move|p1a: Gooey ( ͡° ͜ʖ ͡°)|Dragon Pulse|p2a: Venusaur","|-damage|p2a: Venusaur|240/363","|","|turn|12","|","|move|p2a: Venusaur|Sludge Bomb|p1a: Gooey ( ͡° ͜ʖ ͡°)","|-damage|p1a: Gooey ( ͡° ͜ʖ ͡°)|93/383","|move|p1a: Gooey ( ͡° ͜ʖ ͡°)|Dragon Pulse|p2a: Venusaur","|-crit|p2a: Venusaur","|-damage|p2a: Venusaur|63/363","|","|turn|13","|","|move|p2a: Venusaur|Synthesis|p2a: Venusaur","|-heal|p2a: Venusaur|244/363","|move|p1a: Gooey ( ͡° ͜ʖ ͡°)|Dragon Pulse|p2a: Venusaur","|-damage|p2a: Venusaur|135/363","|","|turn|14","|","|move|p2a: Venusaur|Synthesis|p2a: Venusaur","|-heal|p2a: Venusaur|316/363","|move|p1a: Gooey ( ͡° ͜ʖ ͡°)|Dragon Pulse|p2a: Venusaur","|-damage|p2a: Venusaur|210/363","|","|turn|15","|","|move|p2a: Venusaur|Sludge Bomb|p1a: Gooey ( ͡° ͜ʖ ͡°)","|-damage|p1a: Gooey ( ͡° ͜ʖ ͡°)|29/383","|move|p1a: Gooey ( ͡° ͜ʖ ͡°)|Dragon Pulse|p2a: Venusaur","|-damage|p2a: Venusaur|105/363","|","|turn|16","|","|move|p2a: Venusaur|Synthesis|p2a: Venusaur","|-heal|p2a: Venusaur|286/363","|move|p1a: Gooey ( ͡° ͜ʖ ͡°)|Dragon Pulse|p2a: Venusaur","|-damage|p2a: Venusaur|181/363","|","|turn|17","|","|move|p2a: Venusaur|Synthesis|p2a: Venusaur","|-heal|p2a: Venusaur|362/363","|move|p1a: Gooey ( ͡° ͜ʖ ͡°)|Dragon Pulse|p2a: Venusaur","|-damage|p2a: Venusaur|241/363","|","|turn|18","|","|move|p2a: Venusaur|Sludge Bomb|p1a: Gooey ( ͡° ͜ʖ ͡°)","|-damage|p1a: Gooey ( ͡° ͜ʖ ͡°)|0 fnt","|faint|p1a: Gooey ( ͡° ͜ʖ ͡°)","|","|","|switch|p1a: Angel|Latias, F|363/363","|turn|19","|","|switch|p2a: Roserade|Roserade, M|261/261","|-damage|p2a: Roserade|229/261|[from] Stealth Rock","|detailschange|p1a: Angel|Latias-Mega, F","|-mega|p1a: Angel|Latias|Latiasite","|move|p1a: Angel|Psyshock|p2a: Roserade","|-supereffective|p2a: Roserade","|-damage|p2a: Roserade|0 fnt","|faint|p2a: Roserade","|","|","|switch|p2a: Skuntank|Skuntank, M, shiny|351/351","|-damage|p2a: Skuntank|308/351|[from] Stealth Rock","|turn|20","|","|move|p1a: Angel|Tailwind|p1a: Angel","|-sidestart|p1: Alliance-SeaHutch|move: Tailwind","|move|p2a: Skuntank|Pursuit|p1a: Angel","|-supereffective|p1a: Angel","|-damage|p1a: Angel|261/363","|","|-heal|p2a: Skuntank|329/351|[from] item: Black Sludge","|turn|21","|","|move|p2a: Skuntank|Pursuit|p1a: Angel|[from]Pursuit","|-supereffective|p1a: Angel","|-damage|p1a: Angel|45/363","|switch|p1a: Hail Hydra|Hydreigon, F|325/325","|","|-heal|p2a: Skuntank|350/351|[from] item: Black Sludge","|turn|22","|","|move|p1a: Hail Hydra|Earth Power|p2a: Skuntank","|-supereffective|p2a: Skuntank","|-damage|p2a: Skuntank|26/351","|move|p2a: Skuntank|Defog|p1a: Hail Hydra","|-unboost|p1a: Hail Hydra|evasion|1","|-sideend|p2: Zukushiku|Stealth Rock|[from] move: Defog|[of] p2a: Skuntank","|","|-heal|p2a: Skuntank|47/351|[from] item: Black Sludge","|turn|23","|","|switch|p2a: Gengar|Gengar, F|131/261","|move|p1a: Hail Hydra|Earth Power|p2a: Gengar","|-immune|p2a: Gengar|[msg]","|","|-heal|p2a: Gengar|147/261|[from] item: Black Sludge","|-sideend|p1: Alliance-SeaHutch|move: Tailwind","|turn|24","|","|switch|p1a: Jenna Marbles|Garchomp, F|132/420 brn","|move|p2a: Gengar|Sludge Wave|p1a: Jenna Marbles","|-resisted|p1a: Jenna Marbles","|-damage|p1a: Jenna Marbles|29/420 brn","|","|-heal|p2a: Gengar|163/261|[from] item: Black Sludge","|-damage|p1a: Jenna Marbles|0 fnt|[from] brn","|faint|p1a: Jenna Marbles","|","|switch|p1a: Angel|Latias-Mega, F|45/363","|turn|25","|","|move|p1a: Angel|Tailwind|p1a: Angel","|-sidestart|p1: Alliance-SeaHutch|move: Tailwind","|move|p2a: Gengar|Shadow Ball|p1a: Angel","|-supereffective|p1a: Angel","|-damage|p1a: Angel|0 fnt","|faint|p1a: Angel","|","|-heal|p2a: Gengar|179/261|[from] item: Black Sludge","|","|switch|p1a: Kaneki Ken|Kyurem-Black|431/431","|-ability|p1a: Kaneki Ken|Teravolt","|turn|26","|","|switch|p2a: Skuntank|Skuntank, M, shiny|47/351","|move|p1a: Kaneki Ken|Outrage|p2a: Skuntank","|-damage|p2a: Skuntank|0 fnt","|-damage|p1a: Kaneki Ken|324/431|[from] ability: Aftermath|[of] p2a: Skuntank","|faint|p2a: Skuntank","|","|","|switch|p2a: Nidoqueen|Nidoqueen, F|383/383","|turn|27","|","|move|p1a: Kaneki Ken|Outrage|p2a: Nidoqueen","|-damage|p2a: Nidoqueen|62/383","|-start|p1a: Kaneki Ken|confusion|[fatigue]","|move|p2a: Nidoqueen|Earth Power|p1a: Kaneki Ken","|-damage|p1a: Kaneki Ken|200/431","|","|-heal|p2a: Nidoqueen|85/383|[from] item: Black Sludge","|turn|28","|","|-activate|p1a: Kaneki Ken|confusion","|-damage|p1a: Kaneki Ken|102/431|[from] confusion","|move|p2a: Nidoqueen|Stealth Rock|p1a: Kaneki Ken","|-sidestart|p1: Alliance-SeaHutch|move: Stealth Rock","|","|-heal|p2a: Nidoqueen|108/383|[from] item: Black Sludge","|-sideend|p1: Alliance-SeaHutch|move: Tailwind","|turn|29","|","|-activate|p1a: Kaneki Ken|confusion","|-damage|p1a: Kaneki Ken|3/431|[from] confusion","|move|p2a: Nidoqueen|Earth Power|p1a: Kaneki Ken","|-damage|p1a: Kaneki Ken|0 fnt","|faint|p1a: Kaneki Ken","|","|-heal|p2a: Nidoqueen|131/383|[from] item: Black Sludge","|","|switch|p1a: Hail Hydra|Hydreigon, F|325/325","|-damage|p1a: Hail Hydra|285/325|[from] Stealth Rock","|turn|30","|","|switch|p2a: Dragalge|Dragalge, F|333/333","|move|p1a: Hail Hydra|Dark Pulse|p2a: Dragalge","|-damage|p2a: Dragalge|195/333","|","|-heal|p2a: Dragalge|215/333|[from] item: Black Sludge","|turn|31","|","|move|p1a: Hail Hydra|Dark Pulse|p2a: Dragalge","|-damage|p2a: Dragalge|73/333","|move|p2a: Dragalge|Draco Meteor|p1a: Hail Hydra","|-supereffective|p1a: Hail Hydra","|-damage|p1a: Hail Hydra|0 fnt","|-unboost|p2a: Dragalge|spa|2","|faint|p1a: Hail Hydra","|","|-heal|p2a: Dragalge|93/333|[from] item: Black Sludge","|","|switch|p1a: The Mailman|Dragonite, F|323/323","|-damage|p1a: The Mailman|243/323|[from] Stealth Rock","|turn|32","|","|move|p1a: The Mailman|Dragon Dance|p1a: The Mailman","|-boost|p1a: The Mailman|atk|1","|-boost|p1a: The Mailman|spe|1","|move|p2a: Dragalge|Draco Meteor|p1a: The Mailman","|-supereffective|p1a: The Mailman","|-damage|p1a: The Mailman|43/323","|-unboost|p2a: Dragalge|spa|2","|","|-heal|p2a: Dragalge|113/333|[from] item: Black Sludge","|turn|33","|","|move|p1a: The Mailman|Earthquake|p2a: Dragalge","|-supereffective|p2a: Dragalge","|-damage|p2a: Dragalge|0 fnt","|faint|p2a: Dragalge","|","|","|switch|p2a: Gengar|Gengar, F|179/261","|turn|34","|","|switch|p2a: Nidoqueen|Nidoqueen, F|131/383","|move|p1a: The Mailman|Dragon Claw|p2a: Nidoqueen","|-damage|p2a: Nidoqueen|0 fnt","|faint|p2a: Nidoqueen","|","|","|switch|p2a: Venusaur|Venusaur-Mega, F|241/363","|turn|35","|","|move|p1a: The Mailman|Dragon Claw|p2a: Venusaur","|-damage|p2a: Venusaur|69/363","|move|p2a: Venusaur|Sludge Bomb|p1a: The Mailman","|-damage|p1a: The Mailman|0 fnt","|faint|p1a: The Mailman","|","|win|Zukushiku"],"p1rating":{"entryid":"6933655","serverid":"eos","formatid":"monotype","userid":"allianceseahutch","username":"Alliance-SeaHutch","w":"26","l":3,"t":"0","gxe":79,"r":"1772.5935535356","rd":"67.365594325432","sigma":"0","rptime":"1438246800","rpr":1753.9288611428,"rprd":66.480853942344,"rpsigma":"0","acre":1373.2725317491,"lacre":1373.2725317491,"oldacre":"1402.9098576351"},"p2rating":{"entryid":"7076911","serverid":"eos","formatid":"monotype","userid":"zukushiku","username":"Zukushiku","w":17,"l":"9","t":"0","gxe":62,"r":"1575.9289609493","rd":"69.558122796752","sigma":"0","rptime":"1438246800","rpr":1593.8224445949,"rprd":64.354530242249,"rpsigma":"0","acre":1257.4096450171,"lacre":1257.4096450171,"oldacre":"1220.3629876597"},"endType":"normal"}