{"seed":[8289,17162,13777,28130],"turns":24,"p1":"KuKuKu Baby","p2":"DJ⌐■_■Entropy","p1team":[{"name":"Hydreigon","species":"Hydreigon","item":"lifeorb","ability":"Levitate","moves":["dracometeor","darkpulse","flashcannon","superpower"],"nature":"Rash","evs":{"hp":0,"atk":4,"def":0,"spa":252,"spd":0,"spe":252},"gender":"M","shiny":true,"ivs":{"hp":31,"atk":31,"def":31,"spa":31,"spd":31,"spe":31}},{"name":"Kyurem-Black","species":"Kyurem-Black","item":"choicescarf","ability":"Teravolt","moves":["icebeam","outrage","fusionbolt","ironhead"],"nature":"Naive","evs":{"hp":0,"atk":252,"def":0,"spa":28,"spd":0,"spe":228},"ivs":{"hp":31,"atk":31,"def":31,"spa":31,"spd":31,"spe":31}},{"name":"Latios","species":"Latios","item":"lifeorb","ability":"Levitate","moves":["defog","roost","psyshock","dracometeor"],"nature":"Timid","evs":{"hp":0,"atk":0,"def":0,"spa":252,"spd":4,"spe":252},"ivs":{"hp":31,"atk":0,"def":31,"spa":31,"spd":31,"spe":31}},{"name":"Garchomp","species":"Garchomp","item":"rockyhelmet","ability":"Rough Skin","moves":["stealthrock","earthquake","dragontail","fireblast"],"nature":"Lax","evs":{"hp":252,"atk":0,"def":252,"spa":4,"spd":0,"spe":0},"gender":"M","ivs":{"hp":31,"atk":31,"def":31,"spa":31,"spd":31,"spe":31}},{"name":"Altaria","species":"Altaria","item":"altarianite","ability":"Cloud Nine","moves":["hypervoice","fireblast","roost","healbell"],"nature":"Modest","evs":{"hp":248,"atk":0,"def":0,"spa":168,"spd":0,"spe":92},"gender":"F","ivs":{"hp":31,"atk":0,"def":31,"spa":31,"spd":31,"spe":31}},{"name":"Dragonite","species":"Dragonite","item":"choiceband","ability":"Multiscale","moves":["extremespeed","outrage","earthquake","firepunch"],"nature":"Adamant","evs":{"hp":0,"atk":252,"def":0,"spa":0,"spd":4,"spe":252},"gender":"M","shiny":true,"ivs":{"hp":31,"atk":31,"def":31,"spa":31,"spd":31,"spe":31}}],"p2team":[{"name":"Rook","species":"golurk","item":"choiceband","ability":"No Guard","moves":["dynamicpunch","earthquake","shadowpunch","icepunch"],"nature":"Brave","evs":{"hp":248,"atk":252,"def":0,"spa":0,"spd":8,"spe":0},"ivs":{"hp":31,"atk":31,"def":30,"spa":31,"spd":30,"spe":31}},{"name":"Bishop","species":"trevenant","item":"sitrusberry","ability":"Harvest","moves":["hornleech","willowisp","substitute","leechseed"],"nature":"Careful","evs":{"hp":252,"atk":4,"def":0,"spa":0,"spd":252,"spe":0},"ivs":{"hp":31,"atk":31,"def":31,"spa":31,"spd":31,"spe":31}},{"name":"Knight","species":"aegislash","item":"leftovers","ability":"Stance Change","moves":["shadowball","shadowsneak","kingsshield","flashcannon"],"nature":"Quiet","evs":{"hp":244,"atk":0,"def":12,"spa":252,"spd":0,"spe":0},"ivs":{"hp":31,"atk":31,"def":31,"spa":31,"spd":31,"spe":31}},{"name":"King","species":"jellicent","item":"leftovers","ability":"Water Absorb","moves":["scald","toxic","trickroom","recover"],"nature":"Calm","evs":{"hp":252,"atk":0,"def":4,"spa":0,"spd":252,"spe":0},"gender":"M","ivs":{"hp":31,"atk":31,"def":31,"spa":31,"spd":31,"spe":0}},{"name":"Queen","species":"sableye","item":"sablenite","ability":"Prankster","moves":["recover","willowisp","darkpulse","calmmind"],"nature":"Bold","evs":{"hp":248,"atk":0,"def":252,"spa":8,"spd":0,"spe":0},"gender":"F","ivs":{"hp":31,"atk":31,"def":31,"spa":31,"spd":31,"spe":31}},{"name":"Pawn","species":"cofagrigus","item":"leftovers","ability":"Mummy","moves":["shadowball","willowisp","trickroom","destinybond"],"nature":"Sassy","evs":{"hp":252,"atk":0,"def":0,"spa":4,"spd":252,"spe":0},"ivs":{"hp":31,"atk":31,"def":31,"spa":31,"spd":31,"spe":0}}],"log":["|player|p1|KuKuKu Baby|39","|player|p2|DJ⌐■_■Entropy|290","|gametype|singles","|gen|6","|tier|Monotype","|rated","|rule|Baton Pass Clause: Limit one Baton Passer, can't pass Spe and other stats simultaneously","|rule|Swagger Clause: Swagger is banned","|rule|Same Type Clause: Pokémon in a team must share a type","|clearpoke","|poke|p1|Hydreigon, M, shiny","|poke|p1|Kyurem-Black","|poke|p1|Latios, M","|poke|p1|Garchomp, M","|poke|p1|Altaria, F","|poke|p1|Dragonite, M, shiny","|poke|p2|Golurk","|poke|p2|Trevenant, M","|poke|p2|Aegislash, F","|poke|p2|Jellicent, M","|poke|p2|Sableye, F","|poke|p2|Cofagrigus, M","|rule|Sleep Clause Mod: Limit one foe put to sleep","|rule|Species Clause: Limit one of each Pokémon","|rule|OHKO Clause: OHKO moves are banned","|rule|Moody Clause: Moody is banned","|rule|Evasion Moves Clause: Evasion moves are banned","|rule|Endless Battle Clause: Forcing endless battles is banned","|rule|HP Percentage Mod: HP is shown in percentages","|teampreview","|","|start","|switch|p1a: Altaria|Altaria, F|353/353","|switch|p2a: Pawn|Cofagrigus, M|320/320","|-ability|p1a: Altaria|Cloud Nine","|turn|1","|","|detailschange|p1a: Altaria|Altaria-Mega, F","|-mega|p1a: Altaria|Altaria|Altarianite","|move|p1a: Altaria|Hyper Voice|p2a: Pawn","|-damage|p2a: Pawn|190/320","|move|p2a: Pawn|Trick Room|p2a: Pawn","|-fieldstart|move: Trick Room|[of] p2a: Pawn","|","|-heal|p2a: Pawn|210/320|[from] item: Leftovers","|turn|2","|","|switch|p1a: Hydreigon|Hydreigon, M, shiny|325/325","|move|p2a: Pawn|Will-O-Wisp|p1a: Hydreigon|[miss]","|-miss|p2a: Pawn|p1a: Hydreigon","|","|-heal|p2a: Pawn|230/320|[from] item: Leftovers","|turn|3","|","|move|p2a: Pawn|Destiny Bond|p2a: Pawn","|-singlemove|p2a: Pawn|Destiny Bond","|move|p1a: Hydreigon|Dark Pulse|p2a: Pawn","|-supereffective|p2a: Pawn","|-damage|p2a: Pawn|0 fnt","|-damage|p1a: Hydreigon|293/325|[from] item: Life Orb","|faint|p2a: Pawn","|-activate|p2a: Pawn|Destiny Bond","|faint|p1a: Hydreigon","|","|","|switch|p2a: Bishop|Trevenant, M|374/374","|switch|p1a: Altaria|Altaria-Mega, F|353/353","|turn|4","|","|move|p2a: Bishop|Leech Seed|p1a: Altaria","|-start|p1a: Altaria|move: Leech Seed","|move|p1a: Altaria|Fire Blast|p2a: Bishop","|-supereffective|p2a: Bishop","|-damage|p2a: Bishop|180/374","|-enditem|p2a: Bishop|Sitrus Berry|[eat]","|-heal|p2a: Bishop|273/374|[from] item: Sitrus Berry","|","|-damage|p1a: Altaria|309/353|[from] Leech Seed|[of] p2a: Bishop","|-heal|p2a: Bishop|317/374|[silent]","|turn|5","|","|switch|p1a: Garchomp|Garchomp, M|420/420","|move|p2a: Bishop|Will-O-Wisp|p1a: Garchomp","|-status|p1a: Garchomp|brn","|","|-damage|p1a: Garchomp|368/420 brn|[from] brn","|-fieldend|move: Trick Room","|turn|6","|","|move|p1a: Garchomp|Stealth Rock|p2a: Bishop","|-sidestart|p2: DJ⌐■_■Entropy|move: Stealth Rock","|move|p2a: Bishop|Leech Seed|p1a: Garchomp|[miss]","|-miss|p2a: Bishop|p1a: Garchomp","|","|-damage|p1a: Garchomp|316/420 brn|[from] brn","|-item|p2a: Bishop|Sitrus Berry|[from] ability: Harvest","|turn|7","|","|switch|p1a: Altaria|Altaria-Mega, F|309/353","|move|p2a: Bishop|Leech Seed|p1a: Altaria","|-start|p1a: Altaria|move: Leech Seed","|","|-damage|p1a: Altaria|265/353|[from] Leech Seed|[of] p2a: Bishop","|-heal|p2a: Bishop|361/374|[silent]","|turn|8","|","|switch|p1a: Kyurem-Black|Kyurem-Black|391/391","|-ability|p1a: Kyurem-Black|Teravolt","|move|p2a: Bishop|Horn Leech|p1a: Kyurem-Black","|-resisted|p1a: Kyurem-Black","|-damage|p1a: Kyurem-Black|346/391","|-heal|p2a: Bishop|374/374|[from] drain|[of] p1a: Kyurem-Black","|","|turn|9","|","|move|p1a: Kyurem-Black|Ice Beam|p2a: Bishop","|-supereffective|p2a: Bishop","|-damage|p2a: Bishop|146/374","|-enditem|p2a: Bishop|Sitrus Berry|[eat]","|-heal|p2a: Bishop|239/374|[from] item: Sitrus Berry","|move|p2a: Bishop|Will-O-Wisp|p1a: Kyurem-Black","|-status|p1a: Kyurem-Black|brn","|","|-damage|p1a: Kyurem-Black|298/391 brn|[from] brn","|turn|10","|","|move|p1a: Kyurem-Black|Ice Beam|p2a: Bishop","|-supereffective|p2a: Bishop","|-damage|p2a: Bishop|39/374","|move|p2a: Bishop|Leech Seed|p1a: Kyurem-Black","|-start|p1a: Kyurem-Black|move: Leech Seed","|","|-damage|p1a: Kyurem-Black|250/391 brn|[from] Leech Seed|[of] p2a: Bishop","|-heal|p2a: Bishop|87/374|[silent]","|-damage|p1a: Kyurem-Black|202/391 brn|[from] brn","|-item|p2a: Bishop|Sitrus Berry|[from] ability: Harvest","|-enditem|p2a: Bishop|Sitrus Berry|[eat]","|-heal|p2a: Bishop|180/374|[from] item: Sitrus Berry","|turn|11","|","|switch|p2a: King|Jellicent, M|404/404","|-damage|p2a: King|354/404|[from] Stealth Rock","|move|p1a: Kyurem-Black|Ice Beam|p2a: King","|-resisted|p2a: King","|-damage|p2a: King|311/404","|","|-heal|p2a: King|336/404|[from] item: Leftovers","|-damage|p1a: Kyurem-Black|154/391 brn|[from] Leech Seed|[of] p2a: King","|-heal|p2a: King|384/404|[silent]","|-damage|p1a: Kyurem-Black|106/391 brn|[from] brn","|turn|12","|","|switch|p1a: Altaria|Altaria-Mega, F|265/353","|move|p2a: King|Trick Room|p2a: King","|-fieldstart|move: Trick Room|[of] p2a: King","|","|-heal|p2a: King|404/404|[from] item: Leftovers","|turn|13","|","|move|p2a: King|Toxic|p1a: Altaria","|-status|p1a: Altaria|tox","|move|p1a: Altaria|Heal Bell|p1a: Altaria","|-cureteam|p1a: Altaria|[from] move: HealBell","|","|turn|14","|","|switch|p2a: Rook|Golurk|381/381","|-damage|p2a: Rook|358/381|[from] Stealth Rock","|move|p1a: Altaria|Hyper Voice|p2a: Rook","|-damage|p2a: Rook|144/381","|","|turn|15","|","|move|p2a: Rook|Ice Punch|p1a: Altaria","|-supereffective|p1a: Altaria","|-damage|p1a: Altaria|11/353","|move|p1a: Altaria|Hyper Voice|p2a: Rook","|-damage|p2a: Rook|0 fnt","|faint|p2a: Rook","|","|","|switch|p2a: Bishop|Trevenant, M|180/374","|-damage|p2a: Bishop|134/374|[from] Stealth Rock","|turn|16","|","|move|p2a: Bishop|Horn Leech|p1a: Altaria","|-resisted|p1a: Altaria","|-damage|p1a: Altaria|0 fnt","|-heal|p2a: Bishop|140/374|[from] drain|[of] p1a: Altaria","|faint|p1a: Altaria","|","|-fieldend|move: Trick Room","|","|switch|p1a: Latios|Latios, M|301/301","|turn|17","|","|move|p1a: Latios|Psyshock|p2a: Bishop","|-damage|p2a: Bishop|0 fnt","|-damage|p1a: Latios|271/301|[from] item: Life Orb","|faint|p2a: Bishop","|","|","|switch|p2a: Knight|Aegislash, F|322/322","|-damage|p2a: Knight|302/322|[from] Stealth Rock","|turn|18","|","|switch|p1a: Garchomp|Garchomp, M|316/420","|-formechange|p2a: Knight|Aegislash-Blade","|move|p2a: Knight|Shadow Ball|p1a: Garchomp","|-damage|p1a: Garchomp|106/420","|","|-heal|p2a: Knight|322/322|[from] item: Leftovers","|turn|19","|","|-formechange|p2a: Knight|Aegislash","|move|p2a: Knight|King's Shield|p2a: Knight","|-singleturn|p2a: Knight|Protect","|move|p1a: Garchomp|Earthquake|p2a: Knight","|-activate|p2a: Knight|Protect","|","|turn|20","|","|-formechange|p2a: Knight|Aegislash-Blade","|move|p2a: Knight|Shadow Ball|p1a: Garchomp","|-damage|p1a: Garchomp|0 fnt","|faint|p1a: Garchomp","|","|","|switch|p1a: Dragonite|Dragonite, M, shiny|323/323","|turn|21","|","|-formechange|p2a: Knight|Aegislash","|move|p2a: Knight|King's Shield|p2a: Knight","|-singleturn|p2a: Knight|Protect","|move|p1a: Dragonite|Earthquake|p2a: Knight","|-activate|p2a: Knight|Protect","|","|turn|22","|","|move|p1a: Dragonite|Earthquake|p2a: Knight","|-supereffective|p2a: Knight","|-damage|p2a: Knight|42/322","|-formechange|p2a: Knight|Aegislash-Blade","|move|p2a: Knight|Flash Cannon|p1a: Dragonite","|-damage|p1a: Dragonite|236/323","|","|-heal|p2a: Knight|62/322|[from] item: Leftovers","|turn|23","|","|move|p1a: Dragonite|Earthquake|p2a: Knight","|-supereffective|p2a: Knight","|-damage|p2a: Knight|0 fnt","|faint|p2a: Knight","|","|","|switch|p2a: Queen|Sableye, F|303/303","|-damage|p2a: Queen|266/303|[from] Stealth Rock","|turn|24","|","|win|KuKuKu Baby"],"p1rating":{"entryid":"6819439","serverid":"eos","formatid":"monotype","userid":"kukukubaby","username":"KuKuKu Baby","w":8,"l":"5","t":"0","gxe":56.5,"r":"1539.053735305","rd":"88.069926388056","sigma":"0","rptime":"1438246800","rpr":1550.2932281067,"rprd":81.636537305737,"rpsigma":"0","acre":1127.9900360124,"lacre":1127.9900360124,"oldacre":"1110.6962620354"},"p2rating":{"entryid":"7256388","serverid":"eos","formatid":"monotype","userid":"djentropy","username":"DJ⌐■_■Entropy","w":"0","l":6,"t":"0","gxe":31.9,"r":"1391.7669643336","rd":"106.17583504752","sigma":"0","rptime":"1438246800","rpr":1351.8243585574,"rprd":98.439488569731,"rpsigma":"0","acre":1000,"lacre":1000,"oldacre":"1000"},"endType":"forfeit"}