{"seed":[64814,60030,4693,50839],"turns":33,"p1":"Rain ☆ Fae","p2":"Rain ☆ Banneree","p1team":[{"name":"Get Walled","species":"hippowdon","item":"leftovers","ability":"Sand Stream","moves":["stealthrock","slackoff","whirlwind","toxic"],"nature":"Bold","evs":{"hp":248,"atk":0,"def":252,"spa":0,"spd":8,"spe":0},"ivs":{"hp":31,"atk":31,"def":31,"spa":31,"spd":31,"spe":31}},{"name":"Land Shark","species":"garchomp","item":"lumberry","ability":"Sand Veil","moves":["swordsdance","earthquake","stoneedge","outrage"],"nature":"Jolly","evs":{"hp":0,"atk":252,"def":0,"spa":0,"spd":4,"spe":252},"ivs":{"hp":31,"atk":31,"def":31,"spa":31,"spd":31,"spe":31}},{"name":"6-0 steel GG","species":"landorus","item":"lifeorb","ability":"Sheer Force","moves":["earthpower","psychic","sludgewave","gravity"],"nature":"Timid","evs":{"hp":0,"atk":0,"def":0,"spa":252,"spd":4,"spe":252},"ivs":{"hp":31,"atk":0,"def":31,"spa":31,"spd":31,"spe":31}},{"name":"fast like sanic","species":"excadrill","item":"choiceband","ability":"Sand Rush","moves":["earthquake","ironhead","rockslide","xscissor"],"nature":"Jolly","evs":{"hp":0,"atk":252,"def":0,"spa":0,"spd":4,"spe":252},"ivs":{"hp":31,"atk":31,"def":31,"spa":31,"spd":31,"spe":31}},{"name":"water lol","species":"gastrodon","item":"leftovers","ability":"Storm Drain","moves":["scald","recover","toxic","earthpower"],"nature":"Bold","evs":{"hp":252,"atk":0,"def":244,"spa":0,"spd":0,"spe":12},"ivs":{"hp":31,"atk":31,"def":31,"spa":31,"spd":31,"spe":31}},{"name":"walls lol","species":"gliscor","item":"leftovers","ability":"Sand Veil","moves":["taunt","honeclaws","batonpass","roost"],"nature":"Bold","evs":{"hp":252,"atk":0,"def":184,"spa":0,"spd":0,"spe":72},"ivs":{"hp":31,"atk":31,"def":31,"spa":31,"spd":31,"spe":31}}],"p2team":[{"name":"Sanic","species":"zangoose","item":"toxicorb","ability":"Toxic Boost","moves":["facade","protect","knockoff","nightslash"],"nature":"Jolly","evs":{"hp":0,"atk":252,"def":0,"spa":0,"spd":4,"spe":252},"shiny":true,"ivs":{"hp":31,"atk":31,"def":31,"spa":31,"spd":31,"spe":31}},{"name":"Karappa","species":"staraptor","item":"leftovers","ability":"Intimidate","moves":["defog","featherdance","bravebird","roost"],"nature":"Impish","evs":{"hp":248,"atk":8,"def":252,"spa":0,"spd":0,"spe":0},"ivs":{"hp":31,"atk":31,"def":31,"spa":31,"spd":31,"spe":31}},{"name":"Tempo","species":"meloetta","item":"assaultvest","ability":"Serene Grace","moves":["hypervoice","psyshock","dazzlinggleam","shadowball"],"nature":"Modest","evs":{"hp":248,"atk":0,"def":0,"spa":252,"spd":8,"spe":0},"ivs":{"hp":31,"atk":31,"def":31,"spa":31,"spd":31,"spe":31}},{"name":"nerf me plz.","species":"lopunny","item":"lopunnite","ability":"Cute Charm","moves":["fakeout","drainpunch","icepunch","return"],"nature":"Jolly","evs":{"hp":0,"atk":252,"def":0,"spa":0,"spd":4,"spe":252},"ivs":{"hp":31,"atk":31,"def":31,"spa":31,"spd":31,"spe":31}},{"name":"what up Doc","species":"diggersby","item":"choiceband","ability":"Huge Power","moves":["earthquake","wildcharge","firepunch","quickattack"],"nature":"Adamant","evs":{"hp":4,"atk":252,"def":0,"spa":0,"spd":0,"spe":252},"shiny":true,"ivs":{"hp":31,"atk":31,"def":31,"spa":31,"spd":31,"spe":31}},{"name":"Playdoe","species":"ditto","item":"choicescarf","ability":"Imposter","moves":["transform"],"nature":"Bold","evs":{"hp":248,"atk":0,"def":252,"spa":0,"spd":8,"spe":0},"shiny":true,"ivs":{"hp":31,"atk":31,"def":31,"spa":31,"spd":31,"spe":31}}],"log":["|player|p1|Rain ☆ Fae|233","|player|p2|Rain ☆ Banneree|200","|gametype|singles","|gen|6","|tier|Monotype","|rated","|rule|Baton Pass Clause: Limit one Baton Passer, can't pass Spe and other stats simultaneously","|rule|Swagger Clause: Swagger is banned","|rule|Same Type Clause: Pokémon in a team must share a type","|clearpoke","|poke|p1|Hippowdon, M","|poke|p1|Garchomp, M","|poke|p1|Landorus, M","|poke|p1|Excadrill, F","|poke|p1|Gastrodon, M","|poke|p1|Gliscor, M","|poke|p2|Zangoose, F, shiny","|poke|p2|Staraptor, M","|poke|p2|Meloetta","|poke|p2|Lopunny, M","|poke|p2|Diggersby, M, shiny","|poke|p2|Ditto, shiny","|rule|Sleep Clause Mod: Limit one foe put to sleep","|rule|Species Clause: Limit one of each Pokémon","|rule|OHKO Clause: OHKO moves are banned","|rule|Moody Clause: Moody is banned","|rule|Evasion Moves Clause: Evasion moves are banned","|rule|Endless Battle Clause: Forcing endless battles is banned","|rule|HP Percentage Mod: HP is shown in percentages","|teampreview","|","|start","|switch|p1a: Get Walled|Hippowdon, M|419/419","|switch|p2a: Sanic|Zangoose, F, shiny|287/287","|-weather|Sandstorm","|turn|1","|","|move|p2a: Sanic|Facade|p1a: Get Walled","|-damage|p1a: Get Walled|349/419","|move|p1a: Get Walled|Stealth Rock|p2a: Sanic","|-sidestart|p2: Rain ☆ Banneree|move: Stealth Rock","|","|-weather|Sandstorm|[upkeep]","|-damage|p2a: Sanic|270/287|[from] sandstorm","|-heal|p1a: Get Walled|375/419|[from] item: Leftovers","|-status|p2a: Sanic|tox|[from] item: Toxic Orb","|turn|2","|","|move|p2a: Sanic|Knock Off|p1a: Get Walled","|-damage|p1a: Get Walled|278/419","|-enditem|p1a: Get Walled|Leftovers|[from] move: Knock Off|[of] p2a: Sanic","|move|p1a: Get Walled|Slack Off|p1a: Get Walled","|-heal|p1a: Get Walled|419/419","|","|-weather|Sandstorm|[upkeep]","|-damage|p2a: Sanic|253/287 tox|[from] sandstorm","|-damage|p2a: Sanic|236/287 tox|[from] psn","|turn|3","|","|switch|p2a: Tempo|Meloetta|403/403","|-damage|p2a: Tempo|353/403|[from] Stealth Rock","|move|p1a: Get Walled|Whirlwind|p2a: Tempo","|drag|p2a: Sanic|Zangoose, F, shiny|236/287 tox","|-damage|p2a: Sanic|201/287 tox|[from] Stealth Rock","|","|-weather|Sandstorm|[upkeep]","|-damage|p2a: Sanic|184/287 tox|[from] sandstorm","|-damage|p2a: Sanic|167/287 tox|[from] psn","|turn|4","|","|switch|p2a: Playdoe|Ditto, shiny|299/299","|-damage|p2a: Playdoe|262/299|[from] Stealth Rock","|-transform|p2a: Playdoe|p1a: Get Walled","|move|p1a: Get Walled|Whirlwind|p2a: Playdoe","|drag|p2a: Sanic|Zangoose, F, shiny|167/287 tox","|-damage|p2a: Sanic|132/287 tox|[from] Stealth Rock","|","|-weather|Sandstorm|[upkeep]","|-damage|p2a: Sanic|115/287 tox|[from] sandstorm","|-damage|p2a: Sanic|98/287 tox|[from] psn","|turn|5","|","|switch|p2a: Playdoe|Ditto, shiny|262/299","|-damage|p2a: Playdoe|225/299|[from] Stealth Rock","|-transform|p2a: Playdoe|p1a: Get Walled","|move|p1a: Get Walled|Whirlwind|p2a: Playdoe","|drag|p2a: Karappa|Staraptor, M|373/373","|-damage|p2a: Karappa|280/373|[from] Stealth Rock","|-ability|p2a: Karappa|Intimidate","|-unboost|p1a: Get Walled|atk|1","|","|-weather|none","|-heal|p2a: Karappa|303/373|[from] item: Leftovers","|turn|6","|","|switch|p1a: Land Shark|Garchomp, M|357/357","|move|p2a: Karappa|Defog|p1a: Land Shark","|-unboost|p1a: Land Shark|evasion|1","|-sideend|p2: Rain ☆ Banneree|Stealth Rock|[from] move: Defog|[of] p2a: Karappa","|","|-heal|p2a: Karappa|326/373|[from] item: Leftovers","|turn|7","|","|switch|p2a: what up Doc|Diggersby, M, shiny|312/312","|move|p1a: Land Shark|Stone Edge|p2a: what up Doc","|-resisted|p2a: what up Doc","|-damage|p2a: what up Doc|241/312","|","|turn|8","|","|move|p1a: Land Shark|Swords Dance|p1a: Land Shark","|-boost|p1a: Land Shark|atk|2","|move|p2a: what up Doc|Earthquake|p1a: Land Shark","|-damage|p1a: Land Shark|0 fnt","|faint|p1a: Land Shark","|","|","|switch|p1a: water lol|Gastrodon, M|426/426","|turn|9","|","|switch|p1a: 6-0 steel GG|Landorus, M|319/319","|move|p2a: what up Doc|Earthquake|p1a: 6-0 steel GG","|-immune|p1a: 6-0 steel GG|[msg]","|","|turn|10","|","|switch|p2a: Sanic|Zangoose, F, shiny|98/287 tox","|move|p1a: 6-0 steel GG|Earth Power|p2a: Sanic","|-damage|p2a: Sanic|0 fnt","|faint|p2a: Sanic","|","|","|switch|p2a: nerf me plz.|Lopunny, M|271/271","|turn|11","|","|detailschange|p2a: nerf me plz.|Lopunny-Mega, M","|-mega|p2a: nerf me plz.|Lopunny|Lopunnite","|move|p2a: nerf me plz.|Fake Out|p1a: 6-0 steel GG","|-damage|p1a: 6-0 steel GG|240/319","|cant|p1a: 6-0 steel GG|flinch","|","|turn|12","|","|move|p2a: nerf me plz.|Ice Punch|p1a: 6-0 steel GG","|-supereffective|p1a: 6-0 steel GG","|-damage|p1a: 6-0 steel GG|0 fnt","|faint|p1a: 6-0 steel GG","|","|","|switch|p1a: Get Walled|Hippowdon, M|419/419","|-weather|Sandstorm","|turn|13","|","|move|p2a: nerf me plz.|Ice Punch|p1a: Get Walled","|-supereffective|p1a: Get Walled","|-damage|p1a: Get Walled|297/419","|move|p1a: Get Walled|Whirlwind|p2a: nerf me plz.","|drag|p2a: what up Doc|Diggersby, M, shiny|241/312","|","|-weather|Sandstorm|[upkeep]","|turn|14","|","|move|p2a: what up Doc|Earthquake|p1a: Get Walled","|-damage|p1a: Get Walled|72/419","|move|p1a: Get Walled|Toxic|p2a: what up Doc","|-status|p2a: what up Doc|tox","|","|-weather|Sandstorm|[upkeep]","|-damage|p2a: what up Doc|222/312 tox|[from] psn","|turn|15","|","|switch|p1a: walls lol|Gliscor, M|354/354","|move|p2a: what up Doc|Earthquake|p1a: walls lol","|-immune|p1a: walls lol|[msg]","|","|-weather|Sandstorm|[upkeep]","|-damage|p2a: what up Doc|184/312 tox|[from] psn","|turn|16","|","|switch|p2a: Tempo|Meloetta|353/403","|move|p1a: walls lol|Hone Claws|p1a: walls lol","|-boost|p1a: walls lol|atk|1","|-boost|p1a: walls lol|accuracy|1","|","|-weather|Sandstorm|[upkeep]","|-damage|p2a: Tempo|328/403|[from] sandstorm","|turn|17","|","|move|p1a: walls lol|Hone Claws|p1a: walls lol","|-boost|p1a: walls lol|atk|1","|-boost|p1a: walls lol|accuracy|1","|move|p2a: Tempo|Dazzling Gleam|p1a: walls lol","|-damage|p1a: walls lol|224/354","|","|-weather|none","|-heal|p1a: walls lol|246/354|[from] item: Leftovers","|turn|18","|","|move|p1a: walls lol|Baton Pass|p1a: walls lol","|","|switch|p1a: fast like sanic|Excadrill, F|361/361","|move|p2a: Tempo|Dazzling Gleam|p1a: fast like sanic","|-resisted|p1a: fast like sanic","|-damage|p1a: fast like sanic|294/361","|","|turn|19","|","|move|p1a: fast like sanic|Earthquake|p2a: Tempo","|-damage|p2a: Tempo|0 fnt","|faint|p2a: Tempo","|","|","|switch|p2a: Playdoe|Ditto, shiny|225/299","|-transform|p2a: Playdoe|p1a: fast like sanic","|turn|20","|","|switch|p1a: walls lol|Gliscor, M|246/354","|move|p2a: Playdoe|Earthquake|p1a: walls lol","|-immune|p1a: walls lol|[msg]","|","|-heal|p1a: walls lol|268/354|[from] item: Leftovers","|turn|21","|","|switch|p2a: Karappa|Staraptor, M|326/373","|-ability|p2a: Karappa|Intimidate","|-unboost|p1a: walls lol|atk|1","|move|p1a: walls lol|Taunt|p2a: Karappa","|-start|p2a: Karappa|move: Taunt","|","|-heal|p1a: walls lol|290/354|[from] item: Leftovers","|-heal|p2a: Karappa|349/373|[from] item: Leftovers","|turn|22","|","|switch|p2a: nerf me plz.|Lopunny-Mega, M|271/271","|move|p1a: walls lol|Hone Claws|p1a: walls lol","|-boost|p1a: walls lol|atk|1","|-boost|p1a: walls lol|accuracy|1","|","|-heal|p1a: walls lol|312/354|[from] item: Leftovers","|turn|23","|","|switch|p1a: fast like sanic|Excadrill, F|294/361","|move|p2a: nerf me plz.|Ice Punch|p1a: fast like sanic","|-damage|p1a: fast like sanic|153/361","|","|turn|24","|","|switch|p1a: Get Walled|Hippowdon, M|72/419","|-weather|Sandstorm","|move|p2a: nerf me plz.|Ice Punch|p1a: Get Walled","|-supereffective|p1a: Get Walled","|-damage|p1a: Get Walled|0 fnt","|faint|p1a: Get Walled","|","|-weather|Sandstorm|[upkeep]","|-damage|p2a: nerf me plz.|255/271|[from] sandstorm","|","|switch|p1a: fast like sanic|Excadrill, F|153/361","|turn|25","|","|move|p1a: fast like sanic|Rock Slide|p2a: nerf me plz.","|-resisted|p2a: nerf me plz.","|-damage|p2a: nerf me plz.|182/271","|move|p2a: nerf me plz.|Ice Punch|p1a: fast like sanic","|-damage|p1a: fast like sanic|18/361","|","|-weather|Sandstorm|[upkeep]","|-damage|p2a: nerf me plz.|166/271|[from] sandstorm","|turn|26","|","|switch|p1a: walls lol|Gliscor, M|312/354","|move|p2a: nerf me plz.|Drain Punch|p1a: walls lol","|-resisted|p1a: walls lol","|-damage|p1a: walls lol|264/354","|-heal|p2a: nerf me plz.|190/271|[from] drain|[of] p1a: walls lol","|","|-weather|Sandstorm|[upkeep]","|-damage|p2a: nerf me plz.|174/271|[from] sandstorm","|-heal|p1a: walls lol|286/354|[from] item: Leftovers","|turn|27","|","|switch|p1a: water lol|Gastrodon, M|426/426","|move|p2a: nerf me plz.|Ice Punch|p1a: water lol","|-damage|p1a: water lol|334/426","|","|-weather|Sandstorm|[upkeep]","|-damage|p2a: nerf me plz.|158/271|[from] sandstorm","|-heal|p1a: water lol|360/426|[from] item: Leftovers","|turn|28","|","|move|p2a: nerf me plz.|Drain Punch|p1a: water lol","|-damage|p1a: water lol|225/426","|-heal|p2a: nerf me plz.|226/271|[from] drain|[of] p1a: water lol","|move|p1a: water lol|Scald|p2a: nerf me plz.","|-damage|p2a: nerf me plz.|136/271","|","|-weather|none","|-heal|p1a: water lol|251/426|[from] item: Leftovers","|turn|29","|","|move|p2a: nerf me plz.|Return|p1a: water lol","|-damage|p1a: water lol|91/426","|move|p1a: water lol|Toxic|p2a: nerf me plz.","|-status|p2a: nerf me plz.|tox","|","|-heal|p1a: water lol|117/426|[from] item: Leftovers","|-damage|p2a: nerf me plz.|120/271 tox|[from] psn","|turn|30","|","|move|p2a: nerf me plz.|Drain Punch|p1a: water lol","|-crit|p1a: water lol","|-damage|p1a: water lol|0 fnt","|-heal|p2a: nerf me plz.|179/271 tox|[from] drain|[of] p1a: water lol","|faint|p1a: water lol","|","|-damage|p2a: nerf me plz.|147/271 tox|[from] psn","|","|switch|p1a: walls lol|Gliscor, M|286/354","|turn|31","|","|move|p2a: nerf me plz.|Ice Punch|p1a: walls lol","|-supereffective|p1a: walls lol","|-damage|p1a: walls lol|58/354","|move|p1a: walls lol|Hone Claws|p1a: walls lol","|-boost|p1a: walls lol|atk|1","|-boost|p1a: walls lol|accuracy|1","|","|-heal|p1a: walls lol|80/354|[from] item: Leftovers","|-damage|p2a: nerf me plz.|99/271 tox|[from] psn","|turn|32","|","|move|p2a: nerf me plz.|Ice Punch|p1a: walls lol","|-supereffective|p1a: walls lol","|-damage|p1a: walls lol|0 fnt","|faint|p1a: walls lol","|","|-damage|p2a: nerf me plz.|35/271 tox|[from] psn","|","|switch|p1a: fast like sanic|Excadrill, F|18/361","|turn|33","|","|move|p2a: nerf me plz.|Drain Punch|p1a: fast like sanic","|-supereffective|p1a: fast like sanic","|-damage|p1a: fast like sanic|0 fnt","|-heal|p2a: nerf me plz.|44/271 tox|[from] drain|[of] p1a: fast like sanic","|faint|p1a: fast like sanic","|","|win|Rain ☆ Banneree"],"p1rating":{"entryid":"7105533","serverid":"eos","formatid":"monotype","userid":"rainfae","username":"Rain ☆ Fae","w":"17","l":12,"t":"0","gxe":55.1,"r":"1581.3358570121","rd":"65.002038913063","sigma":"0","rptime":"1438246800","rpr":1539.1502370944,"rprd":62.461086973409,"rpsigma":"0","acre":1116.606269238,"lacre":1116.606269238,"oldacre":"1148.8302853644"},"p2rating":{"entryid":"5872121","serverid":"eos","formatid":"monotype","userid":"rainbanneree","username":"Rain ☆ Banneree","w":2,"l":"7","t":"0","gxe":39.8,"r":"1333.033671447","rd":"105.88723042992","sigma":"0","rptime":"1438246800","rpr":1418.9535721002,"rprd":99.642687944046,"rpsigma":"0","acre":1088.2547176761,"lacre":1088.2547176761,"oldacre":"1045.4918779202"},"endType":"normal"}