{"seed":[56776,42173,5235,53890],"turns":53,"p1":"Wаrden Arguѕ","p2":"CTIL-Raf","p1team":[{"name":"Sableye","species":"Sableye","item":"leftovers","ability":"Prankster","moves":["knockoff","willowisp","recover","taunt"],"nature":"Bold","evs":{"hp":228,"atk":0,"def":252,"spa":0,"spd":0,"spe":28},"gender":"M","ivs":{"hp":31,"atk":0,"def":31,"spa":31,"spd":31,"spe":31}},{"name":"Aegislash","species":"Aegislash","item":"weaknesspolicy","ability":"Stance Change","moves":["kingsshield","sacredsword","shadowball","shadowsneak"],"nature":"Lonely","evs":{"hp":0,"atk":252,"def":0,"spa":240,"spd":0,"spe":16},"gender":"M","shiny":true,"ivs":{"hp":31,"atk":31,"def":31,"spa":31,"spd":31,"spe":31}},{"name":"Jellicent","species":"Jellicent","item":"leftovers","ability":"Cursed Body","moves":["toxic","scald","recover","acidarmor"],"nature":"Calm","evs":{"hp":252,"atk":0,"def":0,"spa":0,"spd":252,"spe":4},"gender":"M","ivs":{"hp":31,"atk":0,"def":31,"spa":31,"spd":31,"spe":31},"shiny":true},{"name":"Golurk","species":"Golurk","item":"focussash","ability":"No Guard","moves":["stealthrock","stoneedge","dynamicpunch","curse"],"nature":"Adamant","evs":{"hp":0,"atk":252,"def":0,"spa":0,"spd":4,"spe":252},"shiny":true,"ivs":{"hp":31,"atk":31,"def":31,"spa":31,"spd":31,"spe":31}},{"name":"Chandelure","species":"Chandelure","item":"choicescarf","ability":"Infiltrator","moves":["flamethrower","shadowball","energyball","trick"],"nature":"Modest","evs":{"hp":0,"atk":0,"def":0,"spa":252,"spd":4,"spe":252},"gender":"F","ivs":{"hp":31,"atk":0,"def":31,"spa":31,"spd":31,"spe":31}},{"name":"Gengar","species":"Gengar","item":"focussash","ability":"Levitate","moves":["destinybond","sludgebomb","shadowball","energyball"],"nature":"Timid","evs":{"hp":0,"atk":0,"def":0,"spa":252,"spd":4,"spe":252},"gender":"F","ivs":{"hp":31,"atk":0,"def":31,"spa":31,"spd":31,"spe":31},"shiny":true}],"p2team":[{"name":"Raiden-Therian","species":"thundurustherian","item":"choicespecs","ability":"Volt Absorb","moves":["thunderbolt","hiddenpowerice","focusblast","psychic"],"nature":"Timid","evs":{"hp":0,"atk":0,"def":0,"spa":252,"spd":4,"spe":252},"ivs":{"hp":31,"atk":30,"def":30,"spa":31,"spd":31,"spe":31}},{"name":"George W.","species":"landorustherian","item":"choicescarf","ability":"Intimidate","moves":["stoneedge","earthquake","knockoff","uturn"],"nature":"Jolly","evs":{"hp":0,"atk":252,"def":0,"spa":0,"spd":4,"spe":252},"ivs":{"hp":31,"atk":31,"def":31,"spa":31,"spd":31,"spe":31}},{"name":"The Holy Spirit","species":"togekiss","item":"leftovers","ability":"Serene Grace","moves":["airslash","healbell","thunderwave","roost"],"nature":"Calm","evs":{"hp":248,"atk":0,"def":0,"spa":8,"spd":252,"spe":0},"gender":"F","ivs":{"hp":31,"atk":31,"def":31,"spa":31,"spd":31,"spe":31}},{"name":"2012","species":"gyarados","item":"gyaradosite","ability":"Intimidate","moves":["dragondance","waterfall","crunch","earthquake"],"nature":"Adamant","evs":{"hp":252,"atk":252,"def":0,"spa":0,"spd":0,"spe":4},"gender":"M","shiny":true,"ivs":{"hp":31,"atk":31,"def":31,"spa":31,"spd":31,"spe":31}},{"name":"Fujin-Therian","species":"tornadustherian","item":"choicescarf","ability":"Regenerator","moves":["heatwave","focusblast","hiddenpowerice","hurricane"],"nature":"Modest","evs":{"hp":4,"atk":0,"def":0,"spa":252,"spd":0,"spe":252},"ivs":{"hp":31,"atk":30,"def":30,"spa":31,"spd":31,"spe":31}},{"name":"Not a scratch...","species":"skarmory","item":"rockyhelmet","ability":"Sturdy","moves":["defog","stealthrock","bravebird","roost"],"nature":"Impish","evs":{"hp":248,"atk":0,"def":236,"spa":0,"spd":0,"spe":24},"gender":"M","ivs":{"hp":31,"atk":31,"def":31,"spa":31,"spd":31,"spe":31}}],"log":["|player|p1|Wаrden Arguѕ|144","|player|p2|CTIL-Raf|238","|gametype|singles","|gen|6","|tier|Monotype","|rated","|rule|Baton Pass Clause: Limit one Baton Passer, can't pass Spe and other stats simultaneously","|rule|Swagger Clause: Swagger is banned","|rule|Same Type Clause: Pokémon in a team must share a type","|clearpoke","|poke|p1|Sableye, M","|poke|p1|Aegislash, M, shiny","|poke|p1|Jellicent, M, shiny","|poke|p1|Golurk, shiny","|poke|p1|Chandelure, F","|poke|p1|Gengar, F, shiny","|poke|p2|Thundurus-Therian, M","|poke|p2|Landorus-Therian, M","|poke|p2|Togekiss, F","|poke|p2|Gyarados, M, shiny","|poke|p2|Tornadus-Therian, M","|poke|p2|Skarmory, M","|rule|Sleep Clause Mod: Limit one foe put to sleep","|rule|Species Clause: Limit one of each Pokémon","|rule|OHKO Clause: OHKO moves are banned","|rule|Moody Clause: Moody is banned","|rule|Evasion Moves Clause: Evasion moves are banned","|rule|Endless Battle Clause: Forcing endless battles is banned","|rule|HP Percentage Mod: HP is shown in percentages","|teampreview","|","|start","|switch|p1a: Golurk|Golurk, shiny|319/319","|switch|p2a: 2012|Gyarados, M, shiny|394/394","|-ability|p2a: 2012|Intimidate","|-unboost|p1a: Golurk|atk|1","|turn|1","|","|switch|p1a: Sableye|Sableye, M|298/298","|move|p2a: 2012|Dragon Dance|p2a: 2012","|-boost|p2a: 2012|atk|1","|-boost|p2a: 2012|spe|1","|","|turn|2","|","|detailschange|p2a: 2012|Gyarados-Mega, M, shiny","|-mega|p2a: 2012|Gyarados|Gyaradosite","|-ability|p2a: 2012|Mold Breaker","|move|p1a: Sableye|Will-O-Wisp|p2a: 2012","|-status|p2a: 2012|brn","|move|p2a: 2012|Crunch|p1a: Sableye","|-damage|p1a: Sableye|185/298","|","|-heal|p1a: Sableye|203/298|[from] item: Leftovers","|-damage|p2a: 2012|345/394 brn|[from] brn","|turn|3","|","|switch|p2a: The Holy Spirit|Togekiss, F|373/373","|move|p1a: Sableye|Taunt|p2a: The Holy Spirit","|-start|p2a: The Holy Spirit|move: Taunt","|","|-heal|p1a: Sableye|221/298|[from] item: Leftovers","|turn|4","|","|switch|p1a: Jellicent|Jellicent, M, shiny|404/404","|move|p2a: The Holy Spirit|Air Slash|p1a: Jellicent","|-damage|p1a: Jellicent|332/404","|","|-heal|p1a: Jellicent|357/404|[from] item: Leftovers","|turn|5","|","|move|p2a: The Holy Spirit|Air Slash|p1a: Jellicent","|-damage|p1a: Jellicent|287/404","|move|p1a: Jellicent|Toxic|p2a: The Holy Spirit|[miss]","|-miss|p1a: Jellicent|p2a: The Holy Spirit","|","|-heal|p1a: Jellicent|312/404|[from] item: Leftovers","|-end|p2a: The Holy Spirit|move: Taunt","|turn|6","|","|move|p2a: The Holy Spirit|Air Slash|p1a: Jellicent","|-damage|p1a: Jellicent|236/404","|cant|p1a: Jellicent|flinch","|","|-heal|p1a: Jellicent|261/404|[from] item: Leftovers","|turn|7","|","|move|p2a: The Holy Spirit|Thunder Wave|p1a: Jellicent","|-status|p1a: Jellicent|par","|cant|p1a: Jellicent|par","|","|-heal|p1a: Jellicent|286/404 par|[from] item: Leftovers","|turn|8","|","|move|p2a: The Holy Spirit|Air Slash|p1a: Jellicent","|-damage|p1a: Jellicent|211/404 par","|cant|p1a: Jellicent|flinch","|","|-heal|p1a: Jellicent|236/404 par|[from] item: Leftovers","|turn|9","|","|move|p2a: The Holy Spirit|Air Slash|p1a: Jellicent","|-damage|p1a: Jellicent|167/404 par","|cant|p1a: Jellicent|flinch","|","|-heal|p1a: Jellicent|192/404 par|[from] item: Leftovers","|turn|10","|","|move|p2a: The Holy Spirit|Air Slash|p1a: Jellicent","|-damage|p1a: Jellicent|120/404 par","|move|p1a: Jellicent|Recover|p1a: Jellicent","|-heal|p1a: Jellicent|322/404 par","|","|-heal|p1a: Jellicent|347/404 par|[from] item: Leftovers","|turn|11","|","|move|p2a: The Holy Spirit|Heal Bell|p2a: The Holy Spirit","|-cureteam|p2a: The Holy Spirit|[from] move: HealBell","|move|p1a: Jellicent|Toxic|p2a: The Holy Spirit","|-status|p2a: The Holy Spirit|tox","|","|-heal|p1a: Jellicent|372/404 par|[from] item: Leftovers","|-damage|p2a: The Holy Spirit|350/373 tox|[from] psn","|turn|12","|","|switch|p1a: Golurk|Golurk, shiny|319/319","|move|p2a: The Holy Spirit|Heal Bell|p2a: The Holy Spirit","|-cureteam|p2a: The Holy Spirit|[from] move: HealBell","|","|-heal|p2a: The Holy Spirit|373/373|[from] item: Leftovers","|turn|13","|","|switch|p2a: George W.|Landorus-Therian, M|319/319","|-ability|p2a: George W.|Intimidate","|-unboost|p1a: Golurk|atk|1","|move|p1a: Golurk|Stone Edge|p2a: George W.","|-damage|p2a: George W.|226/319","|","|turn|14","|","|switch|p1a: Sableye|Sableye, M|221/298","|move|p2a: George W.|Knock Off|p1a: Sableye","|-damage|p1a: Sableye|107/298","|-enditem|p1a: Sableye|Leftovers|[from] move: Knock Off|[of] p2a: George W.","|","|turn|15","|","|switch|p2a: The Holy Spirit|Togekiss, F|373/373","|move|p1a: Sableye|Recover|p1a: Sableye","|-heal|p1a: Sableye|256/298","|","|turn|16","|","|switch|p1a: Jellicent|Jellicent, M, shiny|372/404 par","|move|p2a: The Holy Spirit|Air Slash|p1a: Jellicent","|-damage|p1a: Jellicent|302/404 par","|-start|p2a: The Holy Spirit|Disable|Air Slash","|","|-heal|p1a: Jellicent|327/404 par|[from] item: Leftovers","|turn|17","|","|switch|p2a: 2012|Gyarados-Mega, M, shiny|345/394","|-ability|p2a: 2012|Mold Breaker","|switch|p1a: Sableye|Sableye, M|256/298","|","|turn|18","|","|switch|p2a: The Holy Spirit|Togekiss, F|373/373","|move|p1a: Sableye|Will-O-Wisp|p2a: The Holy Spirit","|-status|p2a: The Holy Spirit|brn","|","|-damage|p2a: The Holy Spirit|327/373 brn|[from] brn","|turn|19","|","|switch|p1a: Jellicent|Jellicent, M, shiny|327/404 par","|move|p2a: The Holy Spirit|Air Slash|p1a: Jellicent","|-damage|p1a: Jellicent|248/404 par","|-start|p2a: The Holy Spirit|Disable|Air Slash","|","|-heal|p2a: The Holy Spirit|350/373 brn|[from] item: Leftovers","|-heal|p1a: Jellicent|273/404 par|[from] item: Leftovers","|-damage|p2a: The Holy Spirit|304/373 brn|[from] brn","|turn|20","|","|switch|p2a: Raiden-Therian|Thundurus-Therian, M|299/299","|switch|p1a: Golurk|Golurk, shiny|319/319","|","|turn|21","|","|switch|p1a: Jellicent|Jellicent, M, shiny|273/404 par","|move|p2a: Raiden-Therian|Hidden Power|p1a: Jellicent","|-resisted|p1a: Jellicent","|-damage|p1a: Jellicent|235/404 par","|","|-heal|p1a: Jellicent|260/404 par|[from] item: Leftovers","|turn|22","|","|switch|p2a: 2012|Gyarados-Mega, M, shiny|345/394","|-ability|p2a: 2012|Mold Breaker","|switch|p1a: Golurk|Golurk, shiny|319/319","|","|turn|23","|","|move|p1a: Golurk|Dynamic Punch|p2a: 2012","|-supereffective|p2a: 2012","|-damage|p2a: 2012|123/394","|-start|p2a: 2012|confusion","|-activate|p2a: 2012|confusion","|move|p2a: 2012|Crunch|p1a: Golurk","|-supereffective|p1a: Golurk","|-enditem|p1a: Golurk|Focus Sash","|-damage|p1a: Golurk|1/319","|-unboost|p1a: Golurk|def|1","|","|turn|24","|","|switch|p2a: Not a scratch...|Skarmory, M|333/333","|move|p1a: Golurk|Stealth Rock|p2a: Not a scratch...","|-sidestart|p2: CTIL-Raf|move: Stealth Rock","|","|turn|25","|","|move|p1a: Golurk|Dynamic Punch|p2a: Not a scratch...","|-damage|p2a: Not a scratch...|264/333","|-damage|p1a: Golurk|0 fnt|[from] item: Rocky Helmet|[of] p2a: Not a scratch...","|faint|p1a: Golurk","|-start|p2a: Not a scratch...|confusion","|-activate|p2a: Not a scratch...|confusion","|move|p2a: Not a scratch...|Defog|p1: Golurk|[notarget]","|-notarget","|","|","|switch|p1a: Chandelure|Chandelure, F|261/261","|turn|26","|","|move|p1a: Chandelure|Flamethrower|p2a: Not a scratch...","|-supereffective|p2a: Not a scratch...","|-damage|p2a: Not a scratch...|0 fnt","|faint|p2a: Not a scratch...","|","|","|switch|p2a: George W.|Landorus-Therian, M|226/319","|-damage|p2a: George W.|187/319|[from] Stealth Rock","|-ability|p2a: George W.|Intimidate","|-unboost|p1a: Chandelure|atk|1","|turn|27","|","|switch|p1a: Sableye|Sableye, M|256/298","|move|p2a: George W.|Earthquake|p1a: Sableye","|-damage|p1a: Sableye|90/298","|","|turn|28","|","|move|p1a: Sableye|Will-O-Wisp|p2a: George W.","|-status|p2a: George W.|brn","|move|p2a: George W.|Earthquake|p1a: Sableye","|-damage|p1a: Sableye|2/298","|","|-damage|p2a: George W.|148/319 brn|[from] brn","|turn|29","|","|switch|p2a: Raiden-Therian|Thundurus-Therian, M|299/299","|-damage|p2a: Raiden-Therian|225/299|[from] Stealth Rock","|move|p1a: Sableye|Recover|p1a: Sableye","|-heal|p1a: Sableye|151/298","|","|turn|30","|","|switch|p1a: Chandelure|Chandelure, F|261/261","|move|p2a: Raiden-Therian|Thunderbolt|p1a: Chandelure","|-damage|p1a: Chandelure|0 fnt","|faint|p1a: Chandelure","|","|","|switch|p1a: Gengar|Gengar, F, shiny|261/261","|turn|31","|","|move|p1a: Gengar|Sludge Bomb|p2a: Raiden-Therian","|-damage|p2a: Raiden-Therian|20/299","|-status|p2a: Raiden-Therian|psn","|move|p2a: Raiden-Therian|Thunderbolt|p1a: Gengar","|-enditem|p1a: Gengar|Focus Sash","|-damage|p1a: Gengar|1/261","|","|-damage|p2a: Raiden-Therian|0 fnt|[from] psn","|faint|p2a: Raiden-Therian","|","|switch|p2a: Fujin-Therian|Tornadus-Therian, M|300/300","|-damage|p2a: Fujin-Therian|225/300|[from] Stealth Rock","|turn|32","|","|switch|p1a: Aegislash|Aegislash, M, shiny|261/261","|move|p2a: Fujin-Therian|Heat Wave|p1a: Aegislash","|-supereffective|p1a: Aegislash","|-damage|p1a: Aegislash|103/261","|-enditem|p1a: Aegislash|Weakness Policy","|-boost|p1a: Aegislash|atk|2|[from] item: Weakness Policy","|-boost|p1a: Aegislash|spa|2|[from] item: Weakness Policy","|","|turn|33","|","|-formechange|p1a: Aegislash|Aegislash-Blade","|move|p1a: Aegislash|Shadow Sneak|p2a: Fujin-Therian","|-damage|p2a: Fujin-Therian|17/300","|move|p2a: Fujin-Therian|Heat Wave|p1a: Aegislash","|-supereffective|p1a: Aegislash","|-damage|p1a: Aegislash|0 fnt","|faint|p1a: Aegislash","|","|","|switch|p1a: Jellicent|Jellicent, M, shiny|260/404 par","|turn|34","|","|move|p2a: Fujin-Therian|Heat Wave|p1a: Jellicent","|-resisted|p1a: Jellicent","|-damage|p1a: Jellicent|219/404 par","|-start|p2a: Fujin-Therian|Disable|Heat Wave","|move|p1a: Jellicent|Recover|p1a: Jellicent","|-heal|p1a: Jellicent|404/404 par","|","|turn|35","|","|switch|p1a: Sableye|Sableye, M|151/298","|-activate|p2a: Fujin-Therian|move: Struggle","|move|p2a: Fujin-Therian|Struggle|p1a: Sableye","|-damage|p1a: Sableye|122/298","|-damage|p2a: Fujin-Therian|0 fnt|[from] recoil","|faint|p2a: Fujin-Therian","|","|","|switch|p2a: The Holy Spirit|Togekiss, F|304/373 brn","|-damage|p2a: The Holy Spirit|211/373 brn|[from] Stealth Rock","|turn|36","|","|move|p1a: Sableye|Recover|p1a: Sableye","|-heal|p1a: Sableye|271/298","|move|p2a: The Holy Spirit|Heal Bell|p2a: The Holy Spirit","|-cureteam|p2a: The Holy Spirit|[from] move: HealBell","|","|-heal|p2a: The Holy Spirit|234/373|[from] item: Leftovers","|turn|37","|","|switch|p1a: Jellicent|Jellicent, M, shiny|404/404 par","|move|p2a: The Holy Spirit|Thunder Wave|p1a: Jellicent","|-fail|p1a: Jellicent|par","|","|-heal|p2a: The Holy Spirit|257/373|[from] item: Leftovers","|turn|38","|","|move|p2a: The Holy Spirit|Air Slash|p1a: Jellicent|[miss]","|-miss|p2a: The Holy Spirit|p1a: Jellicent","|cant|p1a: Jellicent|par","|","|-heal|p2a: The Holy Spirit|280/373|[from] item: Leftovers","|turn|39","|","|move|p2a: The Holy Spirit|Air Slash|p1a: Jellicent","|-damage|p1a: Jellicent|337/404 par","|move|p1a: Jellicent|Acid Armor|p1a: Jellicent","|-boost|p1a: Jellicent|def|2","|","|-heal|p2a: The Holy Spirit|303/373|[from] item: Leftovers","|-heal|p1a: Jellicent|362/404 par|[from] item: Leftovers","|turn|40","|","|move|p2a: The Holy Spirit|Air Slash|p1a: Jellicent","|-damage|p1a: Jellicent|286/404 par","|move|p1a: Jellicent|Acid Armor|p1a: Jellicent","|-boost|p1a: Jellicent|def|2","|","|-heal|p2a: The Holy Spirit|326/373|[from] item: Leftovers","|-heal|p1a: Jellicent|311/404 par|[from] item: Leftovers","|turn|41","|","|move|p2a: The Holy Spirit|Air Slash|p1a: Jellicent","|-damage|p1a: Jellicent|236/404 par","|cant|p1a: Jellicent|flinch","|","|-heal|p2a: The Holy Spirit|349/373|[from] item: Leftovers","|-heal|p1a: Jellicent|261/404 par|[from] item: Leftovers","|turn|42","|","|move|p2a: The Holy Spirit|Air Slash|p1a: Jellicent","|-damage|p1a: Jellicent|192/404 par","|cant|p1a: Jellicent|par","|","|-heal|p2a: The Holy Spirit|372/373|[from] item: Leftovers","|-heal|p1a: Jellicent|217/404 par|[from] item: Leftovers","|turn|43","|","|move|p2a: The Holy Spirit|Air Slash|p1a: Jellicent","|-damage|p1a: Jellicent|147/404 par","|-start|p2a: The Holy Spirit|Disable|Air Slash","|move|p1a: Jellicent|Recover|p1a: Jellicent","|-heal|p1a: Jellicent|349/404 par","|","|-heal|p2a: The Holy Spirit|373/373|[from] item: Leftovers","|-heal|p1a: Jellicent|374/404 par|[from] item: Leftovers","|turn|44","|","|switch|p2a: 2012|Gyarados-Mega, M, shiny|123/394","|-damage|p2a: 2012|74/394|[from] Stealth Rock","|-ability|p2a: 2012|Mold Breaker","|cant|p1a: Jellicent|par","|","|-heal|p1a: Jellicent|399/404 par|[from] item: Leftovers","|turn|45","|","|move|p2a: 2012|Crunch|p1a: Jellicent","|-supereffective|p1a: Jellicent","|-damage|p1a: Jellicent|235/404 par","|-start|p2a: 2012|Disable|Crunch","|move|p1a: Jellicent|Scald|p2a: 2012","|-crit|p2a: 2012","|-resisted|p2a: 2012","|-damage|p2a: 2012|23/394","|-status|p2a: 2012|brn","|","|-heal|p1a: Jellicent|260/404 par|[from] item: Leftovers","|-damage|p2a: 2012|0 fnt|[from] brn","|faint|p2a: 2012","|","|switch|p2a: The Holy Spirit|Togekiss, F|373/373","|-damage|p2a: The Holy Spirit|280/373|[from] Stealth Rock","|turn|46","|","|move|p2a: The Holy Spirit|Air Slash|p1a: Jellicent","|-damage|p1a: Jellicent|188/404 par","|cant|p1a: Jellicent|flinch","|","|-heal|p2a: The Holy Spirit|303/373|[from] item: Leftovers","|-heal|p1a: Jellicent|213/404 par|[from] item: Leftovers","|turn|47","|","|move|p2a: The Holy Spirit|Air Slash|p1a: Jellicent","|-damage|p1a: Jellicent|140/404 par","|-start|p2a: The Holy Spirit|Disable|Air Slash","|move|p1a: Jellicent|Recover|p1a: Jellicent","|-heal|p1a: Jellicent|342/404 par","|","|-heal|p2a: The Holy Spirit|326/373|[from] item: Leftovers","|-heal|p1a: Jellicent|367/404 par|[from] item: Leftovers","|turn|48","|","|switch|p2a: George W.|Landorus-Therian, M|148/319","|-damage|p2a: George W.|109/319|[from] Stealth Rock","|-ability|p2a: George W.|Intimidate","|-unboost|p1a: Jellicent|atk|1","|move|p1a: Jellicent|Acid Armor|p1a: Jellicent","|-boost|p1a: Jellicent|def|2","|","|-heal|p1a: Jellicent|392/404 par|[from] item: Leftovers","|turn|49","|","|move|p2a: George W.|Knock Off|p1a: Jellicent","|-supereffective|p1a: Jellicent","|-damage|p1a: Jellicent|310/404 par","|-start|p2a: George W.|Disable|Knock Off","|-enditem|p1a: Jellicent|Leftovers|[from] move: Knock Off|[of] p2a: George W.","|move|p1a: Jellicent|Scald|p2a: George W.","|-supereffective|p2a: George W.","|-damage|p2a: George W.|0 fnt","|faint|p2a: George W.","|","|","|switch|p2a: The Holy Spirit|Togekiss, F|326/373","|-damage|p2a: The Holy Spirit|233/373|[from] Stealth Rock","|turn|50","|","|move|p2a: The Holy Spirit|Air Slash|p1a: Jellicent","|-crit|p1a: Jellicent","|-damage|p1a: Jellicent|193/404 par","|-start|p2a: The Holy Spirit|Disable|Air Slash","|cant|p1a: Jellicent|flinch","|","|-heal|p2a: The Holy Spirit|256/373|[from] item: Leftovers","|turn|51","|","|move|p2a: The Holy Spirit|Roost|p2a: The Holy Spirit","|-heal|p2a: The Holy Spirit|373/373","|cant|p1a: Jellicent|par","|","|turn|52","|","|move|p2a: The Holy Spirit|Heal Bell|p2a: The Holy Spirit","|-cureteam|p2a: The Holy Spirit|[from] move: HealBell","|cant|p1a: Jellicent|par","|","|turn|53","|","|win|Wаrden Arguѕ"],"p1rating":{"entryid":"7252450","serverid":"eos","formatid":"monotype","userid":"wrdenargu","username":"Wаrden Arguѕ","w":29,"l":"5","t":"0","gxe":77.4,"r":"1500","rd":"130","sigma":"0","rptime":"1438160400","rpr":1734.3716784252,"rprd":56.692445093201,"rpsigma":"0","acre":1388.3822641063,"lacre":1388.3822641063,"oldacre":"1373.3890873542"},"p2rating":{"entryid":"7111984","serverid":"eos","formatid":"monotype","userid":"ctilraf","username":"CTIL-Raf","w":"31","l":14,"t":"0","gxe":66.6,"r":"1663.0056741948","rd":"54.007424186751","sigma":"0","rptime":"1438160400","rpr":1631.6550349119,"rprd":52.574412491982,"rpsigma":"0","acre":1265.781670972,"lacre":1265.781670972,"oldacre":"1284.5231419122"},"endType":"forfeit"}