{"seed":[62873,48413,63351,63953],"turns":31,"p1":"GL♅Akuma","p2":"Crystl Sabo","p1team":[{"name":"Saggy Legs","species":"medicham","item":"medichamite","ability":"Pure Power","moves":["highjumpkick","zenheadbutt","fakeout","bulletpunch"],"nature":"Jolly","evs":{"hp":0,"atk":252,"def":0,"spa":0,"spd":4,"spe":252},"ivs":{"hp":31,"atk":31,"def":31,"spa":31,"spd":31,"spe":31}},{"name":"Sweg","species":"conkeldurr","item":"assaultvest","ability":"Guts","moves":["drainpunch","machpunch","knockoff","stoneedge"],"nature":"Adamant","evs":{"hp":248,"atk":252,"def":0,"spa":0,"spd":8,"spe":0},"ivs":{"hp":31,"atk":31,"def":31,"spa":31,"spd":31,"spe":31}},{"name":"Shrooms","species":"breloom","item":"focussash","ability":"Technician","moves":["spore","bulletseed","machpunch","rocktomb"],"nature":"Jolly","evs":{"hp":0,"atk":252,"def":0,"spa":0,"spd":4,"spe":252},"ivs":{"hp":31,"atk":31,"def":31,"spa":31,"spd":31,"spe":31}},{"name":"Cokslayer","species":"lucario","item":"focussash","ability":"Steadfast","moves":["aurasphere","flashcannon","darkpulse","nastyplot"],"nature":"Timid","evs":{"hp":0,"atk":0,"def":0,"spa":252,"spd":4,"spe":252},"ivs":{"hp":31,"atk":31,"def":31,"spa":31,"spd":31,"spe":31}},{"name":"The Rooster","species":"hawlucha","item":"sitrusberry","ability":"Unburden","moves":["poisonjab","swordsdance","highjumpkick","acrobatics"],"nature":"Adamant","evs":{"hp":0,"atk":252,"def":0,"spa":0,"spd":4,"spe":252},"ivs":{"hp":31,"atk":31,"def":31,"spa":31,"spd":31,"spe":31}},{"name":"Horny","species":"terrakion","item":"choicescarf","ability":"Justified","moves":["stoneedge","earthquake","closecombat","ironhead"],"nature":"Jolly","evs":{"hp":0,"atk":252,"def":0,"spa":0,"spd":4,"spe":252},"ivs":{"hp":31,"atk":31,"def":31,"spa":31,"spd":31,"spe":31}}],"p2team":[{"name":"Blissey","species":"Blissey","item":"assaultvest","ability":"Serene Grace","moves":["bodyslam","seismictoss","waterpulse","rocktomb"],"nature":"Gentle","evs":{"hp":252,"atk":0,"def":0,"spa":0,"spd":252,"spe":0},"shiny":true,"ivs":{"hp":31,"atk":31,"def":31,"spa":31,"spd":31,"spe":31}},{"name":"Chansey","species":"Chansey","item":"eviolite","ability":"Natural Cure","moves":["counter","wish","protect","healbell"],"nature":"Bold","evs":{"hp":248,"atk":0,"def":180,"spa":0,"spd":80,"spe":0},"ivs":{"hp":31,"atk":31,"def":31,"spa":31,"spd":31,"spe":31}},{"name":"Staravia","species":"Staravia","item":"eviolite","ability":"Intimidate","moves":["roost","featherdance","bravebird","defog"],"nature":"Impish","evs":{"hp":252,"atk":0,"def":252,"spa":0,"spd":0,"spe":0},"shiny":true,"ivs":{"hp":31,"atk":31,"def":31,"spa":31,"spd":31,"spe":31}},{"name":"Porygon2","species":"Porygon2","item":"eviolite","ability":"Download","moves":["thunderwave","recover","triattack","zenheadbutt"],"nature":"Relaxed","evs":{"hp":248,"atk":32,"def":228,"spa":0,"spd":0,"spe":0},"shiny":true,"ivs":{"hp":31,"atk":31,"def":31,"spa":31,"spd":31,"spe":31}},{"name":"Ditto","species":"Ditto","item":"choicescarf","ability":"Imposter","moves":["transform"],"nature":"Naive","evs":{"hp":252,"atk":0,"def":0,"spa":0,"spd":0,"spe":252},"shiny":true,"ivs":{"hp":31,"atk":31,"def":31,"spa":31,"spd":31,"spe":31}},{"name":"Staraptor","species":"Staraptor","item":"sitrusberry","ability":"Intimidate","moves":["featherdance","roost","bravebird","closecombat"],"nature":"Jolly","evs":{"hp":252,"atk":0,"def":0,"spa":0,"spd":0,"spe":252},"shiny":true,"ivs":{"hp":31,"atk":31,"def":31,"spa":31,"spd":31,"spe":31}}],"log":["|player|p1|GL♅Akuma|145","|player|p2|Crystl Sabo|161","|gametype|singles","|gen|6","|tier|Monotype","|rated","|rule|Baton Pass Clause: Limit one Baton Passer, can't pass Spe and other stats simultaneously","|rule|Swagger Clause: Swagger is banned","|rule|Same Type Clause: Pokémon in a team must share a type","|clearpoke","|poke|p1|Medicham, F","|poke|p1|Conkeldurr, M","|poke|p1|Breloom, M","|poke|p1|Lucario, F","|poke|p1|Hawlucha, F","|poke|p1|Terrakion","|poke|p2|Blissey, F, shiny","|poke|p2|Chansey, F","|poke|p2|Staravia, F, shiny","|poke|p2|Porygon2, shiny","|poke|p2|Ditto, shiny","|poke|p2|Staraptor, F, shiny","|rule|Sleep Clause Mod: Limit one foe put to sleep","|rule|Species Clause: Limit one of each Pokémon","|rule|OHKO Clause: OHKO moves are banned","|rule|Moody Clause: Moody is banned","|rule|Evasion Moves Clause: Evasion moves are banned","|rule|Endless Battle Clause: Forcing endless battles is banned","|rule|HP Percentage Mod: HP is shown in percentages","|teampreview","|","|start","|switch|p1a: Saggy Legs|Medicham, F|261/261","|switch|p2a: Staraptor|Staraptor, F, shiny|374/374","|-ability|p2a: Staraptor|Intimidate","|-unboost|p1a: Saggy Legs|atk|1","|turn|1","|","|switch|p2a: Staravia|Staravia, F, shiny|314/314","|-ability|p2a: Staravia|Intimidate","|-unboost|p1a: Saggy Legs|atk|1","|detailschange|p1a: Saggy Legs|Medicham-Mega, F","|-mega|p1a: Saggy Legs|Medicham|Medichamite","|move|p1a: Saggy Legs|Fake Out|p2a: Staravia","|-damage|p2a: Staravia|285/314","|","|turn|2","|","|move|p1a: Saggy Legs|High Jump Kick|p2a: Staravia","|-damage|p2a: Staravia|153/314","|move|p2a: Staravia|Brave Bird|p1a: Saggy Legs","|-supereffective|p1a: Saggy Legs","|-damage|p1a: Saggy Legs|0 fnt","|-damage|p2a: Staravia|67/314|[from] recoil|[of] p1a: Saggy Legs","|faint|p1a: Saggy Legs","|","|","|switch|p1a: Sweg|Conkeldurr, M|413/413","|turn|3","|","|switch|p2a: Staraptor|Staraptor, F, shiny|374/374","|-ability|p2a: Staraptor|Intimidate","|-unboost|p1a: Sweg|atk|1","|move|p1a: Sweg|Drain Punch|p2a: Staraptor","|-damage|p2a: Staraptor|227/374","|","|turn|4","|","|move|p2a: Staraptor|Feather Dance|p1a: Sweg","|-unboost|p1a: Sweg|atk|2","|move|p1a: Sweg|Stone Edge|p2a: Staraptor","|-supereffective|p2a: Staraptor","|-damage|p2a: Staraptor|65/374","|-enditem|p2a: Staraptor|Sitrus Berry|[eat]","|-heal|p2a: Staraptor|158/374|[from] item: Sitrus Berry","|","|turn|5","|","|switch|p2a: Staravia|Staravia, F, shiny|67/314","|-ability|p2a: Staravia|Intimidate","|-unboost|p1a: Sweg|atk|1","|switch|p1a: Horny|Terrakion|323/323","|","|turn|6","|","|switch|p2a: Ditto|Ditto, shiny|300/300","|-transform|p2a: Ditto|p1a: Horny","|move|p1a: Horny|Close Combat|p2a: Ditto","|-supereffective|p2a: Ditto","|-damage|p2a: Ditto|0 fnt","|-unboost|p1a: Horny|def|1","|-unboost|p1a: Horny|spd|1","|faint|p2a: Ditto","|","|","|switch|p2a: Staraptor|Staraptor, F, shiny|158/374","|-ability|p2a: Staraptor|Intimidate","|-unboost|p1a: Horny|atk|1","|turn|7","|","|switch|p2a: Staravia|Staravia, F, shiny|67/314","|-ability|p2a: Staravia|Intimidate","|-unboost|p1a: Horny|atk|1","|move|p1a: Horny|Close Combat|p2a: Staravia","|-crit|p2a: Staravia","|-damage|p2a: Staravia|0 fnt","|-unboost|p1a: Horny|def|1","|-unboost|p1a: Horny|spd|1","|faint|p2a: Staravia","|","|","|switch|p2a: Staraptor|Staraptor, F, shiny|158/374","|-ability|p2a: Staraptor|Intimidate","|-unboost|p1a: Horny|atk|1","|turn|8","|","|switch|p1a: Cokslayer|Lucario, F|281/281","|move|p2a: Staraptor|Roost|p2a: Staraptor","|-heal|p2a: Staraptor|345/374","|","|turn|9","|","|switch|p2a: Blissey|Blissey, F, shiny|714/714","|move|p1a: Cokslayer|Nasty Plot|p1a: Cokslayer","|-boost|p1a: Cokslayer|spa|2","|","|turn|10","|","|move|p1a: Cokslayer|Aura Sphere|p2a: Blissey","|-crit|p2a: Blissey","|-supereffective|p2a: Blissey","|-damage|p2a: Blissey|412/714","|move|p2a: Blissey|Body Slam|p1a: Cokslayer","|-resisted|p1a: Cokslayer","|-damage|p1a: Cokslayer|264/281","|-status|p1a: Cokslayer|par","|","|turn|11","|","|move|p2a: Blissey|Seismic Toss|p1a: Cokslayer","|-damage|p1a: Cokslayer|164/281 par","|cant|p1a: Cokslayer|par","|","|turn|12","|","|move|p2a: Blissey|Seismic Toss|p1a: Cokslayer","|-damage|p1a: Cokslayer|64/281 par","|cant|p1a: Cokslayer|par","|","|turn|13","|","|switch|p1a: Sweg|Conkeldurr, M|413/413","|move|p2a: Blissey|Seismic Toss|p1a: Sweg","|-damage|p1a: Sweg|313/413","|","|turn|14","|","|switch|p2a: Staraptor|Staraptor, F, shiny|345/374","|-ability|p2a: Staraptor|Intimidate","|-unboost|p1a: Sweg|atk|1","|move|p1a: Sweg|Drain Punch|p2a: Staraptor","|-damage|p2a: Staraptor|198/374","|-heal|p1a: Sweg|387/413|[from] drain|[of] p2a: Staraptor","|","|turn|15","|","|move|p2a: Staraptor|Brave Bird|p1a: Sweg","|-supereffective|p1a: Sweg","|-damage|p1a: Sweg|19/413","|-damage|p2a: Staraptor|77/374|[from] recoil|[of] p1a: Sweg","|move|p1a: Sweg|Stone Edge|p2a: Staraptor|[miss]","|-miss|p1a: Sweg|p2a: Staraptor","|","|turn|16","|","|move|p1a: Sweg|Mach Punch|p2a: Staraptor","|-damage|p2a: Staraptor|1/374","|move|p2a: Staraptor|Roost|p2a: Staraptor","|-heal|p2a: Staraptor|188/374","|","|turn|17","|","|move|p2a: Staraptor|Brave Bird|p1a: Sweg","|-crit|p1a: Sweg","|-supereffective|p1a: Sweg","|-damage|p1a: Sweg|0 fnt","|-damage|p2a: Staraptor|182/374|[from] recoil|[of] p1a: Sweg","|faint|p1a: Sweg","|","|","|switch|p1a: Cokslayer|Lucario, F|64/281 par","|turn|18","|","|switch|p2a: Chansey|Chansey, F|703/703","|move|p1a: Cokslayer|Aura Sphere|p2a: Chansey","|-supereffective|p2a: Chansey","|-damage|p2a: Chansey|557/703","|","|turn|19","|","|move|p2a: Chansey|Wish|p2a: Chansey","|cant|p1a: Cokslayer|par","|","|turn|20","|","|switch|p2a: Staraptor|Staraptor, F, shiny|182/374","|-ability|p2a: Staraptor|Intimidate","|-unboost|p1a: Cokslayer|atk|1","|move|p1a: Cokslayer|Flash Cannon|p2a: Staraptor","|-damage|p2a: Staraptor|0 fnt","|faint|p2a: Staraptor","|","|","|switch|p2a: Blissey|Blissey, F, shiny|412/714","|turn|21","|","|move|p2a: Blissey|Seismic Toss|p1a: Cokslayer","|-damage|p1a: Cokslayer|0 fnt","|faint|p1a: Cokslayer","|","|","|switch|p1a: Shrooms|Breloom, M|261/261","|turn|22","|","|move|p1a: Shrooms|Bullet Seed|p2a: Blissey","|-damage|p2a: Blissey|96/714","|-damage|p2a: Blissey|0 fnt","|-hitcount|p2a: Blissey|2","|faint|p2a: Blissey","|","|","|switch|p2a: Porygon2|Porygon2, shiny|373/373","|-boost|p2a: Porygon2|spa|1|[from] ability: Download","|turn|23","|","|move|p1a: Shrooms|Bullet Seed|p2a: Porygon2","|-damage|p2a: Porygon2|340/373","|-damage|p2a: Porygon2|304/373","|-damage|p2a: Porygon2|271/373","|-hitcount|p2a: Porygon2|3","|move|p2a: Porygon2|Thunder Wave|p1a: Shrooms","|-status|p1a: Shrooms|par","|","|turn|24","|","|cant|p1a: Shrooms|par","|move|p2a: Porygon2|Zen Headbutt|p1a: Shrooms","|-crit|p1a: Shrooms","|-supereffective|p1a: Shrooms","|-damage|p1a: Shrooms|71/261 par","|","|turn|25","|","|cant|p1a: Shrooms|par","|move|p2a: Porygon2|Recover|p2a: Porygon2","|-heal|p2a: Porygon2|373/373","|","|turn|26","|","|move|p1a: Shrooms|Mach Punch|p2a: Porygon2","|-supereffective|p2a: Porygon2","|-damage|p2a: Porygon2|251/373","|move|p2a: Porygon2|Tri Attack|p1a: Shrooms","|-damage|p1a: Shrooms|0 fnt","|faint|p1a: Shrooms","|","|","|switch|p1a: The Rooster|Hawlucha, F|297/297","|turn|27","|","|move|p1a: The Rooster|High Jump Kick|p2a: Porygon2","|-supereffective|p2a: Porygon2","|-damage|p2a: Porygon2|51/373","|move|p2a: Porygon2|Tri Attack|p1a: The Rooster","|-damage|p1a: The Rooster|90/297","|-enditem|p1a: The Rooster|Sitrus Berry|[eat]","|-heal|p1a: The Rooster|164/297|[from] item: Sitrus Berry","|","|turn|28","|","|move|p1a: The Rooster|Acrobatics|p2a: Porygon2","|-damage|p2a: Porygon2|0 fnt","|faint|p2a: Porygon2","|","|","|switch|p2a: Chansey|Chansey, F|557/703","|turn|29","|","|move|p2a: Chansey|Protect|p2a: Chansey","|-singleturn|p2a: Chansey|Protect","|move|p1a: The Rooster|High Jump Kick|p2a: Chansey","|-activate|p2a: Chansey|Protect","|-damage|p1a: The Rooster|16/297|[from] highjumpkick","|","|turn|30","|","|move|p2a: Chansey|Protect|p2a: Chansey","|-singleturn|p2a: Chansey|Protect","|move|p1a: The Rooster|High Jump Kick|p2a: Chansey","|-activate|p2a: Chansey|Protect","|-damage|p1a: The Rooster|0 fnt|[from] highjumpkick","|faint|p1a: The Rooster","|","|","|switch|p1a: Horny|Terrakion|323/323","|turn|31","|","|move|p1a: Horny|Close Combat|p2a: Chansey","|-supereffective|p2a: Chansey","|-damage|p2a: Chansey|0 fnt","|-unboost|p1a: Horny|def|1","|-unboost|p1a: Horny|spd|1","|faint|p2a: Chansey","|","|win|GL♅Akuma"],"p1rating":{"entryid":"6735374","serverid":"eos","formatid":"monotype","userid":"glakuma","username":"GL♅Akuma","w":36,"l":"46","t":"0","gxe":45.5,"r":"1458.8524133097","rd":"41.932760054097","sigma":"0","rptime":"1438160400","rpr":1466.1936658534,"rprd":40.663771204741,"rpsigma":"0","acre":1151.0376025407,"lacre":1151.0376025407,"oldacre":"1120.1098786251"},"p2rating":{"entryid":"5846197","serverid":"eos","formatid":"monotype","userid":"crystlsabo","username":"Crystl Sabo","w":"49","l":38,"t":"0","gxe":57.9,"r":"1584.2318229173","rd":"47.563446468431","sigma":"0","rptime":"1438160400","rpr":1560.3651565257,"rprd":45.130212592941,"rpsigma":"0","acre":1173.1603287252,"lacre":1173.1603287252,"oldacre":"1204.0880526408"},"endType":"normal"}