{"seed":[16436,56371,42553,2046],"turns":25,"p1":"Rain ☆ Fae","p2":"Traine✘ Chief","p1team":[{"name":"Medicham","species":"Medicham","item":"choiceband","ability":"Pure Power","moves":["highjumpkick","zenheadbutt","icepunch","bulletpunch"],"nature":"Jolly","evs":{"hp":0,"atk":252,"def":0,"spa":0,"spd":4,"spe":252},"ivs":{"hp":31,"atk":31,"def":31,"spa":31,"spd":31,"spe":31}},{"name":"Hawlucha","species":"Hawlucha","item":"redcard","ability":"Unburden","moves":["swordsdance","highjumpkick","acrobatics","batonpass"],"nature":"Careful","evs":{"hp":128,"atk":0,"def":128,"spa":0,"spd":252,"spe":0},"shiny":true,"ivs":{"hp":31,"atk":31,"def":31,"spa":31,"spd":31,"spe":31}},{"name":"Conkeldurr","species":"Conkeldurr","item":"assaultvest","ability":"Guts","moves":["machpunch","drainpunch","knockoff","icepunch"],"nature":"Adamant","evs":{"hp":248,"atk":252,"def":0,"spa":0,"spd":8,"spe":0},"shiny":true,"ivs":{"hp":31,"atk":31,"def":31,"spa":31,"spd":31,"spe":31}},{"name":"Keldeo","species":"Keldeo","item":"choicespecs","ability":"Justified","moves":["hydropump","scald","secretsword","icywind"],"nature":"Timid","evs":{"hp":0,"atk":0,"def":0,"spa":252,"spd":4,"spe":252},"ivs":{"hp":31,"atk":31,"def":31,"spa":31,"spd":31,"spe":31}},{"name":"Heracross","species":"Heracross","item":"heracronite","ability":"Guts","moves":["bulletseed","closecombat","rockblast","knockoff"],"nature":"Adamant","evs":{"hp":248,"atk":252,"def":0,"spa":0,"spd":8,"spe":0},"ivs":{"hp":31,"atk":31,"def":31,"spa":31,"spd":31,"spe":31}},{"name":"Terrakion","species":"Terrakion","item":"choicescarf","ability":"Justified","moves":["stoneedge","closecombat","earthquake","ironhead"],"nature":"Jolly","evs":{"hp":0,"atk":252,"def":0,"spa":0,"spd":4,"spe":252},"ivs":{"hp":31,"atk":31,"def":31,"spa":31,"spd":31,"spe":31}}],"p2team":[{"name":"Charizard","species":"Charizard","item":"charizarditex","ability":"Solar Power","moves":["dragondance","dragonclaw","flareblitz","earthquake"],"nature":"Adamant","evs":{"hp":144,"atk":252,"def":0,"spa":0,"spd":0,"spe":112},"ivs":{"hp":31,"atk":31,"def":31,"spa":31,"spd":31,"spe":31}},{"name":"Landorus-Therian","species":"Landorus-Therian","item":"choicescarf","ability":"Intimidate","moves":["uturn","earthquake","superpower","stoneedge"],"nature":"Jolly","evs":{"hp":0,"atk":252,"def":0,"spa":0,"spd":4,"spe":252},"ivs":{"hp":31,"atk":31,"def":31,"spa":31,"spd":31,"spe":31}},{"name":"Gyarados","species":"Gyarados","item":"assaultvest","ability":"Intimidate","moves":["dragontail","waterfall","icefang","earthquake"],"nature":"Adamant","evs":{"hp":248,"atk":252,"def":0,"spa":0,"spd":8,"spe":0},"ivs":{"hp":31,"atk":31,"def":31,"spa":31,"spd":31,"spe":31}},{"name":"Skarmory","species":"Skarmory","item":"rockyhelmet","ability":"Sturdy","moves":["stealthrock","spikes","roost","whirlwind"],"nature":"Bold","evs":{"hp":248,"atk":0,"def":252,"spa":0,"spd":8,"spe":0},"ivs":{"hp":31,"atk":31,"def":31,"spa":31,"spd":31,"spe":31}},{"name":"Togekiss","species":"Togekiss","item":"leftovers","ability":"Serene Grace","moves":["nastyplot","airslash","roost","thunderwave"],"nature":"Calm","evs":{"hp":248,"atk":0,"def":0,"spa":8,"spd":252,"spe":0},"ivs":{"hp":31,"atk":31,"def":31,"spa":31,"spd":31,"spe":31}},{"name":"Thundurus","species":"Thundurus","item":"lifeorb","ability":"Prankster","moves":["thunderwave","grassknot","nastyplot","thunderbolt"],"nature":"Timid","evs":{"hp":0,"atk":0,"def":0,"spa":252,"spd":4,"spe":252},"ivs":{"hp":31,"atk":31,"def":31,"spa":31,"spd":31,"spe":31}}],"log":["|player|p1|Rain ☆ Fae|233","|player|p2|Traine✘ Chief|127","|gametype|singles","|gen|6","|tier|Monotype","|rated","|rule|Baton Pass Clause: Limit one Baton Passer, can't pass Spe and other stats simultaneously","|rule|Swagger Clause: Swagger is banned","|rule|Same Type Clause: Pokémon in a team must share a type","|clearpoke","|poke|p1|Medicham, F","|poke|p1|Hawlucha, M, shiny","|poke|p1|Conkeldurr, M, shiny","|poke|p1|Keldeo","|poke|p1|Heracross, M","|poke|p1|Terrakion","|poke|p2|Charizard, M","|poke|p2|Landorus-Therian, M","|poke|p2|Gyarados, F","|poke|p2|Skarmory, M","|poke|p2|Togekiss, F","|poke|p2|Thundurus, M","|rule|Sleep Clause Mod: Limit one foe put to sleep","|rule|Species Clause: Limit one of each Pokémon","|rule|OHKO Clause: OHKO moves are banned","|rule|Moody Clause: Moody is banned","|rule|Evasion Moves Clause: Evasion moves are banned","|rule|Endless Battle Clause: Forcing endless battles is banned","|rule|HP Percentage Mod: HP is shown in percentages","|teampreview","|","|start","|switch|p1a: Hawlucha|Hawlucha, M, shiny|329/329","|switch|p2a: Skarmory|Skarmory, M|333/333","|turn|1","|","|move|p1a: Hawlucha|Swords Dance|p1a: Hawlucha","|-boost|p1a: Hawlucha|atk|2","|move|p2a: Skarmory|Spikes|p1a: Hawlucha","|-sidestart|p1: Rain ☆ Fae|Spikes","|","|turn|2","|","|move|p1a: Hawlucha|High Jump Kick|p2a: Skarmory|[miss]","|-miss|p1a: Hawlucha|p2a: Skarmory","|-damage|p1a: Hawlucha|165/329|[from] highjumpkick","|move|p2a: Skarmory|Whirlwind|p1a: Hawlucha","|drag|p1a: Conkeldurr|Conkeldurr, M, shiny|413/413","|-damage|p1a: Conkeldurr|362/413|[from] Spikes","|","|turn|3","|","|move|p2a: Skarmory|Stealth Rock|p1a: Conkeldurr","|-sidestart|p1: Rain ☆ Fae|move: Stealth Rock","|move|p1a: Conkeldurr|Knock Off|p2a: Skarmory","|-damage|p2a: Skarmory|260/333","|-damage|p1a: Conkeldurr|294/413|[from] item: Rocky Helmet|[of] p2a: Skarmory","|-enditem|p2a: Skarmory|Rocky Helmet|[from] move: Knock Off|[of] p1a: Conkeldurr","|","|turn|4","|","|move|p2a: Skarmory|Spikes|p1a: Conkeldurr","|-sidestart|p1: Rain ☆ Fae|Spikes","|move|p1a: Conkeldurr|Drain Punch|p2a: Skarmory","|-damage|p2a: Skarmory|172/333","|-heal|p1a: Conkeldurr|338/413|[from] drain|[of] p2a: Skarmory","|","|turn|5","|","|move|p2a: Skarmory|Roost|p2a: Skarmory","|-heal|p2a: Skarmory|333/333","|move|p1a: Conkeldurr|Drain Punch|p2a: Skarmory","|-supereffective|p2a: Skarmory","|-damage|p2a: Skarmory|157/333","|-heal|p1a: Conkeldurr|413/413|[from] drain|[of] p2a: Skarmory","|","|turn|6","|","|move|p2a: Skarmory|Spikes|p1a: Conkeldurr","|-sidestart|p1: Rain ☆ Fae|Spikes","|move|p1a: Conkeldurr|Drain Punch|p2a: Skarmory","|-damage|p2a: Skarmory|64/333","|","|turn|7","|","|switch|p2a: Landorus-Therian|Landorus-Therian, M|319/319","|-ability|p2a: Landorus-Therian|Intimidate","|-unboost|p1a: Conkeldurr|atk|1","|move|p1a: Conkeldurr|Drain Punch|p2a: Landorus-Therian","|-resisted|p2a: Landorus-Therian","|-damage|p2a: Landorus-Therian|261/319","|","|turn|8","|","|move|p2a: Landorus-Therian|U-turn|p1a: Conkeldurr","|-resisted|p1a: Conkeldurr","|-damage|p1a: Conkeldurr|366/413","|","|switch|p2a: Gyarados|Gyarados, F|393/393","|-ability|p2a: Gyarados|Intimidate","|-unboost|p1a: Conkeldurr|atk|1","|move|p1a: Conkeldurr|Ice Punch|p2a: Gyarados","|-damage|p2a: Gyarados|334/393","|","|turn|9","|","|switch|p1a: Hawlucha|Hawlucha, M, shiny|165/329","|-damage|p1a: Hawlucha|124/329|[from] Stealth Rock","|move|p2a: Gyarados|Dragon Tail|p1a: Hawlucha|[miss]","|-miss|p2a: Gyarados|p1a: Hawlucha","|","|turn|10","|","|move|p1a: Hawlucha|High Jump Kick|p2a: Gyarados","|-resisted|p2a: Gyarados","|-damage|p2a: Gyarados|253/393","|move|p2a: Gyarados|Dragon Tail|p1a: Hawlucha","|-damage|p1a: Hawlucha|39/329","|drag|p1a: Heracross|Heracross, M|363/363","|-damage|p1a: Heracross|318/363|[from] Stealth Rock","|-damage|p1a: Heracross|228/363|[from] Spikes","|","|turn|11","|","|detailschange|p1a: Heracross|Heracross-Mega, M","|-mega|p1a: Heracross|Heracross|Heracronite","|move|p1a: Heracross|Bullet Seed|p2a: Gyarados","|-damage|p2a: Gyarados|203/393","|-damage|p2a: Gyarados|150/393","|-damage|p2a: Gyarados|99/393","|-damage|p2a: Gyarados|49/393","|-damage|p2a: Gyarados|0 fnt","|-hitcount|p2a: Gyarados|5","|faint|p2a: Gyarados","|","|","|switch|p2a: Togekiss|Togekiss, F|373/373","|turn|12","|","|switch|p2a: Skarmory|Skarmory, M|64/333","|move|p1a: Heracross|Rock Blast|p2a: Skarmory","|-damage|p2a: Skarmory|39/333","|-damage|p2a: Skarmory|14/333","|-damage|p2a: Skarmory|0 fnt","|-hitcount|p2a: Skarmory|3","|faint|p2a: Skarmory","|","|","|switch|p2a: Thundurus|Thundurus, M|299/299","|turn|13","|","|move|p2a: Thundurus|Thunder Wave|p1a: Heracross","|-status|p1a: Heracross|par","|cant|p1a: Heracross|par","|","|turn|14","|","|move|p2a: Thundurus|Thunderbolt|p1a: Heracross","|-damage|p1a: Heracross|32/363 par","|-damage|p2a: Thundurus|270/299|[from] item: Life Orb","|move|p1a: Heracross|Rock Blast|p2a: Thundurus","|-supereffective|p2a: Thundurus","|-damage|p2a: Thundurus|152/299","|-supereffective|p2a: Thundurus","|-damage|p2a: Thundurus|40/299","|-crit|p2a: Thundurus","|-supereffective|p2a: Thundurus","|-damage|p2a: Thundurus|0 fnt","|-hitcount|p2a: Thundurus|3","|faint|p2a: Thundurus","|","|","|switch|p2a: Landorus-Therian|Landorus-Therian, M|261/319","|-ability|p2a: Landorus-Therian|Intimidate","|-unboost|p1a: Heracross|atk|1","|turn|15","|","|move|p2a: Landorus-Therian|U-turn|p1a: Heracross","|-resisted|p1a: Heracross","|-damage|p1a: Heracross|0 fnt","|faint|p1a: Heracross","|","|switch|p2a: Togekiss|Togekiss, F|373/373","|","|","|switch|p1a: Terrakion|Terrakion|323/323","|-damage|p1a: Terrakion|243/323|[from] Spikes","|-damage|p1a: Terrakion|223/323|[from] Stealth Rock","|turn|16","|","|switch|p2a: Landorus-Therian|Landorus-Therian, M|261/319","|-ability|p2a: Landorus-Therian|Intimidate","|-unboost|p1a: Terrakion|atk|1","|move|p1a: Terrakion|Stone Edge|p2a: Landorus-Therian|[miss]","|-miss|p1a: Terrakion|p2a: Landorus-Therian","|","|turn|17","|","|switch|p1a: Conkeldurr|Conkeldurr, M, shiny|366/413","|-damage|p1a: Conkeldurr|263/413|[from] Spikes","|-damage|p1a: Conkeldurr|238/413|[from] Stealth Rock","|move|p2a: Landorus-Therian|U-turn|p1a: Conkeldurr","|-resisted|p1a: Conkeldurr","|-damage|p1a: Conkeldurr|189/413","|","|switch|p2a: Togekiss|Togekiss, F|373/373","|","|turn|18","|","|move|p2a: Togekiss|Air Slash|p1a: Conkeldurr","|-supereffective|p1a: Conkeldurr","|-damage|p1a: Conkeldurr|0 fnt","|faint|p1a: Conkeldurr","|","|","|switch|p1a: Terrakion|Terrakion|223/323","|-damage|p1a: Terrakion|143/323|[from] Spikes","|-damage|p1a: Terrakion|123/323|[from] Stealth Rock","|turn|19","|","|switch|p1a: Keldeo|Keldeo|323/323","|-damage|p1a: Keldeo|243/323|[from] Spikes","|-damage|p1a: Keldeo|223/323|[from] Stealth Rock","|switch|p2a: Landorus-Therian|Landorus-Therian, M|261/319","|-ability|p2a: Landorus-Therian|Intimidate","|-unboost|p1a: Keldeo|atk|1","|","|turn|20","|","|move|p2a: Landorus-Therian|Earthquake|p1a: Keldeo","|-damage|p1a: Keldeo|9/323","|move|p1a: Keldeo|Icy Wind|p2a: Landorus-Therian","|-supereffective|p2a: Landorus-Therian","|-damage|p2a: Landorus-Therian|0 fnt","|faint|p2a: Landorus-Therian","|","|","|switch|p2a: Charizard|Charizard, M|333/333","|turn|21","|","|detailschange|p2a: Charizard|Charizard-Mega-X, M","|-mega|p2a: Charizard|Charizard|Charizardite X","|move|p1a: Keldeo|Icy Wind|p2a: Charizard","|-miss|p1a: Keldeo|p2a: Charizard","|move|p2a: Charizard|Dragon Dance|p2a: Charizard","|-boost|p2a: Charizard|atk|1","|-boost|p2a: Charizard|spe|1","|","|turn|22","|","|move|p2a: Charizard|Dragon Claw|p1a: Keldeo","|-damage|p1a: Keldeo|0 fnt","|faint|p1a: Keldeo","|","|","|switch|p1a: Terrakion|Terrakion|123/323","|-damage|p1a: Terrakion|103/323|[from] Stealth Rock","|-damage|p1a: Terrakion|23/323|[from] Spikes","|turn|23","|","|move|p1a: Terrakion|Stone Edge|p2a: Charizard","|-supereffective|p2a: Charizard","|-damage|p2a: Charizard|31/333","|move|p2a: Charizard|Dragon Claw|p1a: Terrakion","|-damage|p1a: Terrakion|0 fnt","|faint|p1a: Terrakion","|","|","|switch|p1a: Medicham|Medicham, F|261/261","|-damage|p1a: Medicham|196/261|[from] Spikes","|-damage|p1a: Medicham|180/261|[from] Stealth Rock","|turn|24","|","|move|p1a: Medicham|Bullet Punch|p2a: Charizard","|-resisted|p2a: Charizard","|-damage|p2a: Charizard|0 fnt","|faint|p2a: Charizard","|","|","|switch|p2a: Togekiss|Togekiss, F|373/373","|turn|25","|","|move|p1a: Medicham|Bullet Punch|p2a: Togekiss","|-supereffective|p2a: Togekiss","|-damage|p2a: Togekiss|181/373","|move|p2a: Togekiss|Air Slash|p1a: Medicham","|-supereffective|p1a: Medicham","|-damage|p1a: Medicham|0 fnt","|faint|p1a: Medicham","|","|-heal|p2a: Togekiss|204/373|[from] item: Leftovers","|","|switch|p1a: Hawlucha|Hawlucha, M, shiny|39/329","|-damage|p1a: Hawlucha|0 fnt|[from] Stealth Rock","|faint|p1a: Hawlucha","|","|win|Traine✘ Chief"],"p1rating":{"entryid":"7105533","serverid":"eos","formatid":"monotype","userid":"rainfae","username":"Rain ☆ Fae","w":"17","l":10,"t":"0","gxe":58.8,"r":"1581.3358570121","rd":"65.002038913063","sigma":"0","rptime":"1438246800","rpr":1568.0768141881,"rprd":64.093443717786,"rpsigma":"0","acre":1176.6689390357,"lacre":1176.6689390357,"oldacre":"1212.4234489278"},"p2rating":{"entryid":"7268014","serverid":"eos","formatid":"monotype","userid":"trainechief","username":"Traine✘ Chief","w":3,"l":"2","t":"0","gxe":51.7,"r":"1500","rd":"130","sigma":"0","rptime":"1438246800","rpr":1513.4849268022,"rprd":102.09122992603,"rpsigma":"0","acre":1098.4933037626,"lacre":1098.4933037626,"oldacre":"1052.5620754054"},"endType":"normal"}