{"seed":[6526,50242,45597,48821],"turns":49,"p1":"Traine✘ Hoodlum","p2":"sgdgh","p1team":[{"name":"Charizard","species":"Charizard","item":"charizarditex","ability":"Blaze","moves":["roost","dragondance","flareblitz","outrage"],"nature":"Adamant","evs":{"hp":0,"atk":252,"def":0,"spa":0,"spd":4,"spe":252},"ivs":{"hp":31,"atk":31,"def":31,"spa":31,"spd":31,"spe":31}},{"name":"Landorus-Therian","species":"Landorus-Therian","item":"leftovers","ability":"Intimidate","moves":["swordsdance","rockpolish","earthquake","stoneedge"],"nature":"Adamant","evs":{"hp":56,"atk":220,"def":0,"spa":0,"spd":0,"spe":232},"ivs":{"hp":31,"atk":31,"def":31,"spa":31,"spd":31,"spe":31}},{"name":"Dragonite","species":"Dragonite","item":"choiceband","ability":"Multiscale","moves":["outrage","extremespeed","thunderpunch","superpower"],"nature":"Adamant","evs":{"hp":0,"atk":252,"def":4,"spa":0,"spd":0,"spe":252},"ivs":{"hp":31,"atk":31,"def":31,"spa":31,"spd":31,"spe":31}},{"name":"Togekiss","species":"Togekiss","item":"choicescarf","ability":"Serene Grace","moves":["trick","defog","airslash","dazzlinggleam"],"nature":"Timid","evs":{"hp":0,"atk":0,"def":0,"spa":252,"spd":4,"spe":252},"gender":"F","ivs":{"hp":31,"atk":31,"def":31,"spa":31,"spd":31,"spe":31}},{"name":"Thundurus-Therian","species":"Thundurus-Therian","item":"choicescarf","ability":"Volt Absorb","moves":["focusblast","thunderbolt","hiddenpowerice","grassknot"],"nature":"Timid","evs":{"hp":0,"atk":0,"def":0,"spa":252,"spd":4,"spe":252},"ivs":{"hp":31,"atk":30,"def":30,"spa":31,"spd":31,"spe":31}},{"name":"Mandibuzz","species":"Mandibuzz","item":"rockyhelmet","ability":"Overcoat","moves":["roost","bravebird","foulplay","toxic"],"nature":"Impish","evs":{"hp":248,"atk":8,"def":252,"spa":0,"spd":0,"spe":0},"ivs":{"hp":31,"atk":31,"def":31,"spa":31,"spd":31,"spe":31}}],"p2team":[{"name":"Audino","species":"Audino","item":"audinite","ability":"Regenerator","moves":["dazzlinggleam","calmmind","rest","sleeptalk"],"nature":"Bold","evs":{"hp":248,"atk":0,"def":252,"spa":8,"spd":0,"spe":0},"ivs":{"hp":31,"atk":0,"def":31,"spa":31,"spd":31,"spe":31}},{"name":"Meloetta","species":"Meloetta","item":"leftovers","ability":"Serene Grace","moves":["substitute","calmmind","psyshock","thunderbolt"],"nature":"Bold","evs":{"hp":252,"atk":0,"def":252,"spa":0,"spd":4,"spe":0},"ivs":{"hp":31,"atk":31,"def":31,"spa":31,"spd":31,"spe":31}},{"name":"Ditto","species":"Ditto","item":"choicescarf","ability":"Imposter","moves":["transform"],"nature":"Naive","evs":{"hp":252,"atk":4,"def":0,"spa":0,"spd":0,"spe":252},"happiness":0,"ivs":{"hp":31,"atk":31,"def":31,"spa":31,"spd":31,"spe":31}},{"name":"Porygon2","species":"Porygon2","item":"eviolite","ability":"Trace","moves":["discharge","foulplay","icebeam","recover"],"nature":"Bold","evs":{"hp":248,"atk":0,"def":252,"spa":0,"spd":8,"spe":0},"ivs":{"hp":31,"atk":0,"def":31,"spa":31,"spd":31,"spe":31}},{"name":"Chansey","species":"Chansey","item":"eviolite","ability":"Natural Cure","moves":["softboiled","wish","seismictoss","healbell"],"nature":"Bold","evs":{"hp":248,"atk":0,"def":252,"spa":0,"spd":8,"spe":0},"ivs":{"hp":31,"atk":31,"def":31,"spa":31,"spd":31,"spe":31}},{"name":"Staraptor","species":"Staraptor","item":"leftovers","ability":"Intimidate","moves":["bravebird","closecombat","defog","roost"],"nature":"Impish","evs":{"hp":248,"atk":8,"def":252,"spa":0,"spd":0,"spe":0},"ivs":{"hp":31,"atk":31,"def":31,"spa":31,"spd":31,"spe":31}}],"log":["|player|p1|Traine✘ Hoodlum|141","|player|p2|sgdgh|99","|gametype|singles","|gen|6","|tier|Monotype","|rated","|rule|Baton Pass Clause: Limit one Baton Passer, can't pass Spe and other stats simultaneously","|rule|Swagger Clause: Swagger is banned","|rule|Same Type Clause: Pokémon in a team must share a type","|clearpoke","|poke|p1|Charizard, F","|poke|p1|Landorus-Therian, M","|poke|p1|Dragonite, F","|poke|p1|Togekiss, F","|poke|p1|Thundurus-Therian, M","|poke|p1|Mandibuzz, F","|poke|p2|Audino, M","|poke|p2|Meloetta","|poke|p2|Ditto","|poke|p2|Porygon2","|poke|p2|Chansey, F","|poke|p2|Staraptor, M","|rule|Sleep Clause Mod: Limit one foe put to sleep","|rule|Species Clause: Limit one of each Pokémon","|rule|OHKO Clause: OHKO moves are banned","|rule|Moody Clause: Moody is banned","|rule|Evasion Moves Clause: Evasion moves are banned","|rule|Endless Battle Clause: Forcing endless battles is banned","|rule|HP Percentage Mod: HP is shown in percentages","|teampreview","|","|start","|switch|p1a: Mandibuzz|Mandibuzz, F|423/423","|switch|p2a: Porygon2|Porygon2|373/373","|-ability|p2a: Porygon2|Overcoat|[from] ability: Trace|[of] p1a: Mandibuzz","|turn|1","|","|move|p1a: Mandibuzz|Toxic|p2a: Porygon2","|-status|p2a: Porygon2|tox","|move|p2a: Porygon2|Discharge|p1a: Mandibuzz","|-supereffective|p1a: Mandibuzz","|-damage|p1a: Mandibuzz|291/423","|","|-damage|p2a: Porygon2|350/373 tox|[from] psn","|turn|2","|","|move|p1a: Mandibuzz|Foul Play|p2a: Porygon2","|-damage|p2a: Porygon2|314/373 tox","|move|p2a: Porygon2|Ice Beam|p1a: Mandibuzz","|-supereffective|p1a: Mandibuzz","|-damage|p1a: Mandibuzz|129/423","|","|-damage|p2a: Porygon2|268/373 tox|[from] psn","|turn|3","|","|switch|p2a: Meloetta|Meloetta|404/404","|move|p1a: Mandibuzz|Roost|p1a: Mandibuzz","|-heal|p1a: Mandibuzz|341/423","|","|turn|4","|","|move|p2a: Meloetta|Substitute|p2a: Meloetta","|-start|p2a: Meloetta|Substitute","|-damage|p2a: Meloetta|303/404","|move|p1a: Mandibuzz|Foul Play|p2a: Meloetta","|-supereffective|p2a: Meloetta","|-end|p2a: Meloetta|Substitute","|","|-heal|p2a: Meloetta|328/404|[from] item: Leftovers","|turn|5","|","|switch|p2a: Audino|Audino, M|409/409","|move|p1a: Mandibuzz|Foul Play|p2a: Audino","|-damage|p2a: Audino|369/409","|","|turn|6","|","|switch|p1a: Togekiss|Togekiss, F|311/311","|move|p2a: Audino|Calm Mind|p2a: Audino","|-boost|p2a: Audino|spa|1","|-boost|p2a: Audino|spd|1","|","|turn|7","|","|detailschange|p2a: Audino|Audino-Mega, M","|-mega|p2a: Audino|Audino|Audinite","|move|p1a: Togekiss|Air Slash|p2a: Audino","|-damage|p2a: Audino|300/409","|cant|p2a: Audino|flinch","|","|turn|8","|","|move|p1a: Togekiss|Air Slash|p2a: Audino","|-damage|p2a: Audino|228/409","|cant|p2a: Audino|flinch","|","|turn|9","|","|move|p1a: Togekiss|Air Slash|p2a: Audino","|-damage|p2a: Audino|158/409","|cant|p2a: Audino|flinch","|","|turn|10","|","|move|p1a: Togekiss|Air Slash|p2a: Audino","|-damage|p2a: Audino|94/409","|move|p2a: Audino|Rest|p2a: Audino","|-status|p2a: Audino|slp","|-heal|p2a: Audino|409/409 slp|[silent]","|-status|p2a: Audino|slp|[from] move: Rest","|","|turn|11","|","|move|p1a: Togekiss|Air Slash|p2a: Audino","|-damage|p2a: Audino|336/409 slp","|cant|p2a: Audino|slp","|cant|p2a: Audino|flinch","|","|turn|12","|","|move|p1a: Togekiss|Air Slash|p2a: Audino","|-damage|p2a: Audino|267/409 slp","|cant|p2a: Audino|slp","|cant|p2a: Audino|flinch","|","|turn|13","|","|move|p1a: Togekiss|Air Slash|p2a: Audino","|-damage|p2a: Audino|203/409 slp","|-curestatus|p2a: Audino|slp","|cant|p2a: Audino|flinch","|","|turn|14","|","|move|p1a: Togekiss|Air Slash|p2a: Audino","|-damage|p2a: Audino|131/409","|cant|p2a: Audino|flinch","|","|turn|15","|","|switch|p2a: Chansey|Chansey, F|703/703","|move|p1a: Togekiss|Air Slash|p2a: Chansey","|-damage|p2a: Chansey|619/703","|","|turn|16","|","|switch|p1a: Dragonite|Dragonite, F|323/323","|move|p2a: Chansey|Wish|p2a: Chansey","|","|turn|17","|","|switch|p2a: Audino|Audino-Mega, M|131/409","|move|p1a: Dragonite|Superpower|p2a: Audino","|-damage|p2a: Audino|0 fnt","|-unboost|p1a: Dragonite|atk|1","|-unboost|p1a: Dragonite|def|1","|faint|p2a: Audino","|","|","|switch|p2a: Meloetta|Meloetta|328/404","|turn|18","|","|switch|p1a: Mandibuzz|Mandibuzz, F|341/423","|move|p2a: Meloetta|Substitute|p2a: Meloetta","|-start|p2a: Meloetta|Substitute","|-damage|p2a: Meloetta|227/404","|","|-heal|p2a: Meloetta|252/404|[from] item: Leftovers","|turn|19","|","|move|p2a: Meloetta|Thunderbolt|p1a: Mandibuzz","|-supereffective|p1a: Mandibuzz","|-damage|p1a: Mandibuzz|171/423","|move|p1a: Mandibuzz|Foul Play|p2a: Meloetta","|-supereffective|p2a: Meloetta","|-end|p2a: Meloetta|Substitute","|","|-heal|p2a: Meloetta|277/404|[from] item: Leftovers","|turn|20","|","|move|p2a: Meloetta|Thunderbolt|p1a: Mandibuzz","|-crit|p1a: Mandibuzz","|-supereffective|p1a: Mandibuzz","|-damage|p1a: Mandibuzz|0 fnt","|faint|p1a: Mandibuzz","|","|-heal|p2a: Meloetta|302/404|[from] item: Leftovers","|","|switch|p1a: Landorus-Therian|Landorus-Therian, M|333/333","|-ability|p1a: Landorus-Therian|Intimidate","|-unboost|p2a: Meloetta|atk|1","|turn|21","|","|switch|p2a: Staraptor|Staraptor, M|373/373","|-ability|p2a: Staraptor|Intimidate","|-unboost|p1a: Landorus-Therian|atk|1","|move|p1a: Landorus-Therian|Swords Dance|p1a: Landorus-Therian","|-boost|p1a: Landorus-Therian|atk|2","|","|turn|22","|","|switch|p2a: Porygon2|Porygon2|268/373 tox","|-ability|p2a: Porygon2|Intimidate|[from] ability: Trace|[of] p1a: Landorus-Therian","|-ability|p2a: Porygon2|Intimidate","|-unboost|p1a: Landorus-Therian|atk|1","|move|p1a: Landorus-Therian|Rock Polish|p1a: Landorus-Therian","|-boost|p1a: Landorus-Therian|spe|2","|","|-damage|p2a: Porygon2|245/373 tox|[from] psn","|turn|23","|","|move|p1a: Landorus-Therian|Swords Dance|p1a: Landorus-Therian","|-boost|p1a: Landorus-Therian|atk|2","|move|p2a: Porygon2|Ice Beam|p1a: Landorus-Therian","|-supereffective|p1a: Landorus-Therian","|-damage|p1a: Landorus-Therian|0 fnt","|faint|p1a: Landorus-Therian","|","|-damage|p2a: Porygon2|199/373 tox|[from] psn","|","|switch|p1a: Charizard|Charizard, F|297/297","|turn|24","|","|detailschange|p1a: Charizard|Charizard-Mega-X, F","|-mega|p1a: Charizard|Charizard|Charizardite X","|move|p1a: Charizard|Dragon Dance|p1a: Charizard","|-boost|p1a: Charizard|atk|1","|-boost|p1a: Charizard|spe|1","|move|p2a: Porygon2|Discharge|p1a: Charizard","|-resisted|p1a: Charizard","|-damage|p1a: Charizard|258/297","|","|-damage|p2a: Porygon2|130/373 tox|[from] psn","|turn|25","|","|move|p1a: Charizard|Outrage|p2a: Porygon2","|-damage|p2a: Porygon2|0 fnt","|faint|p2a: Porygon2","|","|","|switch|p2a: Ditto|Ditto|300/300","|-transform|p2a: Ditto|p1a: Charizard","|turn|26","|","|move|p2a: Ditto|Outrage|p1a: Charizard","|-supereffective|p1a: Charizard","|-damage|p1a: Charizard|0 fnt","|faint|p1a: Charizard","|","|","|switch|p1a: Togekiss|Togekiss, F|311/311","|turn|27","|","|move|p2a: Ditto|Outrage|p1a: Togekiss","|-immune|p1a: Togekiss|[msg]","|move|p1a: Togekiss|Air Slash|p2a: Ditto","|-damage|p2a: Ditto|146/300","|","|turn|28","|","|switch|p2a: Chansey|Chansey, F|619/703","|move|p1a: Togekiss|Air Slash|p2a: Chansey","|-damage|p2a: Chansey|532/703","|","|turn|29","|","|switch|p1a: Dragonite|Dragonite, F|323/323","|move|p2a: Chansey|Wish|p2a: Chansey","|","|turn|30","|","|switch|p2a: Staraptor|Staraptor, M|373/373","|-ability|p2a: Staraptor|Intimidate","|-unboost|p1a: Dragonite|atk|1","|move|p1a: Dragonite|Superpower|p2a: Staraptor","|-damage|p2a: Staraptor|217/373","|-unboost|p1a: Dragonite|atk|1","|-unboost|p1a: Dragonite|def|1","|","|-heal|p2a: Staraptor|373/373|[from] move: Wish|[wisher] Chansey","|turn|31","|","|switch|p1a: Thundurus-Therian|Thundurus-Therian, M|299/299","|move|p2a: Staraptor|Brave Bird|p1a: Thundurus-Therian","|-resisted|p1a: Thundurus-Therian","|-damage|p1a: Thundurus-Therian|193/299","|-damage|p2a: Staraptor|338/373|[from] recoil|[of] p1a: Thundurus-Therian","|","|-heal|p2a: Staraptor|361/373|[from] item: Leftovers","|turn|32","|","|switch|p2a: Chansey|Chansey, F|532/703","|move|p1a: Thundurus-Therian|Hidden Power|p2a: Chansey","|-damage|p2a: Chansey|479/703","|","|turn|33","|","|switch|p1a: Dragonite|Dragonite, F|323/323","|move|p2a: Chansey|Soft-Boiled|p2a: Chansey","|-heal|p2a: Chansey|703/703","|","|turn|34","|","|switch|p2a: Staraptor|Staraptor, M|361/373","|-ability|p2a: Staraptor|Intimidate","|-unboost|p1a: Dragonite|atk|1","|move|p1a: Dragonite|Superpower|p2a: Staraptor","|-damage|p2a: Staraptor|223/373","|-unboost|p1a: Dragonite|atk|1","|-unboost|p1a: Dragonite|def|1","|","|-heal|p2a: Staraptor|246/373|[from] item: Leftovers","|turn|35","|","|switch|p1a: Thundurus-Therian|Thundurus-Therian, M|193/299","|move|p2a: Staraptor|Roost|p2a: Staraptor","|-heal|p2a: Staraptor|373/373","|","|turn|36","|","|switch|p2a: Ditto|Ditto|146/300","|-transform|p2a: Ditto|p1a: Thundurus-Therian","|move|p1a: Thundurus-Therian|Focus Blast|p2a: Ditto|[miss]","|-miss|p1a: Thundurus-Therian|p2a: Ditto","|","|turn|37","|","|switch|p2a: Chansey|Chansey, F|703/703","|switch|p1a: Togekiss|Togekiss, F|311/311","|","|turn|38","|","|move|p1a: Togekiss|Air Slash|p2a: Chansey","|-damage|p2a: Chansey|628/703","|move|p2a: Chansey|Wish|p2a: Chansey","|","|turn|39","|","|switch|p1a: Dragonite|Dragonite, F|323/323","|move|p2a: Chansey|Wish|p2a: Chansey","|-fail|p2a: Chansey","|","|-heal|p2a: Chansey|703/703|[from] move: Wish|[wisher] Chansey","|turn|40","|","|switch|p2a: Staraptor|Staraptor, M|373/373","|-ability|p2a: Staraptor|Intimidate","|-unboost|p1a: Dragonite|atk|1","|move|p1a: Dragonite|Outrage|p2a: Staraptor","|-damage|p2a: Staraptor|145/373","|","|-heal|p2a: Staraptor|168/373|[from] item: Leftovers","|turn|41","|","|move|p1a: Dragonite|Outrage|p2a: Staraptor","|-damage|p2a: Staraptor|0 fnt","|-start|p1a: Dragonite|confusion|[fatigue]","|faint|p2a: Staraptor","|","|","|switch|p2a: Meloetta|Meloetta|302/404","|turn|42","|","|switch|p1a: Thundurus-Therian|Thundurus-Therian, M|193/299","|move|p2a: Meloetta|Psyshock|p1a: Thundurus-Therian","|-damage|p1a: Thundurus-Therian|42/299","|","|-heal|p2a: Meloetta|327/404|[from] item: Leftovers","|turn|43","|","|move|p1a: Thundurus-Therian|Thunderbolt|p2a: Meloetta","|-damage|p2a: Meloetta|182/404","|move|p2a: Meloetta|Substitute|p2a: Meloetta","|-start|p2a: Meloetta|Substitute","|-damage|p2a: Meloetta|81/404","|","|-heal|p2a: Meloetta|106/404|[from] item: Leftovers","|turn|44","|","|move|p1a: Thundurus-Therian|Thunderbolt|p2a: Meloetta","|-end|p2a: Meloetta|Substitute","|move|p2a: Meloetta|Calm Mind|p2a: Meloetta","|-boost|p2a: Meloetta|spa|1","|-boost|p2a: Meloetta|spd|1","|","|-heal|p2a: Meloetta|131/404|[from] item: Leftovers","|turn|45","|","|move|p1a: Thundurus-Therian|Thunderbolt|p2a: Meloetta","|-crit|p2a: Meloetta","|-damage|p2a: Meloetta|0 fnt","|faint|p2a: Meloetta","|","|","|switch|p2a: Chansey|Chansey, F|703/703","|turn|46","|","|move|p1a: Thundurus-Therian|Thunderbolt|p2a: Chansey","|-damage|p2a: Chansey|595/703","|move|p2a: Chansey|Seismic Toss|p1a: Thundurus-Therian","|-damage|p1a: Thundurus-Therian|0 fnt","|faint|p1a: Thundurus-Therian","|","|","|switch|p1a: Dragonite|Dragonite, F|323/323","|turn|47","|","|move|p1a: Dragonite|Superpower|p2a: Chansey","|-supereffective|p2a: Chansey","|-damage|p2a: Chansey|0 fnt","|-unboost|p1a: Dragonite|atk|1","|-unboost|p1a: Dragonite|def|1","|faint|p2a: Chansey","|","|","|switch|p2a: Ditto|Ditto|146/300","|-transform|p2a: Ditto|p1a: Dragonite","|turn|48","|","|switch|p1a: Togekiss|Togekiss, F|311/311","|move|p2a: Ditto|Thunder Punch|p1a: Togekiss","|-supereffective|p1a: Togekiss","|-damage|p1a: Togekiss|163/311","|","|turn|49","|","|move|p1a: Togekiss|Dazzling Gleam|p2a: Ditto","|-supereffective|p2a: Ditto","|-damage|p2a: Ditto|0 fnt","|faint|p2a: Ditto","|","|win|Traine✘ Hoodlum"],"p1rating":{"entryid":"7270197","serverid":"eos","formatid":"monotype","userid":"trainehoodlum","username":"Traine✘ Hoodlum","w":9,"l":"5","t":"0","gxe":55.4,"r":"1500","rd":"130","sigma":"0","rptime":"1438246800","rpr":1542.028242501,"rprd":78.822075152329,"rpsigma":"0","acre":1188.838159252,"lacre":1188.838159252,"oldacre":"1161.0989141858"},"p2rating":{"entryid":"7099326","serverid":"eos","formatid":"monotype","userid":"sgdgh","username":"sgdgh","w":"10","l":6,"t":"0","gxe":57.3,"r":"1575.9263271606","rd":"78.976915212992","sigma":"0","rptime":"1438246800","rpr":1556.8326952895,"rprd":77.353987599439,"rpsigma":"0","acre":1171.5815686562,"lacre":1171.5815686562,"oldacre":"1199.3208137224"},"endType":"normal"}