{"seed":[17271,48257,18096,52543],"turns":19,"p1":"Defender of Sinnoh","p2":"Traine✘ Chief","p1team":[{"name":"Torterra","species":"Torterra","item":"assaultvest","ability":"Overgrow","moves":["earthquake","stoneedge","seedbomb","crunch"],"nature":"Adamant","evs":{"hp":248,"atk":252,"def":0,"spa":0,"spd":8,"spe":0},"ivs":{"hp":31,"atk":31,"def":31,"spa":31,"spd":31,"spe":31}},{"name":"Garchomp","species":"Garchomp","item":"rockyhelmet","ability":"Rough Skin","moves":["earthquake","dragonclaw","stealthrock","stoneedge"],"nature":"Jolly","evs":{"hp":0,"atk":252,"def":0,"spa":0,"spd":4,"spe":252},"ivs":{"hp":31,"atk":31,"def":31,"spa":31,"spd":31,"spe":31}},{"name":"Camerupt","species":"Camerupt","item":"cameruptite","ability":"Magma Armor","moves":["earthpower","flamethrower","willowisp","ancientpower"],"nature":"Modest","evs":{"hp":248,"atk":0,"def":0,"spa":252,"spd":8,"spe":0},"shiny":true,"ivs":{"hp":31,"atk":31,"def":31,"spa":31,"spd":31,"spe":31}},{"name":"Excadrill","species":"Excadrill","item":"airballoon","ability":"Mold Breaker","moves":["earthquake","ironhead","rockslide","rapidspin"],"nature":"Jolly","evs":{"hp":0,"atk":252,"def":0,"spa":0,"spd":8,"spe":248},"ivs":{"hp":31,"atk":31,"def":31,"spa":31,"spd":31,"spe":31}},{"name":"Gastrodon","species":"Gastrodon","item":"leftovers","ability":"Storm Drain","moves":["earthpower","scald","recover","toxic"],"nature":"Bold","evs":{"hp":248,"atk":0,"def":252,"spa":8,"spd":0,"spe":0},"ivs":{"hp":31,"atk":31,"def":31,"spa":31,"spd":31,"spe":31}},{"name":"Mamoswine","species":"Mamoswine","item":"focussash","ability":"Thick Fat","moves":["iceshard","iciclecrash","earthquake","freezedry"],"nature":"Naughty","evs":{"hp":248,"atk":252,"def":0,"spa":8,"spd":0,"spe":0},"ivs":{"hp":31,"atk":31,"def":31,"spa":31,"spd":31,"spe":31}}],"p2team":[{"name":"Charizard","species":"Charizard","item":"charizarditex","ability":"Solar Power","moves":["dragondance","dragonclaw","flareblitz","protect"],"nature":"Lonely","evs":{"hp":0,"atk":252,"def":0,"spa":4,"spd":0,"spe":252},"ivs":{"hp":31,"atk":31,"def":31,"spa":31,"spd":31,"spe":31}},{"name":"Landorus-Therian","species":"Landorus-Therian","item":"choicescarf","ability":"Intimidate","moves":["uturn","earthquake","superpower","stoneedge"],"nature":"Jolly","evs":{"hp":0,"atk":252,"def":0,"spa":0,"spd":4,"spe":252},"ivs":{"hp":31,"atk":31,"def":31,"spa":31,"spd":31,"spe":31}},{"name":"Gyarados","species":"Gyarados","item":"sitrusberry","ability":"Moxie","moves":["dragondance","waterfall","icefang","earthquake"],"nature":"Adamant","evs":{"hp":0,"atk":252,"def":0,"spa":0,"spd":4,"spe":252},"ivs":{"hp":31,"atk":31,"def":31,"spa":31,"spd":31,"spe":31}},{"name":"Skarmory","species":"Skarmory","item":"rockyhelmet","ability":"Sturdy","moves":["stealthrock","spikes","roost","whirlwind"],"nature":"Bold","evs":{"hp":248,"atk":0,"def":252,"spa":0,"spd":8,"spe":0},"ivs":{"hp":31,"atk":31,"def":31,"spa":31,"spd":31,"spe":31}},{"name":"Togekiss","species":"Togekiss","item":"leftovers","ability":"Hustle","moves":["nastyplot","airslash","roost","thunderwave"],"nature":"Calm","evs":{"hp":248,"atk":0,"def":0,"spa":8,"spd":252,"spe":0},"ivs":{"hp":31,"atk":31,"def":31,"spa":31,"spd":31,"spe":31}},{"name":"Thundurus","species":"Thundurus","item":"lifeorb","ability":"Prankster","moves":["thunderwave","grassknot","nastyplot","thunderbolt"],"nature":"Timid","evs":{"hp":0,"atk":0,"def":0,"spa":252,"spd":4,"spe":252},"ivs":{"hp":31,"atk":31,"def":31,"spa":31,"spd":31,"spe":31}}],"log":["|player|p1|Defender of Sinnoh|25","|player|p2|Traine✘ Chief|127","|gametype|singles","|gen|6","|tier|Monotype","|rated","|rule|Baton Pass Clause: Limit one Baton Passer, can't pass Spe and other stats simultaneously","|rule|Swagger Clause: Swagger is banned","|rule|Same Type Clause: Pokémon in a team must share a type","|clearpoke","|poke|p1|Torterra, M","|poke|p1|Garchomp, M","|poke|p1|Camerupt, M, shiny","|poke|p1|Excadrill, M","|poke|p1|Gastrodon, F","|poke|p1|Mamoswine, M","|poke|p2|Charizard, F","|poke|p2|Landorus-Therian, M","|poke|p2|Gyarados, F","|poke|p2|Skarmory, M","|poke|p2|Togekiss, M","|poke|p2|Thundurus, M","|rule|Sleep Clause Mod: Limit one foe put to sleep","|rule|Species Clause: Limit one of each Pokémon","|rule|OHKO Clause: OHKO moves are banned","|rule|Moody Clause: Moody is banned","|rule|Evasion Moves Clause: Evasion moves are banned","|rule|Endless Battle Clause: Forcing endless battles is banned","|rule|HP Percentage Mod: HP is shown in percentages","|teampreview","|","|start","|switch|p1a: Gastrodon|Gastrodon, F|425/425","|switch|p2a: Togekiss|Togekiss, M|373/373","|turn|1","|","|move|p2a: Togekiss|Air Slash|p1a: Gastrodon","|-damage|p1a: Gastrodon|299/425","|move|p1a: Gastrodon|Scald|p2a: Togekiss","|-damage|p2a: Togekiss|309/373","|-status|p2a: Togekiss|brn","|","|-heal|p2a: Togekiss|332/373 brn|[from] item: Leftovers","|-heal|p1a: Gastrodon|325/425|[from] item: Leftovers","|-damage|p2a: Togekiss|286/373 brn|[from] brn","|turn|2","|","|move|p2a: Togekiss|Nasty Plot|p2a: Togekiss","|-boost|p2a: Togekiss|spa|2","|move|p1a: Gastrodon|Scald|p2a: Togekiss","|-damage|p2a: Togekiss|228/373 brn","|","|-heal|p2a: Togekiss|251/373 brn|[from] item: Leftovers","|-heal|p1a: Gastrodon|351/425|[from] item: Leftovers","|-damage|p2a: Togekiss|205/373 brn|[from] brn","|turn|3","|","|move|p2a: Togekiss|Air Slash|p1a: Gastrodon","|-damage|p1a: Gastrodon|116/425","|move|p1a: Gastrodon|Recover|p1a: Gastrodon","|-heal|p1a: Gastrodon|329/425","|","|-heal|p2a: Togekiss|228/373 brn|[from] item: Leftovers","|-heal|p1a: Gastrodon|355/425|[from] item: Leftovers","|-damage|p2a: Togekiss|182/373 brn|[from] brn","|turn|4","|","|move|p2a: Togekiss|Air Slash|p1a: Gastrodon","|-damage|p1a: Gastrodon|109/425","|move|p1a: Gastrodon|Recover|p1a: Gastrodon","|-heal|p1a: Gastrodon|322/425","|","|-heal|p2a: Togekiss|205/373 brn|[from] item: Leftovers","|-heal|p1a: Gastrodon|348/425|[from] item: Leftovers","|-damage|p2a: Togekiss|159/373 brn|[from] brn","|turn|5","|","|move|p2a: Togekiss|Air Slash|p1a: Gastrodon","|-damage|p1a: Gastrodon|105/425","|move|p1a: Gastrodon|Scald|p2a: Togekiss","|-damage|p2a: Togekiss|104/373 brn","|","|-heal|p2a: Togekiss|127/373 brn|[from] item: Leftovers","|-heal|p1a: Gastrodon|131/425|[from] item: Leftovers","|-damage|p2a: Togekiss|81/373 brn|[from] brn","|turn|6","|","|move|p2a: Togekiss|Air Slash|p1a: Gastrodon","|-crit|p1a: Gastrodon","|-damage|p1a: Gastrodon|0 fnt","|faint|p1a: Gastrodon","|","|-heal|p2a: Togekiss|104/373 brn|[from] item: Leftovers","|-damage|p2a: Togekiss|58/373 brn|[from] brn","|","|switch|p1a: Garchomp|Garchomp, M|357/357","|turn|7","|","|move|p1a: Garchomp|Stone Edge|p2a: Togekiss","|-supereffective|p2a: Togekiss","|-damage|p2a: Togekiss|0 fnt","|faint|p2a: Togekiss","|","|","|switch|p2a: Gyarados|Gyarados, F|331/331","|turn|8","|","|move|p1a: Garchomp|Stone Edge|p2a: Gyarados","|-supereffective|p2a: Gyarados","|-damage|p2a: Gyarados|25/331","|-enditem|p2a: Gyarados|Sitrus Berry|[eat]","|-heal|p2a: Gyarados|107/331|[from] item: Sitrus Berry","|move|p2a: Gyarados|Dragon Dance|p2a: Gyarados","|-boost|p2a: Gyarados|atk|1","|-boost|p2a: Gyarados|spe|1","|","|turn|9","|","|move|p2a: Gyarados|Ice Fang|p1a: Garchomp","|-supereffective|p1a: Garchomp","|-damage|p1a: Garchomp|0 fnt","|-damage|p2a: Gyarados|66/331|[from] ability: Rough Skin|[of] p1a: Garchomp","|-damage|p2a: Gyarados|11/331|[from] item: Rocky Helmet|[of] p1a: Garchomp","|faint|p1a: Garchomp","|-boost|p2a: Gyarados|atk|1|[from] ability: Moxie","|","|","|switch|p1a: Mamoswine|Mamoswine, M|423/423","|turn|10","|","|move|p1a: Mamoswine|Ice Shard|p2a: Gyarados","|-damage|p2a: Gyarados|0 fnt","|faint|p2a: Gyarados","|","|","|switch|p2a: Charizard|Charizard, F|297/297","|turn|11","|","|switch|p1a: Camerupt|Camerupt, M, shiny|343/343","|detailschange|p2a: Charizard|Charizard-Mega-X, F","|-mega|p2a: Charizard|Charizard|Charizardite X","|move|p2a: Charizard|Dragon Dance|p2a: Charizard","|-boost|p2a: Charizard|atk|1","|-boost|p2a: Charizard|spe|1","|","|turn|12","|","|detailschange|p1a: Camerupt|Camerupt-Mega, M, shiny","|-mega|p1a: Camerupt|Camerupt|Cameruptite","|move|p2a: Charizard|Dragon Claw|p1a: Camerupt","|-damage|p1a: Camerupt|46/343","|move|p1a: Camerupt|Earth Power|p2a: Charizard","|-supereffective|p2a: Charizard","|-damage|p2a: Charizard|0 fnt","|faint|p2a: Charizard","|","|","|switch|p2a: Skarmory|Skarmory, M|333/333","|turn|13","|","|move|p2a: Skarmory|Spikes|p1a: Camerupt","|-sidestart|p1: Defender of Sinnoh|Spikes","|move|p1a: Camerupt|Flamethrower|p2a: Skarmory","|-supereffective|p2a: Skarmory","|-activate|p2a: Skarmory|Sturdy","|-damage|p2a: Skarmory|1/333","|","|turn|14","|","|move|p2a: Skarmory|Spikes|p1a: Camerupt","|-sidestart|p1: Defender of Sinnoh|Spikes","|move|p1a: Camerupt|Ancient Power|p2a: Skarmory","|-damage|p2a: Skarmory|0 fnt","|faint|p2a: Skarmory","|","|","|switch|p2a: Landorus-Therian|Landorus-Therian, M|319/319","|-ability|p2a: Landorus-Therian|Intimidate","|-unboost|p1a: Camerupt|atk|1","|turn|15","|","|move|p2a: Landorus-Therian|U-turn|p1a: Camerupt","|-resisted|p1a: Camerupt","|-damage|p1a: Camerupt|0 fnt","|faint|p1a: Camerupt","|","|switch|p2a: Thundurus|Thundurus, M|299/299","|","|","|switch|p1a: Excadrill|Excadrill, M|361/361","|-ability|p1a: Excadrill|Mold Breaker","|-item|p1a: Excadrill|Air Balloon","|turn|16","|","|move|p2a: Thundurus|Grass Knot|p1a: Excadrill","|-damage|p1a: Excadrill|243/361","|-enditem|p1a: Excadrill|Air Balloon","|-damage|p2a: Thundurus|270/299|[from] item: Life Orb","|move|p1a: Excadrill|Rapid Spin|p2a: Thundurus","|-damage|p2a: Thundurus|235/299","|-sideend|p1: Defender of Sinnoh|Spikes|[from] move: Rapid Spin|[of] p1a: Excadrill","|","|turn|17","|","|move|p2a: Thundurus|Nasty Plot|p2a: Thundurus","|-boost|p2a: Thundurus|spa|2","|move|p1a: Excadrill|Rock Slide|p2a: Thundurus","|-crit|p2a: Thundurus","|-supereffective|p2a: Thundurus","|-damage|p2a: Thundurus|0 fnt","|faint|p2a: Thundurus","|","|","|switch|p2a: Landorus-Therian|Landorus-Therian, M|319/319","|-ability|p2a: Landorus-Therian|Intimidate","|-unboost|p1a: Excadrill|atk|1","|turn|18","|","|move|p2a: Landorus-Therian|Earthquake|p1a: Excadrill","|-supereffective|p1a: Excadrill","|-damage|p1a: Excadrill|0 fnt","|faint|p1a: Excadrill","|","|","|switch|p1a: Mamoswine|Mamoswine, M|423/423","|turn|19","|","|move|p2a: Landorus-Therian|Earthquake|p1a: Mamoswine","|-damage|p1a: Mamoswine|207/423","|move|p1a: Mamoswine|Icicle Crash|p2a: Landorus-Therian","|-supereffective|p2a: Landorus-Therian","|-damage|p2a: Landorus-Therian|0 fnt","|faint|p2a: Landorus-Therian","|","|win|Defender of Sinnoh"],"p1rating":{"entryid":"6083148","serverid":"eos","formatid":"monotype","userid":"defenderofsinnoh","username":"Defender Of Sinnoh","w":40,"l":"51","t":"0","gxe":44.3,"r":"1445.0934413205","rd":"41.468530398653","sigma":"0","rptime":"1438246800","rpr":1456.7373756026,"rprd":40.478163646274,"rpsigma":"0","acre":1175.8294230919,"lacre":1175.8294230919,"oldacre":"1158.6554817985"},"p2rating":{"entryid":"7268014","serverid":"eos","formatid":"monotype","userid":"trainechief","username":"Traine✘ Chief","w":"1","l":1,"t":"0","gxe":46.2,"r":"1500","rd":"130","sigma":"0","rptime":"1438246800","rpr":1469.8541579893,"rprd":117.65053760791,"rpsigma":"0","acre":1034.4944398865,"lacre":1034.4944398865,"oldacre":"1046.1159746521"},"endType":"normal"}