{"seed":[56758,35864,64233,55384],"turns":22,"p1":"Yung draco","p2":"PokemonBlu98","p1team":[{"name":"Altaria","species":"Altaria","item":"altarianite","ability":"Natural Cure","moves":["refresh","dragondance","roost","return"],"nature":"Adamant","evs":{"hp":0,"atk":252,"def":0,"spa":0,"spd":96,"spe":160},"ivs":{"hp":31,"atk":31,"def":31,"spa":31,"spd":31,"spe":31}},{"name":"Garchomp","species":"Garchomp","item":"rockyhelmet","ability":"Rough Skin","moves":["stealthrock","dragontail","fireblast","earthquake"],"nature":"Serious","evs":{"hp":144,"atk":16,"def":252,"spa":0,"spd":0,"spe":96},"ivs":{"hp":31,"atk":31,"def":31,"spa":31,"spd":31,"spe":31}},{"name":"Goodra","species":"Goodra","item":"assaultvest","ability":"Gooey","moves":["sludgewave","dragonpulse","thunderbolt","flamethrower"],"nature":"Calm","evs":{"hp":248,"atk":0,"def":0,"spa":8,"spd":252,"spe":0},"ivs":{"hp":31,"atk":31,"def":31,"spa":31,"spd":31,"spe":31}},{"name":"Kyurem-Black","species":"Kyurem-Black","item":"choicescarf","ability":"Teravolt","moves":["ironhead","icebeam","fusionbolt","outrage"],"nature":"Naive","evs":{"hp":0,"atk":252,"def":0,"spa":4,"spd":0,"spe":252},"ivs":{"hp":31,"atk":31,"def":31,"spa":31,"spd":31,"spe":31}},{"name":"Kingdra","species":"Kingdra","item":"scopelens","ability":"Sniper","moves":["focusenergy","agility","dracometeor","surf"],"nature":"Timid","evs":{"hp":0,"atk":0,"def":0,"spa":252,"spd":4,"spe":252},"ivs":{"hp":31,"atk":31,"def":31,"spa":31,"spd":31,"spe":31}},{"name":"Dragonite","species":"Dragonite","item":"weaknesspolicy","ability":"Multiscale","moves":["roost","earthquake","dragonclaw","dragondance"],"nature":"Jolly","evs":{"hp":0,"atk":252,"def":0,"spa":0,"spd":4,"spe":252},"ivs":{"hp":31,"atk":31,"def":31,"spa":31,"spd":31,"spe":31}}],"p2team":[{"name":"Blitzkreig","species":"charizard","item":"charizarditey","ability":"Blaze","moves":["fireblast","solarbeam","airslash","dragonpulse"],"nature":"Timid","evs":{"hp":0,"atk":0,"def":4,"spa":252,"spd":0,"spe":252},"ivs":{"hp":31,"atk":31,"def":31,"spa":31,"spd":31,"spe":31}},{"name":"Mineturtle","species":"torkoal","item":"leftovers","ability":"Shell Armor","moves":["stealthrock","lavaplume","willowisp","rapidspin"],"nature":"Bold","evs":{"hp":248,"atk":0,"def":232,"spa":0,"spd":28,"spe":0},"ivs":{"hp":31,"atk":31,"def":31,"spa":31,"spd":31,"spe":31}},{"name":"Firebrows","species":"darmanitan","item":"lifeorb","ability":"Sheer Force","moves":["flareblitz","rockslide","uturn","poweruppunch"],"nature":"Jolly","evs":{"hp":0,"atk":252,"def":0,"spa":0,"spd":4,"spe":252},"ivs":{"hp":31,"atk":31,"def":31,"spa":31,"spd":31,"spe":31}},{"name":"Furnace Man","species":"rotomheat","item":"lightclay","ability":"Levitate","moves":["reflect","lightscreen","hiddenpowerice","voltswitch"],"nature":"Bold","evs":{"hp":252,"atk":0,"def":128,"spa":0,"spd":128,"spe":0},"ivs":{"hp":31,"atk":30,"def":30,"spa":31,"spd":31,"spe":31}},{"name":"Ears","species":"victini","item":"choiceband","ability":"Victory Star","moves":["vcreate","boltstrike","uturn","zenheadbutt"],"nature":"Jolly","evs":{"hp":4,"atk":252,"def":0,"spa":0,"spd":0,"spe":252},"ivs":{"hp":31,"atk":31,"def":31,"spa":31,"spd":31,"spe":31}},{"name":"Heatran","species":"Heatran","item":"airballoon","ability":"Flash Fire","moves":["lavaplume","flashcannon","protect","toxic"],"nature":"Bold","evs":{"hp":248,"atk":0,"def":252,"spa":8,"spd":0,"spe":0},"ivs":{"hp":31,"atk":31,"def":31,"spa":31,"spd":31,"spe":31}}],"log":["|player|p1|Yung draco|143","|player|p2|PokemonBlu98|1","|gametype|singles","|gen|6","|tier|Monotype","|rated","|rule|Baton Pass Clause: Limit one Baton Passer, can't pass Spe and other stats simultaneously","|rule|Swagger Clause: Swagger is banned","|rule|Same Type Clause: Pokémon in a team must share a type","|clearpoke","|poke|p1|Altaria, F","|poke|p1|Garchomp, F","|poke|p1|Goodra, F","|poke|p1|Kyurem-Black","|poke|p1|Kingdra, M","|poke|p1|Dragonite, M","|poke|p2|Charizard, F","|poke|p2|Torkoal, F","|poke|p2|Darmanitan, M","|poke|p2|Rotom-Heat","|poke|p2|Victini","|poke|p2|Heatran, F","|rule|Sleep Clause Mod: Limit one foe put to sleep","|rule|Species Clause: Limit one of each Pokémon","|rule|OHKO Clause: OHKO moves are banned","|rule|Moody Clause: Moody is banned","|rule|Evasion Moves Clause: Evasion moves are banned","|rule|Endless Battle Clause: Forcing endless battles is banned","|rule|HP Percentage Mod: HP is shown in percentages","|teampreview","|","|start","|switch|p1a: Kingdra|Kingdra, M|291/291","|switch|p2a: Mineturtle|Torkoal, F|343/343","|turn|1","|","|move|p1a: Kingdra|Agility|p1a: Kingdra","|-boost|p1a: Kingdra|spe|2","|move|p2a: Mineturtle|Will-O-Wisp|p1a: Kingdra","|-status|p1a: Kingdra|brn","|","|-damage|p1a: Kingdra|255/291 brn|[from] brn","|turn|2","|","|move|p1a: Kingdra|Focus Energy|p1a: Kingdra","|-start|p1a: Kingdra|move: Focus Energy","|move|p2a: Mineturtle|Stealth Rock|p1a: Kingdra","|-sidestart|p1: Yung draco|move: Stealth Rock","|","|-damage|p1a: Kingdra|219/291 brn|[from] brn","|turn|3","|","|switch|p2a: Ears|Victini|342/342","|move|p1a: Kingdra|Surf|p2a: Ears","|-crit|p2a: Ears","|-supereffective|p2a: Ears","|-damage|p2a: Ears|0 fnt","|faint|p2a: Ears","|","|-damage|p1a: Kingdra|183/291 brn|[from] brn","|","|switch|p2a: Blitzkreig|Charizard, F|297/297","|turn|4","|","|detailschange|p2a: Blitzkreig|Charizard-Mega-Y, F","|-mega|p2a: Blitzkreig|Charizard|Charizardite Y","|-weather|SunnyDay","|move|p1a: Kingdra|Draco Meteor|p2a: Blitzkreig","|-crit|p2a: Blitzkreig","|-damage|p2a: Blitzkreig|0 fnt","|-unboost|p1a: Kingdra|spa|2","|faint|p2a: Blitzkreig","|","|-weather|SunnyDay|[upkeep]","|-damage|p1a: Kingdra|147/291 brn|[from] brn","|","|switch|p2a: Furnace Man|Rotom-Heat|304/304","|turn|5","|","|move|p1a: Kingdra|Draco Meteor|p2a: Furnace Man|[miss]","|-miss|p1a: Kingdra|p2a: Furnace Man","|move|p2a: Furnace Man|Volt Switch|p1a: Kingdra","|-damage|p1a: Kingdra|59/291 brn","|","|switch|p2a: Heatran|Heatran, F|385/385","|-item|p2a: Heatran|Air Balloon","|","|-weather|SunnyDay|[upkeep]","|-damage|p1a: Kingdra|23/291 brn|[from] brn","|turn|6","|","|move|p2a: Heatran|Protect|p2a: Heatran","|-singleturn|p2a: Heatran|Protect","|move|p1a: Kingdra|Surf|p2a: Heatran","|-activate|p2a: Heatran|Protect","|","|-weather|SunnyDay|[upkeep]","|-damage|p1a: Kingdra|0 fnt|[from] brn","|faint|p1a: Kingdra","|","|switch|p1a: Garchomp|Garchomp, F|393/393","|-damage|p1a: Garchomp|369/393|[from] Stealth Rock","|turn|7","|","|move|p2a: Heatran|Toxic|p1a: Garchomp","|-status|p1a: Garchomp|tox","|move|p1a: Garchomp|Dragon Tail|p2a: Heatran","|-resisted|p2a: Heatran","|-damage|p2a: Heatran|355/385","|-enditem|p2a: Heatran|Air Balloon","|drag|p2a: Furnace Man|Rotom-Heat|304/304","|","|-weather|SunnyDay|[upkeep]","|-damage|p1a: Garchomp|345/393 tox|[from] psn","|turn|8","|","|move|p1a: Garchomp|Stealth Rock|p2a: Furnace Man","|-sidestart|p2: PokemonBlu98|move: Stealth Rock","|move|p2a: Furnace Man|Hidden Power|p1a: Garchomp","|-supereffective|p1a: Garchomp","|-damage|p1a: Garchomp|125/393 tox","|","|-weather|none","|-damage|p1a: Garchomp|77/393 tox|[from] psn","|turn|9","|","|move|p2a: Furnace Man|Hidden Power|p1a: Garchomp","|-supereffective|p1a: Garchomp","|-damage|p1a: Garchomp|0 fnt","|faint|p1a: Garchomp","|","|","|switch|p1a: Goodra|Goodra, F|383/383","|-damage|p1a: Goodra|336/383|[from] Stealth Rock","|turn|10","|","|move|p2a: Furnace Man|Hidden Power|p1a: Goodra","|-supereffective|p1a: Goodra","|-damage|p1a: Goodra|300/383","|move|p1a: Goodra|Dragon Pulse|p2a: Furnace Man","|-damage|p2a: Furnace Man|211/304","|","|turn|11","|","|move|p2a: Furnace Man|Light Screen|p2a: Furnace Man","|-sidestart|p2: PokemonBlu98|move: Light Screen","|move|p1a: Goodra|Dragon Pulse|p2a: Furnace Man","|-damage|p2a: Furnace Man|164/304","|","|turn|12","|","|move|p2a: Furnace Man|Reflect|p2a: Furnace Man","|-sidestart|p2: PokemonBlu98|Reflect","|move|p1a: Goodra|Dragon Pulse|p2a: Furnace Man","|-damage|p2a: Furnace Man|115/304","|","|turn|13","|","|move|p2a: Furnace Man|Volt Switch|p1a: Goodra","|-resisted|p1a: Goodra","|-damage|p1a: Goodra|284/383","|","|switch|p2a: Mineturtle|Torkoal, F|343/343","|-damage|p2a: Mineturtle|258/343|[from] Stealth Rock","|move|p1a: Goodra|Dragon Pulse|p2a: Mineturtle","|-damage|p2a: Mineturtle|184/343","|","|-heal|p2a: Mineturtle|205/343|[from] item: Leftovers","|turn|14","|","|move|p1a: Goodra|Dragon Pulse|p2a: Mineturtle","|-damage|p2a: Mineturtle|130/343","|move|p2a: Mineturtle|Will-O-Wisp|p1a: Goodra","|-status|p1a: Goodra|brn","|","|-heal|p2a: Mineturtle|151/343|[from] item: Leftovers","|-damage|p1a: Goodra|237/383 brn|[from] brn","|turn|15","|","|move|p1a: Goodra|Dragon Pulse|p2a: Mineturtle","|-damage|p2a: Mineturtle|81/343","|move|p2a: Mineturtle|Rapid Spin|p1a: Goodra","|-damage|p1a: Goodra|218/383 brn","|-unboost|p2a: Mineturtle|spe|1","|-sideend|p2: PokemonBlu98|Stealth Rock|[from] move: Rapid Spin|[of] p2a: Mineturtle","|","|-heal|p2a: Mineturtle|102/343|[from] item: Leftovers","|-damage|p1a: Goodra|171/383 brn|[from] brn","|turn|16","|","|switch|p2a: Firebrows|Darmanitan, M|351/351","|move|p1a: Goodra|Dragon Pulse|p2a: Firebrows","|-damage|p2a: Firebrows|256/351","|","|-damage|p1a: Goodra|124/383 brn|[from] brn","|turn|17","|","|move|p2a: Firebrows|Flare Blitz|p1a: Goodra","|-resisted|p1a: Goodra","|-damage|p1a: Goodra|0 fnt","|-unboost|p2a: Firebrows|spe|1","|-damage|p2a: Firebrows|215/351|[from] recoil|[of] p1a: Goodra","|faint|p1a: Goodra","|","|","|switch|p1a: Dragonite|Dragonite, M|323/323","|-damage|p1a: Dragonite|243/323|[from] Stealth Rock","|turn|18","|","|move|p1a: Dragonite|Earthquake|p2a: Firebrows","|-supereffective|p2a: Firebrows","|-damage|p2a: Firebrows|24/351","|move|p2a: Firebrows|U-turn|p1a: Dragonite","|-resisted|p1a: Dragonite","|-damage|p1a: Dragonite|178/323","|-damage|p2a: Firebrows|0 fnt|[from] item: Life Orb","|faint|p2a: Firebrows","|","|-sideend|p2: PokemonBlu98|move: Light Screen","|","|switch|p2a: Furnace Man|Rotom-Heat|115/304","|turn|19","|","|move|p1a: Dragonite|Roost|p1a: Dragonite","|-heal|p1a: Dragonite|323/323","|move|p2a: Furnace Man|Hidden Power|p1a: Dragonite","|-supereffective|p1a: Dragonite","|-damage|p1a: Dragonite|272/323","|-enditem|p1a: Dragonite|Weakness Policy","|-boost|p1a: Dragonite|atk|2|[from] item: Weakness Policy","|-boost|p1a: Dragonite|spa|2|[from] item: Weakness Policy","|","|-sideend|p2: PokemonBlu98|Reflect","|turn|20","|","|move|p1a: Dragonite|Dragon Claw|p2a: Furnace Man","|-damage|p2a: Furnace Man|0 fnt","|faint|p2a: Furnace Man","|","|","|switch|p2a: Mineturtle|Torkoal, F|102/343","|turn|21","|","|move|p1a: Dragonite|Earthquake|p2a: Mineturtle","|-supereffective|p2a: Mineturtle","|-damage|p2a: Mineturtle|0 fnt","|faint|p2a: Mineturtle","|","|","|switch|p2a: Heatran|Heatran, F|355/385","|turn|22","|","|move|p1a: Dragonite|Earthquake|p2a: Heatran","|-supereffective|p2a: Heatran","|-damage|p2a: Heatran|0 fnt","|faint|p2a: Heatran","|","|win|Yung draco"],"p1rating":{"entryid":"6653831","serverid":"eos","formatid":"monotype","userid":"yungdraco","username":"Yung draco - ⓦⓐⓘⓣ","w":4,"l":"1","t":"0","gxe":59.9,"r":"1537.9980476167","rd":"116.06120485007","sigma":"0","rptime":"1438246800","rpr":1579.3249642153,"rprd":106.74909817524,"rpsigma":"0","acre":1132.6979578065,"lacre":1132.6979578065,"oldacre":"1109.3812088201"},"p2rating":{"entryid":"6954787","serverid":"eos","formatid":"monotype","userid":"pokemonblu98","username":"PokemonBlu98","w":"9","l":23,"t":"0","gxe":31,"r":"1351.6216966508","rd":"63.537914790022","sigma":"0","rptime":"1438246800","rpr":1347.2841778162,"rprd":60.922106305327,"rpsigma":"0","acre":1064.601356781,"lacre":1064.601356781,"oldacre":"1085.9529110909"},"endType":"normal"}