{"seed":[45534,63765,25996,37759],"turns":34,"p1":"Emg Nick","p2":"Neowulf","p1team":[{"name":"Amazon","species":"venusaur","item":"venusaurite","ability":"Overgrow","moves":["sludgebomb","gigadrain","synthesis","charm"],"nature":"Calm","evs":{"hp":116,"atk":0,"def":84,"spa":100,"spd":208,"spe":0},"shiny":true,"ivs":{"hp":31,"atk":31,"def":31,"spa":31,"spd":31,"spe":31}},{"name":"Hercules","species":"breloom","item":"focussash","ability":"Technician","moves":["machpunch","bulletseed","rocktomb","spore"],"nature":"Jolly","evs":{"hp":0,"atk":252,"def":0,"spa":0,"spd":4,"spe":252},"shiny":true,"ivs":{"hp":31,"atk":31,"def":31,"spa":31,"spd":31,"spe":31}},{"name":"Ivy","species":"roserade","item":"choicescarf","ability":"Technician","moves":["sludgebomb","energyball","dazzlinggleam","hiddenpowerfire"],"nature":"Modest","evs":{"hp":0,"atk":0,"def":0,"spa":252,"spd":4,"spe":252},"ivs":{"hp":31,"atk":30,"def":31,"spa":30,"spd":31,"spe":30},"shiny":true},{"name":"Colossus","species":"ferrothorn","item":"rockyhelmet","ability":"Iron Barbs","moves":["gyroball","protect","leechseed","stealthrock"],"nature":"Relaxed","evs":{"hp":204,"atk":104,"def":192,"spa":0,"spd":8,"spe":0},"ivs":{"hp":31,"atk":31,"def":31,"spa":31,"spd":31,"spe":0},"shiny":true},{"name":"Krakoa","species":"cradily","item":"leftovers","ability":"Suction Cups","moves":["infestation","toxic","recover","stockpile"],"nature":"Calm","evs":{"hp":148,"atk":0,"def":80,"spa":40,"spd":240,"spe":0},"shiny":true,"ivs":{"hp":31,"atk":31,"def":31,"spa":31,"spd":31,"spe":31}},{"name":"Lily","species":"shaymin","item":"choicescarf","ability":"Natural Cure","moves":["seedflare","airslash","earthpower","hiddenpowerice"],"nature":"Modest","evs":{"hp":0,"atk":0,"def":0,"spa":252,"spd":4,"spe":252},"ivs":{"hp":31,"atk":30,"def":30,"spa":31,"spd":31,"spe":31},"shiny":true}],"p2team":[{"name":"Landorus-Therian","species":"Landorus-Therian","item":"choicescarf","ability":"Intimidate","moves":["earthquake","stoneedge","knockoff","uturn"],"nature":"Jolly","evs":{"hp":0,"atk":252,"def":0,"spa":0,"spd":4,"spe":252},"ivs":{"hp":31,"atk":31,"def":31,"spa":31,"spd":31,"spe":31}},{"name":"Skarmory","species":"Skarmory","item":"leftovers","ability":"Sturdy","moves":["ironhead","roost","stealthrock","whirlwind"],"nature":"Impish","evs":{"hp":252,"atk":0,"def":232,"spa":0,"spd":0,"spe":24},"ivs":{"hp":31,"atk":31,"def":31,"spa":31,"spd":31,"spe":31}},{"name":"Mandibuzz","species":"Mandibuzz","item":"leftovers","ability":"Overcoat","moves":["toxic","roost","foulplay","defog"],"nature":"Careful","evs":{"hp":240,"atk":0,"def":16,"spa":0,"spd":252,"spe":0},"ivs":{"hp":31,"atk":31,"def":31,"spa":31,"spd":31,"spe":31}},{"name":"Tornadus-Therian","species":"Tornadus-Therian","item":"assaultvest","ability":"Regenerator","moves":["hurricane","heatwave","uturn","focusblast"],"nature":"Hasty","evs":{"hp":132,"atk":0,"def":0,"spa":160,"spd":0,"spe":216},"ivs":{"hp":31,"atk":31,"def":31,"spa":31,"spd":31,"spe":31}},{"name":"Charizard","species":"Charizard","item":"charizarditex","ability":"Blaze","moves":["dragondance","dragonclaw","firepunch","roost"],"nature":"Jolly","evs":{"hp":0,"atk":252,"def":0,"spa":0,"spd":4,"spe":252},"ivs":{"hp":31,"atk":31,"def":31,"spa":31,"spd":31,"spe":31}},{"name":"Thundurus","species":"Thundurus","item":"leftovers","ability":"Prankster","moves":["taunt","thunderwave","thunderbolt","hiddenpowerice"],"nature":"Timid","evs":{"hp":0,"atk":0,"def":0,"spa":252,"spd":4,"spe":252},"ivs":{"hp":31,"atk":30,"def":30,"spa":31,"spd":31,"spe":31}}],"log":["|player|p1|Emg Nick|156","|player|p2|Neowulf|143","|gametype|singles","|gen|6","|tier|Monotype","|rated","|rule|Baton Pass Clause: Limit one Baton Passer, can't pass Spe and other stats simultaneously","|rule|Swagger Clause: Swagger is banned","|rule|Same Type Clause: Pokémon in a team must share a type","|clearpoke","|poke|p1|Venusaur, M, shiny","|poke|p1|Breloom, M, shiny","|poke|p1|Roserade, F, shiny","|poke|p1|Ferrothorn, M, shiny","|poke|p1|Cradily, F, shiny","|poke|p1|Shaymin, shiny","|poke|p2|Landorus-Therian, M","|poke|p2|Skarmory, F","|poke|p2|Mandibuzz, F","|poke|p2|Tornadus-Therian, M","|poke|p2|Charizard, M","|poke|p2|Thundurus, M","|rule|Sleep Clause Mod: Limit one foe put to sleep","|rule|Species Clause: Limit one of each Pokémon","|rule|OHKO Clause: OHKO moves are banned","|rule|Moody Clause: Moody is banned","|rule|Evasion Moves Clause: Evasion moves are banned","|rule|Endless Battle Clause: Forcing endless battles is banned","|rule|HP Percentage Mod: HP is shown in percentages","|teampreview","|","|start","|switch|p1a: Colossus|Ferrothorn, M, shiny|340/340","|switch|p2a: Tornadus-Therian|Tornadus-Therian, M|332/332","|turn|1","|","|move|p2a: Tornadus-Therian|Heat Wave|p1a: Colossus","|-supereffective|p1a: Colossus","|-damage|p1a: Colossus|0 fnt","|faint|p1a: Colossus","|","|","|switch|p1a: Krakoa|Cradily, F, shiny|350/350","|turn|2","|","|move|p2a: Tornadus-Therian|U-turn|p1a: Krakoa","|-supereffective|p1a: Krakoa","|-damage|p1a: Krakoa|254/350","|","|switch|p2a: Mandibuzz|Mandibuzz, F|421/421","|move|p1a: Krakoa|Infestation|p2a: Mandibuzz","|-damage|p2a: Mandibuzz|409/421","|-activate|p2a: Mandibuzz|move: Infestation|[of] p1a: Krakoa","|","|-heal|p2a: Mandibuzz|421/421|[from] item: Leftovers","|-heal|p1a: Krakoa|275/350|[from] item: Leftovers","|-damage|p2a: Mandibuzz|369/421|[from] move: Infestation|[partiallytrapped]","|turn|3","|","|move|p2a: Mandibuzz|Toxic|p1a: Krakoa","|-status|p1a: Krakoa|tox","|move|p1a: Krakoa|Toxic|p2a: Mandibuzz","|-status|p2a: Mandibuzz|tox","|","|-heal|p2a: Mandibuzz|395/421 tox|[from] item: Leftovers","|-heal|p1a: Krakoa|296/350 tox|[from] item: Leftovers","|-damage|p2a: Mandibuzz|369/421 tox|[from] psn","|-damage|p1a: Krakoa|275/350 tox|[from] psn","|-damage|p2a: Mandibuzz|317/421 tox|[from] move: Infestation|[partiallytrapped]","|turn|4","|","|move|p2a: Mandibuzz|Foul Play|p1a: Krakoa","|-damage|p1a: Krakoa|191/350 tox","|move|p1a: Krakoa|Stockpile|p1a: Krakoa","|-start|p1a: Krakoa|stockpile1","|-boost|p1a: Krakoa|def|1","|-boost|p1a: Krakoa|spd|1","|","|-heal|p2a: Mandibuzz|343/421 tox|[from] item: Leftovers","|-heal|p1a: Krakoa|212/350 tox|[from] item: Leftovers","|-damage|p2a: Mandibuzz|291/421 tox|[from] psn","|-damage|p1a: Krakoa|170/350 tox|[from] psn","|-damage|p2a: Mandibuzz|239/421 tox|[from] move: Infestation|[partiallytrapped]","|turn|5","|","|move|p2a: Mandibuzz|Foul Play|p1a: Krakoa","|-damage|p1a: Krakoa|113/350 tox","|move|p1a: Krakoa|Recover|p1a: Krakoa","|-heal|p1a: Krakoa|288/350 tox","|","|-heal|p2a: Mandibuzz|265/421 tox|[from] item: Leftovers","|-heal|p1a: Krakoa|309/350 tox|[from] item: Leftovers","|-damage|p2a: Mandibuzz|187/421 tox|[from] psn","|-damage|p1a: Krakoa|246/350 tox|[from] psn","|-damage|p2a: Mandibuzz|135/421 tox|[from] move: Infestation|[partiallytrapped]","|turn|6","|","|move|p2a: Mandibuzz|Foul Play|p1a: Krakoa","|-damage|p1a: Krakoa|191/350 tox","|move|p1a: Krakoa|Stockpile|p1a: Krakoa","|-start|p1a: Krakoa|stockpile2","|-boost|p1a: Krakoa|def|1","|-boost|p1a: Krakoa|spd|1","|","|-heal|p2a: Mandibuzz|161/421 tox|[from] item: Leftovers","|-heal|p1a: Krakoa|212/350 tox|[from] item: Leftovers","|-damage|p2a: Mandibuzz|57/421 tox|[from] psn","|-damage|p1a: Krakoa|128/350 tox|[from] psn","|-damage|p2a: Mandibuzz|5/421 tox|[from] move: Infestation|[partiallytrapped]","|turn|7","|","|move|p2a: Mandibuzz|Foul Play|p1a: Krakoa","|-damage|p1a: Krakoa|88/350 tox","|move|p1a: Krakoa|Recover|p1a: Krakoa","|-heal|p1a: Krakoa|263/350 tox","|","|-heal|p2a: Mandibuzz|31/421 tox|[from] item: Leftovers","|-heal|p1a: Krakoa|284/350 tox|[from] item: Leftovers","|-damage|p2a: Mandibuzz|0 fnt|[from] psn","|-damage|p1a: Krakoa|179/350 tox|[from] psn","|faint|p2a: Mandibuzz","|","|switch|p2a: Thundurus|Thundurus, M|299/299","|turn|8","|","|switch|p1a: Amazon|Venusaur, M, shiny|330/330","|move|p2a: Thundurus|Taunt|p1a: Amazon","|-start|p1a: Amazon|move: Taunt","|","|turn|9","|","|switch|p2a: Tornadus-Therian|Tornadus-Therian, M|332/332","|detailschange|p1a: Amazon|Venusaur-Mega, M, shiny","|-mega|p1a: Amazon|Venusaur|Venusaurite","|move|p1a: Amazon|Sludge Bomb|p2a: Tornadus-Therian","|-damage|p2a: Tornadus-Therian|236/332","|-status|p2a: Tornadus-Therian|psn","|","|-damage|p2a: Tornadus-Therian|195/332 psn|[from] psn","|turn|10","|","|switch|p1a: Krakoa|Cradily, F, shiny|179/350 tox","|move|p2a: Tornadus-Therian|Hurricane|p1a: Krakoa","|-damage|p1a: Krakoa|71/350 tox","|","|-heal|p1a: Krakoa|92/350 tox|[from] item: Leftovers","|-damage|p2a: Tornadus-Therian|154/332 psn|[from] psn","|-damage|p1a: Krakoa|71/350 tox|[from] psn","|turn|11","|","|switch|p2a: Thundurus|Thundurus, M|299/299","|move|p1a: Krakoa|Recover|p1a: Krakoa","|-heal|p1a: Krakoa|246/350 tox","|","|-heal|p1a: Krakoa|267/350 tox|[from] item: Leftovers","|-damage|p1a: Krakoa|225/350 tox|[from] psn","|turn|12","|","|switch|p1a: Amazon|Venusaur-Mega, M, shiny|330/330","|move|p2a: Thundurus|Taunt|p1a: Amazon","|-start|p1a: Amazon|move: Taunt","|","|turn|13","|","|switch|p2a: Tornadus-Therian|Tornadus-Therian, M|264/332 psn","|move|p1a: Amazon|Giga Drain|p2a: Tornadus-Therian","|-resisted|p2a: Tornadus-Therian","|-damage|p2a: Tornadus-Therian|220/332 psn","|","|-damage|p2a: Tornadus-Therian|179/332 psn|[from] psn","|turn|14","|","|switch|p1a: Krakoa|Cradily, F, shiny|225/350 tox","|move|p2a: Tornadus-Therian|Hurricane|p1a: Krakoa|[miss]","|-miss|p2a: Tornadus-Therian|p1a: Krakoa","|","|-heal|p1a: Krakoa|246/350 tox|[from] item: Leftovers","|-damage|p2a: Tornadus-Therian|138/332 psn|[from] psn","|-damage|p1a: Krakoa|225/350 tox|[from] psn","|turn|15","|","|move|p2a: Tornadus-Therian|U-turn|p1a: Krakoa","|-supereffective|p1a: Krakoa","|-damage|p1a: Krakoa|111/350 tox","|","|switch|p2a: Landorus-Therian|Landorus-Therian, M|319/319","|-ability|p2a: Landorus-Therian|Intimidate","|-unboost|p1a: Krakoa|atk|1","|move|p1a: Krakoa|Infestation|p2a: Landorus-Therian","|-resisted|p2a: Landorus-Therian","|-damage|p2a: Landorus-Therian|310/319","|-activate|p2a: Landorus-Therian|move: Infestation|[of] p1a: Krakoa","|","|-heal|p1a: Krakoa|132/350 tox|[from] item: Leftovers","|-damage|p1a: Krakoa|90/350 tox|[from] psn","|-damage|p2a: Landorus-Therian|271/319|[from] move: Infestation|[partiallytrapped]","|turn|16","|","|move|p2a: Landorus-Therian|U-turn|p1a: Krakoa","|-supereffective|p1a: Krakoa","|-damage|p1a: Krakoa|0 fnt","|faint|p1a: Krakoa","|","|switch|p2a: Tornadus-Therian|Tornadus-Therian, M|248/332 psn","|","|-damage|p2a: Tornadus-Therian|207/332 psn|[from] psn","|","|switch|p1a: Hercules|Breloom, M, shiny|261/261","|turn|17","|","|move|p2a: Tornadus-Therian|U-turn|p1a: Hercules","|-damage|p1a: Hercules|199/261","|","|switch|p2a: Thundurus|Thundurus, M|299/299","|move|p1a: Hercules|Rock Tomb|p2a: Thundurus","|-supereffective|p2a: Thundurus","|-damage|p2a: Thundurus|0 fnt","|faint|p2a: Thundurus","|","|","|switch|p2a: Charizard|Charizard, M|297/297","|turn|18","|","|detailschange|p2a: Charizard|Charizard-Mega-X, M","|-mega|p2a: Charizard|Charizard|Charizardite X","|move|p2a: Charizard|Fire Punch|p1a: Hercules","|-supereffective|p1a: Hercules","|-damage|p1a: Hercules|0 fnt","|faint|p1a: Hercules","|","|","|switch|p1a: Amazon|Venusaur-Mega, M, shiny|330/330","|turn|19","|","|move|p2a: Charizard|Dragon Dance|p2a: Charizard","|-boost|p2a: Charizard|atk|1","|-boost|p2a: Charizard|spe|1","|move|p1a: Amazon|Charm|p2a: Charizard","|-unboost|p2a: Charizard|atk|2","|","|turn|20","|","|switch|p2a: Tornadus-Therian|Tornadus-Therian, M|317/332 psn","|move|p1a: Amazon|Sludge Bomb|p2a: Tornadus-Therian","|-damage|p2a: Tornadus-Therian|208/332 psn","|","|-damage|p2a: Tornadus-Therian|167/332 psn|[from] psn","|turn|21","|","|move|p2a: Tornadus-Therian|Hurricane|p1a: Amazon|[miss]","|-miss|p2a: Tornadus-Therian|p1a: Amazon","|move|p1a: Amazon|Sludge Bomb|p2a: Tornadus-Therian","|-damage|p2a: Tornadus-Therian|70/332 psn","|","|-damage|p2a: Tornadus-Therian|29/332 psn|[from] psn","|turn|22","|","|move|p2a: Tornadus-Therian|U-turn|p1a: Amazon","|-damage|p1a: Amazon|284/330","|","|switch|p2a: Skarmory|Skarmory, F|334/334","|move|p1a: Amazon|Charm|p2a: Skarmory","|-unboost|p2a: Skarmory|atk|2","|","|turn|23","|","|move|p1a: Amazon|Giga Drain|p2a: Skarmory","|-resisted|p2a: Skarmory","|-damage|p2a: Skarmory|295/334","|-heal|p1a: Amazon|304/330|[from] drain|[of] p2a: Skarmory","|move|p2a: Skarmory|Stealth Rock|p1a: Amazon","|-sidestart|p1: Emg Nick|move: Stealth Rock","|","|-heal|p2a: Skarmory|315/334|[from] item: Leftovers","|turn|24","|","|move|p1a: Amazon|Giga Drain|p2a: Skarmory","|-resisted|p2a: Skarmory","|-damage|p2a: Skarmory|276/334","|-heal|p1a: Amazon|324/330|[from] drain|[of] p2a: Skarmory","|move|p2a: Skarmory|Whirlwind|p1a: Amazon","|drag|p1a: Lily|Shaymin, shiny|341/341","|-damage|p1a: Lily|299/341|[from] Stealth Rock","|","|-heal|p2a: Skarmory|296/334|[from] item: Leftovers","|turn|25","|","|move|p1a: Lily|Seed Flare|p2a: Skarmory","|-resisted|p2a: Skarmory","|-damage|p2a: Skarmory|228/334","|-unboost|p2a: Skarmory|spd|2","|move|p2a: Skarmory|Whirlwind|p1a: Lily","|drag|p1a: Ivy|Roserade, F, shiny|261/261","|-damage|p1a: Ivy|229/261|[from] Stealth Rock","|","|-heal|p2a: Skarmory|248/334|[from] item: Leftovers","|turn|26","|","|move|p1a: Ivy|Hidden Power|p2a: Skarmory","|-supereffective|p2a: Skarmory","|-damage|p2a: Skarmory|0 fnt","|faint|p2a: Skarmory","|","|","|switch|p2a: Charizard|Charizard-Mega-X, M|297/297","|turn|27","|","|switch|p1a: Amazon|Venusaur-Mega, M, shiny|324/330","|-damage|p1a: Amazon|283/330|[from] Stealth Rock","|move|p2a: Charizard|Dragon Dance|p2a: Charizard","|-boost|p2a: Charizard|atk|1","|-boost|p2a: Charizard|spe|1","|","|turn|28","|","|move|p2a: Charizard|Dragon Claw|p1a: Amazon","|-damage|p1a: Amazon|81/330","|move|p1a: Amazon|Charm|p2a: Charizard","|-unboost|p2a: Charizard|atk|2","|","|turn|29","|","|move|p2a: Charizard|Dragon Claw|p1a: Amazon","|-damage|p1a: Amazon|0 fnt","|faint|p1a: Amazon","|","|","|switch|p1a: Lily|Shaymin, shiny|299/341","|-damage|p1a: Lily|257/341|[from] Stealth Rock","|turn|30","|","|switch|p2a: Landorus-Therian|Landorus-Therian, M|271/319","|-ability|p2a: Landorus-Therian|Intimidate","|-unboost|p1a: Lily|atk|1","|move|p1a: Lily|Seed Flare|p2a: Landorus-Therian","|-damage|p2a: Landorus-Therian|43/319","|","|turn|31","|","|move|p2a: Landorus-Therian|Knock Off|p1a: Lily","|-damage|p1a: Lily|123/341","|-enditem|p1a: Lily|Choice Scarf|[from] move: Knock Off|[of] p2a: Landorus-Therian","|move|p1a: Lily|Seed Flare|p2a: Landorus-Therian","|-damage|p2a: Landorus-Therian|0 fnt","|faint|p2a: Landorus-Therian","|","|","|switch|p2a: Charizard|Charizard-Mega-X, M|297/297","|turn|32","|","|move|p2a: Charizard|Dragon Dance|p2a: Charizard","|-boost|p2a: Charizard|atk|1","|-boost|p2a: Charizard|spe|1","|move|p1a: Lily|Earth Power|p2a: Charizard","|-supereffective|p2a: Charizard","|-damage|p2a: Charizard|83/297","|","|turn|33","|","|move|p2a: Charizard|Fire Punch|p1a: Lily","|-supereffective|p1a: Lily","|-damage|p1a: Lily|0 fnt","|faint|p1a: Lily","|","|","|switch|p1a: Ivy|Roserade, F, shiny|229/261","|-damage|p1a: Ivy|197/261|[from] Stealth Rock","|turn|34","|","|move|p2a: Charizard|Fire Punch|p1a: Ivy","|-supereffective|p1a: Ivy","|-damage|p1a: Ivy|0 fnt","|faint|p1a: Ivy","|","|win|Neowulf"],"p1rating":{"entryid":"7158895","serverid":"eos","formatid":"monotype","userid":"emgnick","username":"Emg Nick","w":"4","l":3,"t":"0","gxe":55.7,"r":"1582.5842136557","rd":"116.98063468025","sigma":"0","rptime":"1438246800","rpr":1544.9599739744,"rprd":96.056416775872,"rpsigma":"0","acre":1112.0175276251,"lacre":1112.0175276251,"oldacre":"1120.4800441084"},"p2rating":{"entryid":"6156418","serverid":"eos","formatid":"monotype","userid":"neowulf","username":"Neowulf","w":133,"l":"71","t":"0","gxe":67.4,"r":"1634.978725198","rd":"32.580101437295","sigma":"0","rptime":"1438246800","rpr":1637.4220948323,"rprd":32.457388938336,"rpsigma":"0","acre":1403.6263190271,"lacre":1403.6263190271,"oldacre":"1396.8563058404"},"endType":"normal"}