{"seed":[11936,4665,50073,37133],"turns":34,"p1":"DJGhоѕt","p2":"Guard Wanderer","p1team":[{"name":"Manectric","species":"Manectric","item":"manectite","ability":"Lightning Rod","moves":["thunder","overheat","voltswitch","hiddenpowerice"],"nature":"Hasty","evs":{"hp":0,"atk":4,"def":0,"spa":252,"spd":0,"spe":252},"ivs":{"hp":31,"atk":30,"def":30,"spa":31,"spd":31,"spe":31}},{"name":"Thundurus","species":"Thundurus","item":"choiceband","ability":"Prankster","moves":["wildcharge","knockoff","uturn","brickbreak"],"nature":"Jolly","evs":{"hp":0,"atk":252,"def":0,"spa":0,"spd":4,"spe":252},"ivs":{"hp":31,"atk":31,"def":31,"spa":31,"spd":31,"spe":31}},{"name":"Rotom-Wash","species":"Rotom-Wash","item":"choicescarf","ability":"Levitate","moves":["trick","hydropump","voltswitch","willowisp"],"nature":"Timid","evs":{"hp":0,"atk":0,"def":0,"spa":252,"spd":4,"spe":252},"ivs":{"hp":31,"atk":31,"def":31,"spa":31,"spd":31,"spe":31}},{"name":"Magnezone","species":"Magnezone","item":"leftovers","ability":"Magnet Pull","moves":["voltswitch","thunderbolt","hiddenpowerfire","flashcannon"],"nature":"Modest","evs":{"hp":252,"atk":0,"def":0,"spa":252,"spd":4,"spe":0},"ivs":{"hp":31,"atk":30,"def":31,"spa":30,"spd":31,"spe":30}},{"name":"Zebstrika","species":"Zebstrika","item":"lifeorb","ability":"Lightning Rod","moves":["thunderbolt","overheat","voltswitch","hiddenpowerice"],"nature":"Timid","evs":{"hp":0,"atk":0,"def":0,"spa":252,"spd":4,"spe":252},"ivs":{"hp":31,"atk":30,"def":30,"spa":31,"spd":31,"spe":31}},{"name":"Zapdos","species":"Zapdos","item":"leftovers","ability":"Pressure","moves":["heatwave","voltswitch","thunderbolt","roost"],"nature":"Modest","evs":{"hp":252,"atk":0,"def":0,"spa":252,"spd":4,"spe":0},"ivs":{"hp":31,"atk":31,"def":31,"spa":31,"spd":31,"spe":31}}],"p2team":[{"name":"Tentacruel","species":"Tentacruel","item":"assaultvest","ability":"Liquid Ooze","moves":["scald","acidspray","gigadrain","hex"],"nature":"Timid","evs":{"hp":4,"atk":0,"def":0,"spa":252,"spd":0,"spe":252},"ivs":{"hp":31,"atk":31,"def":31,"spa":31,"spd":31,"spe":31}},{"name":"Venusaur","species":"Venusaur","item":"bigroot","ability":"Overgrow","moves":["gigadrain","leechseed","substitute","grassyterrain"],"nature":"Calm","evs":{"hp":248,"atk":0,"def":0,"spa":8,"spd":252,"spe":0},"ivs":{"hp":31,"atk":31,"def":31,"spa":31,"spd":31,"spe":31}},{"name":"Weezing","species":"Weezing","item":"sitrusberry","ability":"Levitate","moves":["toxicspikes","memento","willowisp","thief"],"nature":"Calm","evs":{"hp":248,"atk":0,"def":8,"spa":0,"spd":252,"spe":0},"ivs":{"hp":31,"atk":31,"def":31,"spa":31,"spd":31,"spe":31}},{"name":"Skuntank","species":"Skuntank","item":"","ability":"Stench","moves":["suckerpunch","snatch","thief","poisonjab"],"nature":"Adamant","evs":{"hp":248,"atk":252,"def":0,"spa":0,"spd":8,"spe":0},"ivs":{"hp":31,"atk":31,"def":31,"spa":31,"spd":31,"spe":31}},{"name":"Muk","species":"Muk","item":"blacksludge","ability":"Sticky Hold","moves":["curse","firepunch","icepunch","shadowsneak"],"nature":"Adamant","evs":{"hp":252,"atk":252,"def":0,"spa":0,"spd":4,"spe":0},"ivs":{"hp":31,"atk":31,"def":31,"spa":31,"spd":31,"spe":31}},{"name":"Gengar","species":"Gengar","item":"choicescarf","ability":"Levitate","moves":["destinybond","trick","hex","venoshock"],"nature":"Timid","evs":{"hp":0,"atk":0,"def":0,"spa":252,"spd":4,"spe":252},"ivs":{"hp":31,"atk":31,"def":31,"spa":31,"spd":31,"spe":31}}],"log":["|player|p1|DJGhоѕt|290","|player|p2|Guard Wanderer|235","|gametype|singles","|gen|6","|tier|Monotype","|rated","|rule|Baton Pass Clause: Limit one Baton Passer, can't pass Spe and other stats simultaneously","|rule|Swagger Clause: Swagger is banned","|rule|Same Type Clause: Pokémon in a team must share a type","|clearpoke","|poke|p1|Manectric, F","|poke|p1|Thundurus, M","|poke|p1|Rotom-Wash","|poke|p1|Magnezone","|poke|p1|Zebstrika, M","|poke|p1|Zapdos","|poke|p2|Tentacruel, F","|poke|p2|Venusaur, F","|poke|p2|Weezing, F","|poke|p2|Skuntank, F","|poke|p2|Muk, F","|poke|p2|Gengar, F","|rule|Sleep Clause Mod: Limit one foe put to sleep","|rule|Species Clause: Limit one of each Pokémon","|rule|OHKO Clause: OHKO moves are banned","|rule|Moody Clause: Moody is banned","|rule|Evasion Moves Clause: Evasion moves are banned","|rule|Endless Battle Clause: Forcing endless battles is banned","|rule|HP Percentage Mod: HP is shown in percentages","|teampreview","|","|start","|switch|p1a: Magnezone|Magnezone|344/344","|switch|p2a: Venusaur|Venusaur, F|363/363","|turn|1","|","|move|p2a: Venusaur|Substitute|p2a: Venusaur","|-start|p2a: Venusaur|Substitute","|-damage|p2a: Venusaur|273/363","|move|p1a: Magnezone|Volt Switch|p2a: Venusaur","|-resisted|p2a: Venusaur","|-activate|p2a: Venusaur|Substitute|[damage]","|","|switch|p1a: Zapdos|Zapdos|384/384","|-ability|p1a: Zapdos|Pressure","|","|turn|2","|","|move|p1a: Zapdos|Heat Wave|p2a: Venusaur","|-supereffective|p2a: Venusaur","|-end|p2a: Venusaur|Substitute","|move|p2a: Venusaur|Leech Seed|p1a: Zapdos","|-start|p1a: Zapdos|move: Leech Seed","|","|-damage|p1a: Zapdos|336/384|[from] Leech Seed|[of] p2a: Venusaur","|-heal|p2a: Venusaur|335/363|[silent]","|turn|3","|","|move|p1a: Zapdos|Heat Wave|p2a: Venusaur","|-supereffective|p2a: Venusaur","|-damage|p2a: Venusaur|153/363","|move|p2a: Venusaur|Grassy Terrain|p2a: Venusaur","|-fieldstart|move: Grassy Terrain","|","|-heal|p1a: Zapdos|360/384|[from] item: Leftovers","|-heal|p2a: Venusaur|175/363|[from] Grassy Terrain","|-damage|p1a: Zapdos|312/384|[from] Leech Seed|[of] p2a: Venusaur","|-heal|p2a: Venusaur|237/363|[silent]","|turn|4","|","|move|p1a: Zapdos|Heat Wave|p2a: Venusaur","|-supereffective|p2a: Venusaur","|-damage|p2a: Venusaur|77/363","|move|p2a: Venusaur|Giga Drain|p1a: Zapdos","|-resisted|p1a: Zapdos","|-damage|p1a: Zapdos|198/384","|-heal|p2a: Venusaur|151/363|[from] drain|[of] p1a: Zapdos","|","|-heal|p1a: Zapdos|222/384|[from] item: Leftovers","|-heal|p2a: Venusaur|173/363|[from] Grassy Terrain","|-damage|p1a: Zapdos|174/384|[from] Leech Seed|[of] p2a: Venusaur","|-heal|p2a: Venusaur|235/363|[silent]","|turn|5","|","|move|p1a: Zapdos|Roost|p1a: Zapdos","|-heal|p1a: Zapdos|366/384","|move|p2a: Venusaur|Giga Drain|p1a: Zapdos","|-damage|p1a: Zapdos|219/384","|-heal|p2a: Venusaur|331/363|[from] drain|[of] p1a: Zapdos","|","|-heal|p1a: Zapdos|243/384|[from] item: Leftovers","|-heal|p2a: Venusaur|353/363|[from] Grassy Terrain","|-damage|p1a: Zapdos|195/384|[from] Leech Seed|[of] p2a: Venusaur","|-heal|p2a: Venusaur|363/363|[silent]","|turn|6","|","|move|p1a: Zapdos|Roost|p1a: Zapdos","|-heal|p1a: Zapdos|384/384","|move|p2a: Venusaur|Substitute|p2a: Venusaur","|-start|p2a: Venusaur|Substitute","|-damage|p2a: Venusaur|273/363","|","|-heal|p2a: Venusaur|295/363|[from] Grassy Terrain","|-damage|p1a: Zapdos|336/384|[from] Leech Seed|[of] p2a: Venusaur","|-heal|p2a: Venusaur|357/363|[silent]","|turn|7","|","|switch|p2a: Muk|Muk, F|414/414","|move|p1a: Zapdos|Heat Wave|p2a: Muk","|-miss|p1a: Zapdos|p2a: Muk","|","|-heal|p1a: Zapdos|360/384|[from] item: Leftovers","|-fieldend|move: Grassy Terrain","|-damage|p1a: Zapdos|312/384|[from] Leech Seed|[of] p2a: Muk","|turn|8","|","|move|p1a: Zapdos|Volt Switch|p2a: Muk","|-damage|p2a: Muk|282/414","|","|switch|p1a: Magnezone|Magnezone|344/344","|move|p2a: Muk|Curse|p2a: Muk","|-boost|p2a: Muk|atk|1","|-boost|p2a: Muk|def|1","|-unboost|p2a: Muk|spe|1","|","|-heal|p2a: Muk|307/414|[from] item: Black Sludge","|turn|9","|","|move|p1a: Magnezone|Thunderbolt|p2a: Muk","|-damage|p2a: Muk|133/414","|move|p2a: Muk|Fire Punch|p1a: Magnezone","|-supereffective|p1a: Magnezone","|-damage|p1a: Magnezone|136/344","|","|-heal|p1a: Magnezone|157/344|[from] item: Leftovers","|-heal|p2a: Muk|158/414|[from] item: Black Sludge","|turn|10","|","|switch|p2a: Venusaur|Venusaur, F|357/363","|move|p1a: Magnezone|Volt Switch|p2a: Venusaur","|-resisted|p2a: Venusaur","|-damage|p2a: Venusaur|304/363","|","|switch|p1a: Rotom-Wash|Rotom-Wash|241/241","|","|turn|11","|","|switch|p2a: Weezing|Weezing, F|333/333","|move|p1a: Rotom-Wash|Trick|p2a: Weezing","|-activate|p1a: Rotom-Wash|move: Trick|[of] p2a: Weezing","|-item|p2a: Weezing|Choice Scarf|[from] move: Trick","|-item|p1a: Rotom-Wash|Sitrus Berry|[from] move: Trick","|","|turn|12","|","|move|p1a: Rotom-Wash|Volt Switch|p2a: Weezing","|-damage|p2a: Weezing|228/333","|","|switch|p1a: Zebstrika|Zebstrika, M|291/291","|move|p2a: Weezing|Toxic Spikes|p1a: Zebstrika","|-sidestart|p1: DJGhоѕt|move: Toxic Spikes","|","|turn|13","|","|move|p1a: Zebstrika|Thunderbolt|p2a: Weezing","|-damage|p2a: Weezing|92/333","|-status|p2a: Weezing|par","|-damage|p1a: Zebstrika|262/291|[from] item: Life Orb","|move|p2a: Weezing|Toxic Spikes|p1a: Zebstrika","|-sidestart|p1: DJGhоѕt|move: Toxic Spikes","|","|turn|14","|","|switch|p2a: Venusaur|Venusaur, F|304/363","|move|p1a: Zebstrika|Thunderbolt|p2a: Venusaur","|-resisted|p2a: Venusaur","|-damage|p2a: Venusaur|253/363","|-damage|p1a: Zebstrika|233/291|[from] item: Life Orb","|","|turn|15","|","|move|p1a: Zebstrika|Overheat|p2a: Venusaur","|-supereffective|p2a: Venusaur","|-damage|p2a: Venusaur|45/363","|-unboost|p1a: Zebstrika|spa|2","|-damage|p1a: Zebstrika|204/291|[from] item: Life Orb","|move|p2a: Venusaur|Grassy Terrain|p2a: Venusaur","|-fieldstart|move: Grassy Terrain","|","|-heal|p1a: Zebstrika|222/291|[from] Grassy Terrain","|-heal|p2a: Venusaur|67/363|[from] Grassy Terrain","|turn|16","|","|switch|p2a: Tentacruel|Tentacruel, F|302/302","|move|p1a: Zebstrika|Volt Switch|p2a: Tentacruel","|-supereffective|p2a: Tentacruel","|-damage|p2a: Tentacruel|232/302","|-damage|p1a: Zebstrika|193/291|[from] item: Life Orb","|","|switch|p1a: Magnezone|Magnezone|157/344","|","|-heal|p1a: Magnezone|178/344|[from] item: Leftovers","|-heal|p1a: Magnezone|199/344|[from] Grassy Terrain","|-heal|p2a: Tentacruel|250/302|[from] Grassy Terrain","|turn|17","|","|move|p2a: Tentacruel|Scald|p1a: Magnezone","|-damage|p1a: Magnezone|96/344","|-status|p1a: Magnezone|brn","|move|p1a: Magnezone|Volt Switch|p2a: Tentacruel","|-supereffective|p2a: Tentacruel","|-damage|p2a: Tentacruel|80/302","|","|switch|p1a: Manectric|Manectric, F|281/281","|-status|p1a: Manectric|tox","|","|-heal|p2a: Tentacruel|98/302|[from] Grassy Terrain","|-damage|p1a: Manectric|264/281 tox|[from] psn","|turn|18","|","|detailschange|p1a: Manectric|Manectric-Mega, F","|-mega|p1a: Manectric|Manectric|Manectite","|-ability|p1a: Manectric|Intimidate","|-unboost|p2a: Tentacruel|atk|1","|move|p1a: Manectric|Volt Switch|p2a: Tentacruel","|-supereffective|p2a: Tentacruel","|-damage|p2a: Tentacruel|0 fnt","|faint|p2a: Tentacruel","|","|switch|p1a: Zebstrika|Zebstrika, M|193/291","|-status|p1a: Zebstrika|tox","|","|-heal|p1a: Zebstrika|211/291 tox|[from] Grassy Terrain","|-damage|p1a: Zebstrika|193/291 tox|[from] psn","|","|switch|p2a: Gengar|Gengar, F|261/261","|turn|19","|","|move|p2a: Gengar|Hex|p1a: Zebstrika","|-crit|p1a: Zebstrika","|-damage|p1a: Zebstrika|0 fnt","|faint|p1a: Zebstrika","|","|-fieldend|move: Grassy Terrain","|","|switch|p1a: Thundurus|Thundurus, M|299/299","|turn|20","|","|switch|p2a: Weezing|Weezing, F|92/333 par","|move|p1a: Thundurus|Knock Off|p2a: Weezing","|-damage|p2a: Weezing|0 fnt","|-enditem|p2a: Weezing|Choice Scarf|[from] move: Knock Off|[of] p1a: Thundurus","|faint|p2a: Weezing","|","|","|switch|p2a: Skuntank|Skuntank, F|409/409","|turn|21","|","|move|p1a: Thundurus|Knock Off|p2a: Skuntank","|-resisted|p2a: Skuntank","|-damage|p2a: Skuntank|335/409","|move|p2a: Skuntank|Poison Jab|p1a: Thundurus","|-damage|p1a: Thundurus|125/299","|","|turn|22","|","|switch|p1a: Magnezone|Magnezone|96/344 brn","|move|p2a: Skuntank|Thief|p1a: Magnezone","|-damage|p1a: Magnezone|15/344 brn","|-item|p2a: Skuntank|Leftovers|[from] move: Thief|[of] p1a: Magnezone","|","|-heal|p2a: Skuntank|360/409|[from] item: Leftovers","|-damage|p1a: Magnezone|0 fnt|[from] brn","|faint|p1a: Magnezone","|","|switch|p1a: Thundurus|Thundurus, M|125/299","|turn|23","|","|move|p2a: Skuntank|Sucker Punch|p1a: Thundurus","|-damage|p1a: Thundurus|0 fnt","|faint|p1a: Thundurus","|","|-heal|p2a: Skuntank|385/409|[from] item: Leftovers","|","|switch|p1a: Rotom-Wash|Rotom-Wash|241/241","|turn|24","|","|switch|p2a: Muk|Muk, F|158/414","|move|p1a: Rotom-Wash|Will-O-Wisp|p2a: Muk|[miss]","|-miss|p1a: Rotom-Wash|p2a: Muk","|","|-heal|p2a: Muk|183/414|[from] item: Black Sludge","|turn|25","|","|move|p1a: Rotom-Wash|Volt Switch|p2a: Muk","|-damage|p2a: Muk|72/414","|","|switch|p1a: Manectric|Manectric-Mega, F|264/281 tox","|-ability|p1a: Manectric|Intimidate","|-unboost|p2a: Muk|atk|1","|move|p2a: Muk|Curse|p2a: Muk","|-boost|p2a: Muk|atk|1","|-boost|p2a: Muk|def|1","|-unboost|p2a: Muk|spe|1","|","|-heal|p2a: Muk|97/414|[from] item: Black Sludge","|-damage|p1a: Manectric|247/281 tox|[from] psn","|turn|26","|","|move|p2a: Muk|Shadow Sneak|p1a: Manectric","|-damage|p1a: Manectric|188/281 tox","|move|p1a: Manectric|Thunder|p2a: Muk","|-damage|p2a: Muk|0 fnt","|faint|p2a: Muk","|","|-damage|p1a: Manectric|154/281 tox|[from] psn","|","|switch|p2a: Gengar|Gengar, F|261/261","|turn|27","|","|move|p2a: Gengar|Hex|p1a: Manectric","|-damage|p1a: Manectric|0 fnt","|faint|p1a: Manectric","|","|","|switch|p1a: Zapdos|Zapdos|312/384","|-ability|p1a: Zapdos|Pressure","|turn|28","|","|switch|p2a: Skuntank|Skuntank, F|385/409","|move|p1a: Zapdos|Roost|p1a: Zapdos","|-heal|p1a: Zapdos|384/384","|","|-heal|p2a: Skuntank|409/409|[from] item: Leftovers","|turn|29","|","|move|p1a: Zapdos|Volt Switch|p2a: Skuntank","|-damage|p2a: Skuntank|199/409","|","|switch|p1a: Rotom-Wash|Rotom-Wash|241/241","|move|p2a: Skuntank|Poison Jab|p1a: Rotom-Wash","|-damage|p1a: Rotom-Wash|115/241","|-enditem|p1a: Rotom-Wash|Sitrus Berry|[eat]","|-heal|p1a: Rotom-Wash|175/241|[from] item: Sitrus Berry","|","|-heal|p2a: Skuntank|224/409|[from] item: Leftovers","|turn|30","|","|switch|p2a: Venusaur|Venusaur, F|67/363","|move|p1a: Rotom-Wash|Will-O-Wisp|p2a: Venusaur","|-status|p2a: Venusaur|brn","|","|-damage|p2a: Venusaur|22/363 brn|[from] brn","|turn|31","|","|move|p1a: Rotom-Wash|Volt Switch|p2a: Venusaur","|-resisted|p2a: Venusaur","|-damage|p2a: Venusaur|0 fnt","|faint|p2a: Venusaur","|","|switch|p1a: Zapdos|Zapdos|384/384","|-ability|p1a: Zapdos|Pressure","|","|","|switch|p2a: Skuntank|Skuntank, F|224/409","|turn|32","|","|move|p1a: Zapdos|Thunderbolt|p2a: Skuntank","|-damage|p2a: Skuntank|0 fnt","|faint|p2a: Skuntank","|","|","|switch|p2a: Gengar|Gengar, F|261/261","|turn|33","|","|move|p2a: Gengar|Trick|p1a: Zapdos","|-activate|p2a: Gengar|move: Trick|[of] p1a: Zapdos","|-item|p1a: Zapdos|Choice Scarf|[from] move: Trick","|-item|p2a: Gengar|Leftovers|[from] move: Trick","|move|p1a: Zapdos|Thunderbolt|p2a: Gengar","|-damage|p2a: Gengar|35/261","|","|-heal|p2a: Gengar|51/261|[from] item: Leftovers","|turn|34","|","|move|p1a: Zapdos|Thunderbolt|p2a: Gengar","|-damage|p2a: Gengar|0 fnt","|faint|p2a: Gengar","|","|win|DJGhоѕt"],"p1rating":{"entryid":"7278678","serverid":"eos","formatid":"monotype","userid":"djght","username":"DJGhоѕt","w":3,"l":"3","t":"0","gxe":50.7,"r":"1500","rd":"130","sigma":"0","rptime":"1438246800","rpr":1505.5973958646,"rprd":98.232424528794,"rpsigma":"0","acre":1113.1692329931,"lacre":1113.1692329931,"oldacre":"1089.6592642704"},"p2rating":{"entryid":"6731189","serverid":"eos","formatid":"monotype","userid":"guardwanderer","username":"Guard Wanderer","w":"64","l":93,"t":"0","gxe":38.3,"r":"1416.4548063964","rd":"32.384035050339","sigma":"0","rptime":"1438246800","rpr":1410.3514723474,"rprd":31.547348975123,"rpsigma":"0","acre":1034.2346362378,"lacre":1034.2346362378,"oldacre":"1049.6888781661"},"endType":"normal"}