{"seed":[25425,21685,26438,41764],"turns":41,"p1":"Leade✘ Jk","p2":"Void Who","p1team":[{"name":"Skuntank","species":"Skuntank","item":"choicescarf","ability":"Aftermath","moves":["pursuit","playrough","poisonjab","crunch"],"nature":"Adamant","evs":{"hp":0,"atk":252,"def":0,"spa":0,"spd":0,"spe":252},"ivs":{"hp":31,"atk":31,"def":31,"spa":31,"spd":31,"spe":31}},{"name":"Sableye","species":"Sableye","item":"leftovers","ability":"Prankster","moves":["willowisp","recover","taunt","nightshade"],"nature":"Calm","evs":{"hp":252,"atk":0,"def":32,"spa":0,"spd":224,"spe":0},"ivs":{"hp":31,"atk":31,"def":31,"spa":31,"spd":31,"spe":31}},{"name":"Mandibuzz","species":"Mandibuzz","item":"leftovers","ability":"Overcoat","moves":["defog","roost","bravebird","toxic"],"nature":"Impish","evs":{"hp":252,"atk":0,"def":252,"spa":0,"spd":0,"spe":0},"ivs":{"hp":31,"atk":31,"def":31,"spa":31,"spd":31,"spe":31}},{"name":"Bisharp","species":"Bisharp","item":"lifeorb","ability":"Defiant","moves":["ironhead","suckerpunch","knockoff","substitute"],"nature":"Adamant","evs":{"hp":0,"atk":252,"def":0,"spa":0,"spd":0,"spe":252},"ivs":{"hp":31,"atk":31,"def":31,"spa":31,"spd":31,"spe":31}},{"name":"Umbreon","species":"Umbreon","item":"leftovers","ability":"Synchronize","moves":["wish","protect","curse","payback"],"nature":"Calm","evs":{"hp":252,"atk":0,"def":0,"spa":0,"spd":252,"spe":0},"ivs":{"hp":31,"atk":31,"def":31,"spa":31,"spd":31,"spe":31}},{"name":"Houndoom","species":"Houndoom","item":"houndoominite","ability":"Flash Fire","moves":["darkpulse","flamethrower","sludgebomb","suckerpunch"],"nature":"Modest","evs":{"hp":0,"atk":0,"def":0,"spa":252,"spd":0,"spe":252},"ivs":{"hp":31,"atk":31,"def":31,"spa":31,"spd":31,"spe":31}}],"p2team":[{"name":"Wobbuffet","species":"Wobbuffet","item":"leftovers","ability":"Shadow Tag","moves":["encore","safeguard","mirrorcoat","counter"],"nature":"Calm","evs":{"hp":252,"atk":0,"def":4,"spa":0,"spd":252,"spe":0},"ivs":{"hp":31,"atk":31,"def":31,"spa":31,"spd":31,"spe":31}},{"name":"Medicham","species":"Medicham","item":"medichamite","ability":"Pure Power","moves":["fakeout","drainpunch","bulletpunch","firepunch"],"nature":"Adamant","evs":{"hp":248,"atk":252,"def":0,"spa":0,"spd":8,"spe":0},"ivs":{"hp":31,"atk":31,"def":31,"spa":31,"spd":31,"spe":31}},{"name":"Victini","species":"Victini","item":"choicescarf","ability":"Victory Star","moves":["boltstrike","vcreate","uturn","zenheadbutt"],"nature":"Jolly","evs":{"hp":0,"atk":252,"def":0,"spa":0,"spd":4,"spe":252},"ivs":{"hp":31,"atk":31,"def":31,"spa":31,"spd":31,"spe":31}},{"name":"Slowbro","species":"Slowbro","item":"leftovers","ability":"Regenerator","moves":["flamethrower","scald","thunderwave","slackoff"],"nature":"Bold","evs":{"hp":252,"atk":0,"def":252,"spa":4,"spd":0,"spe":0},"ivs":{"hp":31,"atk":31,"def":31,"spa":31,"spd":31,"spe":31}},{"name":"Latios","species":"Latios","item":"choicescarf","ability":"Levitate","moves":["psychic","dracometeor","surf","shadowball"],"nature":"Timid","evs":{"hp":0,"atk":0,"def":0,"spa":252,"spd":4,"spe":252},"ivs":{"hp":31,"atk":31,"def":31,"spa":31,"spd":31,"spe":31}},{"name":"Hoopa-Unbound","species":"Hoopa-Unbound","item":"choicescarf","ability":"Magician","moves":["hyperspacefury","drainpunch","firepunch","zenheadbutt"],"nature":"Jolly","evs":{"hp":0,"atk":252,"def":0,"spa":0,"spd":4,"spe":252},"ivs":{"hp":31,"atk":31,"def":31,"spa":31,"spd":31,"spe":31}}],"log":["|player|p1|Leade✘ Jk|196","|player|p2|Void Who|voidwho.gif","|gametype|singles","|gen|6","|tier|Monotype","|rated","|rule|Baton Pass Clause: Limit one Baton Passer, can't pass Spe and other stats simultaneously","|rule|Swagger Clause: Swagger is banned","|rule|Same Type Clause: Pokémon in a team must share a type","|clearpoke","|poke|p1|Skuntank, F","|poke|p1|Sableye, M","|poke|p1|Mandibuzz, F","|poke|p1|Bisharp, F","|poke|p1|Umbreon, F","|poke|p1|Houndoom, F","|poke|p2|Wobbuffet, F","|poke|p2|Medicham, M","|poke|p2|Victini","|poke|p2|Slowbro, F","|poke|p2|Latios, M","|poke|p2|Hoopa-Unbound","|rule|Sleep Clause Mod: Limit one foe put to sleep","|rule|Species Clause: Limit one of each Pokémon","|rule|OHKO Clause: OHKO moves are banned","|rule|Moody Clause: Moody is banned","|rule|Evasion Moves Clause: Evasion moves are banned","|rule|Endless Battle Clause: Forcing endless battles is banned","|rule|HP Percentage Mod: HP is shown in percentages","|teampreview","|","|start","|switch|p1a: Mandibuzz|Mandibuzz, F|424/424","|switch|p2a: Latios|Latios, M|301/301","|turn|1","|","|switch|p1a: Umbreon|Umbreon, F|394/394","|move|p2a: Latios|Surf|p1a: Umbreon","|-damage|p1a: Umbreon|326/394","|","|-heal|p1a: Umbreon|350/394|[from] item: Leftovers","|turn|2","|","|switch|p2a: Hoopa-Unbound|Hoopa-Unbound|301/301","|move|p1a: Umbreon|Wish|p1a: Umbreon","|","|-heal|p1a: Umbreon|374/394|[from] item: Leftovers","|turn|3","|","|switch|p1a: Mandibuzz|Mandibuzz, F|424/424","|move|p2a: Hoopa-Unbound|Hyperspace Fury|p1a: Mandibuzz","|-resisted|p1a: Mandibuzz","|-damage|p1a: Mandibuzz|356/424","|-unboost|p2a: Hoopa-Unbound|def|1","|","|-heal|p1a: Mandibuzz|424/424|[from] move: Wish|[wisher] Umbreon","|turn|4","|","|switch|p2a: Wobbuffet|Wobbuffet, F|584/584","|move|p1a: Mandibuzz|Brave Bird|p2a: Wobbuffet","|-damage|p2a: Wobbuffet|428/584","|-damage|p1a: Mandibuzz|373/424|[from] recoil|[of] p2a: Wobbuffet","|","|-heal|p1a: Mandibuzz|399/424|[from] item: Leftovers","|-heal|p2a: Wobbuffet|464/584|[from] item: Leftovers","|turn|5","|","|move|p1a: Mandibuzz|Toxic|p2a: Wobbuffet","|-status|p2a: Wobbuffet|tox","|move|p2a: Wobbuffet|Encore|p1a: Mandibuzz","|-start|p1a: Mandibuzz|Encore","|","|-heal|p1a: Mandibuzz|424/424|[from] item: Leftovers","|-heal|p2a: Wobbuffet|500/584 tox|[from] item: Leftovers","|-damage|p2a: Wobbuffet|464/584 tox|[from] psn","|turn|6","|","|move|p1a: Mandibuzz|Toxic|p2a: Wobbuffet","|-fail|p2a: Wobbuffet|tox","|move|p2a: Wobbuffet|Safeguard|p2a: Wobbuffet","|-sidestart|p2: Void Who|Safeguard","|","|-heal|p2a: Wobbuffet|500/584 tox|[from] item: Leftovers","|-damage|p2a: Wobbuffet|428/584 tox|[from] psn","|turn|7","|","|switch|p2a: Victini|Victini|341/341","|move|p1a: Mandibuzz|Toxic|p2a: Victini","|-immune|p2a: Victini|[msg]","|","|turn|8","|","|move|p2a: Victini|V-create|p1a: Mandibuzz","|-damage|p1a: Mandibuzz|249/424","|-unboost|p2a: Victini|def|1","|-unboost|p2a: Victini|spd|1","|-unboost|p2a: Victini|spe|1","|move|p1a: Mandibuzz|Toxic|p2a: Victini","|-immune|p2a: Victini|[msg]","|","|-heal|p1a: Mandibuzz|275/424|[from] item: Leftovers","|-end|p1a: Mandibuzz|Encore","|turn|9","|","|switch|p2a: Wobbuffet|Wobbuffet, F|428/584 tox","|move|p1a: Mandibuzz|Roost|p1a: Mandibuzz","|-heal|p1a: Mandibuzz|424/424","|","|-heal|p2a: Wobbuffet|464/584 tox|[from] item: Leftovers","|-damage|p2a: Wobbuffet|428/584 tox|[from] psn","|turn|10","|","|move|p1a: Mandibuzz|Toxic|p2a: Wobbuffet","|-fail|p2a: Wobbuffet|tox","|move|p2a: Wobbuffet|Encore|p1a: Mandibuzz","|-start|p1a: Mandibuzz|Encore","|","|-heal|p2a: Wobbuffet|464/584 tox|[from] item: Leftovers","|-damage|p2a: Wobbuffet|392/584 tox|[from] psn","|-sideend|p2: Void Who|Safeguard","|turn|11","|","|move|p1a: Mandibuzz|Toxic|p2a: Wobbuffet","|-fail|p2a: Wobbuffet|tox","|move|p2a: Wobbuffet|Safeguard|p2a: Wobbuffet","|-sidestart|p2: Void Who|Safeguard","|","|-heal|p2a: Wobbuffet|428/584 tox|[from] item: Leftovers","|-damage|p2a: Wobbuffet|320/584 tox|[from] psn","|turn|12","|","|switch|p2a: Latios|Latios, M|301/301","|move|p1a: Mandibuzz|Toxic|p2a: Latios","|-immune|p2a: Latios|[msg]","|","|turn|13","|","|switch|p1a: Umbreon|Umbreon, F|374/394","|move|p2a: Latios|Surf|p1a: Umbreon","|-damage|p1a: Umbreon|311/394","|","|-heal|p1a: Umbreon|335/394|[from] item: Leftovers","|turn|14","|","|switch|p2a: Wobbuffet|Wobbuffet, F|320/584 tox","|move|p1a: Umbreon|Wish|p1a: Umbreon","|","|-heal|p1a: Umbreon|359/394|[from] item: Leftovers","|-heal|p2a: Wobbuffet|356/584 tox|[from] item: Leftovers","|-damage|p2a: Wobbuffet|320/584 tox|[from] psn","|turn|15","|","|move|p1a: Umbreon|Curse|p1a: Umbreon","|-boost|p1a: Umbreon|atk|1","|-boost|p1a: Umbreon|def|1","|-unboost|p1a: Umbreon|spe|1","|move|p2a: Wobbuffet|Encore|p1a: Umbreon","|-start|p1a: Umbreon|Encore","|","|-heal|p1a: Umbreon|394/394|[from] move: Wish|[wisher] Umbreon","|-heal|p2a: Wobbuffet|356/584 tox|[from] item: Leftovers","|-damage|p2a: Wobbuffet|284/584 tox|[from] psn","|-sideend|p2: Void Who|Safeguard","|turn|16","|","|switch|p2a: Hoopa-Unbound|Hoopa-Unbound|301/301","|move|p1a: Umbreon|Curse|p1a: Umbreon","|-boost|p1a: Umbreon|atk|1","|-boost|p1a: Umbreon|def|1","|-unboost|p1a: Umbreon|spe|1","|","|turn|17","|","|switch|p1a: Mandibuzz|Mandibuzz, F|424/424","|move|p2a: Hoopa-Unbound|Drain Punch|p1a: Mandibuzz","|-damage|p1a: Mandibuzz|349/424","|","|-heal|p1a: Mandibuzz|375/424|[from] item: Leftovers","|turn|18","|","|switch|p2a: Victini|Victini|341/341","|move|p1a: Mandibuzz|Brave Bird|p2a: Victini","|-damage|p2a: Victini|250/341","|-damage|p1a: Mandibuzz|345/424|[from] recoil|[of] p2a: Victini","|","|-heal|p1a: Mandibuzz|371/424|[from] item: Leftovers","|turn|19","|","|move|p2a: Victini|Bolt Strike|p1a: Mandibuzz","|-supereffective|p1a: Mandibuzz","|-damage|p1a: Mandibuzz|193/424","|move|p1a: Mandibuzz|Roost|p1a: Mandibuzz","|-heal|p1a: Mandibuzz|405/424","|","|-heal|p1a: Mandibuzz|424/424|[from] item: Leftovers","|turn|20","|","|switch|p2a: Wobbuffet|Wobbuffet, F|284/584 tox","|move|p1a: Mandibuzz|Toxic|p2a: Wobbuffet","|-fail|p2a: Wobbuffet|tox","|","|-heal|p2a: Wobbuffet|320/584 tox|[from] item: Leftovers","|-damage|p2a: Wobbuffet|284/584 tox|[from] psn","|turn|21","|","|move|p1a: Mandibuzz|Defog|p2a: Wobbuffet","|-unboost|p2a: Wobbuffet|evasion|1","|move|p2a: Wobbuffet|Safeguard|p2a: Wobbuffet","|-sidestart|p2: Void Who|Safeguard","|","|-heal|p2a: Wobbuffet|320/584 tox|[from] item: Leftovers","|-damage|p2a: Wobbuffet|248/584 tox|[from] psn","|turn|22","|","|switch|p2a: Slowbro|Slowbro, F|394/394","|move|p1a: Mandibuzz|Defog|p2a: Slowbro","|-unboost|p2a: Slowbro|evasion|1","|-sideend|p2: Void Who|Safeguard","|","|turn|23","|","|switch|p1a: Umbreon|Umbreon, F|394/394","|move|p2a: Slowbro|Thunder Wave|p1a: Umbreon","|-status|p1a: Umbreon|par","|-status|p2a: Slowbro|par","|","|turn|24","|","|switch|p2a: Wobbuffet|Wobbuffet, F|248/584 tox","|cant|p1a: Umbreon|par","|","|-heal|p2a: Wobbuffet|284/584 tox|[from] item: Leftovers","|-damage|p2a: Wobbuffet|248/584 tox|[from] psn","|turn|25","|","|move|p2a: Wobbuffet|Encore|p1a: Umbreon","|-fail|p1a: Umbreon","|cant|p1a: Umbreon|par","|","|-heal|p2a: Wobbuffet|284/584 tox|[from] item: Leftovers","|-damage|p2a: Wobbuffet|212/584 tox|[from] psn","|turn|26","|","|switch|p2a: Hoopa-Unbound|Hoopa-Unbound|301/301","|move|p1a: Umbreon|Curse|p1a: Umbreon","|-boost|p1a: Umbreon|atk|1","|-boost|p1a: Umbreon|def|1","|-unboost|p1a: Umbreon|spe|1","|","|turn|27","|","|move|p1a: Umbreon|Protect|p1a: Umbreon","|-singleturn|p1a: Umbreon|Protect","|move|p2a: Hoopa-Unbound|Drain Punch|p1a: Umbreon","|-activate|p1a: Umbreon|Protect","|","|turn|28","|","|switch|p2a: Victini|Victini|250/341","|switch|p1a: Mandibuzz|Mandibuzz, F|424/424","|","|turn|29","|","|move|p2a: Victini|U-turn|p1a: Mandibuzz","|-damage|p1a: Mandibuzz|372/424","|","|switch|p2a: Latios|Latios, M|301/301","|move|p1a: Mandibuzz|Roost|p1a: Mandibuzz","|-heal|p1a: Mandibuzz|424/424","|","|turn|30","|","|switch|p2a: Wobbuffet|Wobbuffet, F|212/584 tox","|move|p1a: Mandibuzz|Roost|p1a: Mandibuzz","|-fail|p1a: Mandibuzz","|","|-heal|p2a: Wobbuffet|248/584 tox|[from] item: Leftovers","|-damage|p2a: Wobbuffet|212/584 tox|[from] psn","|turn|31","|","|move|p1a: Mandibuzz|Defog|p2a: Wobbuffet","|-unboost|p2a: Wobbuffet|evasion|1","|move|p2a: Wobbuffet|Encore|p1a: Mandibuzz","|-start|p1a: Mandibuzz|Encore","|","|-heal|p2a: Wobbuffet|248/584 tox|[from] item: Leftovers","|-damage|p2a: Wobbuffet|176/584 tox|[from] psn","|turn|32","|","|switch|p2a: Slowbro|Slowbro, F|394/394 par","|move|p1a: Mandibuzz|Defog|p2a: Slowbro","|-unboost|p2a: Slowbro|evasion|1","|","|turn|33","|","|switch|p1a: Umbreon|Umbreon, F|394/394 par","|switch|p2a: Wobbuffet|Wobbuffet, F|176/584 tox","|","|-heal|p2a: Wobbuffet|212/584 tox|[from] item: Leftovers","|-damage|p2a: Wobbuffet|176/584 tox|[from] psn","|turn|34","|","|move|p2a: Wobbuffet|Safeguard|p2a: Wobbuffet","|-sidestart|p2: Void Who|Safeguard","|move|p1a: Umbreon|Payback|p2a: Wobbuffet","|-supereffective|p2a: Wobbuffet","|-damage|p2a: Wobbuffet|0 fnt","|faint|p2a: Wobbuffet","|","|","|switch|p2a: Medicham|Medicham, M|323/323","|turn|35","|","|switch|p1a: Mandibuzz|Mandibuzz, F|424/424","|detailschange|p2a: Medicham|Medicham-Mega, M","|-mega|p2a: Medicham|Medicham|Medichamite","|move|p2a: Medicham|Drain Punch|p1a: Mandibuzz","|-damage|p1a: Mandibuzz|246/424","|","|-heal|p1a: Mandibuzz|272/424|[from] item: Leftovers","|turn|36","|","|move|p2a: Medicham|Drain Punch|p1a: Mandibuzz","|-damage|p1a: Mandibuzz|98/424","|move|p1a: Mandibuzz|Roost|p1a: Mandibuzz","|-heal|p1a: Mandibuzz|310/424","|","|-heal|p1a: Mandibuzz|336/424|[from] item: Leftovers","|turn|37","|","|move|p2a: Medicham|Drain Punch|p1a: Mandibuzz","|-damage|p1a: Mandibuzz|176/424","|move|p1a: Mandibuzz|Roost|p1a: Mandibuzz","|-heal|p1a: Mandibuzz|388/424","|","|-heal|p1a: Mandibuzz|414/424|[from] item: Leftovers","|turn|38","|","|switch|p2a: Victini|Victini|250/341","|move|p1a: Mandibuzz|Brave Bird|p2a: Victini","|-damage|p2a: Victini|150/341","|-damage|p1a: Mandibuzz|381/424|[from] recoil|[of] p2a: Victini","|","|-heal|p1a: Mandibuzz|407/424|[from] item: Leftovers","|-sideend|p2: Void Who|Safeguard","|turn|39","|","|move|p2a: Victini|Bolt Strike|p1a: Mandibuzz","|-supereffective|p1a: Mandibuzz","|-damage|p1a: Mandibuzz|211/424","|move|p1a: Mandibuzz|Roost|p1a: Mandibuzz","|-heal|p1a: Mandibuzz|423/424","|","|-heal|p1a: Mandibuzz|424/424|[from] item: Leftovers","|turn|40","|","|move|p2a: Victini|Bolt Strike|p1a: Mandibuzz|[miss]","|-miss|p2a: Victini|p1a: Mandibuzz","|move|p1a: Mandibuzz|Toxic|p2a: Victini","|-status|p2a: Victini|tox","|","|-damage|p2a: Victini|129/341 tox|[from] psn","|turn|41","|","|win|Leade✘ Jk"],"p1rating":{"entryid":"6802202","serverid":"eos","formatid":"monotype","userid":"leadejk","username":"Leade✘ Jk","w":36,"l":"19","t":"0","gxe":63.8,"r":"1610.8044894029","rd":"50.803977984338","sigma":"0","rptime":"1438246800","rpr":1607.8751242575,"rprd":49.878338830456,"rpsigma":"0","acre":1316.1523681086,"lacre":1316.1523681086,"oldacre":"1289.8467954029"},"p2rating":{"entryid":"6866008","serverid":"eos","formatid":"monotype","userid":"voidwho","username":"Void Who","w":"34","l":15,"t":"0","gxe":66.6,"r":"1631.9485657906","rd":"55.493639583045","sigma":"0","rptime":"1438246800","rpr":1631.4058578993,"rprd":52.71224974745,"rpsigma":"0","acre":1286.962955367,"lacre":1286.962955367,"oldacre":"1308.0074135315"},"endType":"forfeit"}