{"seed":[5408,4222,14242,1787],"turns":24,"p1":"DJGhоѕt","p2":"DJ Biggie","p1team":[{"name":"Manectric","species":"Manectric","item":"manectite","ability":"Lightning Rod","moves":["thunderbolt","overheat","voltswitch","hiddenpowerice"],"nature":"Hasty","evs":{"hp":0,"atk":4,"def":0,"spa":252,"spd":0,"spe":252},"ivs":{"hp":31,"atk":30,"def":30,"spa":31,"spd":31,"spe":31}},{"name":"Thundurus","species":"Thundurus","item":"choiceband","ability":"Prankster","moves":["wildcharge","knockoff","uturn","brickbreak"],"nature":"Jolly","evs":{"hp":0,"atk":252,"def":0,"spa":0,"spd":4,"spe":252},"ivs":{"hp":31,"atk":31,"def":31,"spa":31,"spd":31,"spe":31}},{"name":"Rotom-Wash","species":"Rotom-Wash","item":"choicescarf","ability":"Levitate","moves":["trick","hydropump","voltswitch","willowisp"],"nature":"Timid","evs":{"hp":0,"atk":0,"def":0,"spa":252,"spd":4,"spe":252},"ivs":{"hp":31,"atk":31,"def":31,"spa":31,"spd":31,"spe":31}},{"name":"Magnezone","species":"Magnezone","item":"leftovers","ability":"Magnet Pull","moves":["voltswitch","thunderbolt","hiddenpowerfire","flashcannon"],"nature":"Modest","evs":{"hp":252,"atk":0,"def":0,"spa":252,"spd":4,"spe":0},"ivs":{"hp":31,"atk":30,"def":31,"spa":30,"spd":31,"spe":30}},{"name":"Zebstrika","species":"Zebstrika","item":"lifeorb","ability":"Lightning Rod","moves":["thunderbolt","overheat","voltswitch","hiddenpowerice"],"nature":"Timid","evs":{"hp":0,"atk":0,"def":0,"spa":252,"spd":4,"spe":252},"ivs":{"hp":31,"atk":30,"def":30,"spa":31,"spd":31,"spe":31}},{"name":"Zapdos","species":"Zapdos","item":"leftovers","ability":"Pressure","moves":["heatwave","voltswitch","thunderbolt","roost"],"nature":"Modest","evs":{"hp":252,"atk":0,"def":0,"spa":252,"spd":4,"spe":0},"ivs":{"hp":31,"atk":31,"def":31,"spa":31,"spd":31,"spe":31}}],"p2team":[{"name":"Reuniclus","species":"Reuniclus","item":"leftovers","ability":"Magic Guard","moves":["calmmind","psyshock","focusblast","recover"],"nature":"Bold","evs":{"hp":252,"atk":0,"def":252,"spa":4,"spd":0,"spe":0},"ivs":{"hp":31,"atk":31,"def":31,"spa":31,"spd":31,"spe":31}},{"name":"Meloetta","species":"Meloetta","item":"choicespecs","ability":"Serene Grace","moves":["hypervoice","psychic","focusblast","uturn"],"nature":"Timid","evs":{"hp":0,"atk":0,"def":4,"spa":252,"spd":0,"spe":252},"ivs":{"hp":31,"atk":31,"def":31,"spa":31,"spd":31,"spe":31}},{"name":"Medicham","species":"Medicham","item":"medichamite","ability":"Pure Power","moves":["highjumpkick","zenheadbutt","fakeout","icepunch"],"nature":"Jolly","evs":{"hp":0,"atk":252,"def":4,"spa":0,"spd":0,"spe":252},"ivs":{"hp":31,"atk":31,"def":31,"spa":31,"spd":31,"spe":31}},{"name":"Deoxys-Defense","species":"Deoxys-Defense","item":"leftovers","ability":"Pressure","moves":["spikes","recover","skillswap","toxic"],"nature":"Bold","evs":{"hp":248,"atk":0,"def":252,"spa":0,"spd":8,"spe":0},"ivs":{"hp":31,"atk":31,"def":31,"spa":31,"spd":31,"spe":31}},{"name":"Latios","species":"Latios","item":"lifeorb","ability":"Levitate","moves":["dracometeor","psyshock","earthquake","defog"],"nature":"Timid","evs":{"hp":0,"atk":0,"def":4,"spa":252,"spd":0,"spe":252},"ivs":{"hp":31,"atk":31,"def":31,"spa":31,"spd":31,"spe":31}},{"name":"Jirachi","species":"Jirachi","item":"leftovers","ability":"Serene Grace","moves":["stealthrock","ironhead","uturn","bodyslam"],"nature":"Careful","evs":{"hp":252,"atk":0,"def":0,"spa":0,"spd":176,"spe":80},"ivs":{"hp":31,"atk":31,"def":31,"spa":31,"spd":31,"spe":31}}],"log":["|player|p1|DJGhоѕt|290","|player|p2|DJ Biggie|109","|gametype|singles","|gen|6","|tier|Monotype","|rated","|rule|Baton Pass Clause: Limit one Baton Passer, can't pass Spe and other stats simultaneously","|rule|Swagger Clause: Swagger is banned","|rule|Same Type Clause: Pokémon in a team must share a type","|clearpoke","|poke|p1|Manectric, M","|poke|p1|Thundurus, M","|poke|p1|Rotom-Wash","|poke|p1|Magnezone","|poke|p1|Zebstrika, F","|poke|p1|Zapdos","|poke|p2|Reuniclus, F","|poke|p2|Meloetta","|poke|p2|Medicham, M","|poke|p2|Deoxys-Defense","|poke|p2|Latios, M","|poke|p2|Jirachi","|rule|Sleep Clause Mod: Limit one foe put to sleep","|rule|Species Clause: Limit one of each Pokémon","|rule|OHKO Clause: OHKO moves are banned","|rule|Moody Clause: Moody is banned","|rule|Evasion Moves Clause: Evasion moves are banned","|rule|Endless Battle Clause: Forcing endless battles is banned","|rule|HP Percentage Mod: HP is shown in percentages","|teampreview","|","|start","|switch|p1a: Rotom-Wash|Rotom-Wash|241/241","|switch|p2a: Medicham|Medicham, M|261/261","|turn|1","|","|detailschange|p2a: Medicham|Medicham-Mega, M","|-mega|p2a: Medicham|Medicham|Medichamite","|move|p2a: Medicham|Fake Out|p1a: Rotom-Wash","|-damage|p1a: Rotom-Wash|162/241","|cant|p1a: Rotom-Wash|flinch","|","|turn|2","|","|move|p1a: Rotom-Wash|Will-O-Wisp|p2a: Medicham","|-status|p2a: Medicham|brn","|move|p2a: Medicham|Zen Headbutt|p1a: Rotom-Wash","|-damage|p1a: Rotom-Wash|50/241","|","|-damage|p2a: Medicham|229/261 brn|[from] brn","|turn|3","|","|switch|p1a: Magnezone|Magnezone|344/344","|move|p2a: Medicham|Zen Headbutt|p1a: Magnezone","|-resisted|p1a: Magnezone","|-damage|p1a: Magnezone|296/344","|","|-heal|p1a: Magnezone|317/344|[from] item: Leftovers","|-damage|p2a: Medicham|197/261 brn|[from] brn","|turn|4","|","|switch|p1a: Thundurus|Thundurus, M|299/299","|move|p2a: Medicham|High Jump Kick|p1a: Thundurus|[miss]","|-miss|p2a: Medicham|p1a: Thundurus","|-damage|p2a: Medicham|67/261 brn|[from] highjumpkick","|","|-damage|p2a: Medicham|35/261 brn|[from] brn","|turn|5","|","|move|p1a: Thundurus|U-turn|p2a: Medicham","|-damage|p2a: Medicham|0 fnt","|faint|p2a: Medicham","|","|switch|p1a: Rotom-Wash|Rotom-Wash|50/241","|","|","|switch|p2a: Meloetta|Meloetta|341/341","|turn|6","|","|move|p1a: Rotom-Wash|Trick|p2a: Meloetta","|-activate|p1a: Rotom-Wash|move: Trick|[of] p2a: Meloetta","|-item|p2a: Meloetta|Choice Scarf|[from] move: Trick","|-item|p1a: Rotom-Wash|Choice Specs|[from] move: Trick","|move|p2a: Meloetta|U-turn|p1a: Rotom-Wash","|-damage|p1a: Rotom-Wash|9/241","|","|switch|p2a: Latios|Latios, M|301/301","|","|turn|7","|","|move|p2a: Latios|Psyshock|p1a: Rotom-Wash","|-damage|p1a: Rotom-Wash|0 fnt","|-damage|p2a: Latios|271/301|[from] item: Life Orb","|faint|p1a: Rotom-Wash","|","|","|switch|p1a: Magnezone|Magnezone|317/344","|turn|8","|","|move|p2a: Latios|Earthquake|p1a: Magnezone","|-supereffective|p1a: Magnezone","|-damage|p1a: Magnezone|0 fnt","|-damage|p2a: Latios|241/301|[from] item: Life Orb","|faint|p1a: Magnezone","|","|","|switch|p1a: Thundurus|Thundurus, M|299/299","|turn|9","|","|move|p1a: Thundurus|U-turn|p2a: Latios","|-supereffective|p2a: Latios","|-damage|p2a: Latios|0 fnt","|faint|p2a: Latios","|","|switch|p1a: Zebstrika|Zebstrika, F|291/291","|","|","|switch|p2a: Deoxys-Defense|Deoxys-Defense|303/303","|-ability|p2a: Deoxys-Defense|Pressure","|turn|10","|","|move|p1a: Zebstrika|Volt Switch|p2a: Deoxys-Defense","|-damage|p2a: Deoxys-Defense|228/303","|-damage|p1a: Zebstrika|262/291|[from] item: Life Orb","|","|switch|p1a: Thundurus|Thundurus, M|299/299","|move|p2a: Deoxys-Defense|Skill Swap|p1a: Thundurus","|-activate|p2a: Deoxys-Defense|move: Skill Swap|Prankster|Pressure|[of] p1a: Thundurus","|-ability|p1a: Thundurus|Pressure","|","|-heal|p2a: Deoxys-Defense|246/303|[from] item: Leftovers","|turn|11","|","|move|p2a: Deoxys-Defense|Toxic|p1a: Thundurus","|-status|p1a: Thundurus|tox","|move|p1a: Thundurus|U-turn|p2a: Deoxys-Defense","|-supereffective|p2a: Deoxys-Defense","|-damage|p2a: Deoxys-Defense|136/303","|","|switch|p1a: Zebstrika|Zebstrika, F|262/291","|","|-heal|p2a: Deoxys-Defense|154/303|[from] item: Leftovers","|turn|12","|","|move|p2a: Deoxys-Defense|Toxic|p1a: Zebstrika|[miss]","|-miss|p2a: Deoxys-Defense|p1a: Zebstrika","|move|p1a: Zebstrika|Thunderbolt|p2a: Deoxys-Defense","|-damage|p2a: Deoxys-Defense|55/303","|-status|p2a: Deoxys-Defense|par","|-damage|p1a: Zebstrika|233/291|[from] item: Life Orb","|","|-heal|p2a: Deoxys-Defense|73/303 par|[from] item: Leftovers","|turn|13","|","|cant|p2a: Deoxys-Defense|par","|move|p1a: Zebstrika|Thunderbolt|p2a: Deoxys-Defense","|-damage|p2a: Deoxys-Defense|0 fnt","|-damage|p1a: Zebstrika|204/291|[from] item: Life Orb","|faint|p2a: Deoxys-Defense","|","|","|switch|p2a: Reuniclus|Reuniclus, F|424/424","|turn|14","|","|move|p1a: Zebstrika|Volt Switch|p2a: Reuniclus","|-damage|p2a: Reuniclus|299/424","|-damage|p1a: Zebstrika|175/291|[from] item: Life Orb","|","|switch|p1a: Zapdos|Zapdos|384/384","|-ability|p1a: Zapdos|Pressure","|move|p2a: Reuniclus|Calm Mind|p2a: Reuniclus","|-boost|p2a: Reuniclus|spa|1","|-boost|p2a: Reuniclus|spd|1","|","|-heal|p2a: Reuniclus|325/424|[from] item: Leftovers","|turn|15","|","|move|p1a: Zapdos|Volt Switch|p2a: Reuniclus","|-damage|p2a: Reuniclus|219/424","|","|switch|p1a: Thundurus|Thundurus, M|299/299 tox","|move|p2a: Reuniclus|Psyshock|p1a: Thundurus","|-damage|p1a: Thundurus|61/299 tox","|","|-heal|p2a: Reuniclus|245/424|[from] item: Leftovers","|-damage|p1a: Thundurus|43/299 tox|[from] psn","|turn|16","|","|move|p1a: Thundurus|Knock Off|p2a: Reuniclus","|-supereffective|p2a: Reuniclus","|-damage|p2a: Reuniclus|0 fnt","|-enditem|p2a: Reuniclus|Leftovers|[from] move: Knock Off|[of] p1a: Thundurus","|faint|p2a: Reuniclus","|","|-damage|p1a: Thundurus|7/299 tox|[from] psn","|","|switch|p2a: Jirachi|Jirachi|404/404","|turn|17","|","|move|p1a: Thundurus|Knock Off|p2a: Jirachi","|-supereffective|p2a: Jirachi","|-damage|p2a: Jirachi|98/404","|-enditem|p2a: Jirachi|Leftovers|[from] move: Knock Off|[of] p1a: Thundurus","|move|p2a: Jirachi|Stealth Rock|p1a: Thundurus","|-sidestart|p1: DJGhоѕt|move: Stealth Rock","|","|-damage|p1a: Thundurus|0 fnt|[from] psn","|faint|p1a: Thundurus","|","|switch|p1a: Manectric|Manectric, M|281/281","|-damage|p1a: Manectric|246/281|[from] Stealth Rock","|turn|18","|","|detailschange|p1a: Manectric|Manectric-Mega, M","|-mega|p1a: Manectric|Manectric|Manectite","|-ability|p1a: Manectric|Intimidate","|-unboost|p2a: Jirachi|atk|1","|move|p1a: Manectric|Thunderbolt|p2a: Jirachi","|-damage|p2a: Jirachi|0 fnt","|faint|p2a: Jirachi","|","|","|switch|p2a: Meloetta|Meloetta|341/341","|turn|19","|","|move|p2a: Meloetta|Psychic|p1a: Manectric","|-damage|p1a: Manectric|71/281","|-unboost|p1a: Manectric|spd|1","|move|p1a: Manectric|Thunderbolt|p2a: Meloetta","|-damage|p2a: Meloetta|214/341","|","|turn|20","|","|move|p2a: Meloetta|Psychic|p1a: Manectric","|-damage|p1a: Manectric|0 fnt","|faint|p1a: Manectric","|","|","|switch|p1a: Zebstrika|Zebstrika, F|175/291","|-damage|p1a: Zebstrika|139/291|[from] Stealth Rock","|turn|21","|","|move|p2a: Meloetta|Psychic|p1a: Zebstrika","|-damage|p1a: Zebstrika|0 fnt","|faint|p1a: Zebstrika","|","|","|switch|p1a: Zapdos|Zapdos|384/384","|-damage|p1a: Zapdos|288/384|[from] Stealth Rock","|-ability|p1a: Zapdos|Pressure","|turn|22","|","|move|p2a: Meloetta|Psychic|p1a: Zapdos","|-damage|p1a: Zapdos|120/384","|-unboost|p1a: Zapdos|spd|1","|move|p1a: Zapdos|Roost|p1a: Zapdos","|-heal|p1a: Zapdos|312/384","|","|-heal|p1a: Zapdos|336/384|[from] item: Leftovers","|turn|23","|","|move|p2a: Meloetta|Psychic|p1a: Zapdos","|-damage|p1a: Zapdos|80/384","|move|p1a: Zapdos|Thunderbolt|p2a: Meloetta","|-damage|p2a: Meloetta|75/341","|","|-heal|p1a: Zapdos|104/384|[from] item: Leftovers","|turn|24","|","|move|p2a: Meloetta|Psychic|p1a: Zapdos","|-damage|p1a: Zapdos|0 fnt","|faint|p1a: Zapdos","|","|win|DJ Biggie"],"p1rating":{"entryid":"7278678","serverid":"eos","formatid":"monotype","userid":"djght","username":"DJGhоѕt","w":"1","l":3,"t":"0","gxe":42.3,"r":"1500","rd":"130","sigma":"0","rptime":"1438246800","rpr":1438.5784912814,"rprd":106.07299032272,"rpsigma":"0","acre":1035.6254309111,"lacre":1035.6254309111,"oldacre":"1049.2490233835"},"p2rating":{"entryid":"7236327","serverid":"eos","formatid":"monotype","userid":"djbiggie","username":"DJ Biggie","w":6,"l":"3","t":"0","gxe":56.8,"r":"1533.7744725796","rd":"92.014299578768","sigma":"0","rptime":"1438246800","rpr":1553.1316126634,"rprd":89.39515823373,"rpsigma":"0","acre":1145.2540328006,"lacre":1145.2540328006,"oldacre":"1125.6656686679"},"endType":"normal"}