{"seed":[35478,16211,10775,25951],"turns":22,"p1":"Sovereign♕Instert","p2":"Wаrden Arguѕ","p1team":[{"name":"Volcarona","species":"Volcarona","item":"leftovers","ability":"Flame Body","moves":["quiverdance","roost","fireblast","bugbuzz"],"nature":"Bold","evs":{"hp":252,"atk":0,"def":252,"spa":4,"spd":0,"spe":0},"ivs":{"hp":31,"atk":31,"def":31,"spa":31,"spd":31,"spe":31}},{"name":"Pinsir","species":"Pinsir","item":"pinsirite","ability":"Hyper Cutter","moves":["quickattack","return","earthquake","swordsdance"],"nature":"Jolly","evs":{"hp":4,"atk":252,"def":0,"spa":0,"spd":0,"spe":252},"ivs":{"hp":31,"atk":31,"def":31,"spa":31,"spd":31,"spe":31}},{"name":"Scizor","species":"Scizor","item":"lifeorb","ability":"Technician","moves":["bulletpunch","bugbite","aerialace","swordsdance"],"nature":"Adamant","evs":{"hp":248,"atk":252,"def":0,"spa":0,"spd":8,"spe":0},"ivs":{"hp":31,"atk":31,"def":31,"spa":31,"spd":31,"spe":31}},{"name":"Forretress","species":"Forretress","item":"rockyhelmet","ability":"Sturdy","moves":["gyroball","rapidspin","toxicspikes","stealthrock"],"nature":"Relaxed","evs":{"hp":248,"atk":8,"def":252,"spa":0,"spd":0,"spe":0},"ivs":{"hp":31,"atk":31,"def":31,"spa":31,"spd":31,"spe":0}},{"name":"Galvantula","species":"Galvantula","item":"focussash","ability":"Compound Eyes","moves":["thunder","energyball","stickyweb","thunderwave"],"nature":"Timid","evs":{"hp":0,"atk":0,"def":0,"spa":252,"spd":4,"spe":252},"ivs":{"hp":31,"atk":31,"def":31,"spa":31,"spd":31,"spe":31}},{"name":"Armaldo","species":"Armaldo","item":"assaultvest","ability":"Battle Armor","moves":["xscissor","stoneedge","facade","aquajet"],"nature":"Adamant","evs":{"hp":248,"atk":252,"def":0,"spa":0,"spd":8,"spe":0},"ivs":{"hp":31,"atk":31,"def":31,"spa":31,"spd":31,"spe":31}}],"p2team":[{"name":"Sableye","species":"Sableye","item":"leftovers","ability":"Prankster","moves":["knockoff","willowisp","recover","taunt"],"nature":"Bold","evs":{"hp":228,"atk":0,"def":252,"spa":0,"spd":0,"spe":28},"gender":"M","ivs":{"hp":31,"atk":0,"def":31,"spa":31,"spd":31,"spe":31}},{"name":"Aegislash","species":"Aegislash","item":"weaknesspolicy","ability":"Stance Change","moves":["kingsshield","sacredsword","shadowball","shadowsneak"],"nature":"Lonely","evs":{"hp":0,"atk":252,"def":0,"spa":240,"spd":0,"spe":16},"gender":"M","shiny":true,"ivs":{"hp":31,"atk":31,"def":31,"spa":31,"spd":31,"spe":31}},{"name":"Jellicent","species":"Jellicent","item":"leftovers","ability":"Cursed Body","moves":["toxic","scald","recover","acidarmor"],"nature":"Calm","evs":{"hp":252,"atk":0,"def":0,"spa":0,"spd":252,"spe":4},"gender":"M","ivs":{"hp":31,"atk":0,"def":31,"spa":31,"spd":31,"spe":31},"shiny":true},{"name":"Golurk","species":"Golurk","item":"focussash","ability":"No Guard","moves":["stealthrock","stoneedge","dynamicpunch","curse"],"nature":"Adamant","evs":{"hp":0,"atk":252,"def":0,"spa":0,"spd":4,"spe":252},"shiny":true,"ivs":{"hp":31,"atk":31,"def":31,"spa":31,"spd":31,"spe":31}},{"name":"Chandelure","species":"Chandelure","item":"choicescarf","ability":"Infiltrator","moves":["flamethrower","shadowball","energyball","trick"],"nature":"Modest","evs":{"hp":0,"atk":0,"def":0,"spa":252,"spd":4,"spe":252},"gender":"F","ivs":{"hp":31,"atk":0,"def":31,"spa":31,"spd":31,"spe":31}},{"name":"Gengar","species":"Gengar","item":"focussash","ability":"Levitate","moves":["destinybond","sludgebomb","shadowball","energyball"],"nature":"Timid","evs":{"hp":0,"atk":0,"def":0,"spa":252,"spd":4,"spe":252},"gender":"F","ivs":{"hp":31,"atk":0,"def":31,"spa":31,"spd":31,"spe":31},"shiny":true}],"log":["|player|p1|Sovereign♕Instert|7","|player|p2|Wаrden Arguѕ|144","|gametype|singles","|gen|6","|tier|Monotype","|rated","|rule|Baton Pass Clause: Limit one Baton Passer, can't pass Spe and other stats simultaneously","|rule|Swagger Clause: Swagger is banned","|rule|Same Type Clause: Pokémon in a team must share a type","|clearpoke","|poke|p1|Volcarona, F","|poke|p1|Pinsir, F","|poke|p1|Scizor, M","|poke|p1|Forretress, F","|poke|p1|Galvantula, M","|poke|p1|Armaldo, M","|poke|p2|Sableye, M","|poke|p2|Aegislash, M, shiny","|poke|p2|Jellicent, M, shiny","|poke|p2|Golurk, shiny","|poke|p2|Chandelure, F","|poke|p2|Gengar, F, shiny","|rule|Sleep Clause Mod: Limit one foe put to sleep","|rule|Species Clause: Limit one of each Pokémon","|rule|OHKO Clause: OHKO moves are banned","|rule|Moody Clause: Moody is banned","|rule|Evasion Moves Clause: Evasion moves are banned","|rule|Endless Battle Clause: Forcing endless battles is banned","|rule|HP Percentage Mod: HP is shown in percentages","|teampreview","|","|start","|switch|p1a: Forretress|Forretress, F|353/353","|switch|p2a: Golurk|Golurk, shiny|319/319","|turn|1","|","|move|p2a: Golurk|Stealth Rock|p1a: Forretress","|-sidestart|p1: Sovereign♕Instert|move: Stealth Rock","|move|p1a: Forretress|Stealth Rock|p2a: Golurk","|-sidestart|p2: Wаrden Arguѕ|move: Stealth Rock","|","|turn|2","|","|move|p2a: Golurk|Dynamic Punch|p1a: Forretress","|-damage|p1a: Forretress|275/353","|-damage|p2a: Golurk|266/319|[from] item: Rocky Helmet|[of] p1a: Forretress","|-start|p1a: Forretress|confusion","|-activate|p1a: Forretress|confusion","|-damage|p1a: Forretress|259/353|[from] confusion","|","|turn|3","|","|switch|p2a: Chandelure|Chandelure, F|261/261","|-damage|p2a: Chandelure|196/261|[from] Stealth Rock","|-activate|p1a: Forretress|confusion","|move|p1a: Forretress|Gyro Ball|p2a: Chandelure","|-resisted|p2a: Chandelure","|-damage|p2a: Chandelure|126/261","|","|turn|4","|","|switch|p1a: Armaldo|Armaldo, M|353/353","|-damage|p1a: Armaldo|265/353|[from] Stealth Rock","|move|p2a: Chandelure|Flamethrower|p1a: Armaldo","|-damage|p1a: Armaldo|124/353","|","|turn|5","|","|move|p1a: Armaldo|Aqua Jet|p2a: Chandelure","|-supereffective|p2a: Chandelure","|-damage|p2a: Chandelure|14/261","|move|p2a: Chandelure|Flamethrower|p1a: Armaldo","|-damage|p1a: Armaldo|0 fnt","|faint|p1a: Armaldo","|","|","|switch|p1a: Pinsir|Pinsir, F|272/272","|-damage|p1a: Pinsir|204/272|[from] Stealth Rock","|turn|6","|","|detailschange|p1a: Pinsir|Pinsir-Mega, F","|-mega|p1a: Pinsir|Pinsir|Pinsirite","|move|p1a: Pinsir|Quick Attack|p2a: Chandelure","|-damage|p2a: Chandelure|0 fnt","|faint|p2a: Chandelure","|","|","|switch|p2a: Aegislash|Aegislash, M, shiny|261/261","|-damage|p2a: Aegislash|245/261|[from] Stealth Rock","|turn|7","|","|move|p1a: Pinsir|Swords Dance|p1a: Pinsir","|-boost|p1a: Pinsir|atk|2","|-formechange|p2a: Aegislash|Aegislash-Blade","|move|p2a: Aegislash|Shadow Ball|p1a: Pinsir","|-damage|p1a: Pinsir|39/272","|-unboost|p1a: Pinsir|spd|1","|","|turn|8","|","|-formechange|p2a: Aegislash|Aegislash","|move|p2a: Aegislash|King's Shield|p2a: Aegislash","|-singleturn|p2a: Aegislash|Protect","|move|p1a: Pinsir|Earthquake|p2a: Aegislash","|-activate|p2a: Aegislash|Protect","|","|turn|9","|","|-formechange|p2a: Aegislash|Aegislash-Blade","|move|p2a: Aegislash|Shadow Sneak|p1a: Pinsir","|-damage|p1a: Pinsir|0 fnt","|faint|p1a: Pinsir","|","|","|switch|p1a: Galvantula|Galvantula, M|281/281","|-damage|p1a: Galvantula|211/281|[from] Stealth Rock","|turn|10","|","|move|p1a: Galvantula|Sticky Web|p2a: Aegislash","|-sidestart|p2: Wаrden Arguѕ|move: Sticky Web","|move|p2a: Aegislash|Shadow Ball|p1a: Galvantula","|-damage|p1a: Galvantula|0 fnt","|faint|p1a: Galvantula","|","|","|switch|p1a: Volcarona|Volcarona, F|374/374","|-damage|p1a: Volcarona|187/374|[from] Stealth Rock","|turn|11","|","|switch|p2a: Jellicent|Jellicent, M, shiny|404/404","|-activate|p2a: Jellicent|move: Sticky Web","|-unboost|p2a: Jellicent|spe|1","|-damage|p2a: Jellicent|354/404|[from] Stealth Rock","|move|p1a: Volcarona|Roost|p1a: Volcarona","|-heal|p1a: Volcarona|374/374","|","|-heal|p2a: Jellicent|379/404|[from] item: Leftovers","|turn|12","|","|move|p1a: Volcarona|Quiver Dance|p1a: Volcarona","|-boost|p1a: Volcarona|spa|1","|-boost|p1a: Volcarona|spd|1","|-boost|p1a: Volcarona|spe|1","|move|p2a: Jellicent|Toxic|p1a: Volcarona","|-status|p1a: Volcarona|tox","|","|-heal|p2a: Jellicent|404/404|[from] item: Leftovers","|-damage|p1a: Volcarona|351/374 tox|[from] psn","|turn|13","|","|move|p1a: Volcarona|Quiver Dance|p1a: Volcarona","|-boost|p1a: Volcarona|spa|1","|-boost|p1a: Volcarona|spd|1","|-boost|p1a: Volcarona|spe|1","|move|p2a: Jellicent|Acid Armor|p2a: Jellicent","|-boost|p2a: Jellicent|def|2","|","|-heal|p1a: Volcarona|374/374 tox|[from] item: Leftovers","|-damage|p1a: Volcarona|328/374 tox|[from] psn","|turn|14","|","|move|p1a: Volcarona|Quiver Dance|p1a: Volcarona","|-boost|p1a: Volcarona|spa|1","|-boost|p1a: Volcarona|spd|1","|-boost|p1a: Volcarona|spe|1","|move|p2a: Jellicent|Recover|p2a: Jellicent","|-fail|p2a: Jellicent","|","|-heal|p1a: Volcarona|351/374 tox|[from] item: Leftovers","|-damage|p1a: Volcarona|282/374 tox|[from] psn","|turn|15","|","|move|p1a: Volcarona|Quiver Dance|p1a: Volcarona","|-boost|p1a: Volcarona|spa|1","|-boost|p1a: Volcarona|spd|1","|-boost|p1a: Volcarona|spe|1","|move|p2a: Jellicent|Acid Armor|p2a: Jellicent","|-boost|p2a: Jellicent|def|2","|","|-heal|p1a: Volcarona|305/374 tox|[from] item: Leftovers","|-damage|p1a: Volcarona|213/374 tox|[from] psn","|turn|16","|","|move|p1a: Volcarona|Bug Buzz|p2a: Jellicent","|-resisted|p2a: Jellicent","|-damage|p2a: Jellicent|253/404","|move|p2a: Jellicent|Recover|p2a: Jellicent","|-heal|p2a: Jellicent|404/404","|","|-heal|p1a: Volcarona|236/374 tox|[from] item: Leftovers","|-damage|p1a: Volcarona|121/374 tox|[from] psn","|turn|17","|","|move|p1a: Volcarona|Bug Buzz|p2a: Jellicent","|-resisted|p2a: Jellicent","|-damage|p2a: Jellicent|253/404","|move|p2a: Jellicent|Acid Armor|p2a: Jellicent","|-boost|p2a: Jellicent|def|2","|","|-heal|p1a: Volcarona|144/374 tox|[from] item: Leftovers","|-heal|p2a: Jellicent|278/404|[from] item: Leftovers","|-damage|p1a: Volcarona|6/374 tox|[from] psn","|turn|18","|","|move|p1a: Volcarona|Bug Buzz|p2a: Jellicent","|-resisted|p2a: Jellicent","|-damage|p2a: Jellicent|133/404","|move|p2a: Jellicent|Recover|p2a: Jellicent","|-heal|p2a: Jellicent|335/404","|","|-heal|p1a: Volcarona|29/374 tox|[from] item: Leftovers","|-heal|p2a: Jellicent|360/404|[from] item: Leftovers","|-damage|p1a: Volcarona|0 fnt|[from] psn","|faint|p1a: Volcarona","|","|switch|p1a: Forretress|Forretress, F|259/353","|-damage|p1a: Forretress|215/353|[from] Stealth Rock","|turn|19","|","|move|p2a: Jellicent|Scald|p1a: Forretress","|-crit|p1a: Forretress","|-damage|p1a: Forretress|23/353","|-status|p1a: Forretress|brn","|move|p1a: Forretress|Gyro Ball|p2a: Jellicent","|-resisted|p2a: Jellicent","|-damage|p2a: Jellicent|357/404","|","|-heal|p2a: Jellicent|382/404|[from] item: Leftovers","|-damage|p1a: Forretress|0 fnt|[from] brn","|faint|p1a: Forretress","|","|switch|p1a: Scizor|Scizor, M|343/343","|-damage|p1a: Scizor|301/343|[from] Stealth Rock","|turn|20","|","|move|p1a: Scizor|Swords Dance|p1a: Scizor","|-boost|p1a: Scizor|atk|2","|move|p2a: Jellicent|Scald|p1a: Scizor","|-damage|p1a: Scizor|207/343","|-status|p1a: Scizor|brn","|","|-heal|p2a: Jellicent|404/404|[from] item: Leftovers","|-damage|p1a: Scizor|165/343 brn|[from] brn","|turn|21","|","|move|p1a: Scizor|Swords Dance|p1a: Scizor","|-boost|p1a: Scizor|atk|2","|move|p2a: Jellicent|Scald|p1a: Scizor","|-damage|p1a: Scizor|62/343 brn","|","|-damage|p1a: Scizor|20/343 brn|[from] brn","|turn|22","|","|move|p1a: Scizor|Aerial Ace|p2a: Jellicent","|-damage|p2a: Jellicent|323/404","|-damage|p1a: Scizor|0 fnt|[from] item: Life Orb","|faint|p1a: Scizor","|","|win|Wаrden Arguѕ"],"p1rating":{"entryid":"7260220","serverid":"eos","formatid":"monotype","userid":"sovereigninstert","username":"Sovereign♕Instert","w":"2","l":1,"t":"0","gxe":54.8,"r":"1500","rd":"130","sigma":"0","rptime":"1438160400","rpr":1538.2597624497,"rprd":110.82526393321,"rpsigma":"0","acre":1070.9778942909,"lacre":1070.9778942909,"oldacre":"1083.0603422994"},"p2rating":{"entryid":"7252450","serverid":"eos","formatid":"monotype","userid":"wrdenargu","username":"Wаrden Arguѕ","w":19,"l":"5","t":"0","gxe":71.9,"r":"1500","rd":"130","sigma":"0","rptime":"1438160400","rpr":1680.196080103,"rprd":64.889787617996,"rpsigma":"0","acre":1270.1860595532,"lacre":1270.1860595532,"oldacre":"1256.7366401822"},"endType":"normal"}