{"seed":[11575,29729,13340,41725],"turns":23,"p1":"Metalyte","p2":"Cryѕtal Cash","p1team":[{"name":"Thundurus-Therian","species":"Thundurus-Therian","item":"choicescarf","ability":"Volt Absorb","moves":["thunderbolt","hiddenpowerice","sludgewave","focusblast"],"nature":"Timid","evs":{"hp":0,"atk":0,"def":0,"spa":252,"spd":4,"spe":252},"ivs":{"hp":31,"atk":30,"def":30,"spa":31,"spd":31,"spe":31}},{"name":"Magnezone","species":"Magnezone","item":"airballoon","ability":"Sturdy","moves":["thunderbolt","flashcannon","voltswitch","hiddenpowergrass"],"nature":"Modest","evs":{"hp":248,"atk":0,"def":0,"spa":252,"spd":8,"spe":0},"ivs":{"hp":31,"atk":30,"def":31,"spa":30,"spd":31,"spe":31}},{"name":"Ampharos","species":"Ampharos","item":"ampharosite","ability":"Static","moves":["thunderwave","dragonpulse","voltswitch","powergem"],"nature":"Modest","evs":{"hp":248,"atk":0,"def":0,"spa":252,"spd":8,"spe":0},"ivs":{"hp":31,"atk":31,"def":31,"spa":31,"spd":31,"spe":31}},{"name":"Zapdos","species":"Zapdos","item":"leftovers","ability":"Pressure","moves":["roost","defog","discharge","heatwave"],"nature":"Bold","evs":{"hp":252,"atk":0,"def":252,"spa":0,"spd":4,"spe":0},"ivs":{"hp":31,"atk":31,"def":31,"spa":31,"spd":31,"spe":31}},{"name":"Rotom-Wash","species":"Rotom-Wash","item":"leftovers","ability":"Levitate","moves":["painsplit","willowisp","hydropump","voltswitch"],"nature":"Calm","evs":{"hp":252,"atk":0,"def":0,"spa":4,"spd":252,"spe":0},"ivs":{"hp":31,"atk":31,"def":31,"spa":31,"spd":31,"spe":31}},{"name":"Electivire","species":"Electivire","item":"choiceband","ability":"Vital Spirit","moves":["wildcharge","earthquake","icepunch","crosschop"],"nature":"Jolly","evs":{"hp":0,"atk":252,"def":0,"spa":0,"spd":4,"spe":252},"ivs":{"hp":31,"atk":31,"def":31,"spa":31,"spd":31,"spe":31}}],"p2team":[{"name":"Gardevoir","species":"Gardevoir","item":"gardevoirite","ability":"Synchronize","moves":["hypervoice","hiddenpowerfire","shadowball","focusblast"],"nature":"Timid","evs":{"hp":0,"atk":0,"def":0,"spa":252,"spd":4,"spe":252},"ivs":{"hp":31,"atk":30,"def":31,"spa":30,"spd":31,"spe":30}},{"name":"Jirachi","species":"Jirachi","item":"choicescarf","ability":"Serene Grace","moves":["ironhead","uturn","firepunch","healingwish"],"nature":"Jolly","evs":{"hp":0,"atk":252,"def":4,"spa":0,"spd":0,"spe":252},"ivs":{"hp":31,"atk":31,"def":31,"spa":31,"spd":31,"spe":31}},{"name":"Deoxys-Defense","species":"Deoxys-Defense","item":"lightclay","ability":"Pressure","moves":["reflect","lightscreen","stealthrock","seismictoss"],"nature":"Calm","evs":{"hp":252,"atk":0,"def":4,"spa":0,"spd":252,"spe":0},"ivs":{"hp":31,"atk":31,"def":31,"spa":31,"spd":31,"spe":31}},{"name":"Victini","species":"Victini","item":"choicescarf","ability":"Victory Star","moves":["vcreate","boltstrike","zenheadbutt","uturn"],"nature":"Adamant","evs":{"hp":0,"atk":252,"def":0,"spa":0,"spd":4,"spe":0},"ivs":{"hp":31,"atk":31,"def":31,"spa":31,"spd":31,"spe":31}},{"name":"Gallade","species":"Gallade","item":"assaultvest","ability":"Justified","moves":["psychocut","knockoff","drainpunch","poisonjab"],"nature":"Adamant","evs":{"hp":248,"atk":252,"def":0,"spa":0,"spd":8,"spe":0},"shiny":true,"ivs":{"hp":31,"atk":31,"def":31,"spa":31,"spd":31,"spe":31}},{"name":"Meloetta","species":"Meloetta","item":"choicespecs","ability":"Serene Grace","moves":["hypervoice","psychic","focusblast","uturn"],"nature":"Timid","evs":{"hp":0,"atk":0,"def":4,"spa":252,"spd":0,"spe":252},"ivs":{"hp":31,"atk":31,"def":31,"spa":31,"spd":31,"spe":31}}],"log":["|player|p1|Metalyte|165","|player|p2|Cryѕtal Cash|158","|gametype|singles","|gen|6","|tier|Monotype","|rated","|rule|Baton Pass Clause: Limit one Baton Passer, can't pass Spe and other stats simultaneously","|rule|Swagger Clause: Swagger is banned","|rule|Same Type Clause: Pokémon in a team must share a type","|clearpoke","|poke|p1|Thundurus-Therian, M","|poke|p1|Magnezone","|poke|p1|Ampharos, F","|poke|p1|Zapdos","|poke|p1|Rotom-Wash","|poke|p1|Electivire, M","|poke|p2|Gardevoir, F","|poke|p2|Jirachi","|poke|p2|Deoxys-Defense","|poke|p2|Victini","|poke|p2|Gallade, M, shiny","|poke|p2|Meloetta","|rule|Sleep Clause Mod: Limit one foe put to sleep","|rule|Species Clause: Limit one of each Pokémon","|rule|OHKO Clause: OHKO moves are banned","|rule|Moody Clause: Moody is banned","|rule|Evasion Moves Clause: Evasion moves are banned","|rule|Endless Battle Clause: Forcing endless battles is banned","|rule|HP Percentage Mod: HP is shown in percentages","|teampreview","|","|start","|switch|p1a: Ampharos|Ampharos, F|383/383","|switch|p2a: Meloetta|Meloetta|341/341","|turn|1","|","|detailschange|p1a: Ampharos|Ampharos-Mega, F","|-mega|p1a: Ampharos|Ampharos|Ampharosite","|-ability|p1a: Ampharos|Mold Breaker","|move|p2a: Meloetta|Hyper Voice|p1a: Ampharos","|-damage|p1a: Ampharos|148/383","|move|p1a: Ampharos|Volt Switch|p2a: Meloetta","|-damage|p2a: Meloetta|202/341","|","|switch|p1a: Electivire|Electivire, M|291/291","|","|turn|2","|","|move|p1a: Electivire|Wild Charge|p2a: Meloetta","|-damage|p2a: Meloetta|0 fnt","|-damage|p1a: Electivire|240/291|[from] recoil|[of] p2a: Meloetta","|faint|p2a: Meloetta","|","|","|switch|p2a: Deoxys-Defense|Deoxys-Defense|304/304","|-ability|p2a: Deoxys-Defense|Pressure","|turn|3","|","|move|p1a: Electivire|Wild Charge|p2a: Deoxys-Defense","|-damage|p2a: Deoxys-Defense|150/304","|-damage|p1a: Electivire|201/291|[from] recoil|[of] p2a: Deoxys-Defense","|move|p2a: Deoxys-Defense|Reflect|p2a: Deoxys-Defense","|-sidestart|p2: Cryѕtal Cash|Reflect","|","|turn|4","|","|switch|p1a: Ampharos|Ampharos-Mega, F|148/383","|-ability|p1a: Ampharos|Mold Breaker","|move|p2a: Deoxys-Defense|Stealth Rock|p1a: Ampharos","|-sidestart|p1: Metalyte|move: Stealth Rock","|","|turn|5","|","|move|p2a: Deoxys-Defense|Seismic Toss|p1a: Ampharos","|-damage|p1a: Ampharos|48/383","|move|p1a: Ampharos|Volt Switch|p2a: Deoxys-Defense","|-damage|p2a: Deoxys-Defense|63/304","|","|switch|p1a: Zapdos|Zapdos|384/384","|-damage|p1a: Zapdos|288/384|[from] Stealth Rock","|-ability|p1a: Zapdos|Pressure","|","|-heal|p1a: Zapdos|312/384|[from] item: Leftovers","|turn|6","|","|move|p1a: Zapdos|Defog|p2a: Deoxys-Defense","|-unboost|p2a: Deoxys-Defense|evasion|1","|-sideend|p2: Cryѕtal Cash|Reflect","|-sideend|p1: Metalyte|Stealth Rock|[from] move: Defog|[of] p1a: Zapdos","|move|p2a: Deoxys-Defense|Light Screen|p2a: Deoxys-Defense","|-sidestart|p2: Cryѕtal Cash|move: Light Screen","|","|-heal|p1a: Zapdos|336/384|[from] item: Leftovers","|turn|7","|","|switch|p2a: Gallade|Gallade, M, shiny|339/339","|move|p1a: Zapdos|Discharge|p2a: Gallade","|-damage|p2a: Gallade|306/339","|","|-heal|p1a: Zapdos|360/384|[from] item: Leftovers","|turn|8","|","|move|p1a: Zapdos|Defog|p2a: Gallade","|-unboost|p2a: Gallade|evasion|1","|-sideend|p2: Cryѕtal Cash|move: Light Screen","|move|p2a: Gallade|Drain Punch|p1a: Zapdos","|-resisted|p1a: Zapdos","|-damage|p1a: Zapdos|307/384","|-heal|p2a: Gallade|333/339|[from] drain|[of] p1a: Zapdos","|","|-heal|p1a: Zapdos|331/384|[from] item: Leftovers","|turn|9","|","|move|p1a: Zapdos|Discharge|p2a: Gallade","|-damage|p2a: Gallade|270/339","|move|p2a: Gallade|Psycho Cut|p1a: Zapdos","|-crit|p1a: Zapdos","|-damage|p1a: Zapdos|178/384","|","|-heal|p1a: Zapdos|202/384|[from] item: Leftovers","|turn|10","|","|move|p1a: Zapdos|Roost|p1a: Zapdos","|-heal|p1a: Zapdos|384/384","|move|p2a: Gallade|Knock Off|p1a: Zapdos","|-damage|p1a: Zapdos|288/384","|-enditem|p1a: Zapdos|Leftovers|[from] move: Knock Off|[of] p2a: Gallade","|","|turn|11","|","|move|p1a: Zapdos|Discharge|p2a: Gallade","|-damage|p2a: Gallade|201/339","|move|p2a: Gallade|Poison Jab|p1a: Zapdos","|-damage|p1a: Zapdos|201/384","|-status|p1a: Zapdos|psn","|","|-damage|p1a: Zapdos|153/384 psn|[from] psn","|turn|12","|","|move|p1a: Zapdos|Roost|p1a: Zapdos","|-heal|p1a: Zapdos|345/384 psn","|move|p2a: Gallade|Psycho Cut|p1a: Zapdos","|-damage|p1a: Zapdos|240/384 psn","|","|-damage|p1a: Zapdos|192/384 psn|[from] psn","|turn|13","|","|switch|p1a: Ampharos|Ampharos-Mega, F|48/383","|-ability|p1a: Ampharos|Mold Breaker","|move|p2a: Gallade|Psycho Cut|p1a: Ampharos","|-damage|p1a: Ampharos|0 fnt","|faint|p1a: Ampharos","|","|","|switch|p1a: Electivire|Electivire, M|201/291","|turn|14","|","|move|p1a: Electivire|Earthquake|p2a: Gallade","|-damage|p2a: Gallade|0 fnt","|faint|p2a: Gallade","|","|","|switch|p2a: Gardevoir|Gardevoir, F|277/277","|turn|15","|","|detailschange|p2a: Gardevoir|Gardevoir-Mega, F","|-mega|p2a: Gardevoir|Gardevoir|Gardevoirite","|move|p1a: Electivire|Earthquake|p2a: Gardevoir","|-damage|p2a: Gardevoir|22/277","|move|p2a: Gardevoir|Hyper Voice|p1a: Electivire","|-damage|p1a: Electivire|0 fnt","|faint|p1a: Electivire","|","|","|switch|p1a: Thundurus-Therian|Thundurus-Therian, M|299/299","|turn|16","|","|move|p1a: Thundurus-Therian|Thunderbolt|p2a: Gardevoir","|-damage|p2a: Gardevoir|0 fnt","|faint|p2a: Gardevoir","|","|","|switch|p2a: Deoxys-Defense|Deoxys-Defense|63/304","|-ability|p2a: Deoxys-Defense|Pressure","|turn|17","|","|move|p1a: Thundurus-Therian|Thunderbolt|p2a: Deoxys-Defense","|-damage|p2a: Deoxys-Defense|0 fnt","|faint|p2a: Deoxys-Defense","|","|","|switch|p2a: Victini|Victini|341/341","|turn|18","|","|switch|p1a: Zapdos|Zapdos|192/384 psn","|-ability|p1a: Zapdos|Pressure","|move|p2a: Victini|V-create|p1a: Zapdos","|-damage|p1a: Zapdos|0 fnt","|-unboost|p2a: Victini|def|1","|-unboost|p2a: Victini|spd|1","|-unboost|p2a: Victini|spe|1","|faint|p1a: Zapdos","|","|","|switch|p1a: Magnezone|Magnezone|343/343","|-item|p1a: Magnezone|Air Balloon","|turn|19","|","|move|p2a: Victini|V-create|p1a: Magnezone","|-supereffective|p1a: Magnezone","|-activate|p1a: Magnezone|Sturdy","|-damage|p1a: Magnezone|1/343","|-enditem|p1a: Magnezone|Air Balloon","|-unboost|p2a: Victini|def|1","|-unboost|p2a: Victini|spd|1","|-unboost|p2a: Victini|spe|1","|move|p1a: Magnezone|Thunderbolt|p2a: Victini","|-damage|p2a: Victini|0 fnt","|faint|p2a: Victini","|","|","|switch|p2a: Jirachi|Jirachi|341/341","|turn|20","|","|move|p2a: Jirachi|U-turn|p1a: Magnezone","|-resisted|p1a: Magnezone","|-damage|p1a: Magnezone|0 fnt","|faint|p1a: Magnezone","|","|","|switch|p1a: Rotom-Wash|Rotom-Wash|304/304","|turn|21","|","|move|p2a: Jirachi|U-turn|p1a: Rotom-Wash","|-damage|p1a: Rotom-Wash|243/304","|move|p1a: Rotom-Wash|Will-O-Wisp|p2a: Jirachi","|-status|p2a: Jirachi|brn","|","|-heal|p1a: Rotom-Wash|262/304|[from] item: Leftovers","|-damage|p2a: Jirachi|299/341 brn|[from] brn","|turn|22","|","|move|p2a: Jirachi|U-turn|p1a: Rotom-Wash","|-damage|p1a: Rotom-Wash|230/304","|move|p1a: Rotom-Wash|Hydro Pump|p2a: Jirachi","|-damage|p2a: Jirachi|172/341 brn","|","|-heal|p1a: Rotom-Wash|249/304|[from] item: Leftovers","|-damage|p2a: Jirachi|130/341 brn|[from] brn","|turn|23","|","|move|p2a: Jirachi|U-turn|p1a: Rotom-Wash","|-damage|p1a: Rotom-Wash|213/304","|move|p1a: Rotom-Wash|Hydro Pump|p2a: Jirachi","|-damage|p2a: Jirachi|0 fnt","|faint|p2a: Jirachi","|","|win|Metalyte"],"p1rating":{"entryid":"6571486","serverid":"eos","formatid":"monotype","userid":"metalyte","username":"Metalyte","w":23,"l":"19","t":"0","gxe":50.6,"r":"1515.225955562","rd":"63.377478648679","sigma":"0","rptime":"1438246800","rpr":1504.8567092269,"rprd":57.193246461401,"rpsigma":"0","acre":1137.4361214074,"lacre":1137.4361214074,"oldacre":"1112.4639638486"},"p2rating":{"entryid":"7232943","serverid":"eos","formatid":"monotype","userid":"crytalcash","username":"Cryѕtal Cash","w":"8","l":11,"t":"0","gxe":44.4,"r":"1469.5877745556","rd":"82.490150504112","sigma":"0","rptime":"1438246800","rpr":1456.4643733685,"rprd":70.627119317011,"rpsigma":"0","acre":1087.1048679358,"lacre":1087.1048679358,"oldacre":"1112.0770254946"},"endType":"normal"}