{"seed":[27066,59985,23851,31648],"turns":21,"p1":"valkoinen","p2":"Nightmare Desire","p1team":[{"name":"Tyrantrum","species":"Tyrantrum","item":"choiceband","ability":"Rock Head","moves":["ironhead","headsmash","outrage","earthquake"],"nature":"Adamant","evs":{"hp":0,"atk":252,"def":0,"spa":0,"spd":4,"spe":252},"gender":"M","shiny":true,"ivs":{"hp":31,"atk":31,"def":31,"spa":31,"spd":31,"spe":31}},{"name":"Hydreigon","species":"Hydreigon","item":"choicescarf","ability":"Levitate","moves":["dragonpulse","darkpulse","flashcannon","fireblast"],"nature":"Timid","evs":{"hp":0,"atk":0,"def":0,"spa":252,"spd":4,"spe":252},"gender":"M","ivs":{"hp":31,"atk":31,"def":31,"spa":31,"spd":31,"spe":31}},{"name":"Birb","species":"altaria","item":"altarianite","ability":"Natural Cure","moves":["dragondance","earthquake","roost","frustration"],"nature":"Adamant","evs":{"hp":0,"atk":252,"def":0,"spa":0,"spd":4,"spe":252},"gender":"F","happiness":0,"ivs":{"hp":31,"atk":31,"def":31,"spa":31,"spd":31,"spe":31}},{"name":"Kyurem-Black","species":"Kyurem-Black","item":"choicescarf","ability":"Teravolt","moves":["outrage","fusionbolt","dragonclaw","ironhead"],"nature":"Jolly","evs":{"hp":0,"atk":252,"def":0,"spa":0,"spd":4,"spe":252},"shiny":true,"ivs":{"hp":31,"atk":31,"def":31,"spa":31,"spd":31,"spe":31}},{"name":"Dragalge","species":"Dragalge","item":"assaultvest","ability":"Adaptability","moves":["sludgewave","dragonpulse","focusblast","hiddenpowerground"],"nature":"Modest","evs":{"hp":236,"atk":0,"def":0,"spa":252,"spd":8,"spe":12},"gender":"M","ivs":{"hp":31,"atk":31,"def":31,"spa":30,"spd":30,"spe":31},"shiny":true},{"name":"Garchomp","species":"Garchomp","item":"focussash","ability":"Rough Skin","moves":["swordsdance","earthquake","dragonclaw","fireblast"],"nature":"Naive","evs":{"hp":0,"atk":252,"def":0,"spa":4,"spd":0,"spe":252},"gender":"M","shiny":true,"ivs":{"hp":31,"atk":31,"def":31,"spa":31,"spd":31,"spe":31}}],"p2team":[{"name":"Cloyster","species":"Cloyster","item":"cellbattery","ability":"Skill Link","moves":["iciclespear","icebeam","razorshell","rockblast"],"nature":"Naughty","evs":{"hp":248,"atk":252,"def":0,"spa":8,"spd":0,"spe":0},"ivs":{"hp":31,"atk":31,"def":31,"spa":31,"spd":31,"spe":31}},{"name":"Articuno","species":"Articuno","item":"focussash","ability":"Pressure","moves":["ancientpower","aerialace","roost","return"],"nature":"Gentle","evs":{"hp":248,"atk":8,"def":0,"spa":0,"spd":252,"spe":0},"ivs":{"hp":31,"atk":31,"def":31,"spa":31,"spd":31,"spe":31}},{"name":"Abomasnow","species":"Abomasnow","item":"abomasite","ability":"Snow Warning","moves":["earthquake","bulletseed","icebeam","outrage"],"nature":"Lonely","evs":{"hp":248,"atk":252,"def":0,"spa":8,"spd":0,"spe":0},"ivs":{"hp":31,"atk":31,"def":31,"spa":31,"spd":31,"spe":31}},{"name":"Rotom-Frost","species":"Rotom-Frost","item":"dreadplate","ability":"Levitate","moves":["shadowball","thunderbolt","willowisp","foulplay"],"nature":"Calm","evs":{"hp":248,"atk":0,"def":0,"spa":8,"spd":252,"spe":0},"ivs":{"hp":31,"atk":31,"def":31,"spa":31,"spd":31,"spe":31}},{"name":"Glaceon","species":"Glaceon","item":"lumberry","ability":"Snow Cloak","moves":["healbell","aquatail","shadowball","wish"],"nature":"Lax","evs":{"hp":248,"atk":8,"def":252,"spa":0,"spd":0,"spe":0},"ivs":{"hp":31,"atk":31,"def":31,"spa":31,"spd":31,"spe":31}},{"name":"Sneasel","species":"Sneasel","item":"dreadplate","ability":"Inner Focus","moves":["beatup","calmmind","knockoff","icebeam"],"nature":"Hasty","evs":{"hp":0,"atk":252,"def":0,"spa":4,"spd":0,"spe":252},"ivs":{"hp":31,"atk":31,"def":31,"spa":31,"spd":31,"spe":31}}],"log":["|player|p1|valkoinen|53","|player|p2|Nightmare Desire|1","|gametype|singles","|gen|6","|tier|Monotype","|rated","|rule|Baton Pass Clause: Limit one Baton Passer, can't pass Spe and other stats simultaneously","|rule|Swagger Clause: Swagger is banned","|rule|Same Type Clause: Pokémon in a team must share a type","|clearpoke","|poke|p1|Tyrantrum, M, shiny","|poke|p1|Hydreigon, M","|poke|p1|Altaria, F","|poke|p1|Kyurem-Black, shiny","|poke|p1|Dragalge, M, shiny","|poke|p1|Garchomp, M, shiny","|poke|p2|Cloyster, M","|poke|p2|Articuno","|poke|p2|Abomasnow, F","|poke|p2|Rotom-Frost","|poke|p2|Glaceon, F","|poke|p2|Sneasel, M","|rule|Sleep Clause Mod: Limit one foe put to sleep","|rule|Species Clause: Limit one of each Pokémon","|rule|OHKO Clause: OHKO moves are banned","|rule|Moody Clause: Moody is banned","|rule|Evasion Moves Clause: Evasion moves are banned","|rule|Endless Battle Clause: Forcing endless battles is banned","|rule|HP Percentage Mod: HP is shown in percentages","|teampreview","|","|start","|switch|p1a: Hydreigon|Hydreigon, M|325/325","|switch|p2a: Cloyster|Cloyster, M|303/303","|turn|1","|","|switch|p1a: Dragalge|Dragalge, M, shiny|330/330","|move|p2a: Cloyster|Icicle Spear|p1a: Dragalge","|-supereffective|p1a: Dragalge","|-damage|p1a: Dragalge|246/330","|-supereffective|p1a: Dragalge","|-damage|p1a: Dragalge|166/330","|-supereffective|p1a: Dragalge","|-damage|p1a: Dragalge|74/330","|-supereffective|p1a: Dragalge","|-damage|p1a: Dragalge|0 fnt","|-hitcount|p1a: Dragalge|4","|faint|p1a: Dragalge","|","|","|switch|p1a: Kyurem-Black|Kyurem-Black, shiny|391/391","|-ability|p1a: Kyurem-Black|Teravolt","|turn|2","|","|move|p1a: Kyurem-Black|Fusion Bolt|p2a: Cloyster","|-crit|p2a: Cloyster","|-supereffective|p2a: Cloyster","|-damage|p2a: Cloyster|39/303","|-enditem|p2a: Cloyster|Cell Battery","|-boost|p2a: Cloyster|atk|1|[from] item: Cell Battery","|move|p2a: Cloyster|Ice Beam|p1a: Kyurem-Black","|-damage|p1a: Kyurem-Black|291/391","|","|turn|3","|","|move|p1a: Kyurem-Black|Fusion Bolt|p2a: Cloyster","|-supereffective|p2a: Cloyster","|-damage|p2a: Cloyster|0 fnt","|faint|p2a: Cloyster","|","|","|switch|p2a: Rotom-Frost|Rotom-Frost|303/303","|turn|4","|","|switch|p1a: Tyrantrum|Tyrantrum, M, shiny|305/305","|move|p2a: Rotom-Frost|Will-O-Wisp|p1a: Tyrantrum","|-status|p1a: Tyrantrum|brn","|","|-damage|p1a: Tyrantrum|267/305 brn|[from] brn","|turn|5","|","|move|p1a: Tyrantrum|Earthquake|p2a: Rotom-Frost","|-immune|p2a: Rotom-Frost|[msg]","|move|p2a: Rotom-Frost|Foul Play|p1a: Tyrantrum","|-damage|p1a: Tyrantrum|136/305 brn","|","|-damage|p1a: Tyrantrum|98/305 brn|[from] brn","|turn|6","|","|switch|p1a: Garchomp|Garchomp, M, shiny|357/357","|move|p2a: Rotom-Frost|Foul Play|p1a: Garchomp","|-damage|p1a: Garchomp|224/357","|-damage|p2a: Rotom-Frost|266/303|[from] ability: Rough Skin|[of] p1a: Garchomp","|","|turn|7","|","|move|p1a: Garchomp|Dragon Claw|p2a: Rotom-Frost","|-damage|p2a: Rotom-Frost|131/303","|move|p2a: Rotom-Frost|Will-O-Wisp|p1a: Garchomp","|-status|p1a: Garchomp|brn","|","|-damage|p1a: Garchomp|180/357 brn|[from] brn","|turn|8","|","|move|p1a: Garchomp|Fire Blast|p2a: Rotom-Frost","|-supereffective|p2a: Rotom-Frost","|-damage|p2a: Rotom-Frost|31/303","|move|p2a: Rotom-Frost|Shadow Ball|p1a: Garchomp","|-damage|p1a: Garchomp|96/357 brn","|","|-damage|p1a: Garchomp|52/357 brn|[from] brn","|turn|9","|","|move|p1a: Garchomp|Fire Blast|p2a: Rotom-Frost","|-supereffective|p2a: Rotom-Frost","|-damage|p2a: Rotom-Frost|0 fnt","|faint|p2a: Rotom-Frost","|","|-damage|p1a: Garchomp|8/357 brn|[from] brn","|","|switch|p2a: Sneasel|Sneasel, M|251/251","|turn|10","|","|move|p2a: Sneasel|Calm Mind|p2a: Sneasel","|-boost|p2a: Sneasel|spa|1","|-boost|p2a: Sneasel|spd|1","|move|p1a: Garchomp|Fire Blast|p2a: Sneasel","|-supereffective|p2a: Sneasel","|-damage|p2a: Sneasel|119/251","|","|-damage|p1a: Garchomp|0 fnt|[from] brn","|faint|p1a: Garchomp","|","|switch|p1a: Hydreigon|Hydreigon, M|325/325","|turn|11","|","|move|p1a: Hydreigon|Fire Blast|p2a: Sneasel","|-supereffective|p2a: Sneasel","|-damage|p2a: Sneasel|0 fnt","|faint|p2a: Sneasel","|","|","|switch|p2a: Abomasnow|Abomasnow, F|383/383","|-weather|Hail","|turn|12","|","|detailschange|p2a: Abomasnow|Abomasnow-Mega, F","|-mega|p2a: Abomasnow|Abomasnow|Abomasite","|move|p1a: Hydreigon|Fire Blast|p2a: Abomasnow","|-supereffective|p2a: Abomasnow","|-damage|p2a: Abomasnow|0 fnt","|faint|p2a: Abomasnow","|","|-weather|Hail|[upkeep]","|-damage|p1a: Hydreigon|305/325|[from] hail","|","|switch|p2a: Glaceon|Glaceon, F|333/333","|turn|13","|","|move|p1a: Hydreigon|Fire Blast|p2a: Glaceon","|-supereffective|p2a: Glaceon","|-damage|p2a: Glaceon|39/333","|-status|p2a: Glaceon|brn","|-enditem|p2a: Glaceon|Lum Berry|[eat]","|-curestatus|p2a: Glaceon|brn","|move|p2a: Glaceon|Shadow Ball|p1a: Hydreigon","|-resisted|p1a: Hydreigon","|-damage|p1a: Hydreigon|263/325","|","|-weather|Hail|[upkeep]","|-damage|p1a: Hydreigon|243/325|[from] hail","|turn|14","|","|move|p1a: Hydreigon|Fire Blast|p2a: Glaceon","|-supereffective|p2a: Glaceon","|-damage|p2a: Glaceon|0 fnt","|faint|p2a: Glaceon","|","|-weather|Hail|[upkeep]","|-damage|p1a: Hydreigon|223/325|[from] hail","|","|switch|p2a: Articuno|Articuno|383/383","|-ability|p2a: Articuno|Pressure","|turn|15","|","|move|p1a: Hydreigon|Fire Blast|p2a: Articuno","|-supereffective|p2a: Articuno","|-damage|p2a: Articuno|225/383","|move|p2a: Articuno|Ancient Power|p1a: Hydreigon","|-damage|p1a: Hydreigon|173/325","|-boost|p2a: Articuno|atk|1","|-boost|p2a: Articuno|def|1","|-boost|p2a: Articuno|spa|1","|-boost|p2a: Articuno|spd|1","|-boost|p2a: Articuno|spe|1","|","|-weather|Hail|[upkeep]","|-damage|p1a: Hydreigon|153/325|[from] hail","|turn|16","|","|move|p1a: Hydreigon|Fire Blast|p2a: Articuno","|-supereffective|p2a: Articuno","|-damage|p2a: Articuno|109/383","|-status|p2a: Articuno|brn","|move|p2a: Articuno|Aerial Ace|p1a: Hydreigon","|-damage|p1a: Hydreigon|102/325","|","|-weather|none","|-damage|p2a: Articuno|62/383 brn|[from] brn","|turn|17","|","|-activate|p1a: Hydreigon|move: Struggle","|move|p1a: Hydreigon|Struggle|p2a: Articuno","|-damage|p2a: Articuno|36/383 brn","|-damage|p1a: Hydreigon|21/325|[from] recoil","|move|p2a: Articuno|Roost|p2a: Articuno","|-heal|p2a: Articuno|228/383 brn","|","|-damage|p2a: Articuno|181/383 brn|[from] brn","|turn|18","|","|-activate|p1a: Hydreigon|move: Struggle","|move|p1a: Hydreigon|Struggle|p2a: Articuno","|-damage|p2a: Articuno|154/383 brn","|-damage|p1a: Hydreigon|0 fnt|[from] recoil","|faint|p1a: Hydreigon","|move|p2a: Articuno|Roost|p2a: Articuno","|-heal|p2a: Articuno|346/383 brn","|","|-damage|p2a: Articuno|299/383 brn|[from] brn","|","|switch|p1a: Tyrantrum|Tyrantrum, M, shiny|98/305 brn","|turn|19","|","|move|p2a: Articuno|Return|p1a: Tyrantrum","|-resisted|p1a: Tyrantrum","|-damage|p1a: Tyrantrum|74/305 brn","|move|p1a: Tyrantrum|Outrage|p2a: Articuno","|-damage|p2a: Articuno|178/383 brn","|","|-damage|p2a: Articuno|131/383 brn|[from] brn","|-damage|p1a: Tyrantrum|36/305 brn|[from] brn","|turn|20","|","|move|p2a: Articuno|Roost|p2a: Articuno","|-heal|p2a: Articuno|323/383 brn","|move|p1a: Tyrantrum|Outrage|p2a: Articuno","|-damage|p2a: Articuno|201/383 brn","|","|-damage|p2a: Articuno|154/383 brn|[from] brn","|-damage|p1a: Tyrantrum|0 fnt|[from] brn","|faint|p1a: Tyrantrum","|","|switch|p1a: Kyurem-Black|Kyurem-Black, shiny|291/391","|-ability|p1a: Kyurem-Black|Teravolt","|turn|21","|","|move|p1a: Kyurem-Black|Fusion Bolt|p2a: Articuno","|-supereffective|p2a: Articuno","|-damage|p2a: Articuno|0 fnt","|faint|p2a: Articuno","|","|win|valkoinen"],"p1rating":{"entryid":"7209054","serverid":"eos","formatid":"monotype","userid":"valkoinen","username":"valkoinen","w":10,"l":"20","t":"0","gxe":36.5,"r":"1332.9760960296","rd":"74.649635028333","sigma":"0","rptime":"1438246800","rpr":1394.2434016753,"rprd":62.133795218007,"rpsigma":"0","acre":1104.0512743844,"lacre":1104.0512743844,"oldacre":"1082.9510910873"},"p2rating":{"entryid":7274782,"formatid":"monotype","userid":"nightmaredesire","username":"Nightmare Desire","r":1500,"rd":130,"sigma":0,"rpr":1438.601178922,"rprd":123.53999791643,"rpsigma":0,"rptime":1438246800,"w":0,"l":1,"t":0,"gxe":42.4,"acre":1000,"lacre":1000,"oldacre":1000},"endType":"normal"}