{"seed":[54905,3224,10597,46536],"turns":18,"p1":"Recruiter Kingdra","p2":"Traine X DUDE","p1team":[{"name":"Breloom","species":"Breloom","item":"focussash","ability":"Technician","moves":["spore","bulletseed","machpunch","swordsdance"],"nature":"Jolly","evs":{"hp":0,"atk":252,"def":4,"spa":0,"spd":0,"spe":252},"ivs":{"hp":31,"atk":31,"def":31,"spa":31,"spd":31,"spe":31}},{"name":"Celebi","species":"Celebi","item":"leftovers","ability":"Natural Cure","moves":["recover","batonpass","gigadrain","nastyplot"],"nature":"Bold","evs":{"hp":252,"atk":0,"def":148,"spa":0,"spd":0,"spe":108},"ivs":{"hp":31,"atk":31,"def":31,"spa":31,"spd":31,"spe":31}},{"name":"Ferrothorn","species":"Ferrothorn","item":"leftovers","ability":"Iron Barbs","moves":["stealthrock","leechseed","gyroball","powerwhip"],"nature":"Relaxed","evs":{"hp":252,"atk":0,"def":88,"spa":0,"spd":168,"spe":0},"ivs":{"hp":31,"atk":31,"def":31,"spa":31,"spd":31,"spe":31}},{"name":"Serperior","species":"Serperior","item":"lifeorb","ability":"Contrary","moves":["leafstorm","dragonpulse","hiddenpowerfire","gigadrain"],"nature":"Timid","evs":{"hp":0,"atk":0,"def":0,"spa":252,"spd":4,"spe":252},"ivs":{"atk":30,"spa":30,"spe":30,"hp":31,"def":31,"spd":31}},{"name":"Venusaur","species":"Venusaur","item":"venusaurite","ability":"Chlorophyll","moves":["gigadrain","sludgebomb","hiddenpowerfire","synthesis"],"nature":"Modest","evs":{"hp":232,"atk":0,"def":0,"spa":252,"spd":24,"spe":0},"ivs":{"atk":30,"spa":30,"spe":30,"hp":31,"def":31,"spd":31}},{"name":"Whimsicott","species":"Whimsicott","item":"leftovers","ability":"Prankster","moves":["taunt","stunspore","leechseed","cottonguard"],"nature":"Bold","evs":{"hp":248,"atk":0,"def":252,"spa":0,"spd":0,"spe":8},"ivs":{"hp":31,"atk":31,"def":31,"spa":31,"spd":31,"spe":31}}],"p2team":[{"name":"Bisharp","species":"Bisharp","item":"lifeorb","ability":"Defiant","moves":["knockoff","ironhead","swordsdance","suckerpunch"],"nature":"Jolly","evs":{"hp":0,"atk":252,"def":0,"spa":0,"spd":4,"spe":252},"ivs":{"hp":31,"atk":31,"def":31,"spa":31,"spd":31,"spe":31}},{"name":"Hoopa-Unbound","species":"Hoopa-Unbound","item":"lifeorb","ability":"Magician","moves":["darkpulse","psyshock","nastyplot","thunderbolt"],"nature":"Timid","evs":{"hp":0,"atk":0,"def":0,"spa":252,"spd":4,"spe":252},"ivs":{"hp":31,"atk":30,"def":30,"spa":31,"spd":31,"spe":31}},{"name":"Sableye","species":"Sableye","item":"sablenite","ability":"Prankster","moves":["willowisp","recover","suckerpunch","shadowball"],"nature":"Calm","evs":{"hp":248,"atk":0,"def":0,"spa":8,"spd":252,"spe":0},"ivs":{"hp":31,"atk":31,"def":31,"spa":31,"spd":31,"spe":31}},{"name":"Crawdaunt","species":"Crawdaunt","item":"lifeorb","ability":"Adaptability","moves":["aquajet","dragondance","knockoff","doubleedge"],"nature":"Adamant","evs":{"hp":0,"atk":252,"def":0,"spa":0,"spd":4,"spe":252},"ivs":{"hp":31,"atk":31,"def":31,"spa":31,"spd":31,"spe":31}},{"name":"Hydreigon","species":"Hydreigon","item":"choicescarf","ability":"Levitate","moves":["dracometeor","crunch","surf","superpower"],"nature":"Hasty","evs":{"hp":0,"atk":4,"def":0,"spa":252,"spd":0,"spe":252},"ivs":{"hp":31,"atk":31,"def":31,"spa":31,"spd":31,"spe":31}},{"name":"Mandibuzz","species":"Mandibuzz","item":"leftovers","ability":"Overcoat","moves":["defog","roost","toxic","knockoff"],"nature":"Impish","evs":{"hp":252,"atk":4,"def":252,"spa":0,"spd":0,"spe":0},"ivs":{"hp":31,"atk":31,"def":31,"spa":31,"spd":31,"spe":31}}],"log":["|player|p1|Recruiter Kingdra|40","|player|p2|Traine X DUDE|248","|gametype|singles","|gen|6","|tier|Monotype","|rated","|rule|Baton Pass Clause: Limit one Baton Passer, can't pass Spe and other stats simultaneously","|rule|Swagger Clause: Swagger is banned","|rule|Same Type Clause: Pokémon in a team must share a type","|clearpoke","|poke|p1|Breloom, M","|poke|p1|Celebi","|poke|p1|Ferrothorn, F","|poke|p1|Serperior, F","|poke|p1|Venusaur, F","|poke|p1|Whimsicott, M","|poke|p2|Bisharp, M","|poke|p2|Hoopa-Unbound","|poke|p2|Sableye, F","|poke|p2|Crawdaunt, F","|poke|p2|Hydreigon, F","|poke|p2|Mandibuzz, F","|rule|Sleep Clause Mod: Limit one foe put to sleep","|rule|Species Clause: Limit one of each Pokémon","|rule|OHKO Clause: OHKO moves are banned","|rule|Moody Clause: Moody is banned","|rule|Evasion Moves Clause: Evasion moves are banned","|rule|Endless Battle Clause: Forcing endless battles is banned","|rule|HP Percentage Mod: HP is shown in percentages","|teampreview","|","|start","|switch|p1a: Ferrothorn|Ferrothorn, F|352/352","|switch|p2a: Sableye|Sableye, F|303/303","|turn|1","|","|switch|p1a: Whimsicott|Whimsicott, M|323/323","|detailschange|p2a: Sableye|Sableye-Mega, F","|-mega|p2a: Sableye|Sableye|Sablenite","|move|p2a: Sableye|Will-O-Wisp|p1a: Whimsicott","|-status|p1a: Whimsicott|brn","|","|-damage|p1a: Whimsicott|283/323 brn|[from] brn","|turn|2","|","|switch|p2a: Mandibuzz|Mandibuzz, F|424/424","|move|p1a: Whimsicott|Taunt|p2a: Mandibuzz","|-start|p2a: Mandibuzz|move: Taunt","|","|-heal|p1a: Whimsicott|303/323 brn|[from] item: Leftovers","|-damage|p1a: Whimsicott|263/323 brn|[from] brn","|turn|3","|","|move|p1a: Whimsicott|Leech Seed|p2a: Mandibuzz","|-start|p2a: Mandibuzz|move: Leech Seed","|move|p2a: Mandibuzz|Knock Off|p1a: Whimsicott","|-resisted|p1a: Whimsicott","|-damage|p1a: Whimsicott|229/323 brn","|-enditem|p1a: Whimsicott|Leftovers|[from] move: Knock Off|[of] p2a: Mandibuzz","|","|-damage|p2a: Mandibuzz|371/424|[from] Leech Seed|[of] p1a: Whimsicott","|-heal|p1a: Whimsicott|282/323 brn|[silent]","|-damage|p1a: Whimsicott|242/323 brn|[from] brn","|turn|4","|","|switch|p2a: Sableye|Sableye-Mega, F|303/303","|move|p1a: Whimsicott|Cotton Guard|p1a: Whimsicott","|-boost|p1a: Whimsicott|def|3","|","|-damage|p1a: Whimsicott|202/323 brn|[from] brn","|turn|5","|","|switch|p1a: Breloom|Breloom, M|261/261","|move|p2a: Sableye|Shadow Ball|p1a: Breloom","|-damage|p1a: Breloom|132/261","|","|turn|6","|","|move|p1a: Breloom|Swords Dance|p1a: Breloom","|-boost|p1a: Breloom|atk|2","|move|p2a: Sableye|Shadow Ball|p1a: Breloom","|-damage|p1a: Breloom|8/261","|","|turn|7","|","|move|p1a: Breloom|Bullet Seed|p2a: Sableye","|-damage|p2a: Sableye|195/303","|-crit|p2a: Sableye","|-damage|p2a: Sableye|27/303","|-damage|p2a: Sableye|0 fnt","|-hitcount|p2a: Sableye|3","|faint|p2a: Sableye","|","|","|switch|p2a: Bisharp|Bisharp, M|271/271","|turn|8","|","|move|p1a: Breloom|Mach Punch|p2a: Bisharp","|-supereffective|p2a: Bisharp","|-damage|p2a: Bisharp|0 fnt","|faint|p2a: Bisharp","|","|","|switch|p2a: Hoopa-Unbound|Hoopa-Unbound|301/301","|turn|9","|","|move|p1a: Breloom|Mach Punch|p2a: Hoopa-Unbound","|-damage|p2a: Hoopa-Unbound|0 fnt","|faint|p2a: Hoopa-Unbound","|","|","|switch|p2a: Mandibuzz|Mandibuzz, F|371/424","|turn|10","|","|move|p1a: Breloom|Bullet Seed|p2a: Mandibuzz","|-resisted|p2a: Mandibuzz","|-damage|p2a: Mandibuzz|325/424","|-resisted|p2a: Mandibuzz","|-damage|p2a: Mandibuzz|279/424","|-resisted|p2a: Mandibuzz","|-damage|p2a: Mandibuzz|232/424","|-crit|p2a: Mandibuzz","|-resisted|p2a: Mandibuzz","|-damage|p2a: Mandibuzz|160/424","|-resisted|p2a: Mandibuzz","|-damage|p2a: Mandibuzz|115/424","|-hitcount|p2a: Mandibuzz|5","|move|p2a: Mandibuzz|Knock Off|p1a: Breloom","|-resisted|p1a: Breloom","|-damage|p1a: Breloom|0 fnt","|-enditem|p1a: Breloom|Focus Sash|[from] move: Knock Off|[of] p2a: Mandibuzz","|faint|p1a: Breloom","|","|-heal|p2a: Mandibuzz|141/424|[from] item: Leftovers","|","|switch|p1a: Serperior|Serperior, F|291/291","|turn|11","|","|move|p1a: Serperior|Leaf Storm|p2a: Mandibuzz","|-resisted|p2a: Mandibuzz","|-damage|p2a: Mandibuzz|32/424","|-boost|p1a: Serperior|spa|2","|-damage|p1a: Serperior|262/291|[from] item: Life Orb","|move|p2a: Mandibuzz|Toxic|p1a: Serperior","|-status|p1a: Serperior|tox","|","|-heal|p2a: Mandibuzz|58/424|[from] item: Leftovers","|-damage|p1a: Serperior|244/291 tox|[from] psn","|turn|12","|","|move|p1a: Serperior|Leaf Storm|p2a: Mandibuzz","|-resisted|p2a: Mandibuzz","|-damage|p2a: Mandibuzz|0 fnt","|-boost|p1a: Serperior|spa|2","|-damage|p1a: Serperior|215/291 tox|[from] item: Life Orb","|faint|p2a: Mandibuzz","|","|-damage|p1a: Serperior|179/291 tox|[from] psn","|","|switch|p2a: Hydreigon|Hydreigon, F|325/325","|turn|13","|","|move|p2a: Hydreigon|Crunch|p1a: Serperior","|-damage|p1a: Serperior|71/291 tox","|move|p1a: Serperior|Dragon Pulse|p2a: Hydreigon","|-supereffective|p2a: Hydreigon","|-damage|p2a: Hydreigon|0 fnt","|-damage|p1a: Serperior|42/291 tox|[from] item: Life Orb","|faint|p2a: Hydreigon","|","|-damage|p1a: Serperior|0 fnt|[from] psn","|faint|p1a: Serperior","|","|switch|p2a: Crawdaunt|Crawdaunt, F|267/267","|switch|p1a: Ferrothorn|Ferrothorn, F|352/352","|turn|14","|","|move|p2a: Crawdaunt|Dragon Dance|p2a: Crawdaunt","|-boost|p2a: Crawdaunt|atk|1","|-boost|p2a: Crawdaunt|spe|1","|move|p1a: Ferrothorn|Leech Seed|p2a: Crawdaunt","|-start|p2a: Crawdaunt|move: Leech Seed","|","|-damage|p2a: Crawdaunt|234/267|[from] Leech Seed|[of] p1a: Ferrothorn","|turn|15","|","|move|p2a: Crawdaunt|Dragon Dance|p2a: Crawdaunt","|-boost|p2a: Crawdaunt|atk|1","|-boost|p2a: Crawdaunt|spe|1","|move|p1a: Ferrothorn|Power Whip|p2a: Crawdaunt|[miss]","|-miss|p1a: Ferrothorn|p2a: Crawdaunt","|","|-damage|p2a: Crawdaunt|201/267|[from] Leech Seed|[of] p1a: Ferrothorn","|turn|16","|","|move|p2a: Crawdaunt|Knock Off|p1a: Ferrothorn","|-crit|p1a: Ferrothorn","|-damage|p1a: Ferrothorn|0 fnt","|-damage|p2a: Crawdaunt|168/267|[from] ability: Iron Barbs|[of] p1a: Ferrothorn","|-enditem|p1a: Ferrothorn|Leftovers|[from] move: Knock Off|[of] p2a: Crawdaunt","|-damage|p2a: Crawdaunt|142/267|[from] item: Life Orb","|faint|p1a: Ferrothorn","|","|","|switch|p1a: Whimsicott|Whimsicott, M|202/323 brn","|turn|17","|","|move|p1a: Whimsicott|Cotton Guard|p1a: Whimsicott","|-boost|p1a: Whimsicott|def|3","|move|p2a: Crawdaunt|Double-Edge|p1a: Whimsicott","|-damage|p1a: Whimsicott|85/323 brn","|-damage|p2a: Crawdaunt|103/267|[from] recoil|[of] p1a: Whimsicott","|-damage|p2a: Crawdaunt|77/267|[from] item: Life Orb","|","|-damage|p2a: Crawdaunt|44/267|[from] Leech Seed|[of] p1a: Whimsicott","|-heal|p1a: Whimsicott|118/323 brn|[silent]","|-damage|p1a: Whimsicott|78/323 brn|[from] brn","|turn|18","|","|move|p1a: Whimsicott|Cotton Guard|p1a: Whimsicott","|-boost|p1a: Whimsicott|def|3","|move|p2a: Crawdaunt|Double-Edge|p1a: Whimsicott","|-damage|p1a: Whimsicott|0 fnt","|-damage|p2a: Crawdaunt|18/267|[from] recoil|[of] p1a: Whimsicott","|-damage|p2a: Crawdaunt|0 fnt|[from] item: Life Orb","|faint|p1a: Whimsicott","|faint|p2a: Crawdaunt","|","|win|Recruiter Kingdra"],"p1rating":{"entryid":"7080447","serverid":"eos","formatid":"monotype","userid":"recruiterkingdra","username":"Recruiter♕Kingdra","w":55,"l":"52","t":"0","gxe":52.5,"r":"1518.0551194766","rd":"37.689556928638","sigma":"0","rptime":"1438246800","rpr":1518.7032948422,"rprd":36.546749320857,"rpsigma":"0","acre":1120.1434408022,"lacre":1120.1434408022,"oldacre":"1102.2988408863"},"p2rating":{"entryid":"7269993","serverid":"eos","formatid":"monotype","userid":"trainexdude","username":"Traine X DUDE","w":"0","l":3,"t":"0","gxe":38.7,"r":"1500","rd":"130","sigma":"0","rptime":"1438246800","rpr":1409.2869243126,"rprd":109.97660539799,"rpsigma":"0","acre":1000,"lacre":1000,"oldacre":"1000"},"endType":"normal"}