{"seed":[15149,61286,4133,41925],"turns":29,"p1":"Traine✘ Redbraze","p2":"DJ⌐■_■Entropy","p1team":[{"name":"Celestia","species":"altaria","item":"altarianite","ability":"Natural Cure","moves":["return","earthquake","roost","dragondance"],"nature":"Adamant","evs":{"hp":0,"atk":252,"def":0,"spa":0,"spd":4,"spe":252},"shiny":true,"ivs":{"hp":31,"atk":31,"def":31,"spa":31,"spd":31,"spe":31}},{"name":"Dragonite","species":"Dragonite","item":"weaknesspolicy","ability":"Multiscale","moves":["dragonclaw","extremespeed","ironhead","dragondance"],"nature":"Jolly","evs":{"hp":0,"atk":252,"def":0,"spa":0,"spd":4,"spe":252},"ivs":{"hp":31,"atk":31,"def":31,"spa":31,"spd":31,"spe":31}},{"name":"Latias","species":"Latias","item":"leftovers","ability":"Levitate","moves":["psyshock","roost","thunderwave","defog"],"nature":"Timid","evs":{"hp":252,"atk":0,"def":0,"spa":0,"spd":4,"spe":252},"ivs":{"hp":31,"atk":31,"def":31,"spa":31,"spd":31,"spe":31}},{"name":"Tyrantrum","species":"Tyrantrum","item":"lifeorb","ability":"Rock Head","moves":["stealthrock","headsmash","dragontail","dragonclaw"],"nature":"Jolly","evs":{"hp":0,"atk":252,"def":0,"spa":0,"spd":4,"spe":252},"shiny":true,"ivs":{"hp":31,"atk":31,"def":31,"spa":31,"spd":31,"spe":31}},{"name":"Salamence","species":"Salamence","item":"choicespecs","ability":"Intimidate","moves":["dracometeor","fireblast","hydropump","hypervoice"],"nature":"Timid","evs":{"hp":0,"atk":0,"def":0,"spa":252,"spd":4,"spe":252},"ivs":{"hp":31,"atk":31,"def":31,"spa":31,"spd":31,"spe":31}},{"name":"Garchomp","species":"Garchomp","item":"rockyhelmet","ability":"Rough Skin","moves":["dragonclaw","earthquake","ironhead","swordsdance"],"nature":"Jolly","evs":{"hp":0,"atk":252,"def":0,"spa":0,"spd":4,"spe":252},"shiny":true,"ivs":{"hp":31,"atk":31,"def":31,"spa":31,"spd":31,"spe":31}}],"p2team":[{"name":"Rook","species":"golurk","item":"choiceband","ability":"No Guard","moves":["dynamicpunch","earthquake","shadowpunch","icepunch"],"nature":"Brave","evs":{"hp":248,"atk":252,"def":0,"spa":0,"spd":8,"spe":0},"ivs":{"hp":31,"atk":31,"def":30,"spa":31,"spd":30,"spe":31}},{"name":"Bishop","species":"trevenant","item":"sitrusberry","ability":"Harvest","moves":["hornleech","willowisp","substitute","leechseed"],"nature":"Careful","evs":{"hp":252,"atk":4,"def":0,"spa":0,"spd":252,"spe":0},"ivs":{"hp":31,"atk":31,"def":31,"spa":31,"spd":31,"spe":31}},{"name":"Knight","species":"aegislash","item":"leftovers","ability":"Stance Change","moves":["shadowball","shadowsneak","kingsshield","flashcannon"],"nature":"Quiet","evs":{"hp":244,"atk":0,"def":12,"spa":252,"spd":0,"spe":0},"ivs":{"hp":31,"atk":31,"def":31,"spa":31,"spd":31,"spe":31}},{"name":"King","species":"jellicent","item":"leftovers","ability":"Water Absorb","moves":["scald","toxic","trickroom","recover"],"nature":"Calm","evs":{"hp":252,"atk":0,"def":4,"spa":0,"spd":252,"spe":0},"gender":"M","ivs":{"hp":31,"atk":31,"def":31,"spa":31,"spd":31,"spe":0}},{"name":"Queen","species":"sableye","item":"sablenite","ability":"Prankster","moves":["recover","willowisp","darkpulse","calmmind"],"nature":"Bold","evs":{"hp":248,"atk":0,"def":252,"spa":8,"spd":0,"spe":0},"gender":"F","ivs":{"hp":31,"atk":31,"def":31,"spa":31,"spd":31,"spe":31}},{"name":"Pawn","species":"cofagrigus","item":"leftovers","ability":"Mummy","moves":["shadowball","willowisp","trickroom","destinybond"],"nature":"Sassy","evs":{"hp":252,"atk":0,"def":0,"spa":4,"spd":252,"spe":0},"ivs":{"hp":31,"atk":31,"def":31,"spa":31,"spd":31,"spe":0}}],"log":["|player|p1|Traine✘ Redbraze|148","|player|p2|DJ⌐■_■Entropy|290","|gametype|singles","|gen|6","|tier|Monotype","|rated","|rule|Baton Pass Clause: Limit one Baton Passer, can't pass Spe and other stats simultaneously","|rule|Swagger Clause: Swagger is banned","|rule|Same Type Clause: Pokémon in a team must share a type","|clearpoke","|poke|p1|Altaria, F, shiny","|poke|p1|Dragonite, M","|poke|p1|Latias, F","|poke|p1|Tyrantrum, F, shiny","|poke|p1|Salamence, F","|poke|p1|Garchomp, F, shiny","|poke|p2|Golurk","|poke|p2|Trevenant, M","|poke|p2|Aegislash, M","|poke|p2|Jellicent, M","|poke|p2|Sableye, F","|poke|p2|Cofagrigus, M","|rule|Sleep Clause Mod: Limit one foe put to sleep","|rule|Species Clause: Limit one of each Pokémon","|rule|OHKO Clause: OHKO moves are banned","|rule|Moody Clause: Moody is banned","|rule|Evasion Moves Clause: Evasion moves are banned","|rule|Endless Battle Clause: Forcing endless battles is banned","|rule|HP Percentage Mod: HP is shown in percentages","|teampreview","|","|start","|switch|p1a: Tyrantrum|Tyrantrum, F, shiny|305/305","|switch|p2a: Pawn|Cofagrigus, M|320/320","|turn|1","|","|move|p1a: Tyrantrum|Stealth Rock|p2a: Pawn","|-sidestart|p2: DJ⌐■_■Entropy|move: Stealth Rock","|move|p2a: Pawn|Trick Room|p2a: Pawn","|-fieldstart|move: Trick Room|[of] p2a: Pawn","|","|turn|2","|","|move|p2a: Pawn|Destiny Bond|p2a: Pawn","|-singlemove|p2a: Pawn|Destiny Bond","|move|p1a: Tyrantrum|Head Smash|p2a: Pawn","|-damage|p2a: Pawn|82/320","|-endability|p1a: Tyrantrum|rockhead|[from] Mummy","|-ability|p1a: Tyrantrum|Mummy|[from] Mummy","|-damage|p1a: Tyrantrum|186/305|[from] recoil|[of] p2a: Pawn","|-damage|p1a: Tyrantrum|156/305|[from] item: Life Orb","|","|-heal|p2a: Pawn|102/320|[from] item: Leftovers","|turn|3","|","|move|p2a: Pawn|Will-O-Wisp|p1a: Tyrantrum","|-status|p1a: Tyrantrum|brn","|move|p1a: Tyrantrum|Dragon Tail|p2a: Pawn","|-damage|p2a: Pawn|51/320","|-damage|p1a: Tyrantrum|126/305 brn|[from] item: Life Orb","|drag|p2a: Bishop|Trevenant, M|374/374","|-damage|p2a: Bishop|328/374|[from] Stealth Rock","|","|-damage|p1a: Tyrantrum|88/305 brn|[from] brn","|turn|4","|","|move|p2a: Bishop|Substitute|p2a: Bishop","|-start|p2a: Bishop|Substitute","|-damage|p2a: Bishop|235/374","|move|p1a: Tyrantrum|Dragon Claw|p2a: Bishop","|-end|p2a: Bishop|Substitute","|-damage|p1a: Tyrantrum|58/305 brn|[from] item: Life Orb","|","|-damage|p1a: Tyrantrum|20/305 brn|[from] brn","|turn|5","|","|move|p2a: Bishop|Substitute|p2a: Bishop","|-start|p2a: Bishop|Substitute","|-damage|p2a: Bishop|142/374","|-enditem|p2a: Bishop|Sitrus Berry|[eat]","|-heal|p2a: Bishop|235/374|[from] item: Sitrus Berry","|move|p1a: Tyrantrum|Head Smash|p2a: Bishop","|-end|p2a: Bishop|Substitute","|-damage|p1a: Tyrantrum|0 fnt|[from] recoil|[of] p2a: Bishop","|faint|p1a: Tyrantrum","|","|-fieldend|move: Trick Room","|","|switch|p1a: Salamence|Salamence, F|331/331","|-ability|p1a: Salamence|Intimidate","|-unboost|p2a: Bishop|atk|1","|turn|6","|","|move|p1a: Salamence|Fire Blast|p2a: Bishop|[miss]","|-miss|p1a: Salamence|p2a: Bishop","|move|p2a: Bishop|Will-O-Wisp|p1a: Salamence","|-status|p1a: Salamence|brn","|","|-damage|p1a: Salamence|290/331 brn|[from] brn","|turn|7","|","|switch|p2a: King|Jellicent, M|404/404","|-damage|p2a: King|354/404|[from] Stealth Rock","|move|p1a: Salamence|Fire Blast|p2a: King","|-resisted|p2a: King","|-damage|p2a: King|289/404","|","|-heal|p2a: King|314/404|[from] item: Leftovers","|-damage|p1a: Salamence|249/331 brn|[from] brn","|turn|8","|","|switch|p1a: Latias|Latias, F|364/364","|move|p2a: King|Trick Room|p2a: King","|-fieldstart|move: Trick Room|[of] p2a: King","|","|-heal|p2a: King|339/404|[from] item: Leftovers","|turn|9","|","|move|p2a: King|Toxic|p1a: Latias","|-status|p1a: Latias|tox","|move|p1a: Latias|Thunder Wave|p2a: King","|-status|p2a: King|par","|","|-heal|p2a: King|364/404 par|[from] item: Leftovers","|-damage|p1a: Latias|342/364 tox|[from] psn","|turn|10","|","|switch|p2a: Rook|Golurk|381/381","|-damage|p2a: Rook|358/381|[from] Stealth Rock","|move|p1a: Latias|Psyshock|p2a: Rook","|-damage|p2a: Rook|240/381","|","|-heal|p1a: Latias|364/364 tox|[from] item: Leftovers","|-damage|p1a: Latias|320/364 tox|[from] psn","|turn|11","|","|switch|p1a: Garchomp|Garchomp, F, shiny|357/357","|move|p2a: Rook|Ice Punch|p1a: Garchomp","|-supereffective|p1a: Garchomp","|-damage|p1a: Garchomp|0 fnt","|-damage|p2a: Rook|193/381|[from] ability: Rough Skin|[of] p1a: Garchomp","|-damage|p2a: Rook|130/381|[from] item: Rocky Helmet|[of] p1a: Garchomp","|faint|p1a: Garchomp","|","|","|switch|p1a: Dragonite|Dragonite, M|323/323","|turn|12","|","|switch|p2a: Pawn|Cofagrigus, M|51/320","|-damage|p2a: Pawn|11/320|[from] Stealth Rock","|move|p1a: Dragonite|Dragon Dance|p1a: Dragonite","|-boost|p1a: Dragonite|atk|1","|-boost|p1a: Dragonite|spe|1","|","|-heal|p2a: Pawn|31/320|[from] item: Leftovers","|-fieldend|move: Trick Room","|turn|13","|","|move|p1a: Dragonite|Iron Head|p2a: Pawn","|-damage|p2a: Pawn|0 fnt","|-endability|p1a: Dragonite|multiscale|[from] Mummy","|-ability|p1a: Dragonite|Mummy|[from] Mummy","|faint|p2a: Pawn","|","|","|switch|p2a: King|Jellicent, M|364/404 par","|-damage|p2a: King|314/404 par|[from] Stealth Rock","|turn|14","|","|move|p1a: Dragonite|Dragon Claw|p2a: King","|-damage|p2a: King|13/404 par","|move|p2a: King|Scald|p1a: Dragonite","|-resisted|p1a: Dragonite","|-damage|p1a: Dragonite|281/323","|","|-heal|p2a: King|38/404 par|[from] item: Leftovers","|turn|15","|","|move|p1a: Dragonite|Dragon Claw|p2a: King","|-damage|p2a: King|0 fnt","|faint|p2a: King","|","|","|switch|p2a: Queen|Sableye, F|303/303","|-damage|p2a: Queen|266/303|[from] Stealth Rock","|turn|16","|","|switch|p1a: Latias|Latias, F|320/364 tox","|detailschange|p2a: Queen|Sableye-Mega, F","|-mega|p2a: Queen|Sableye|Sablenite","|move|p2a: Queen|Will-O-Wisp|p1a: Latias","|-fail|p1a: Latias","|","|-heal|p1a: Latias|342/364 tox|[from] item: Leftovers","|-damage|p1a: Latias|320/364 tox|[from] psn","|turn|17","|","|move|p1a: Latias|Psyshock|p2a: Queen","|-immune|p2a: Queen|[msg]","|move|p2a: Queen|Calm Mind|p2a: Queen","|-boost|p2a: Queen|spa|1","|-boost|p2a: Queen|spd|1","|","|-heal|p1a: Latias|342/364 tox|[from] item: Leftovers","|-damage|p1a: Latias|298/364 tox|[from] psn","|turn|18","|","|switch|p1a: Celestia|Altaria, F, shiny|291/291","|move|p2a: Queen|Calm Mind|p2a: Queen","|-boost|p2a: Queen|spa|1","|-boost|p2a: Queen|spd|1","|","|turn|19","|","|detailschange|p1a: Celestia|Altaria-Mega, F, shiny","|-mega|p1a: Celestia|Altaria|Altarianite","|move|p1a: Celestia|Dragon Dance|p1a: Celestia","|-boost|p1a: Celestia|atk|1","|-boost|p1a: Celestia|spe|1","|move|p2a: Queen|Will-O-Wisp|p1a: Celestia","|-status|p1a: Celestia|brn","|","|-damage|p1a: Celestia|255/291 brn|[from] brn","|turn|20","|","|move|p1a: Celestia|Dragon Dance|p1a: Celestia","|-boost|p1a: Celestia|atk|1","|-boost|p1a: Celestia|spe|1","|move|p2a: Queen|Recover|p2a: Queen","|-heal|p2a: Queen|303/303","|","|-damage|p1a: Celestia|219/291 brn|[from] brn","|turn|21","|","|move|p1a: Celestia|Return|p2a: Queen","|-supereffective|p2a: Queen","|-damage|p2a: Queen|2/303","|move|p2a: Queen|Dark Pulse|p1a: Celestia","|-resisted|p1a: Celestia","|-damage|p1a: Celestia|144/291 brn","|","|-damage|p1a: Celestia|108/291 brn|[from] brn","|turn|22","|","|move|p1a: Celestia|Return|p2a: Queen","|-supereffective|p2a: Queen","|-damage|p2a: Queen|0 fnt","|faint|p2a: Queen","|","|-damage|p1a: Celestia|72/291 brn|[from] brn","|","|switch|p2a: Knight|Aegislash, M|322/322","|-damage|p2a: Knight|302/322|[from] Stealth Rock","|turn|23","|","|move|p2a: Knight|King's Shield|p2a: Knight","|-singleturn|p2a: Knight|Protect","|move|p1a: Celestia|Earthquake|p2a: Knight","|-activate|p2a: Knight|Protect","|","|-heal|p2a: Knight|322/322|[from] item: Leftovers","|-damage|p1a: Celestia|36/291 brn|[from] brn","|turn|24","|","|-formechange|p2a: Knight|Aegislash-Blade","|move|p2a: Knight|Shadow Sneak|p1a: Celestia","|-crit|p1a: Celestia","|-damage|p1a: Celestia|0 fnt","|faint|p1a: Celestia","|","|","|switch|p1a: Salamence|Salamence, F|249/331 brn","|-ability|p1a: Salamence|Intimidate","|-unboost|p2a: Knight|atk|1","|turn|25","|","|-formechange|p2a: Knight|Aegislash","|move|p2a: Knight|King's Shield|p2a: Knight","|-singleturn|p2a: Knight|Protect","|move|p1a: Salamence|Fire Blast|p2a: Knight","|-activate|p2a: Knight|Protect","|","|-damage|p1a: Salamence|208/331 brn|[from] brn","|turn|26","|","|move|p1a: Salamence|Fire Blast|p2a: Knight","|-supereffective|p2a: Knight","|-damage|p2a: Knight|60/322","|-formechange|p2a: Knight|Aegislash-Blade","|move|p2a: Knight|Shadow Ball|p1a: Salamence","|-damage|p1a: Salamence|0 fnt","|faint|p1a: Salamence","|","|-heal|p2a: Knight|80/322|[from] item: Leftovers","|","|switch|p1a: Dragonite|Dragonite, M|281/323","|turn|27","|","|move|p1a: Dragonite|Dragon Dance|p1a: Dragonite","|-boost|p1a: Dragonite|atk|1","|-boost|p1a: Dragonite|spe|1","|move|p2a: Knight|Shadow Ball|p1a: Dragonite","|-damage|p1a: Dragonite|92/323","|","|-heal|p2a: Knight|100/322|[from] item: Leftovers","|turn|28","|","|-formechange|p2a: Knight|Aegislash","|move|p2a: Knight|King's Shield|p2a: Knight","|-singleturn|p2a: Knight|Protect","|move|p1a: Dragonite|Dragon Claw|p2a: Knight","|-activate|p2a: Knight|Protect","|-unboost|p1a: Dragonite|atk|2","|","|-heal|p2a: Knight|120/322|[from] item: Leftovers","|turn|29","|","|move|p1a: Dragonite|Dragon Claw|p2a: Knight","|-resisted|p2a: Knight","|-damage|p2a: Knight|86/322","|-formechange|p2a: Knight|Aegislash-Blade","|move|p2a: Knight|Shadow Ball|p1a: Dragonite","|-damage|p1a: Dragonite|0 fnt","|faint|p1a: Dragonite","|","|-heal|p2a: Knight|106/322|[from] item: Leftovers","|","|win|DJ⌐■_■Entropy"],"p1rating":{"entryid":"7247602","serverid":"eos","formatid":"monotype","userid":"traineredbraze","username":"Traine✘ Redbraze","w":"3","l":5,"t":"0","gxe":42.5,"r":1468.79355411,"rd":94.812162706495,"sigma":"0","rptime":1438246800,"rpr":1440.9784234249,"rprd":91.916066511427,"rpsigma":"0","acre":1028.9425284855,"lacre":1028.9425284855,"oldacre":"1048.6454125863"},"p2rating":{"entryid":"7256388","serverid":"eos","formatid":"monotype","userid":"djentropy","username":"DJ⌐■_■Entropy","w":1,"l":"6","t":"0","gxe":35.7,"r":"1391.7669643336","rd":"106.17583504752","sigma":"0","rptime":"1438246800","rpr":1385.245468142,"rprd":95.468391732924,"rpsigma":"0","acre":1045.5641981388,"lacre":1045.5641981388,"oldacre":"1000"},"endType":"forfeit"}