{"seed":[40673,44580,9200,24190],"turns":25,"p1":"Yung draco","p2":"Queen of Llamas","p1team":[{"name":"Altaria","species":"Altaria","item":"altarianite","ability":"Natural Cure","moves":["refresh","dragondance","roost","return"],"nature":"Jolly","evs":{"hp":0,"atk":252,"def":0,"spa":0,"spd":4,"spe":252},"ivs":{"hp":31,"atk":31,"def":31,"spa":31,"spd":31,"spe":31}},{"name":"Garchomp","species":"Garchomp","item":"rockyhelmet","ability":"Rough Skin","moves":["stealthrock","dragontail","fireblast","earthquake"],"nature":"Serious","evs":{"hp":144,"atk":16,"def":252,"spa":0,"spd":0,"spe":96},"ivs":{"hp":31,"atk":31,"def":31,"spa":31,"spd":31,"spe":31}},{"name":"Goodra","species":"Goodra","item":"assaultvest","ability":"Gooey","moves":["sludgewave","dragonpulse","thunderbolt","flamethrower"],"nature":"Calm","evs":{"hp":248,"atk":0,"def":0,"spa":8,"spd":252,"spe":0},"ivs":{"hp":31,"atk":31,"def":31,"spa":31,"spd":31,"spe":31}},{"name":"Kyurem-Black","species":"Kyurem-Black","item":"choicescarf","ability":"Teravolt","moves":["ironhead","icebeam","fusionbolt","outrage"],"nature":"Naive","evs":{"hp":0,"atk":252,"def":0,"spa":4,"spd":0,"spe":252},"ivs":{"hp":31,"atk":31,"def":31,"spa":31,"spd":31,"spe":31}},{"name":"Kingdra","species":"Kingdra","item":"scopelens","ability":"Sniper","moves":["focusenergy","agility","dracometeor","surf"],"nature":"Timid","evs":{"hp":0,"atk":0,"def":0,"spa":252,"spd":4,"spe":252},"ivs":{"hp":31,"atk":31,"def":31,"spa":31,"spd":31,"spe":31}},{"name":"Dragonite","species":"Dragonite","item":"weaknesspolicy","ability":"Multiscale","moves":["roost","earthquake","dragonclaw","dragondance"],"nature":"Jolly","evs":{"hp":0,"atk":252,"def":0,"spa":0,"spd":4,"spe":252},"ivs":{"hp":31,"atk":31,"def":31,"spa":31,"spd":31,"spe":31}}],"p2team":[{"name":"Squert Squert","species":"genesectdouse","item":"dousedrive","ability":"Download","moves":["extremespeed","technoblast","honeclaws","bugbuzz"],"nature":"Hasty","evs":{"hp":0,"atk":4,"def":0,"spa":252,"spd":0,"spe":252},"shiny":true,"ivs":{"hp":31,"atk":31,"def":31,"spa":31,"spd":31,"spe":31}},{"name":"Pinsir","species":"Pinsir","item":"pinsirite","ability":"Hyper Cutter","moves":["quickattack","stealthrock","xscissor","swordsdance"],"nature":"Jolly","evs":{"hp":0,"atk":252,"def":0,"spa":0,"spd":4,"spe":252},"shiny":true,"ivs":{"hp":31,"atk":31,"def":31,"spa":31,"spd":31,"spe":31}},{"name":"Heracross","species":"Heracross","item":"choicescarf","ability":"Moxie","moves":["earthquake","megahorn","closecombat","stoneedge"],"nature":"Jolly","evs":{"hp":0,"atk":252,"def":0,"spa":0,"spd":4,"spe":252},"shiny":true,"ivs":{"hp":31,"atk":31,"def":31,"spa":31,"spd":31,"spe":31}},{"name":"Armando","species":"armaldo","item":"laxincense","ability":"Battle Armor","moves":["aquatail","rockpolish","rapidspin","earthquake"],"nature":"Jolly","evs":{"hp":0,"atk":252,"def":0,"spa":0,"spd":4,"spe":252},"shiny":true,"ivs":{"hp":31,"atk":31,"def":31,"spa":31,"spd":31,"spe":31}},{"name":"Scizor","species":"Scizor","item":"choiceband","ability":"Technician","moves":["bulletpunch","bugbite","aerialace","ironhead"],"nature":"Naive","evs":{"hp":248,"atk":0,"def":0,"spa":8,"spd":0,"spe":252},"shiny":true,"ivs":{"hp":31,"atk":31,"def":31,"spa":31,"spd":31,"spe":31}},{"name":"Volcarona","species":"Volcarona","item":"leftovers","ability":"Flame Body","moves":["fierydance","gigadrain","quiverdance","bugbuzz"],"nature":"Timid","evs":{"hp":0,"atk":0,"def":0,"spa":252,"spd":4,"spe":252},"ivs":{"hp":31,"atk":31,"def":31,"spa":31,"spd":31,"spe":31}}],"log":["|player|p1|Yung draco|143","|player|p2|Queen of Llamas|209","|gametype|singles","|gen|6","|tier|Monotype","|rated","|rule|Baton Pass Clause: Limit one Baton Passer, can't pass Spe and other stats simultaneously","|rule|Swagger Clause: Swagger is banned","|rule|Same Type Clause: Pokémon in a team must share a type","|clearpoke","|poke|p1|Altaria, F","|poke|p1|Garchomp, F","|poke|p1|Goodra, M","|poke|p1|Kyurem-Black","|poke|p1|Kingdra, F","|poke|p1|Dragonite, F","|poke|p2|Genesect-*, shiny","|poke|p2|Pinsir, F, shiny","|poke|p2|Heracross, M, shiny","|poke|p2|Armaldo, M, shiny","|poke|p2|Scizor, F, shiny","|poke|p2|Volcarona, F","|rule|Sleep Clause Mod: Limit one foe put to sleep","|rule|Species Clause: Limit one of each Pokémon","|rule|OHKO Clause: OHKO moves are banned","|rule|Moody Clause: Moody is banned","|rule|Evasion Moves Clause: Evasion moves are banned","|rule|Endless Battle Clause: Forcing endless battles is banned","|rule|HP Percentage Mod: HP is shown in percentages","|teampreview","|","|start","|switch|p1a: Garchomp|Garchomp, F|393/393","|switch|p2a: Squert Squert|Genesect-Douse, shiny|283/283","|-boost|p2a: Squert Squert|spa|1|[from] ability: Download","|turn|1","|","|switch|p1a: Goodra|Goodra, M|383/383","|move|p2a: Squert Squert|Techno Blast|p1a: Goodra","|-resisted|p1a: Goodra","|-damage|p1a: Goodra|350/383","|","|turn|2","|","|move|p2a: Squert Squert|Bug Buzz|p1a: Goodra","|-damage|p1a: Goodra|274/383","|-unboost|p1a: Goodra|spd|1","|move|p1a: Goodra|Flamethrower|p2a: Squert Squert","|-supereffective|p2a: Squert Squert","|-damage|p2a: Squert Squert|0 fnt","|faint|p2a: Squert Squert","|","|","|switch|p2a: Heracross|Heracross, M, shiny|301/301","|turn|3","|","|switch|p1a: Garchomp|Garchomp, F|393/393","|move|p2a: Heracross|Earthquake|p1a: Garchomp","|-damage|p1a: Garchomp|302/393","|","|turn|4","|","|move|p2a: Heracross|Earthquake|p1a: Garchomp","|-damage|p1a: Garchomp|208/393","|move|p1a: Garchomp|Fire Blast|p2a: Heracross","|-supereffective|p2a: Heracross","|-damage|p2a: Heracross|153/301","|","|turn|5","|","|move|p2a: Heracross|Earthquake|p1a: Garchomp","|-crit|p1a: Garchomp","|-damage|p1a: Garchomp|70/393","|move|p1a: Garchomp|Stealth Rock|p2a: Heracross","|-sidestart|p2: Queen of Llamas|move: Stealth Rock","|","|turn|6","|","|switch|p1a: Dragonite|Dragonite, F|323/323","|move|p2a: Heracross|Earthquake|p1a: Dragonite","|-immune|p1a: Dragonite|[msg]","|","|turn|7","|","|switch|p2a: Armando|Armaldo, M, shiny|291/291","|-damage|p2a: Armando|219/291|[from] Stealth Rock","|move|p1a: Dragonite|Dragon Dance|p1a: Dragonite","|-boost|p1a: Dragonite|atk|1","|-boost|p1a: Dragonite|spe|1","|","|turn|8","|","|move|p1a: Dragonite|Dragon Claw|p2a: Armando","|-damage|p2a: Armando|11/291","|move|p2a: Armando|Rapid Spin|p1a: Dragonite","|-damage|p1a: Dragonite|311/323","|-sideend|p2: Queen of Llamas|Stealth Rock|[from] move: Rapid Spin|[of] p2a: Armando","|","|turn|9","|","|move|p1a: Dragonite|Dragon Claw|p2a: Armando","|-damage|p2a: Armando|0 fnt","|faint|p2a: Armando","|","|","|switch|p2a: Heracross|Heracross, M, shiny|153/301","|turn|10","|","|switch|p1a: Garchomp|Garchomp, F|70/393","|move|p2a: Heracross|Stone Edge|p1a: Garchomp","|-resisted|p1a: Garchomp","|-damage|p1a: Garchomp|20/393","|","|turn|11","|","|move|p2a: Heracross|Stone Edge|p1a: Garchomp","|-resisted|p1a: Garchomp","|-damage|p1a: Garchomp|0 fnt","|faint|p1a: Garchomp","|-boost|p2a: Heracross|atk|1|[from] ability: Moxie","|","|","|switch|p1a: Goodra|Goodra, M|274/383","|turn|12","|","|move|p2a: Heracross|Stone Edge|p1a: Goodra","|-damage|p1a: Goodra|31/383","|move|p1a: Goodra|Flamethrower|p2a: Heracross","|-supereffective|p2a: Heracross","|-damage|p2a: Heracross|0 fnt","|faint|p2a: Heracross","|","|","|switch|p2a: Pinsir|Pinsir, F, shiny|271/271","|turn|13","|","|switch|p1a: Dragonite|Dragonite, F|311/323","|detailschange|p2a: Pinsir|Pinsir-Mega, F, shiny","|-mega|p2a: Pinsir|Pinsir|Pinsirite","|move|p2a: Pinsir|Quick Attack|p1a: Dragonite","|-damage|p1a: Dragonite|208/323","|","|turn|14","|","|move|p2a: Pinsir|Swords Dance|p2a: Pinsir","|-boost|p2a: Pinsir|atk|2","|move|p1a: Dragonite|Dragon Claw|p2a: Pinsir","|-damage|p2a: Pinsir|151/271","|","|turn|15","|","|move|p2a: Pinsir|Quick Attack|p1a: Dragonite","|-damage|p1a: Dragonite|0 fnt","|faint|p1a: Dragonite","|","|","|switch|p1a: Goodra|Goodra, M|31/383","|turn|16","|","|move|p2a: Pinsir|Quick Attack|p1a: Goodra","|-damage|p1a: Goodra|0 fnt","|-unboost|p2a: Pinsir|spe|1","|faint|p1a: Goodra","|","|","|switch|p1a: Kingdra|Kingdra, F|291/291","|turn|17","|","|move|p2a: Pinsir|Quick Attack|p1a: Kingdra","|-damage|p1a: Kingdra|69/291","|move|p1a: Kingdra|Surf|p2a: Pinsir","|-damage|p2a: Pinsir|19/271","|","|turn|18","|","|move|p2a: Pinsir|Quick Attack|p1a: Kingdra","|-damage|p1a: Kingdra|0 fnt","|faint|p1a: Kingdra","|","|","|switch|p1a: Kyurem-Black|Kyurem-Black|391/391","|-ability|p1a: Kyurem-Black|Teravolt","|turn|19","|","|move|p2a: Pinsir|Quick Attack|p1a: Kyurem-Black","|-damage|p1a: Kyurem-Black|165/391","|move|p1a: Kyurem-Black|Fusion Bolt|p2a: Pinsir","|-supereffective|p2a: Pinsir","|-damage|p2a: Pinsir|0 fnt","|faint|p2a: Pinsir","|","|","|switch|p2a: Volcarona|Volcarona, F|311/311","|turn|20","|","|move|p1a: Kyurem-Black|Fusion Bolt|p2a: Volcarona","|-damage|p2a: Volcarona|117/311","|move|p2a: Volcarona|Fiery Dance|p1a: Kyurem-Black","|-damage|p1a: Kyurem-Black|0 fnt","|-boost|p2a: Volcarona|spa|1","|faint|p1a: Kyurem-Black","|","|-heal|p2a: Volcarona|136/311|[from] item: Leftovers","|","|switch|p1a: Altaria|Altaria, F|291/291","|turn|21","|","|detailschange|p1a: Altaria|Altaria-Mega, F","|-mega|p1a: Altaria|Altaria|Altarianite","|move|p2a: Volcarona|Giga Drain|p1a: Altaria","|-resisted|p1a: Altaria","|-damage|p1a: Altaria|228/291","|-heal|p2a: Volcarona|168/311|[from] drain|[of] p1a: Altaria","|move|p1a: Altaria|Return|p2a: Volcarona","|-resisted|p2a: Volcarona","|-damage|p2a: Volcarona|24/311","|-status|p1a: Altaria|brn","|","|-heal|p2a: Volcarona|43/311|[from] item: Leftovers","|-damage|p1a: Altaria|192/291 brn|[from] brn","|turn|22","|","|move|p2a: Volcarona|Giga Drain|p1a: Altaria","|-resisted|p1a: Altaria","|-damage|p1a: Altaria|122/291 brn","|-heal|p2a: Volcarona|78/311|[from] drain|[of] p1a: Altaria","|move|p1a: Altaria|Refresh|p1a: Altaria","|-curestatus|p1a: Altaria|brn","|","|-heal|p2a: Volcarona|97/311|[from] item: Leftovers","|turn|23","|","|move|p2a: Volcarona|Giga Drain|p1a: Altaria","|-resisted|p1a: Altaria","|-damage|p1a: Altaria|51/291","|-heal|p2a: Volcarona|133/311|[from] drain|[of] p1a: Altaria","|move|p1a: Altaria|Dragon Dance|p1a: Altaria","|-boost|p1a: Altaria|atk|1","|-boost|p1a: Altaria|spe|1","|","|-heal|p2a: Volcarona|152/311|[from] item: Leftovers","|turn|24","|","|move|p1a: Altaria|Return|p2a: Volcarona","|-resisted|p2a: Volcarona","|-damage|p2a: Volcarona|0 fnt","|faint|p2a: Volcarona","|","|","|switch|p2a: Scizor|Scizor, F, shiny|343/343","|turn|25","|","|move|p2a: Scizor|Bullet Punch|p1a: Altaria","|-supereffective|p1a: Altaria","|-damage|p1a: Altaria|0 fnt","|faint|p1a: Altaria","|","|win|Queen of Llamas"],"p1rating":{"entryid":"6653831","serverid":"eos","formatid":"monotype","userid":"yungdraco","username":"Yung draco - ⓦⓐⓘⓣ","w":"10","l":4,"t":"0","gxe":61.2,"r":"1537.9980476167","rd":"116.06120485007","sigma":"0","rptime":"1438246800","rpr":1588.0890573624,"rprd":80.881114073836,"rpsigma":"0","acre":1163.8479688676,"lacre":1163.8479688676,"oldacre":"1201.9367721476"},"p2rating":{"entryid":7276415,"formatid":"monotype","userid":"queenofllamas","username":"Queen of Llamas","r":1500,"rd":130,"sigma":0,"rpr":1544.8418806359,"rprd":122.72957953294,"rpsigma":0,"rptime":1438246800,"w":1,"l":0,"t":0,"gxe":55.6,"acre":1060.942085248,"lacre":1060.942085248,"oldacre":1000},"endType":"normal"}