{"seed":[34492,17899,53404,25242],"turns":20,"p1":"Marx-Bot","p2":"Traine✘ Redbraze","p1team":[{"name":"Satan","species":"sableye","item":"sablenite","ability":"Prankster","moves":["recover","willowisp","darkpulse","calmmind"],"nature":"Calm","evs":{"hp":248,"atk":0,"def":0,"spa":8,"spd":252,"spe":0},"shiny":true,"ivs":{"hp":31,"atk":31,"def":31,"spa":31,"spd":31,"spe":31}},{"name":"Spiritomb","species":"Spiritomb","item":"lifeorb","ability":"Infiltrator","moves":["darkpulse","suckerpunch","shadowball","psychic"],"nature":"Mild","evs":{"hp":248,"atk":8,"def":0,"spa":252,"spd":0,"spe":0},"ivs":{"hp":31,"atk":31,"def":31,"spa":31,"spd":31,"spe":31}},{"name":"Tree","species":"trevenant","item":"sitrusberry","ability":"Harvest","moves":["earthquake","hornleech","shadowclaw","poisonjab"],"nature":"Adamant","evs":{"hp":248,"atk":252,"def":0,"spa":0,"spd":8,"spe":0},"ivs":{"hp":31,"atk":31,"def":31,"spa":31,"spd":31,"spe":31}},{"name":"Trollclops","species":"dusclops","item":"eviolite","ability":"Pressure","moves":["nightshade","willowisp","destinybond","protect"],"nature":"Calm","evs":{"hp":248,"atk":0,"def":8,"spa":0,"spd":252,"spe":0},"shiny":true,"ivs":{"hp":31,"atk":31,"def":31,"spa":31,"spd":31,"spe":31}},{"name":"Cofagrigus","species":"Cofagrigus","item":"rockyhelmet","ability":"Mummy","moves":["disable","knockoff","shadowball","toxic"],"nature":"Lax","evs":{"hp":248,"atk":8,"def":252,"spa":0,"spd":0,"spe":0},"shiny":true,"ivs":{"hp":31,"atk":31,"def":31,"spa":31,"spd":31,"spe":31}},{"name":"Chandelure","species":"Chandelure","item":"choicescarf","ability":"Flash Fire","moves":["darkpulse","energyball","flamethrower","shadowball"],"nature":"Timid","evs":{"hp":0,"atk":0,"def":0,"spa":252,"spd":4,"spe":252},"ivs":{"hp":31,"atk":31,"def":31,"spa":31,"spd":31,"spe":31}}],"p2team":[{"name":"Bisharp","species":"Bisharp","item":"lifeorb","ability":"Defiant","moves":["suckerpunch","ironhead","swordsdance","knockoff"],"nature":"Jolly","evs":{"hp":0,"atk":252,"def":0,"spa":0,"spd":4,"spe":252},"shiny":true,"ivs":{"hp":31,"atk":31,"def":31,"spa":31,"spd":31,"spe":31}},{"name":"Dior","species":"sableye","item":"blacksludge","ability":"Prankster","moves":["willowisp","knockoff","trick","recover"],"nature":"Careful","evs":{"hp":252,"atk":0,"def":4,"spa":0,"spd":252,"spe":0},"shiny":true,"ivs":{"hp":31,"atk":31,"def":31,"spa":31,"spd":31,"spe":31}},{"name":"Sharpedo","species":"Sharpedo","item":"sharpedonite","ability":"Speed Boost","moves":["waterfall","icefang","crunch","protect"],"nature":"Adamant","evs":{"hp":0,"atk":252,"def":0,"spa":0,"spd":4,"spe":252},"ivs":{"hp":31,"atk":31,"def":31,"spa":31,"spd":31,"spe":31}},{"name":"Shadow","species":"weavile","item":"focussash","ability":"Pickpocket","moves":["swordsdance","iciclecrash","knockoff","poisonjab"],"nature":"Jolly","evs":{"hp":0,"atk":252,"def":0,"spa":0,"spd":4,"spe":252},"ivs":{"hp":31,"atk":31,"def":31,"spa":31,"spd":31,"spe":31}},{"name":"Mandibuzz","species":"Mandibuzz","item":"leftovers","ability":"Overcoat","moves":["knockoff","uturn","defog","roost"],"nature":"Impish","evs":{"hp":252,"atk":0,"def":252,"spa":0,"spd":0,"spe":4},"ivs":{"hp":31,"atk":31,"def":31,"spa":31,"spd":31,"spe":31}},{"name":"Hoopa-Unbound","species":"Hoopa-Unbound","item":"choicescarf","ability":"Magician","moves":["darkpulse","focusblast","hiddenpowerice","thunderbolt"],"nature":"Timid","evs":{"hp":0,"atk":0,"def":0,"spa":252,"spd":4,"spe":252},"ivs":{"hp":31,"atk":30,"def":30,"spa":31,"spd":31,"spe":31}}],"log":["|player|p1|Marx-Bot|238","|player|p2|Traine✘ Redbraze|148","|gametype|singles","|gen|6","|tier|Monotype","|rated","|rule|Baton Pass Clause: Limit one Baton Passer, can't pass Spe and other stats simultaneously","|rule|Swagger Clause: Swagger is banned","|rule|Same Type Clause: Pokémon in a team must share a type","|clearpoke","|poke|p1|Sableye, M, shiny","|poke|p1|Spiritomb, F","|poke|p1|Trevenant, F","|poke|p1|Dusclops, F, shiny","|poke|p1|Cofagrigus, M, shiny","|poke|p1|Chandelure, M","|poke|p2|Bisharp, M, shiny","|poke|p2|Sableye, F, shiny","|poke|p2|Sharpedo, M","|poke|p2|Weavile, M","|poke|p2|Mandibuzz, F","|poke|p2|Hoopa-Unbound","|rule|Sleep Clause Mod: Limit one foe put to sleep","|rule|Species Clause: Limit one of each Pokémon","|rule|OHKO Clause: OHKO moves are banned","|rule|Moody Clause: Moody is banned","|rule|Evasion Moves Clause: Evasion moves are banned","|rule|Endless Battle Clause: Forcing endless battles is banned","|rule|HP Percentage Mod: HP is shown in percentages","|teampreview","|","|start","|switch|p1a: Chandelure|Chandelure, M|261/261","|switch|p2a: Mandibuzz|Mandibuzz, F|424/424","|turn|1","|","|move|p1a: Chandelure|Flamethrower|p2a: Mandibuzz","|-damage|p2a: Mandibuzz|232/424","|move|p2a: Mandibuzz|Knock Off|p1a: Chandelure","|-supereffective|p1a: Chandelure","|-damage|p1a: Chandelure|81/261","|-enditem|p1a: Chandelure|Choice Scarf|[from] move: Knock Off|[of] p2a: Mandibuzz","|","|-heal|p2a: Mandibuzz|258/424|[from] item: Leftovers","|turn|2","|","|move|p1a: Chandelure|Flamethrower|p2a: Mandibuzz","|-damage|p2a: Mandibuzz|72/424","|-status|p2a: Mandibuzz|brn","|move|p2a: Mandibuzz|Knock Off|p1a: Chandelure","|-supereffective|p1a: Chandelure","|-damage|p1a: Chandelure|26/261","|","|-heal|p2a: Mandibuzz|98/424 brn|[from] item: Leftovers","|-damage|p2a: Mandibuzz|45/424 brn|[from] brn","|turn|3","|","|switch|p2a: Sharpedo|Sharpedo, M|281/281","|move|p1a: Chandelure|Flamethrower|p2a: Sharpedo","|-resisted|p2a: Sharpedo","|-damage|p2a: Sharpedo|107/281","|","|turn|4","|","|move|p2a: Sharpedo|Protect|p2a: Sharpedo","|-singleturn|p2a: Sharpedo|Protect","|move|p1a: Chandelure|Energy Ball|p2a: Sharpedo","|-activate|p2a: Sharpedo|Protect","|","|-boost|p2a: Sharpedo|spe|1|[from] ability: Speed Boost","|turn|5","|","|move|p2a: Sharpedo|Crunch|p1a: Chandelure","|-supereffective|p1a: Chandelure","|-damage|p1a: Chandelure|0 fnt","|faint|p1a: Chandelure","|","|-boost|p2a: Sharpedo|spe|1|[from] ability: Speed Boost","|","|switch|p1a: Spiritomb|Spiritomb, F|303/303","|turn|6","|","|detailschange|p2a: Sharpedo|Sharpedo-Mega, M","|-mega|p2a: Sharpedo|Sharpedo|Sharpedonite","|move|p1a: Spiritomb|Sucker Punch|p2a: Sharpedo","|-resisted|p2a: Sharpedo","|-damage|p2a: Sharpedo|29/281","|-damage|p1a: Spiritomb|273/303|[from] item: Life Orb","|move|p2a: Sharpedo|Crunch|p1a: Spiritomb","|-damage|p1a: Spiritomb|2/303","|","|turn|7","|","|move|p1a: Spiritomb|Sucker Punch|p2a: Sharpedo","|-resisted|p2a: Sharpedo","|-damage|p2a: Sharpedo|0 fnt","|-damage|p1a: Spiritomb|0 fnt|[from] item: Life Orb","|faint|p2a: Sharpedo","|faint|p1a: Spiritomb","|","|","|switch|p2a: Mandibuzz|Mandibuzz, F|45/424 brn","|switch|p1a: Cofagrigus|Cofagrigus, M, shiny|319/319","|turn|8","|","|move|p2a: Mandibuzz|Knock Off|p1a: Cofagrigus","|-supereffective|p1a: Cofagrigus","|-damage|p1a: Cofagrigus|271/319","|-endability|p2a: Mandibuzz|overcoat|[from] Mummy","|-ability|p2a: Mandibuzz|Mummy|[from] Mummy","|-damage|p2a: Mandibuzz|0 fnt|[from] item: Rocky Helmet|[of] p1a: Cofagrigus","|faint|p2a: Mandibuzz","|move|p1a: Cofagrigus|Shadow Ball|p2: Mandibuzz|[notarget]","|-notarget","|","|","|switch|p2a: Bisharp|Bisharp, M, shiny|271/271","|turn|9","|","|move|p2a: Bisharp|Swords Dance|p2a: Bisharp","|-boost|p2a: Bisharp|atk|2","|move|p1a: Cofagrigus|Knock Off|p2a: Bisharp","|-resisted|p2a: Bisharp","|-damage|p2a: Bisharp|249/271","|-enditem|p2a: Bisharp|Life Orb|[from] move: Knock Off|[of] p1a: Cofagrigus","|","|turn|10","|","|move|p2a: Bisharp|Knock Off|p1a: Cofagrigus","|-supereffective|p1a: Cofagrigus","|-damage|p1a: Cofagrigus|0 fnt","|-endability|p2a: Bisharp|defiant|[from] Mummy","|-ability|p2a: Bisharp|Mummy|[from] Mummy","|-damage|p2a: Bisharp|204/271|[from] item: Rocky Helmet|[of] p1a: Cofagrigus","|-enditem|p1a: Cofagrigus|Rocky Helmet|[from] move: Knock Off|[of] p2a: Bisharp","|faint|p1a: Cofagrigus","|","|","|switch|p1a: Satan|Sableye, M, shiny|303/303","|turn|11","|","|move|p1a: Satan|Will-O-Wisp|p2a: Bisharp","|-status|p2a: Bisharp|brn","|move|p2a: Bisharp|Iron Head|p1a: Satan","|-damage|p1a: Satan|130/303","|","|-damage|p2a: Bisharp|171/271 brn|[from] brn","|turn|12","|","|move|p1a: Satan|Recover|p1a: Satan","|-heal|p1a: Satan|282/303","|move|p2a: Bisharp|Iron Head|p1a: Satan","|-damage|p1a: Satan|108/303","|","|-damage|p2a: Bisharp|138/271 brn|[from] brn","|turn|13","|","|move|p1a: Satan|Recover|p1a: Satan","|-heal|p1a: Satan|260/303","|move|p2a: Bisharp|Swords Dance|p2a: Bisharp","|-boost|p2a: Bisharp|atk|2","|","|-damage|p2a: Bisharp|105/271 brn|[from] brn","|turn|14","|","|move|p1a: Satan|Calm Mind|p1a: Satan","|-boost|p1a: Satan|spa|1","|-boost|p1a: Satan|spd|1","|move|p2a: Bisharp|Iron Head|p1a: Satan","|-damage|p1a: Satan|0 fnt","|faint|p1a: Satan","|","|-damage|p2a: Bisharp|72/271 brn|[from] brn","|","|switch|p1a: Trollclops|Dusclops, F, shiny|283/283","|-ability|p1a: Trollclops|Pressure","|turn|15","|","|move|p1a: Trollclops|Protect|p1a: Trollclops","|-singleturn|p1a: Trollclops|Protect","|move|p2a: Bisharp|Sucker Punch|p1a: Trollclops","|-fail|p2a: Bisharp","|","|-damage|p2a: Bisharp|39/271 brn|[from] brn","|turn|16","|","|move|p2a: Bisharp|Knock Off|p1a: Trollclops","|-crit|p1a: Trollclops","|-supereffective|p1a: Trollclops","|-damage|p1a: Trollclops|0 fnt","|-enditem|p1a: Trollclops|Eviolite|[from] move: Knock Off|[of] p2a: Bisharp","|faint|p1a: Trollclops","|","|-damage|p2a: Bisharp|6/271 brn|[from] brn","|","|switch|p1a: Tree|Trevenant, F|373/373","|turn|17","|","|move|p2a: Bisharp|Iron Head|p1a: Tree","|-damage|p1a: Tree|117/373","|-enditem|p1a: Tree|Sitrus Berry|[eat]","|-heal|p1a: Tree|210/373|[from] item: Sitrus Berry","|move|p1a: Tree|Horn Leech|p2a: Bisharp","|-resisted|p2a: Bisharp","|-damage|p2a: Bisharp|0 fnt","|-heal|p1a: Tree|213/373|[from] drain|[of] p2a: Bisharp","|-endability|p1a: Tree|harvest|[from] Mummy","|-ability|p1a: Tree|Mummy|[from] Mummy","|faint|p2a: Bisharp","|","|","|switch|p2a: Dior|Sableye, F, shiny|304/304","|turn|18","|","|move|p2a: Dior|Trick|p1a: Tree","|-activate|p2a: Dior|move: Trick|[of] p1a: Tree","|-item|p1a: Tree|Black Sludge|[from] move: Trick","|move|p1a: Tree|Poison Jab|p2a: Dior","|-resisted|p2a: Dior","|-damage|p2a: Dior|249/304","|-status|p2a: Dior|psn","|","|-damage|p1a: Tree|167/373|[from] item: Black Sludge","|-damage|p2a: Dior|211/304 psn|[from] psn","|turn|19","|","|move|p2a: Dior|Will-O-Wisp|p1a: Tree","|-status|p1a: Tree|brn","|move|p1a: Tree|Earthquake|p2a: Dior","|-damage|p2a: Dior|133/304 psn","|","|-damage|p1a: Tree|121/373 brn|[from] item: Black Sludge","|-damage|p1a: Tree|75/373 brn|[from] brn","|-damage|p2a: Dior|95/304 psn|[from] psn","|turn|20","|","|move|p1a: Tree|Horn Leech|p2a: Dior","|-damage|p2a: Dior|17/304 psn","|-heal|p1a: Tree|114/373 brn|[from] drain|[of] p2a: Dior","|move|p2a: Dior|Knock Off|p1a: Tree","|-supereffective|p1a: Tree","|-damage|p1a: Tree|0 fnt","|-endability|p2a: Dior|prankster|[from] Mummy","|-ability|p2a: Dior|Mummy|[from] Mummy","|-enditem|p1a: Tree|Black Sludge|[from] move: Knock Off|[of] p2a: Dior","|faint|p1a: Tree","|","|win|Traine✘ Redbraze"],"p1rating":{"entryid":"5765428","serverid":"eos","formatid":"monotype","userid":"marxbot","username":"Marx Bot","w":"190","l":282,"t":"0","gxe":41.3,"r":"1438.5252262905","rd":"25.361092107237","sigma":"0","rptime":"1438246800","rpr":1434.1007850501,"rprd":25.183245099411,"rpsigma":"0","acre":1101.5894513506,"lacre":1101.5894513506,"oldacre":"1128.0410093739"},"p2rating":{"entryid":"7247602","serverid":"eos","formatid":"monotype","userid":"traineredbraze","username":"Traine✘ Redbraze","w":7,"l":"7","t":"0","gxe":48.6,"r":"1468.79355411","rd":"94.812162706495","sigma":"0","rptime":"1438246800","rpr":1488.9174295285,"rprd":78.066191318915,"rpsigma":"0","acre":1134.2969357614,"lacre":1134.2969357614,"oldacre":"1107.8453777381"},"endType":"normal"}