{"seed":[39396,53092,31692,46623],"turns":35,"p1":"Void Who","p2":"Emg Nick","p1team":[{"name":"Magnezone","species":"Magnezone","item":"choicescarf","ability":"Sturdy","moves":["flashcannon","voltswitch","hiddenpowerice","triattack"],"nature":"Timid","evs":{"hp":0,"atk":0,"def":0,"spa":252,"spd":4,"spe":252},"ivs":{"hp":31,"atk":30,"def":30,"spa":31,"spd":31,"spe":31}},{"name":"Rotom-Wash","species":"Rotom-Wash","item":"leftovers","ability":"Levitate","moves":["willowisp","hydropump","voltswitch","painsplit"],"nature":"Calm","evs":{"hp":252,"atk":0,"def":0,"spa":4,"spd":252,"spe":0},"ivs":{"hp":31,"atk":31,"def":31,"spa":31,"spd":31,"spe":31}},{"name":"Thundurus","species":"Thundurus","item":"lifeorb","ability":"Prankster","moves":["taunt","knockoff","superpower","voltswitch"],"nature":"Jolly","evs":{"hp":0,"atk":252,"def":0,"spa":0,"spd":4,"spe":252},"ivs":{"hp":31,"atk":31,"def":31,"spa":31,"spd":31,"spe":31}},{"name":"Manectric","species":"Manectric","item":"manectite","ability":"Static","moves":["voltswitch","hiddenpowerice","overheat","thunderbolt"],"nature":"Timid","evs":{"hp":0,"atk":0,"def":0,"spa":252,"spd":4,"spe":252},"ivs":{"hp":31,"atk":30,"def":30,"spa":31,"spd":31,"spe":31}},{"name":"Zapdos","species":"Zapdos","item":"leftovers","ability":"Pressure","moves":["defog","roost","toxic","discharge"],"nature":"Calm","evs":{"hp":252,"atk":0,"def":0,"spa":4,"spd":252,"spe":0},"ivs":{"hp":31,"atk":31,"def":31,"spa":31,"spd":31,"spe":31}},{"name":"Electivire","species":"Electivire","item":"choicescarf","ability":"Vital Spirit","moves":["wildcharge","crosschop","earthquake","icepunch"],"nature":"Jolly","evs":{"hp":0,"atk":252,"def":0,"spa":0,"spd":4,"spe":252},"ivs":{"hp":31,"atk":31,"def":31,"spa":31,"spd":31,"spe":31}}],"p2team":[{"name":"Amazon","species":"venusaur","item":"venusaurite","ability":"Overgrow","moves":["sludgebomb","gigadrain","synthesis","charm"],"nature":"Calm","evs":{"hp":116,"atk":0,"def":84,"spa":100,"spd":208,"spe":0},"shiny":true,"ivs":{"hp":31,"atk":31,"def":31,"spa":31,"spd":31,"spe":31}},{"name":"Siren","species":"serperior","item":"leftovers","ability":"Contrary","moves":["leafstorm","dragonpulse","hiddenpowerice","substitute"],"nature":"Timid","evs":{"hp":36,"atk":0,"def":0,"spa":216,"spd":4,"spe":252},"ivs":{"hp":31,"atk":30,"def":30,"spa":31,"spd":31,"spe":31},"shiny":true},{"name":"Hercules","species":"breloom","item":"focussash","ability":"Technician","moves":["machpunch","bulletseed","rocktomb","spore"],"nature":"Jolly","evs":{"hp":0,"atk":252,"def":0,"spa":0,"spd":4,"spe":252},"shiny":true,"ivs":{"hp":31,"atk":31,"def":31,"spa":31,"spd":31,"spe":31}},{"name":"Colossus","species":"ferrothorn","item":"rockyhelmet","ability":"Iron Barbs","moves":["gyroball","protect","leechseed","stealthrock"],"nature":"Relaxed","evs":{"hp":124,"atk":184,"def":192,"spa":0,"spd":8,"spe":0},"ivs":{"hp":31,"atk":31,"def":31,"spa":31,"spd":31,"spe":0},"shiny":true},{"name":"Ivy","species":"roserade","item":"choicescarf","ability":"Technician","moves":["sludgebomb","shadowball","dazzlinggleam","hiddenpowerfire"],"nature":"Modest","evs":{"hp":0,"atk":0,"def":0,"spa":252,"spd":4,"spe":252},"ivs":{"hp":31,"atk":30,"def":31,"spa":30,"spd":31,"spe":30},"shiny":true},{"name":"Callisto","species":"leavanny","item":"focussash","ability":"Overcoat","moves":["xscissor","knockoff","electroweb","stickyweb"],"nature":"Jolly","evs":{"hp":8,"atk":252,"def":0,"spa":0,"spd":0,"spe":248},"shiny":true,"ivs":{"hp":31,"atk":31,"def":31,"spa":31,"spd":31,"spe":31}}],"log":["|player|p1|Void Who|voidwho.gif","|player|p2|Emg Nick|156","|gametype|singles","|gen|6","|tier|Monotype","|rated","|rule|Baton Pass Clause: Limit one Baton Passer, can't pass Spe and other stats simultaneously","|rule|Swagger Clause: Swagger is banned","|rule|Same Type Clause: Pokémon in a team must share a type","|clearpoke","|poke|p1|Magnezone","|poke|p1|Rotom-Wash","|poke|p1|Thundurus, M","|poke|p1|Manectric, F","|poke|p1|Zapdos","|poke|p1|Electivire, M","|poke|p2|Venusaur, F, shiny","|poke|p2|Serperior, F, shiny","|poke|p2|Breloom, F, shiny","|poke|p2|Ferrothorn, F, shiny","|poke|p2|Roserade, M, shiny","|poke|p2|Leavanny, M, shiny","|rule|Sleep Clause Mod: Limit one foe put to sleep","|rule|Species Clause: Limit one of each Pokémon","|rule|OHKO Clause: OHKO moves are banned","|rule|Moody Clause: Moody is banned","|rule|Evasion Moves Clause: Evasion moves are banned","|rule|Endless Battle Clause: Forcing endless battles is banned","|rule|HP Percentage Mod: HP is shown in percentages","|teampreview","|","|start","|switch|p1a: Magnezone|Magnezone|281/281","|switch|p2a: Callisto|Leavanny, M, shiny|293/293","|turn|1","|","|move|p1a: Magnezone|Tri Attack|p2a: Callisto","|-damage|p2a: Callisto|180/293","|move|p2a: Callisto|Sticky Web|p1a: Magnezone","|-sidestart|p1: Void Who|move: Sticky Web","|","|turn|2","|","|move|p1a: Magnezone|Tri Attack|p2a: Callisto","|-damage|p2a: Callisto|74/293","|-status|p2a: Callisto|brn","|move|p2a: Callisto|Knock Off|p1a: Magnezone","|-damage|p1a: Magnezone|237/281","|-enditem|p1a: Magnezone|Choice Scarf|[from] move: Knock Off|[of] p2a: Callisto","|","|-damage|p2a: Callisto|38/293 brn|[from] brn","|turn|3","|","|switch|p2a: Colossus|Ferrothorn, F, shiny|320/320","|move|p1a: Magnezone|Volt Switch|p2a: Colossus","|-resisted|p2a: Colossus","|-damage|p2a: Colossus|264/320","|","|switch|p1a: Manectric|Manectric, F|281/281","|-activate|p1a: Manectric|move: Sticky Web","|-unboost|p1a: Manectric|spe|1","|","|turn|4","|","|switch|p2a: Amazon|Venusaur, F, shiny|330/330","|detailschange|p1a: Manectric|Manectric-Mega, F","|-mega|p1a: Manectric|Manectric|Manectite","|-ability|p1a: Manectric|Intimidate","|-unboost|p2a: Amazon|atk|1","|move|p1a: Manectric|Overheat|p2a: Amazon","|-supereffective|p2a: Amazon","|-damage|p2a: Amazon|88/330","|-unboost|p1a: Manectric|spa|2","|","|turn|5","|","|detailschange|p2a: Amazon|Venusaur-Mega, F, shiny","|-mega|p2a: Amazon|Venusaur|Venusaurite","|move|p1a: Manectric|Overheat|p2a: Amazon","|-supereffective|p2a: Amazon","|-damage|p2a: Amazon|30/330","|-unboost|p1a: Manectric|spa|2","|move|p2a: Amazon|Synthesis|p2a: Amazon","|-heal|p2a: Amazon|195/330","|","|turn|6","|","|switch|p1a: Zapdos|Zapdos|384/384","|-ability|p1a: Zapdos|Pressure","|move|p2a: Amazon|Giga Drain|p1a: Zapdos","|-resisted|p1a: Zapdos","|-damage|p1a: Zapdos|342/384","|-heal|p2a: Amazon|216/330|[from] drain|[of] p1a: Zapdos","|","|-heal|p1a: Zapdos|366/384|[from] item: Leftovers","|turn|7","|","|move|p1a: Zapdos|Defog|p2a: Amazon","|-unboost|p2a: Amazon|evasion|1","|-sideend|p1: Void Who|Sticky Web|[from] move: Defog|[of] p1a: Zapdos","|move|p2a: Amazon|Synthesis|p2a: Amazon","|-heal|p2a: Amazon|330/330","|","|-heal|p1a: Zapdos|384/384|[from] item: Leftovers","|turn|8","|","|move|p1a: Zapdos|Discharge|p2a: Amazon","|-resisted|p2a: Amazon","|-damage|p2a: Amazon|294/330","|move|p2a: Amazon|Sludge Bomb|p1a: Zapdos","|-damage|p1a: Zapdos|287/384","|-status|p1a: Zapdos|psn","|","|-heal|p1a: Zapdos|311/384 psn|[from] item: Leftovers","|-damage|p1a: Zapdos|263/384 psn|[from] psn","|turn|9","|","|switch|p2a: Colossus|Ferrothorn, F, shiny|264/320","|move|p1a: Zapdos|Discharge|p2a: Colossus","|-resisted|p2a: Colossus","|-damage|p2a: Colossus|213/320","|","|-heal|p1a: Zapdos|287/384 psn|[from] item: Leftovers","|-damage|p1a: Zapdos|239/384 psn|[from] psn","|turn|10","|","|switch|p1a: Manectric|Manectric-Mega, F|281/281","|-ability|p1a: Manectric|Intimidate","|-unboost|p2a: Colossus|atk|1","|move|p2a: Colossus|Leech Seed|p1a: Manectric|[miss]","|-miss|p2a: Colossus|p1a: Manectric","|","|turn|11","|","|move|p2a: Colossus|Protect|p2a: Colossus","|-singleturn|p2a: Colossus|Protect","|move|p1a: Manectric|Volt Switch|p2a: Colossus","|-activate|p2a: Colossus|Protect","|","|turn|12","|","|move|p1a: Manectric|Overheat|p2a: Colossus","|-supereffective|p2a: Colossus","|-damage|p2a: Colossus|0 fnt","|-unboost|p1a: Manectric|spa|2","|faint|p2a: Colossus","|","|","|switch|p2a: Siren|Serperior, F, shiny|300/300","|turn|13","|","|move|p1a: Manectric|Volt Switch|p2a: Siren","|-resisted|p2a: Siren","|-damage|p2a: Siren|266/300","|","|switch|p1a: Magnezone|Magnezone|237/281","|move|p2a: Siren|Leaf Storm|p1a: Magnezone|[miss]","|-miss|p2a: Siren|p1a: Magnezone","|","|-heal|p2a: Siren|284/300|[from] item: Leftovers","|turn|14","|","|move|p2a: Siren|Substitute|p2a: Siren","|-start|p2a: Siren|Substitute","|-damage|p2a: Siren|209/300","|move|p1a: Magnezone|Hidden Power|p2a: Siren","|-supereffective|p2a: Siren","|-end|p2a: Siren|Substitute","|","|-heal|p2a: Siren|227/300|[from] item: Leftovers","|turn|15","|","|switch|p2a: Amazon|Venusaur-Mega, F, shiny|294/330","|move|p1a: Magnezone|Hidden Power|p2a: Amazon","|-supereffective|p2a: Amazon","|-damage|p2a: Amazon|246/330","|","|turn|16","|","|move|p1a: Magnezone|Tri Attack|p2a: Amazon","|-damage|p2a: Amazon|181/330","|move|p2a: Amazon|Giga Drain|p1a: Magnezone","|-resisted|p1a: Magnezone","|-damage|p1a: Magnezone|180/281","|-heal|p2a: Amazon|210/330|[from] drain|[of] p1a: Magnezone","|","|turn|17","|","|move|p1a: Magnezone|Tri Attack|p2a: Amazon","|-damage|p2a: Amazon|146/330","|move|p2a: Amazon|Giga Drain|p1a: Magnezone","|-resisted|p1a: Magnezone","|-damage|p1a: Magnezone|113/281","|-heal|p2a: Amazon|180/330|[from] drain|[of] p1a: Magnezone","|","|turn|18","|","|move|p1a: Magnezone|Tri Attack|p2a: Amazon","|-damage|p2a: Amazon|111/330","|move|p2a: Amazon|Synthesis|p2a: Amazon","|-heal|p2a: Amazon|276/330","|","|turn|19","|","|move|p1a: Magnezone|Tri Attack|p2a: Amazon","|-damage|p2a: Amazon|209/330","|move|p2a: Amazon|Giga Drain|p1a: Magnezone","|-resisted|p1a: Magnezone","|-damage|p1a: Magnezone|51/281","|-heal|p2a: Amazon|240/330|[from] drain|[of] p1a: Magnezone","|","|turn|20","|","|move|p1a: Magnezone|Flash Cannon|p2a: Amazon","|-damage|p2a: Amazon|144/330","|-unboost|p2a: Amazon|spd|1","|move|p2a: Amazon|Giga Drain|p1a: Magnezone","|-resisted|p1a: Magnezone","|-damage|p1a: Magnezone|0 fnt","|-heal|p2a: Amazon|170/330|[from] drain|[of] p1a: Magnezone","|faint|p1a: Magnezone","|","|","|switch|p1a: Thundurus|Thundurus, M|299/299","|turn|21","|","|switch|p2a: Ivy|Roserade, M, shiny|261/261","|move|p1a: Thundurus|Taunt|p2a: Ivy","|-start|p2a: Ivy|move: Taunt","|","|turn|22","|","|move|p2a: Ivy|Sludge Bomb|p1a: Thundurus","|-damage|p1a: Thundurus|86/299","|-status|p1a: Thundurus|psn","|move|p1a: Thundurus|Knock Off|p2a: Ivy","|-damage|p2a: Ivy|75/261","|-enditem|p2a: Ivy|Choice Scarf|[from] move: Knock Off|[of] p1a: Thundurus","|-damage|p1a: Thundurus|57/299 psn|[from] item: Life Orb","|","|-damage|p1a: Thundurus|20/299 psn|[from] psn","|turn|23","|","|switch|p2a: Amazon|Venusaur-Mega, F, shiny|170/330","|move|p1a: Thundurus|Volt Switch|p2a: Amazon","|-resisted|p2a: Amazon","|-damage|p2a: Amazon|130/330","|-damage|p1a: Thundurus|0 fnt|[from] item: Life Orb","|faint|p1a: Thundurus","|","|","|switch|p1a: Electivire|Electivire, M|291/291","|turn|24","|","|switch|p2a: Ivy|Roserade, M, shiny|75/261","|move|p1a: Electivire|Earthquake|p2a: Ivy","|-damage|p2a: Ivy|0 fnt","|faint|p2a: Ivy","|","|","|switch|p2a: Siren|Serperior, F, shiny|227/300","|turn|25","|","|move|p1a: Electivire|Earthquake|p2a: Siren","|-resisted|p2a: Siren","|-damage|p2a: Siren|165/300","|move|p2a: Siren|Leaf Storm|p1a: Electivire","|-damage|p1a: Electivire|104/291","|-boost|p2a: Siren|spa|2","|","|-heal|p2a: Siren|183/300|[from] item: Leftovers","|turn|26","|","|move|p1a: Electivire|Earthquake|p2a: Siren","|-resisted|p2a: Siren","|-damage|p2a: Siren|120/300","|move|p2a: Siren|Leaf Storm|p1a: Electivire","|-damage|p1a: Electivire|0 fnt","|-boost|p2a: Siren|spa|2","|faint|p1a: Electivire","|","|-heal|p2a: Siren|138/300|[from] item: Leftovers","|","|switch|p1a: Manectric|Manectric-Mega, F|281/281","|-ability|p1a: Manectric|Intimidate","|-boost|p2a: Siren|atk|1","|turn|27","|","|switch|p2a: Callisto|Leavanny, M, shiny|38/293 brn","|move|p1a: Manectric|Hidden Power|p2a: Callisto","|-supereffective|p2a: Callisto","|-damage|p2a: Callisto|0 fnt","|faint|p2a: Callisto","|","|","|switch|p2a: Amazon|Venusaur-Mega, F, shiny|130/330","|turn|28","|","|move|p1a: Manectric|Thunderbolt|p2a: Amazon","|-resisted|p2a: Amazon","|-damage|p2a: Amazon|75/330","|-status|p2a: Amazon|par","|cant|p2a: Amazon|par","|","|turn|29","|","|move|p1a: Manectric|Overheat|p2a: Amazon","|-supereffective|p2a: Amazon","|-damage|p2a: Amazon|0 fnt","|-unboost|p1a: Manectric|spa|2","|faint|p2a: Amazon","|","|","|switch|p2a: Siren|Serperior, F, shiny|138/300","|turn|30","|","|move|p1a: Manectric|Volt Switch|p2a: Siren","|-resisted|p2a: Siren","|-damage|p2a: Siren|102/300","|","|switch|p1a: Zapdos|Zapdos|239/384 psn","|-ability|p1a: Zapdos|Pressure","|move|p2a: Siren|Leaf Storm|p1a: Zapdos","|-resisted|p1a: Zapdos","|-damage|p1a: Zapdos|182/384 psn","|-boost|p2a: Siren|spa|2","|","|-heal|p2a: Siren|120/300|[from] item: Leftovers","|-heal|p1a: Zapdos|206/384 psn|[from] item: Leftovers","|-damage|p1a: Zapdos|158/384 psn|[from] psn","|turn|31","|","|move|p2a: Siren|Hidden Power|p1a: Zapdos","|-supereffective|p1a: Zapdos","|-damage|p1a: Zapdos|14/384 psn","|move|p1a: Zapdos|Discharge|p2a: Siren","|-resisted|p2a: Siren","|-damage|p2a: Siren|61/300","|","|-heal|p2a: Siren|79/300|[from] item: Leftovers","|-heal|p1a: Zapdos|38/384 psn|[from] item: Leftovers","|-damage|p1a: Zapdos|0 fnt|[from] psn","|faint|p1a: Zapdos","|","|switch|p1a: Manectric|Manectric-Mega, F|281/281","|-ability|p1a: Manectric|Intimidate","|-boost|p2a: Siren|atk|1","|turn|32","|","|move|p1a: Manectric|Hidden Power|p2a: Siren","|-supereffective|p2a: Siren","|-damage|p2a: Siren|0 fnt","|faint|p2a: Siren","|","|","|switch|p2a: Hercules|Breloom, F, shiny|261/261","|turn|33","|","|move|p1a: Manectric|Volt Switch|p2a: Hercules","|-resisted|p2a: Hercules","|-damage|p2a: Hercules|168/261","|","|switch|p1a: Rotom-Wash|Rotom-Wash|304/304","|move|p2a: Hercules|Spore|p1a: Rotom-Wash","|-status|p1a: Rotom-Wash|slp","|","|turn|34","|","|switch|p1a: Manectric|Manectric-Mega, F|281/281","|-ability|p1a: Manectric|Intimidate","|-unboost|p2a: Hercules|atk|1","|move|p2a: Hercules|Rock Tomb|p1a: Manectric","|-damage|p1a: Manectric|190/281","|-unboost|p1a: Manectric|spe|1","|","|turn|35","|","|move|p1a: Manectric|Overheat|p2a: Hercules","|-supereffective|p2a: Hercules","|-damage|p2a: Hercules|0 fnt","|-unboost|p1a: Manectric|spa|2","|faint|p2a: Hercules","|","|win|Void Who"],"p1rating":{"entryid":"6866008","serverid":"eos","formatid":"monotype","userid":"voidwho","username":"Void Who","w":34,"l":"13","t":"0","gxe":68.8,"r":"1631.9485657906","rd":"55.493639583045","sigma":"0","rptime":"1438246800","rpr":1650.4270069473,"rprd":53.900320801701,"rpsigma":"0","acre":1334.1781536971,"lacre":1334.1781536971,"oldacre":"1325.1160280357"},"p2rating":{"entryid":"7158895","serverid":"eos","formatid":"monotype","userid":"emgnick","username":"Emg Nick","w":"3","l":2,"t":"0","gxe":56.5,"r":"1582.5842136557","rd":"116.98063468025","sigma":"0","rptime":"1438246800","rpr":1551.0886284758,"rprd":102.81977250385,"rpsigma":"0","acre":1100.4842145429,"lacre":1100.4842145429,"oldacre":"1111.8118716196"},"endType":"normal"}