{"seed":[4127,63154,56304,10936],"turns":26,"p1":"Traine✘ Hoodlum","p2":"Shining Yin","p1team":[{"name":"Aerodactyl","species":"Aerodactyl","item":"focussash","ability":"Unnerve","moves":["stealthrock","stoneedge","tailwind","taunt"],"nature":"Jolly","evs":{"hp":0,"atk":252,"def":4,"spa":0,"spd":0,"spe":252},"ivs":{"hp":31,"atk":31,"def":31,"spa":31,"spd":31,"spe":31}},{"name":"Charizard","species":"Charizard","item":"charizarditex","ability":"Blaze","moves":["roost","dragondance","flareblitz","outrage"],"nature":"Adamant","evs":{"hp":0,"atk":252,"def":0,"spa":0,"spd":4,"spe":252},"ivs":{"hp":31,"atk":31,"def":31,"spa":31,"spd":31,"spe":31}},{"name":"Landorus-Therian","species":"Landorus-Therian","item":"leftovers","ability":"Intimidate","moves":["swordsdance","rockpolish","earthquake","stoneedge"],"nature":"Adamant","evs":{"hp":56,"atk":220,"def":0,"spa":0,"spd":0,"spe":232},"ivs":{"hp":31,"atk":31,"def":31,"spa":31,"spd":31,"spe":31}},{"name":"Dragonite","species":"Dragonite","item":"choiceband","ability":"Multiscale","moves":["outrage","extremespeed","thunderpunch","superpower"],"nature":"Adamant","evs":{"hp":0,"atk":252,"def":4,"spa":0,"spd":0,"spe":252},"ivs":{"hp":31,"atk":31,"def":31,"spa":31,"spd":31,"spe":31}},{"name":"Togekiss","species":"Togekiss","item":"choicescarf","ability":"Serene Grace","moves":["trick","defog","airslash","dazzlinggleam"],"nature":"Timid","evs":{"hp":0,"atk":0,"def":0,"spa":252,"spd":4,"spe":252},"gender":"F","ivs":{"hp":31,"atk":31,"def":31,"spa":31,"spd":31,"spe":31}},{"name":"Thundurus-Therian","species":"Thundurus-Therian","item":"choicescarf","ability":"Volt Absorb","moves":["focusblast","thunderbolt","hiddenpowerice","grassknot"],"nature":"Timid","evs":{"hp":0,"atk":0,"def":0,"spa":252,"spd":4,"spe":252},"ivs":{"hp":31,"atk":30,"def":30,"spa":31,"spd":31,"spe":31}}],"p2team":[{"name":"Mamoswine","species":"Mamoswine","item":"lifeorb","ability":"Thick Fat","moves":["earthquake","iceshard","freezedry","iciclecrash"],"nature":"Naive","evs":{"hp":0,"atk":244,"def":0,"spa":12,"spd":0,"spe":252},"ivs":{"hp":31,"atk":31,"def":31,"spa":31,"spd":31,"spe":31}},{"name":"Kyurem-Black","species":"Kyurem-Black","item":"choicescarf","ability":"Teravolt","moves":["outrage","fusionbolt","ironhead","earthpower"],"nature":"Naughty","evs":{"hp":0,"atk":216,"def":0,"spa":40,"spd":0,"spe":252},"ivs":{"hp":31,"atk":31,"def":31,"spa":31,"spd":31,"spe":31}},{"name":"Avalugg","species":"Avalugg","item":"rockyhelmet","ability":"Sturdy","moves":["rapidspin","recover","avalanche","mirrorcoat"],"nature":"Impish","evs":{"hp":248,"atk":8,"def":252,"spa":0,"spd":0,"spe":0},"ivs":{"hp":31,"atk":31,"def":31,"spa":31,"spd":31,"spe":31}},{"name":"Cloyster","species":"Cloyster","item":"lumberry","ability":"Skill Link","moves":["shellsmash","iciclespear","rockblast","iceshard"],"nature":"Adamant","evs":{"hp":0,"atk":252,"def":0,"spa":0,"spd":4,"spe":252},"ivs":{"hp":31,"atk":31,"def":31,"spa":31,"spd":31,"spe":31}},{"name":"Abomasnow","species":"Abomasnow","item":"abomasite","ability":"Snow Warning","moves":["blizzard","gigadrain","iceshard","earthquake"],"nature":"Quiet","evs":{"hp":8,"atk":88,"def":80,"spa":252,"spd":80,"spe":0},"ivs":{"hp":31,"atk":31,"def":31,"spa":31,"spd":31,"spe":31}},{"name":"Jynx","species":"Jynx","item":"focussash","ability":"Dry Skin","moves":["trickroom","icebeam","lovelykiss","psychic"],"nature":"Timid","evs":{"hp":0,"atk":0,"def":0,"spa":252,"spd":4,"spe":252},"ivs":{"hp":31,"atk":31,"def":31,"spa":31,"spd":31,"spe":31}}],"log":["|player|p1|Traine✘ Hoodlum|141","|player|p2|Shining Yin|167","|gametype|singles","|gen|6","|tier|Monotype","|rated","|rule|Baton Pass Clause: Limit one Baton Passer, can't pass Spe and other stats simultaneously","|rule|Swagger Clause: Swagger is banned","|rule|Same Type Clause: Pokémon in a team must share a type","|clearpoke","|poke|p1|Aerodactyl, M","|poke|p1|Charizard, M","|poke|p1|Landorus-Therian, M","|poke|p1|Dragonite, F","|poke|p1|Togekiss, F","|poke|p1|Thundurus-Therian, M","|poke|p2|Mamoswine, M","|poke|p2|Kyurem-Black","|poke|p2|Avalugg, M","|poke|p2|Cloyster, F","|poke|p2|Abomasnow, M","|poke|p2|Jynx, F","|rule|Sleep Clause Mod: Limit one foe put to sleep","|rule|Species Clause: Limit one of each Pokémon","|rule|OHKO Clause: OHKO moves are banned","|rule|Moody Clause: Moody is banned","|rule|Evasion Moves Clause: Evasion moves are banned","|rule|Endless Battle Clause: Forcing endless battles is banned","|rule|HP Percentage Mod: HP is shown in percentages","|teampreview","|","|start","|switch|p1a: Aerodactyl|Aerodactyl, M|301/301","|switch|p2a: Avalugg|Avalugg, M|393/393","|-ability|p1a: Aerodactyl|Unnerve|p2: Shining Yin","|turn|1","|","|move|p1a: Aerodactyl|Stone Edge|p2a: Avalugg","|-crit|p2a: Avalugg","|-supereffective|p2a: Avalugg","|-damage|p2a: Avalugg|193/393","|move|p2a: Avalugg|Avalanche|p1a: Aerodactyl","|-supereffective|p1a: Aerodactyl","|-enditem|p1a: Aerodactyl|Focus Sash","|-damage|p1a: Aerodactyl|1/301","|","|turn|2","|","|move|p1a: Aerodactyl|Stealth Rock|p2a: Avalugg","|-sidestart|p2: Shining Yin|move: Stealth Rock","|move|p2a: Avalugg|Recover|p2a: Avalugg","|-heal|p2a: Avalugg|390/393","|","|turn|3","|","|move|p1a: Aerodactyl|Stone Edge|p2a: Avalugg|[miss]","|-miss|p1a: Aerodactyl|p2a: Avalugg","|move|p2a: Avalugg|Rapid Spin|p1a: Aerodactyl","|-resisted|p1a: Aerodactyl","|-damage|p1a: Aerodactyl|0 fnt","|-sideend|p2: Shining Yin|Stealth Rock|[from] move: Rapid Spin|[of] p2a: Avalugg","|faint|p1a: Aerodactyl","|","|","|switch|p1a: Charizard|Charizard, M|297/297","|turn|4","|","|detailschange|p1a: Charizard|Charizard-Mega-X, M","|-mega|p1a: Charizard|Charizard|Charizardite X","|move|p1a: Charizard|Dragon Dance|p1a: Charizard","|-boost|p1a: Charizard|atk|1","|-boost|p1a: Charizard|spe|1","|move|p2a: Avalugg|Avalanche|p1a: Charizard","|-damage|p1a: Charizard|227/297","|","|turn|5","|","|move|p1a: Charizard|Dragon Dance|p1a: Charizard","|-boost|p1a: Charizard|atk|1","|-boost|p1a: Charizard|spe|1","|move|p2a: Avalugg|Recover|p2a: Avalugg","|-heal|p2a: Avalugg|393/393","|","|turn|6","|","|move|p1a: Charizard|Roost|p1a: Charizard","|-heal|p1a: Charizard|297/297","|move|p2a: Avalugg|Avalanche|p1a: Charizard","|-damage|p1a: Charizard|218/297","|","|turn|7","|","|move|p1a: Charizard|Roost|p1a: Charizard","|-heal|p1a: Charizard|297/297","|move|p2a: Avalugg|Avalanche|p1a: Charizard","|-damage|p1a: Charizard|228/297","|","|turn|8","|","|move|p1a: Charizard|Roost|p1a: Charizard","|-heal|p1a: Charizard|297/297","|move|p2a: Avalugg|Avalanche|p1a: Charizard","|-damage|p1a: Charizard|221/297","|","|turn|9","|","|move|p1a: Charizard|Dragon Dance|p1a: Charizard","|-boost|p1a: Charizard|atk|1","|-boost|p1a: Charizard|spe|1","|move|p2a: Avalugg|Avalanche|p1a: Charizard","|-damage|p1a: Charizard|142/297","|","|turn|10","|","|move|p1a: Charizard|Roost|p1a: Charizard","|-heal|p1a: Charizard|291/297","|move|p2a: Avalugg|Avalanche|p1a: Charizard","|-damage|p1a: Charizard|221/297","|","|turn|11","|","|move|p1a: Charizard|Dragon Dance|p1a: Charizard","|-boost|p1a: Charizard|atk|1","|-boost|p1a: Charizard|spe|1","|move|p2a: Avalugg|Avalanche|p1a: Charizard","|-damage|p1a: Charizard|146/297","|","|turn|12","|","|move|p1a: Charizard|Roost|p1a: Charizard","|-heal|p1a: Charizard|295/297","|move|p2a: Avalugg|Avalanche|p1a: Charizard","|-damage|p1a: Charizard|220/297","|","|turn|13","|","|move|p1a: Charizard|Roost|p1a: Charizard","|-heal|p1a: Charizard|297/297","|move|p2a: Avalugg|Avalanche|p1a: Charizard","|-damage|p1a: Charizard|218/297","|","|turn|14","|","|move|p1a: Charizard|Roost|p1a: Charizard","|-heal|p1a: Charizard|297/297","|move|p2a: Avalugg|Rapid Spin|p1a: Charizard","|-damage|p1a: Charizard|278/297","|","|turn|15","|","|move|p1a: Charizard|Outrage|p2a: Avalugg","|-activate|p2a: Avalugg|Sturdy","|-damage|p2a: Avalugg|1/393","|-damage|p1a: Charizard|229/297|[from] item: Rocky Helmet|[of] p2a: Avalugg","|move|p2a: Avalugg|Rapid Spin|p1a: Charizard","|-damage|p1a: Charizard|212/297","|","|turn|16","|","|move|p1a: Charizard|Outrage|p2a: Avalugg","|-damage|p2a: Avalugg|0 fnt","|-damage|p1a: Charizard|163/297|[from] item: Rocky Helmet|[of] p2a: Avalugg","|faint|p2a: Avalugg","|","|","|switch|p2a: Jynx|Jynx, F|271/271","|turn|17","|","|move|p1a: Charizard|Outrage|p2a: Jynx","|-enditem|p2a: Jynx|Focus Sash","|-damage|p2a: Jynx|1/271","|-start|p1a: Charizard|confusion|[fatigue]","|move|p2a: Jynx|Trick Room|p2a: Jynx","|-fieldstart|move: Trick Room|[of] p2a: Jynx","|","|turn|18","|","|switch|p1a: Landorus-Therian|Landorus-Therian, M|333/333","|-ability|p1a: Landorus-Therian|Intimidate","|-unboost|p2a: Jynx|atk|1","|move|p2a: Jynx|Psychic|p1a: Landorus-Therian","|-damage|p1a: Landorus-Therian|153/333","|","|-heal|p1a: Landorus-Therian|173/333|[from] item: Leftovers","|turn|19","|","|move|p1a: Landorus-Therian|Earthquake|p2a: Jynx","|-damage|p2a: Jynx|0 fnt","|faint|p2a: Jynx","|","|-heal|p1a: Landorus-Therian|193/333|[from] item: Leftovers","|","|switch|p2a: Abomasnow|Abomasnow, M|323/323","|-weather|Hail","|turn|20","|","|detailschange|p2a: Abomasnow|Abomasnow-Mega, M","|-mega|p2a: Abomasnow|Abomasnow|Abomasite","|move|p2a: Abomasnow|Blizzard|p1a: Landorus-Therian","|-supereffective|p1a: Landorus-Therian","|-damage|p1a: Landorus-Therian|0 fnt","|faint|p1a: Landorus-Therian","|","|-weather|Hail|[upkeep]","|","|switch|p1a: Dragonite|Dragonite, F|323/323","|turn|21","|","|move|p2a: Abomasnow|Blizzard|p1a: Dragonite","|-supereffective|p1a: Dragonite","|-damage|p1a: Dragonite|0 fnt","|faint|p1a: Dragonite","|","|-weather|Hail|[upkeep]","|-fieldend|move: Trick Room","|","|switch|p1a: Togekiss|Togekiss, F|311/311","|turn|22","|","|move|p1a: Togekiss|Air Slash|p2a: Abomasnow","|-supereffective|p2a: Abomasnow","|-damage|p2a: Abomasnow|117/323","|move|p2a: Abomasnow|Blizzard|p1a: Togekiss","|-supereffective|p1a: Togekiss","|-damage|p1a: Togekiss|0 fnt","|faint|p1a: Togekiss","|","|-weather|Hail|[upkeep]","|","|switch|p1a: Thundurus-Therian|Thundurus-Therian, M|299/299","|turn|23","|","|move|p2a: Abomasnow|Ice Shard|p1a: Thundurus-Therian","|-supereffective|p1a: Thundurus-Therian","|-damage|p1a: Thundurus-Therian|113/299","|move|p1a: Thundurus-Therian|Focus Blast|p2a: Abomasnow","|-supereffective|p2a: Abomasnow","|-damage|p2a: Abomasnow|0 fnt","|faint|p2a: Abomasnow","|","|-weather|Hail|[upkeep]","|-damage|p1a: Thundurus-Therian|95/299|[from] hail","|","|switch|p2a: Kyurem-Black|Kyurem-Black|391/391","|-ability|p2a: Kyurem-Black|Teravolt","|turn|24","|","|switch|p2a: Cloyster|Cloyster, F|241/241","|move|p1a: Thundurus-Therian|Focus Blast|p2a: Cloyster","|-supereffective|p2a: Cloyster","|-damage|p2a: Cloyster|0 fnt","|faint|p2a: Cloyster","|","|-weather|none","|","|switch|p2a: Mamoswine|Mamoswine, M|361/361","|turn|25","|","|move|p2a: Mamoswine|Ice Shard|p1a: Thundurus-Therian","|-supereffective|p1a: Thundurus-Therian","|-damage|p1a: Thundurus-Therian|0 fnt","|-damage|p2a: Mamoswine|325/361|[from] item: Life Orb","|faint|p1a: Thundurus-Therian","|","|","|switch|p1a: Charizard|Charizard-Mega-X, M|163/297","|turn|26","|","|move|p1a: Charizard|Roost|p1a: Charizard","|-heal|p1a: Charizard|297/297","|move|p2a: Mamoswine|Earthquake|p1a: Charizard","|-supereffective|p1a: Charizard","|-damage|p1a: Charizard|0 fnt","|-damage|p2a: Mamoswine|289/361|[from] item: Life Orb","|faint|p1a: Charizard","|","|win|Shining Yin"],"p1rating":{"entryid":"7270197","serverid":"eos","formatid":"monotype","userid":"trainehoodlum","username":"Traine✘ Hoodlum","w":"3","l":3,"t":"0","gxe":48.5,"r":"1500","rd":"130","sigma":"0","rptime":"1438246800","rpr":1488.4699690663,"rprd":97.770367246051,"rpsigma":"0","acre":1087.7627858476,"lacre":1087.7627858476,"oldacre":"1099.9071508556"},"p2rating":{"entryid":"7208708","serverid":"eos","formatid":"monotype","userid":"shiningyin","username":"Shining Yin","w":23,"l":"10","t":"0","gxe":66.1,"r":"1594.0138946365","rd":"64.767361371216","sigma":"0","rptime":"1438246800","rpr":1627.5662289419,"rprd":57.382880663414,"rpsigma":"0","acre":1309.4327034586,"lacre":1309.4327034586,"oldacre":"1297.2815691161"},"endType":"normal"}