{"seed":[42060,34859,45850,14545],"turns":36,"p1":"Wаrden Arguѕ","p2":"Rain ☆ Dinite","p1team":[{"name":"Sableye","species":"Sableye","item":"leftovers","ability":"Prankster","moves":["knockoff","willowisp","recover","taunt"],"nature":"Bold","evs":{"hp":228,"atk":0,"def":252,"spa":0,"spd":0,"spe":28},"gender":"M","ivs":{"hp":31,"atk":0,"def":31,"spa":31,"spd":31,"spe":31}},{"name":"Aegislash","species":"Aegislash","item":"weaknesspolicy","ability":"Stance Change","moves":["kingsshield","sacredsword","shadowball","shadowsneak"],"nature":"Lonely","evs":{"hp":0,"atk":252,"def":0,"spa":240,"spd":0,"spe":16},"gender":"M","shiny":true,"ivs":{"hp":31,"atk":31,"def":31,"spa":31,"spd":31,"spe":31}},{"name":"Jellicent","species":"Jellicent","item":"leftovers","ability":"Cursed Body","moves":["toxic","scald","recover","acidarmor"],"nature":"Calm","evs":{"hp":252,"atk":0,"def":0,"spa":0,"spd":252,"spe":4},"gender":"M","ivs":{"hp":31,"atk":0,"def":31,"spa":31,"spd":31,"spe":31},"shiny":true},{"name":"Golurk","species":"Golurk","item":"focussash","ability":"No Guard","moves":["stealthrock","stoneedge","dynamicpunch","curse"],"nature":"Adamant","evs":{"hp":0,"atk":252,"def":0,"spa":0,"spd":4,"spe":252},"shiny":true,"ivs":{"hp":31,"atk":31,"def":31,"spa":31,"spd":31,"spe":31}},{"name":"Chandelure","species":"Chandelure","item":"choicescarf","ability":"Infiltrator","moves":["flamethrower","shadowball","energyball","trick"],"nature":"Modest","evs":{"hp":0,"atk":0,"def":0,"spa":252,"spd":4,"spe":252},"gender":"F","ivs":{"hp":31,"atk":0,"def":31,"spa":31,"spd":31,"spe":31}},{"name":"Gengar","species":"Gengar","item":"focussash","ability":"Levitate","moves":["destinybond","sludgebomb","shadowball","energyball"],"nature":"Timid","evs":{"hp":0,"atk":0,"def":0,"spa":252,"spd":4,"spe":252},"gender":"F","ivs":{"hp":31,"atk":0,"def":31,"spa":31,"spd":31,"spe":31},"shiny":true}],"p2team":[{"name":"Mage sim","species":"magnezone","item":"choicespecs","ability":"Sturdy","moves":["thunderbolt","flashcannon","voltswitch","hiddenpowerice"],"nature":"Modest","evs":{"hp":0,"atk":0,"def":4,"spa":252,"spd":0,"spe":252},"ivs":{"hp":31,"atk":0,"def":30,"spa":31,"spd":31,"spe":31}},{"name":"wild dog","species":"luxray","item":"choiceband","ability":"Guts","moves":["wildcharge","crunch","quickattack","superpower"],"nature":"Adamant","evs":{"hp":252,"atk":252,"def":0,"spa":0,"spd":4,"spe":0},"ivs":{"hp":31,"atk":31,"def":31,"spa":31,"spd":31,"spe":31}},{"name":"Washing-atk","species":"rotomwash","item":"chestoberry","ability":"Levitate","moves":["confuseray","hydropump","willowisp","rest"],"nature":"Bold","evs":{"hp":252,"atk":0,"def":252,"spa":4,"spd":0,"spe":0},"ivs":{"hp":31,"atk":0,"def":31,"spa":31,"spd":31,"spe":31}},{"name":"Thunder god","species":"thundurus","item":"lifeorb","ability":"Prankster","moves":["thunderwave","superpower","knockoff","wildcharge"],"nature":"Jolly","evs":{"hp":0,"atk":252,"def":0,"spa":0,"spd":4,"spe":252},"ivs":{"hp":31,"atk":30,"def":30,"spa":31,"spd":31,"spe":31}},{"name":"Thunderbirds are g","species":"zapdos","item":"leftovers","ability":"Pressure","moves":["roost","heatwave","discharge","defog"],"nature":"Calm","evs":{"hp":252,"atk":0,"def":0,"spa":4,"spd":252,"spe":0},"ivs":{"hp":31,"atk":0,"def":30,"spa":31,"spd":31,"spe":31}},{"name":"mr zooom","species":"manectric","item":"manectite","ability":"Static","moves":["voltswitch","flamethrower","hiddenpowerice","protect"],"nature":"Timid","evs":{"hp":4,"atk":0,"def":0,"spa":252,"spd":0,"spe":252},"ivs":{"hp":31,"atk":30,"def":30,"spa":31,"spd":31,"spe":31},"shiny":true}],"log":["|player|p1|Wаrden Arguѕ|144","|player|p2|Rain ☆ Dinite|137","|gametype|singles","|gen|6","|tier|Monotype","|rated","|rule|Baton Pass Clause: Limit one Baton Passer, can't pass Spe and other stats simultaneously","|rule|Swagger Clause: Swagger is banned","|rule|Same Type Clause: Pokémon in a team must share a type","|clearpoke","|poke|p1|Sableye, M","|poke|p1|Aegislash, M, shiny","|poke|p1|Jellicent, M, shiny","|poke|p1|Golurk, shiny","|poke|p1|Chandelure, F","|poke|p1|Gengar, F, shiny","|poke|p2|Magnezone","|poke|p2|Luxray, F","|poke|p2|Rotom-Wash","|poke|p2|Thundurus, M","|poke|p2|Zapdos","|poke|p2|Manectric, F, shiny","|rule|Sleep Clause Mod: Limit one foe put to sleep","|rule|Species Clause: Limit one of each Pokémon","|rule|OHKO Clause: OHKO moves are banned","|rule|Moody Clause: Moody is banned","|rule|Evasion Moves Clause: Evasion moves are banned","|rule|Endless Battle Clause: Forcing endless battles is banned","|rule|HP Percentage Mod: HP is shown in percentages","|teampreview","|","|start","|switch|p1a: Jellicent|Jellicent, M, shiny|404/404","|switch|p2a: Mage sim|Magnezone|281/281","|turn|1","|","|move|p2a: Mage sim|Thunderbolt|p1a: Jellicent","|-supereffective|p1a: Jellicent","|-damage|p1a: Jellicent|14/404","|-start|p2a: Mage sim|Disable|Thunderbolt","|move|p1a: Jellicent|Recover|p1a: Jellicent","|-heal|p1a: Jellicent|216/404","|","|-heal|p1a: Jellicent|241/404|[from] item: Leftovers","|turn|2","|","|switch|p2a: Thunderbirds are g|Zapdos|384/384","|-ability|p2a: Thunderbirds are g|Pressure","|move|p1a: Jellicent|Toxic|p2a: Thunderbirds are g","|-status|p2a: Thunderbirds are g|tox","|","|-heal|p1a: Jellicent|266/404|[from] item: Leftovers","|-damage|p2a: Thunderbirds are g|360/384 tox|[from] psn","|turn|3","|","|move|p2a: Thunderbirds are g|Discharge|p1a: Jellicent","|-supereffective|p1a: Jellicent","|-damage|p1a: Jellicent|102/404","|-status|p1a: Jellicent|par","|move|p1a: Jellicent|Recover|p1a: Jellicent","|-heal|p1a: Jellicent|304/404 par","|","|-heal|p2a: Thunderbirds are g|384/384 tox|[from] item: Leftovers","|-heal|p1a: Jellicent|329/404 par|[from] item: Leftovers","|-damage|p2a: Thunderbirds are g|336/384 tox|[from] psn","|turn|4","|","|switch|p2a: Mage sim|Magnezone|281/281","|cant|p1a: Jellicent|par","|","|-heal|p1a: Jellicent|354/404 par|[from] item: Leftovers","|turn|5","|","|switch|p1a: Golurk|Golurk, shiny|319/319","|move|p2a: Mage sim|Thunderbolt|p1a: Golurk","|-immune|p1a: Golurk|[msg]","|","|turn|6","|","|switch|p2a: Washing-atk|Rotom-Wash|304/304","|move|p1a: Golurk|Stealth Rock|p2a: Washing-atk","|-sidestart|p2: Rain ☆ Dinite|move: Stealth Rock","|","|turn|7","|","|switch|p1a: Jellicent|Jellicent, M, shiny|354/404 par","|move|p2a: Washing-atk|Hydro Pump|p1a: Jellicent","|-resisted|p1a: Jellicent","|-damage|p1a: Jellicent|309/404 par","|","|-heal|p1a: Jellicent|334/404 par|[from] item: Leftovers","|turn|8","|","|move|p2a: Washing-atk|Confuse Ray|p1a: Jellicent","|-start|p1a: Jellicent|confusion","|-activate|p1a: Jellicent|confusion","|move|p1a: Jellicent|Toxic|p2a: Washing-atk","|-status|p2a: Washing-atk|tox","|","|-heal|p1a: Jellicent|359/404 par|[from] item: Leftovers","|-damage|p2a: Washing-atk|285/304 tox|[from] psn","|turn|9","|","|switch|p2a: Mage sim|Magnezone|281/281","|-damage|p2a: Mage sim|264/281|[from] Stealth Rock","|switch|p1a: Golurk|Golurk, shiny|319/319","|","|turn|10","|","|switch|p1a: Jellicent|Jellicent, M, shiny|359/404 par","|move|p2a: Mage sim|Flash Cannon|p1a: Jellicent","|-resisted|p1a: Jellicent","|-damage|p1a: Jellicent|281/404 par","|-start|p2a: Mage sim|Disable|Flash Cannon","|","|-heal|p1a: Jellicent|306/404 par|[from] item: Leftovers","|turn|11","|","|switch|p2a: Thunderbirds are g|Zapdos|336/384 tox","|-damage|p2a: Thunderbirds are g|240/384 tox|[from] Stealth Rock","|-ability|p2a: Thunderbirds are g|Pressure","|move|p1a: Jellicent|Scald|p2a: Thunderbirds are g","|-damage|p2a: Thunderbirds are g|174/384 tox","|","|-heal|p2a: Thunderbirds are g|198/384 tox|[from] item: Leftovers","|-heal|p1a: Jellicent|331/404 par|[from] item: Leftovers","|-damage|p2a: Thunderbirds are g|174/384 tox|[from] psn","|turn|12","|","|move|p2a: Thunderbirds are g|Discharge|p1a: Jellicent","|-supereffective|p1a: Jellicent","|-damage|p1a: Jellicent|185/404 par","|move|p1a: Jellicent|Recover|p1a: Jellicent","|-heal|p1a: Jellicent|387/404 par","|","|-heal|p2a: Thunderbirds are g|198/384 tox|[from] item: Leftovers","|-heal|p1a: Jellicent|404/404 par|[from] item: Leftovers","|-damage|p2a: Thunderbirds are g|150/384 tox|[from] psn","|turn|13","|","|move|p2a: Thunderbirds are g|Discharge|p1a: Jellicent","|-supereffective|p1a: Jellicent","|-damage|p1a: Jellicent|246/404 par","|move|p1a: Jellicent|Scald|p2a: Thunderbirds are g","|-damage|p2a: Thunderbirds are g|87/384 tox","|","|-heal|p2a: Thunderbirds are g|111/384 tox|[from] item: Leftovers","|-heal|p1a: Jellicent|271/404 par|[from] item: Leftovers","|-damage|p2a: Thunderbirds are g|39/384 tox|[from] psn","|turn|14","|","|move|p2a: Thunderbirds are g|Discharge|p1a: Jellicent","|-supereffective|p1a: Jellicent","|-damage|p1a: Jellicent|101/404 par","|move|p1a: Jellicent|Recover|p1a: Jellicent","|-heal|p1a: Jellicent|303/404 par","|","|-heal|p2a: Thunderbirds are g|63/384 tox|[from] item: Leftovers","|-heal|p1a: Jellicent|328/404 par|[from] item: Leftovers","|-damage|p2a: Thunderbirds are g|0 fnt|[from] psn","|faint|p2a: Thunderbirds are g","|","|switch|p2a: Mage sim|Magnezone|264/281","|-damage|p2a: Mage sim|247/281|[from] Stealth Rock","|turn|15","|","|switch|p1a: Golurk|Golurk, shiny|319/319","|move|p2a: Mage sim|Thunderbolt|p1a: Golurk","|-immune|p1a: Golurk|[msg]","|","|turn|16","|","|switch|p2a: Washing-atk|Rotom-Wash|285/304 tox","|-damage|p2a: Washing-atk|247/304 tox|[from] Stealth Rock","|move|p1a: Golurk|Dynamic Punch|p2a: Washing-atk","|-damage|p2a: Washing-atk|167/304 tox","|-start|p2a: Washing-atk|confusion","|","|-damage|p2a: Washing-atk|148/304 tox|[from] psn","|turn|17","|","|switch|p1a: Jellicent|Jellicent, M, shiny|328/404 par","|-activate|p2a: Washing-atk|confusion","|move|p2a: Washing-atk|Rest|p2a: Washing-atk","|-status|p2a: Washing-atk|slp","|-heal|p2a: Washing-atk|304/304 slp|[silent]","|-status|p2a: Washing-atk|slp|[from] move: Rest","|-enditem|p2a: Washing-atk|Chesto Berry|[eat]","|-curestatus|p2a: Washing-atk|slp","|","|-heal|p1a: Jellicent|353/404 par|[from] item: Leftovers","|turn|18","|","|switch|p2a: Mage sim|Magnezone|247/281","|-damage|p2a: Mage sim|230/281|[from] Stealth Rock","|move|p1a: Jellicent|Toxic|p2a: Mage sim","|-immune|p2a: Mage sim|[msg]","|","|-heal|p1a: Jellicent|378/404 par|[from] item: Leftovers","|turn|19","|","|move|p2a: Mage sim|Flash Cannon|p1a: Jellicent","|-resisted|p1a: Jellicent","|-damage|p1a: Jellicent|295/404 par","|cant|p1a: Jellicent|par","|","|-heal|p1a: Jellicent|320/404 par|[from] item: Leftovers","|turn|20","|","|switch|p2a: wild dog|Luxray, F|364/364","|-damage|p2a: wild dog|319/364|[from] Stealth Rock","|move|p1a: Jellicent|Toxic|p2a: wild dog","|-status|p2a: wild dog|tox","|","|-heal|p1a: Jellicent|345/404 par|[from] item: Leftovers","|-damage|p2a: wild dog|297/364 tox|[from] psn","|turn|21","|","|switch|p1a: Sableye|Sableye, M|298/298","|move|p2a: wild dog|Crunch|p1a: Sableye","|-damage|p1a: Sableye|101/298","|","|-heal|p1a: Sableye|119/298|[from] item: Leftovers","|-damage|p2a: wild dog|253/364 tox|[from] psn","|turn|22","|","|move|p1a: Sableye|Recover|p1a: Sableye","|-heal|p1a: Sableye|268/298","|move|p2a: wild dog|Crunch|p1a: Sableye","|-damage|p1a: Sableye|79/298","|","|-heal|p1a: Sableye|97/298|[from] item: Leftovers","|-damage|p2a: wild dog|187/364 tox|[from] psn","|turn|23","|","|move|p1a: Sableye|Recover|p1a: Sableye","|-heal|p1a: Sableye|246/298","|move|p2a: wild dog|Crunch|p1a: Sableye","|-damage|p1a: Sableye|49/298","|","|-heal|p1a: Sableye|67/298|[from] item: Leftovers","|-damage|p2a: wild dog|99/364 tox|[from] psn","|turn|24","|","|move|p1a: Sableye|Recover|p1a: Sableye","|-heal|p1a: Sableye|216/298","|move|p2a: wild dog|Crunch|p1a: Sableye","|-damage|p1a: Sableye|33/298","|","|-heal|p1a: Sableye|51/298|[from] item: Leftovers","|-damage|p2a: wild dog|0 fnt|[from] psn","|faint|p2a: wild dog","|","|switch|p2a: Thunder god|Thundurus, M|299/299","|-damage|p2a: Thunder god|225/299|[from] Stealth Rock","|turn|25","|","|move|p1a: Sableye|Will-O-Wisp|p2a: Thunder god|[miss]","|-miss|p1a: Sableye|p2a: Thunder god","|move|p2a: Thunder god|Knock Off|p1a: Sableye","|-damage|p1a: Sableye|0 fnt","|-enditem|p1a: Sableye|Leftovers|[from] move: Knock Off|[of] p2a: Thunder god","|-damage|p2a: Thunder god|196/299|[from] item: Life Orb","|faint|p1a: Sableye","|","|","|switch|p1a: Chandelure|Chandelure, F|261/261","|turn|26","|","|switch|p2a: Washing-atk|Rotom-Wash|304/304","|-damage|p2a: Washing-atk|266/304|[from] Stealth Rock","|move|p1a: Chandelure|Shadow Ball|p2a: Washing-atk","|-damage|p2a: Washing-atk|98/304","|-unboost|p2a: Washing-atk|spd|1","|","|turn|27","|","|move|p1a: Chandelure|Shadow Ball|p2a: Washing-atk","|-damage|p2a: Washing-atk|0 fnt","|faint|p2a: Washing-atk","|","|","|switch|p2a: mr zooom|Manectric, F, shiny|282/282","|-damage|p2a: mr zooom|247/282|[from] Stealth Rock","|turn|28","|","|detailschange|p2a: mr zooom|Manectric-Mega, F, shiny","|-mega|p2a: mr zooom|Manectric|Manectite","|-ability|p2a: mr zooom|Intimidate","|-unboost|p1a: Chandelure|atk|1","|move|p2a: mr zooom|Protect|p2a: mr zooom","|-singleturn|p2a: mr zooom|Protect","|move|p1a: Chandelure|Shadow Ball|p2a: mr zooom","|-activate|p2a: mr zooom|Protect","|","|turn|29","|","|move|p2a: mr zooom|Volt Switch|p1a: Chandelure","|-damage|p1a: Chandelure|114/261","|","|switch|p2a: Mage sim|Magnezone|230/281","|-damage|p2a: Mage sim|213/281|[from] Stealth Rock","|move|p1a: Chandelure|Shadow Ball|p2a: Mage sim","|-damage|p2a: Mage sim|15/281","|","|turn|30","|","|move|p1a: Chandelure|Shadow Ball|p2a: Mage sim","|-damage|p2a: Mage sim|0 fnt","|faint|p2a: Mage sim","|","|","|switch|p2a: mr zooom|Manectric-Mega, F, shiny|247/282","|-damage|p2a: mr zooom|212/282|[from] Stealth Rock","|-ability|p2a: mr zooom|Intimidate","|-unboost|p1a: Chandelure|atk|1","|turn|31","|","|switch|p1a: Golurk|Golurk, shiny|319/319","|move|p2a: mr zooom|Volt Switch|p1a: Golurk","|-immune|p1a: Golurk|[msg]","|","|turn|32","|","|move|p2a: mr zooom|Hidden Power|p1a: Golurk","|-supereffective|p1a: Golurk","|-damage|p1a: Golurk|129/319","|move|p1a: Golurk|Dynamic Punch|p2a: mr zooom","|-damage|p2a: mr zooom|71/282","|-start|p2a: mr zooom|confusion","|","|turn|33","|","|-activate|p2a: mr zooom|confusion","|move|p2a: mr zooom|Protect|p2a: mr zooom","|-singleturn|p2a: mr zooom|Protect","|move|p1a: Golurk|Stone Edge|p2a: mr zooom","|-activate|p2a: mr zooom|Protect","|","|turn|34","|","|-activate|p2a: mr zooom|confusion","|move|p2a: mr zooom|Hidden Power|p1a: Golurk","|-supereffective|p1a: Golurk","|-damage|p1a: Golurk|0 fnt","|faint|p1a: Golurk","|","|","|switch|p1a: Aegislash|Aegislash, M, shiny|261/261","|turn|35","|","|-formechange|p1a: Aegislash|Aegislash-Blade","|move|p1a: Aegislash|Shadow Sneak|p2a: mr zooom","|-damage|p2a: mr zooom|0 fnt","|faint|p2a: mr zooom","|","|","|switch|p2a: Thunder god|Thundurus, M|196/299","|-damage|p2a: Thunder god|122/299|[from] Stealth Rock","|turn|36","|","|move|p1a: Aegislash|Shadow Sneak|p2a: Thunder god","|-damage|p2a: Thunder god|0 fnt","|faint|p2a: Thunder god","|","|win|Wаrden Arguѕ"],"p1rating":{"entryid":"7252450","serverid":"eos","formatid":"monotype","userid":"wrdenargu","username":"Wаrden Arguѕ","w":34,"l":"6","t":"0","gxe":77.7,"r":"1734.3716784252","rd":"56.692445093201","sigma":"0","rptime":"1438246800","rpr":1737.8001160275,"rprd":54.334372114775,"rpsigma":"0","acre":1393.023685354,"lacre":1393.023685354,"oldacre":"1386.7240819485"},"p2rating":{"entryid":"7159862","serverid":"eos","formatid":"monotype","userid":"raindinite","username":"Rain ☆ Dinite","w":"5","l":11,"t":"0","gxe":38.7,"r":"1372.7364661289","rd":"94.147220466827","sigma":"0","rptime":"1438246800","rpr":1411.5218598494,"rprd":78.217668732847,"rpsigma":"0","acre":1087.7384121196,"lacre":1087.7384121196,"oldacre":"1095.3953608741"},"endType":"normal"}