{"seed":[21781,10578,32203,624],"turns":27,"p1":"Carter_Rules_All","p2":"valkoinen","p1team":[{"name":"Leavanny","species":"Leavanny","item":"focussash","ability":"Swarm","moves":["fellstinger","xscissor","leafblade","camouflage"],"nature":"Naive","evs":{"hp":4,"atk":252,"def":0,"spa":0,"spd":0,"spe":252},"ivs":{"hp":31,"atk":31,"def":31,"spa":31,"spd":31,"spe":31}},{"name":"Shuckle","species":"Shuckle","item":"leftovers","ability":"Sturdy","moves":["encore","toxic","substitute","infestation"],"nature":"Calm","evs":{"hp":248,"atk":0,"def":0,"spa":8,"spd":252,"spe":0},"ivs":{"hp":31,"atk":31,"def":31,"spa":31,"spd":31,"spe":31}},{"name":"Galvantula","species":"Galvantula","item":"focussash","ability":"Compound Eyes","moves":["thunder","bugbuzz","gigadrain","voltswitch"],"nature":"Timid","evs":{"hp":0,"atk":0,"def":0,"spa":252,"spd":4,"spe":252},"ivs":{"hp":31,"atk":31,"def":31,"spa":31,"spd":31,"spe":31}},{"name":"Pinsir","species":"Pinsir","item":"pinsirite","ability":"Hyper Cutter","moves":["quickattack","thrash","bulldoze","return"],"nature":"Jolly","evs":{"hp":0,"atk":252,"def":0,"spa":0,"spd":4,"spe":252},"shiny":true,"ivs":{"hp":31,"atk":31,"def":31,"spa":31,"spd":31,"spe":31}},{"name":"Escavalier","species":"Escavalier","item":"airballoon","ability":"Shell Armor","moves":["drillrun","facade","poisonjab","aerialace"],"nature":"Adamant","evs":{"hp":248,"atk":252,"def":0,"spa":0,"spd":8,"spe":0},"ivs":{"hp":31,"atk":31,"def":31,"spa":31,"spd":31,"spe":31}},{"name":"Volcarona","species":"Volcarona","item":"leftovers","ability":"Flame Body","moves":["quiverdance","roost","fierydance","flamecharge"],"nature":"Timid","evs":{"hp":252,"atk":0,"def":0,"spa":4,"spd":0,"spe":252},"ivs":{"hp":31,"atk":31,"def":31,"spa":31,"spd":31,"spe":31}}],"p2team":[{"name":"Tyrantrum","species":"Tyrantrum","item":"choiceband","ability":"Rock Head","moves":["ironhead","headsmash","outrage","earthquake"],"nature":"Adamant","evs":{"hp":0,"atk":252,"def":0,"spa":0,"spd":4,"spe":252},"gender":"M","shiny":true,"ivs":{"hp":31,"atk":31,"def":31,"spa":31,"spd":31,"spe":31}},{"name":"Hydreigon","species":"Hydreigon","item":"choicescarf","ability":"Levitate","moves":["dragonpulse","darkpulse","flashcannon","fireblast"],"nature":"Timid","evs":{"hp":0,"atk":0,"def":0,"spa":252,"spd":4,"spe":252},"gender":"M","ivs":{"hp":31,"atk":31,"def":31,"spa":31,"spd":31,"spe":31}},{"name":"Birb","species":"altaria","item":"altarianite","ability":"Natural Cure","moves":["dragondance","earthquake","roost","frustration"],"nature":"Adamant","evs":{"hp":0,"atk":252,"def":0,"spa":0,"spd":4,"spe":252},"gender":"F","happiness":0,"ivs":{"hp":31,"atk":31,"def":31,"spa":31,"spd":31,"spe":31}},{"name":"Kyurem-Black","species":"Kyurem-Black","item":"choicescarf","ability":"Teravolt","moves":["outrage","fusionbolt","dragonclaw","ironhead"],"nature":"Jolly","evs":{"hp":0,"atk":252,"def":0,"spa":0,"spd":4,"spe":252},"shiny":true,"ivs":{"hp":31,"atk":31,"def":31,"spa":31,"spd":31,"spe":31}},{"name":"Dragalge","species":"Dragalge","item":"assaultvest","ability":"Adaptability","moves":["sludgewave","dragonpulse","focusblast","hiddenpowerground"],"nature":"Modest","evs":{"hp":236,"atk":0,"def":0,"spa":252,"spd":8,"spe":12},"gender":"M","ivs":{"hp":31,"atk":31,"def":31,"spa":30,"spd":30,"spe":31},"shiny":true},{"name":"Garchomp","species":"Garchomp","item":"focussash","ability":"Rough Skin","moves":["swordsdance","earthquake","dragonclaw","fireblast"],"nature":"Naive","evs":{"hp":0,"atk":252,"def":0,"spa":4,"spd":0,"spe":252},"gender":"M","shiny":true,"ivs":{"hp":31,"atk":31,"def":31,"spa":31,"spd":31,"spe":31}}],"log":["|player|p1|Carter_Rules_All|101","|player|p2|valkoinen|53","|gametype|singles","|gen|6","|tier|Monotype","|rated","|rule|Baton Pass Clause: Limit one Baton Passer, can't pass Spe and other stats simultaneously","|rule|Swagger Clause: Swagger is banned","|rule|Same Type Clause: Pokémon in a team must share a type","|clearpoke","|poke|p1|Leavanny, M","|poke|p1|Shuckle, M","|poke|p1|Galvantula, M","|poke|p1|Pinsir, F, shiny","|poke|p1|Escavalier, M","|poke|p1|Volcarona, F","|poke|p2|Tyrantrum, M, shiny","|poke|p2|Hydreigon, M","|poke|p2|Altaria, F","|poke|p2|Kyurem-Black, shiny","|poke|p2|Dragalge, M, shiny","|poke|p2|Garchomp, M, shiny","|rule|Sleep Clause Mod: Limit one foe put to sleep","|rule|Species Clause: Limit one of each Pokémon","|rule|OHKO Clause: OHKO moves are banned","|rule|Moody Clause: Moody is banned","|rule|Evasion Moves Clause: Evasion moves are banned","|rule|Endless Battle Clause: Forcing endless battles is banned","|rule|HP Percentage Mod: HP is shown in percentages","|teampreview","|","|start","|switch|p1a: Escavalier|Escavalier, M|343/343","|switch|p2a: Garchomp|Garchomp, M, shiny|357/357","|-item|p1a: Escavalier|Air Balloon","|turn|1","|","|move|p2a: Garchomp|Fire Blast|p1a: Escavalier","|-supereffective|p1a: Escavalier","|-damage|p1a: Escavalier|47/343","|-enditem|p1a: Escavalier|Air Balloon","|move|p1a: Escavalier|Drill Run|p2a: Garchomp","|-damage|p2a: Garchomp|253/357","|-damage|p1a: Escavalier|5/343|[from] ability: Rough Skin|[of] p2a: Garchomp","|","|turn|2","|","|move|p2a: Garchomp|Swords Dance|p2a: Garchomp","|-boost|p2a: Garchomp|atk|2","|move|p1a: Escavalier|Drill Run|p2a: Garchomp","|-damage|p2a: Garchomp|131/357","|-damage|p1a: Escavalier|0 fnt|[from] ability: Rough Skin|[of] p2a: Garchomp","|faint|p1a: Escavalier","|","|","|switch|p1a: Leavanny|Leavanny, M|292/292","|turn|3","|","|move|p2a: Garchomp|Fire Blast|p1a: Leavanny","|-supereffective|p1a: Leavanny","|-enditem|p1a: Leavanny|Focus Sash","|-damage|p1a: Leavanny|1/292","|-status|p1a: Leavanny|brn","|move|p1a: Leavanny|Leaf Blade|p2a: Garchomp","|-damage|p2a: Garchomp|60/357","|-damage|p1a: Leavanny|0 fnt|[from] ability: Rough Skin|[of] p2a: Garchomp","|faint|p1a: Leavanny","|","|","|switch|p1a: Galvantula|Galvantula, M|281/281","|turn|4","|","|move|p1a: Galvantula|Giga Drain|p2a: Garchomp","|-damage|p2a: Garchomp|0 fnt","|faint|p2a: Garchomp","|","|","|switch|p2a: Tyrantrum|Tyrantrum, M, shiny|305/305","|turn|5","|","|move|p1a: Galvantula|Giga Drain|p2a: Tyrantrum","|-crit|p2a: Tyrantrum","|-damage|p2a: Tyrantrum|139/305","|move|p2a: Tyrantrum|Head Smash|p1a: Galvantula","|-supereffective|p1a: Galvantula","|-enditem|p1a: Galvantula|Focus Sash","|-damage|p1a: Galvantula|1/281","|","|turn|6","|","|move|p1a: Galvantula|Giga Drain|p2a: Tyrantrum","|-damage|p2a: Tyrantrum|23/305","|-heal|p1a: Galvantula|59/281|[from] drain|[of] p2a: Tyrantrum","|move|p2a: Tyrantrum|Head Smash|p1a: Galvantula|[miss]","|-miss|p2a: Tyrantrum|p1a: Galvantula","|","|turn|7","|","|move|p1a: Galvantula|Giga Drain|p2a: Tyrantrum","|-crit|p2a: Tyrantrum","|-damage|p2a: Tyrantrum|0 fnt","|-heal|p1a: Galvantula|71/281|[from] drain|[of] p2a: Tyrantrum","|faint|p2a: Tyrantrum","|","|","|switch|p2a: Dragalge|Dragalge, M, shiny|330/330","|turn|8","|","|move|p1a: Galvantula|Thunder|p2a: Dragalge","|-resisted|p2a: Dragalge","|-damage|p2a: Dragalge|283/330","|move|p2a: Dragalge|Dragon Pulse|p1a: Galvantula","|-damage|p1a: Galvantula|0 fnt","|faint|p1a: Galvantula","|","|","|switch|p1a: Shuckle|Shuckle, M|243/243","|turn|9","|","|move|p2a: Dragalge|Focus Blast|p1a: Shuckle","|-damage|p1a: Shuckle|193/243","|move|p1a: Shuckle|Substitute|p1a: Shuckle","|-start|p1a: Shuckle|Substitute","|-damage|p1a: Shuckle|133/243","|","|-heal|p1a: Shuckle|148/243|[from] item: Leftovers","|turn|10","|","|move|p2a: Dragalge|Dragon Pulse|p1a: Shuckle","|-end|p1a: Shuckle|Substitute","|move|p1a: Shuckle|Infestation|p2a: Dragalge","|-resisted|p2a: Dragalge","|-damage|p2a: Dragalge|280/330","|-activate|p2a: Dragalge|move: Infestation|[of] p1a: Shuckle","|","|-heal|p1a: Shuckle|163/243|[from] item: Leftovers","|-damage|p2a: Dragalge|239/330|[from] move: Infestation|[partiallytrapped]","|turn|11","|","|move|p2a: Dragalge|Sludge Wave|p1a: Shuckle","|-resisted|p1a: Shuckle","|-damage|p1a: Shuckle|126/243","|move|p1a: Shuckle|Substitute|p1a: Shuckle","|-start|p1a: Shuckle|Substitute","|-damage|p1a: Shuckle|66/243","|","|-heal|p1a: Shuckle|81/243|[from] item: Leftovers","|-damage|p2a: Dragalge|198/330|[from] move: Infestation|[partiallytrapped]","|turn|12","|","|move|p2a: Dragalge|Dragon Pulse|p1a: Shuckle","|-end|p1a: Shuckle|Substitute","|move|p1a: Shuckle|Encore|p2a: Dragalge","|-start|p2a: Dragalge|Encore","|","|-heal|p1a: Shuckle|96/243|[from] item: Leftovers","|-damage|p2a: Dragalge|157/330|[from] move: Infestation|[partiallytrapped]","|turn|13","|","|move|p2a: Dragalge|Dragon Pulse|p1a: Shuckle","|-damage|p1a: Shuckle|20/243","|move|p1a: Shuckle|Infestation|p2a: Dragalge","|-resisted|p2a: Dragalge","|-damage|p2a: Dragalge|155/330","|","|-heal|p1a: Shuckle|35/243|[from] item: Leftovers","|-damage|p2a: Dragalge|114/330|[from] move: Infestation|[partiallytrapped]","|turn|14","|","|move|p2a: Dragalge|Dragon Pulse|p1a: Shuckle","|-damage|p1a: Shuckle|0 fnt","|faint|p1a: Shuckle","|","|","|switch|p1a: Pinsir|Pinsir, F, shiny|271/271","|turn|15","|","|detailschange|p1a: Pinsir|Pinsir-Mega, F, shiny","|-mega|p1a: Pinsir|Pinsir|Pinsirite","|move|p1a: Pinsir|Return|p2a: Dragalge","|-damage|p2a: Dragalge|0 fnt","|faint|p2a: Dragalge","|","|","|switch|p2a: Kyurem-Black|Kyurem-Black, shiny|391/391","|-ability|p2a: Kyurem-Black|Teravolt","|turn|16","|","|move|p2a: Kyurem-Black|Fusion Bolt|p1a: Pinsir","|-supereffective|p1a: Pinsir","|-damage|p1a: Pinsir|21/271","|move|p1a: Pinsir|Bulldoze|p2a: Kyurem-Black","|-damage|p2a: Kyurem-Black|307/391","|-unboost|p2a: Kyurem-Black|spe|1","|","|turn|17","|","|move|p1a: Pinsir|Thrash|p2a: Kyurem-Black","|-crit|p2a: Kyurem-Black","|-damage|p2a: Kyurem-Black|0 fnt","|faint|p2a: Kyurem-Black","|","|","|switch|p2a: Birb|Altaria, F|291/291","|turn|18","|","|detailschange|p2a: Birb|Altaria-Mega, F","|-mega|p2a: Birb|Altaria|Altarianite","|move|p1a: Pinsir|Thrash|p2a: Birb","|-damage|p2a: Birb|17/291","|move|p2a: Birb|Frustration|p1a: Pinsir","|-damage|p1a: Pinsir|0 fnt","|faint|p1a: Pinsir","|","|","|switch|p1a: Volcarona|Volcarona, F|374/374","|turn|19","|","|move|p1a: Volcarona|Fiery Dance|p2a: Birb","|-resisted|p2a: Birb","|-damage|p2a: Birb|0 fnt","|-boost|p1a: Volcarona|spa|1","|faint|p2a: Birb","|","|","|switch|p2a: Hydreigon|Hydreigon, M|325/325","|turn|20","|","|move|p2a: Hydreigon|Dragon Pulse|p1a: Volcarona","|-damage|p1a: Volcarona|244/374","|move|p1a: Volcarona|Fiery Dance|p2a: Hydreigon","|-resisted|p2a: Hydreigon","|-damage|p2a: Hydreigon|234/325","|","|-heal|p1a: Volcarona|267/374|[from] item: Leftovers","|turn|21","|","|move|p2a: Hydreigon|Dragon Pulse|p1a: Volcarona","|-damage|p1a: Volcarona|119/374","|move|p1a: Volcarona|Roost|p1a: Volcarona","|-heal|p1a: Volcarona|306/374","|","|-heal|p1a: Volcarona|329/374|[from] item: Leftovers","|turn|22","|","|move|p2a: Hydreigon|Dragon Pulse|p1a: Volcarona","|-crit|p1a: Volcarona","|-damage|p1a: Volcarona|122/374","|move|p1a: Volcarona|Flame Charge|p2a: Hydreigon","|-resisted|p2a: Hydreigon","|-damage|p2a: Hydreigon|215/325","|-boost|p1a: Volcarona|spe|1","|","|-heal|p1a: Volcarona|145/374|[from] item: Leftovers","|turn|23","|","|move|p1a: Volcarona|Roost|p1a: Volcarona","|-heal|p1a: Volcarona|332/374","|move|p2a: Hydreigon|Dragon Pulse|p1a: Volcarona","|-damage|p1a: Volcarona|188/374","|","|-heal|p1a: Volcarona|211/374|[from] item: Leftovers","|turn|24","|","|move|p1a: Volcarona|Fiery Dance|p2a: Hydreigon","|-resisted|p2a: Hydreigon","|-damage|p2a: Hydreigon|116/325","|-boost|p1a: Volcarona|spa|1","|move|p2a: Hydreigon|Dragon Pulse|p1a: Volcarona","|-damage|p1a: Volcarona|64/374","|","|-heal|p1a: Volcarona|87/374|[from] item: Leftovers","|turn|25","|","|move|p1a: Volcarona|Roost|p1a: Volcarona","|-heal|p1a: Volcarona|274/374","|move|p2a: Hydreigon|Dragon Pulse|p1a: Volcarona","|-damage|p1a: Volcarona|138/374","|","|-heal|p1a: Volcarona|161/374|[from] item: Leftovers","|turn|26","|","|move|p1a: Volcarona|Roost|p1a: Volcarona","|-heal|p1a: Volcarona|348/374","|move|p2a: Hydreigon|Dragon Pulse|p1a: Volcarona","|-damage|p1a: Volcarona|198/374","|","|-heal|p1a: Volcarona|221/374|[from] item: Leftovers","|turn|27","|","|move|p1a: Volcarona|Fiery Dance|p2a: Hydreigon","|-resisted|p2a: Hydreigon","|-damage|p2a: Hydreigon|0 fnt","|-boost|p1a: Volcarona|spa|1","|faint|p2a: Hydreigon","|","|win|Carter_Rules_All"],"p1rating":{"entryid":"7271971","serverid":"eos","formatid":"monotype","userid":"carterrulesall","username":"Carter_Rules_All","w":2,"l":"3","t":"0","gxe":43.7,"r":"1500","rd":"130","sigma":"0","rptime":"1438246800","rpr":1449.8536345997,"rprd":103.34869378677,"rpsigma":"0","acre":1059.2700697347,"lacre":1059.2700697347,"oldacre":"1013.5443733353"},"p2rating":{"entryid":"7209054","serverid":"eos","formatid":"monotype","userid":"valkoinen","username":"valkoinen","w":"6","l":17,"t":"0","gxe":32.8,"r":"1332.9760960296","rd":"74.649635028333","sigma":"0","rptime":"1438246800","rpr":1362.6638407702,"rprd":67.973806815199,"rpsigma":"0","acre":1058.0464330809,"lacre":1058.0464330809,"oldacre":"1085.5425126716"},"endType":"normal"}