{"seed":[29878,56182,576,55153],"turns":25,"p1":"Zukushiku","p2":"A44용의 사용자","p1team":[{"name":"Roserade","species":"Roserade","item":"lifeorb","ability":"Natural Cure","moves":["hiddenpowerfire","sludgebomb","leafstorm","rest"],"nature":"Timid","evs":{"hp":0,"atk":0,"def":0,"spa":252,"spd":4,"spe":252},"ivs":{"hp":31,"atk":30,"def":31,"spa":30,"spd":31,"spe":30}},{"name":"Skuntank","species":"Skuntank","item":"blacksludge","ability":"Aftermath","moves":["defog","suckerpunch","pursuit","taunt"],"nature":"Adamant","evs":{"hp":16,"atk":228,"def":0,"spa":0,"spd":252,"spe":12},"shiny":true,"ivs":{"hp":31,"atk":31,"def":31,"spa":31,"spd":31,"spe":31}},{"name":"Nidoqueen","species":"Nidoqueen","item":"blacksludge","ability":"Sheer Force","moves":["stealthrock","roar","icebeam","earthpower"],"nature":"Bold","evs":{"hp":248,"atk":0,"def":240,"spa":20,"spd":0,"spe":0},"ivs":{"hp":31,"atk":31,"def":31,"spa":31,"spd":31,"spe":31}},{"name":"Venusaur","species":"Venusaur","item":"venusaurite","ability":"Chlorophyll","moves":["gigadrain","sludgebomb","synthesis","hiddenpowerfire"],"nature":"Bold","evs":{"hp":248,"atk":0,"def":96,"spa":0,"spd":144,"spe":20},"ivs":{"hp":31,"atk":30,"def":31,"spa":30,"spd":31,"spe":30}},{"name":"Gengar","species":"Gengar","item":"blacksludge","ability":"Levitate","moves":["taunt","sludgewave","shadowball","willowisp"],"nature":"Timid","evs":{"hp":0,"atk":0,"def":0,"spa":252,"spd":4,"spe":252},"ivs":{"hp":31,"atk":31,"def":31,"spa":31,"spd":31,"spe":31}},{"name":"Dragalge","species":"Dragalge","item":"blacksludge","ability":"Adaptability","moves":["dracometeor","sludgewave","scald","toxicspikes"],"nature":"Calm","evs":{"hp":248,"atk":0,"def":0,"spa":0,"spd":232,"spe":28},"ivs":{"hp":31,"atk":31,"def":31,"spa":31,"spd":31,"spe":31}}],"p2team":[{"name":"ヌメルゴン","species":"goodra","item":"leftovers","ability":"Sap Sipper","moves":["curse","dragontail","rest","sleeptalk"],"nature":"Careful","evs":{"hp":252,"atk":0,"def":4,"spa":0,"spd":252,"spe":0},"ivs":{"hp":31,"atk":31,"def":31,"spa":31,"spd":31,"spe":31}},{"name":"ボーマンダ","species":"salamence","item":"choicescarf","ability":"Moxie","moves":["outrage","aerialace","steelwing","earthquake"],"nature":"Jolly","evs":{"hp":0,"atk":252,"def":4,"spa":0,"spd":0,"spe":252},"ivs":{"hp":31,"atk":31,"def":31,"spa":31,"spd":31,"spe":31}},{"name":"キュレム","species":"kyuremblack","item":"powerherb","ability":"Teravolt","moves":["freezeshock","fusionbolt","outrage","dracometeor"],"nature":"Naive","evs":{"hp":0,"atk":252,"def":0,"spa":60,"spd":0,"spe":196},"shiny":true,"ivs":{"hp":31,"atk":31,"def":31,"spa":31,"spd":31,"spe":31}},{"name":"サザンドラ","species":"hydreigon","item":"lifeorb","ability":"Levitate","moves":["darkpulse","flamethrower","dracometeor","flashcannon"],"nature":"Timid","evs":{"hp":4,"atk":0,"def":0,"spa":252,"spd":0,"spe":252},"shiny":true,"ivs":{"hp":31,"atk":31,"def":31,"spa":31,"spd":31,"spe":31}},{"name":"ガチゴラス","species":"tyrantrum","item":"focussash","ability":"Rock Head","moves":["stealthrock","headsmash","earthquake","dragondance"],"nature":"Adamant","evs":{"hp":0,"atk":252,"def":4,"spa":0,"spd":0,"spe":252},"ivs":{"hp":31,"atk":31,"def":31,"spa":31,"spd":31,"spe":31}},{"name":"チルタリス","species":"altaria","item":"altarianite","ability":"Natural Cure","moves":["agility","hypervoice","fireblast","hiddenpowerground"],"nature":"Modest","evs":{"hp":0,"atk":0,"def":4,"spa":252,"spd":0,"spe":252},"ivs":{"hp":31,"atk":31,"def":31,"spa":30,"spd":30,"spe":31},"happiness":0}],"log":["|player|p1|Zukushiku|zukushiku.png","|player|p2|A44용의 사용자|alliancewutang.png","|gametype|singles","|gen|6","|tier|Monotype","|rated","|rule|Baton Pass Clause: Limit one Baton Passer, can't pass Spe and other stats simultaneously","|rule|Swagger Clause: Swagger is banned","|rule|Same Type Clause: Pokémon in a team must share a type","|clearpoke","|poke|p1|Roserade, F","|poke|p1|Skuntank, M, shiny","|poke|p1|Nidoqueen, F","|poke|p1|Venusaur, F","|poke|p1|Gengar, M","|poke|p1|Dragalge, F","|poke|p2|Goodra, F","|poke|p2|Salamence, M","|poke|p2|Kyurem-Black, shiny","|poke|p2|Hydreigon, F, shiny","|poke|p2|Tyrantrum, M","|poke|p2|Altaria, M","|rule|Sleep Clause Mod: Limit one foe put to sleep","|rule|Species Clause: Limit one of each Pokémon","|rule|OHKO Clause: OHKO moves are banned","|rule|Moody Clause: Moody is banned","|rule|Evasion Moves Clause: Evasion moves are banned","|rule|Endless Battle Clause: Forcing endless battles is banned","|rule|HP Percentage Mod: HP is shown in percentages","|teampreview","|","|start","|switch|p1a: Nidoqueen|Nidoqueen, F|383/383","|switch|p2a: ガチゴラス|Tyrantrum, M|305/305","|turn|1","|","|move|p2a: ガチゴラス|Dragon Dance|p2a: ガチゴラス","|-boost|p2a: ガチゴラス|atk|1","|-boost|p2a: ガチゴラス|spe|1","|move|p1a: Nidoqueen|Stealth Rock|p2a: ガチゴラス","|-sidestart|p2: A44용의 사용자|move: Stealth Rock","|","|turn|2","|","|move|p2a: ガチゴラス|Earthquake|p1a: Nidoqueen","|-supereffective|p1a: Nidoqueen","|-damage|p1a: Nidoqueen|89/383","|move|p1a: Nidoqueen|Roar|p2a: ガチゴラス","|drag|p2a: キュレム|Kyurem-Black, shiny|391/391","|-damage|p2a: キュレム|294/391|[from] Stealth Rock","|-ability|p2a: キュレム|Teravolt","|","|-heal|p1a: Nidoqueen|112/383|[from] item: Black Sludge","|turn|3","|","|move|p2a: キュレム|Draco Meteor|p1a: Nidoqueen","|-damage|p1a: Nidoqueen|0 fnt","|-unboost|p2a: キュレム|spa|2","|faint|p1a: Nidoqueen","|","|","|switch|p1a: Dragalge|Dragalge, F|333/333","|turn|4","|","|move|p2a: キュレム|Freeze Shock|p1a: Dragalge|[still]","|-prepare|p2a: キュレム|Freeze Shock|p1a: Dragalge","|-enditem|p2a: キュレム|Power Herb","|-anim|p2a: キュレム|Freeze Shock|p1a: Dragalge","|-supereffective|p1a: Dragalge","|-damage|p1a: Dragalge|0 fnt","|faint|p1a: Dragalge","|","|","|switch|p1a: Roserade|Roserade, F|261/261","|turn|5","|","|switch|p2a: ヌメルゴン|Goodra, F|384/384","|-damage|p2a: ヌメルゴン|336/384|[from] Stealth Rock","|move|p1a: Roserade|Sludge Bomb|p2a: ヌメルゴン","|-crit|p2a: ヌメルゴン","|-damage|p2a: ヌメルゴン|157/384","|-damage|p1a: Roserade|235/261|[from] item: Life Orb","|","|-heal|p2a: ヌメルゴン|181/384|[from] item: Leftovers","|turn|6","|","|move|p1a: Roserade|Sludge Bomb|p2a: ヌメルゴン","|-damage|p2a: ヌメルゴン|71/384","|-damage|p1a: Roserade|209/261|[from] item: Life Orb","|move|p2a: ヌメルゴン|Rest|p2a: ヌメルゴン","|-status|p2a: ヌメルゴン|slp","|-heal|p2a: ヌメルゴン|384/384 slp|[silent]","|-status|p2a: ヌメルゴン|slp|[from] move: Rest","|","|turn|7","|","|switch|p1a: Skuntank|Skuntank, M, shiny|351/351","|cant|p2a: ヌメルゴン|slp","|move|p2a: ヌメルゴン|Sleep Talk|p2a: ヌメルゴン","|move|p2a: ヌメルゴン|Rest|p2a: ヌメルゴン|[from]Sleep Talk","|-fail|p2a: ヌメルゴン","|","|turn|8","|","|switch|p2a: ガチゴラス|Tyrantrum, M|305/305","|-damage|p2a: ガチゴラス|267/305|[from] Stealth Rock","|move|p1a: Skuntank|Taunt|p2a: ガチゴラス","|-start|p2a: ガチゴラス|move: Taunt","|","|turn|9","|","|move|p1a: Skuntank|Sucker Punch|p2a: ガチゴラス","|-damage|p2a: ガチゴラス|164/305","|move|p2a: ガチゴラス|Earthquake|p1a: Skuntank","|-supereffective|p1a: Skuntank","|-damage|p1a: Skuntank|35/351","|","|-heal|p1a: Skuntank|56/351|[from] item: Black Sludge","|turn|10","|","|move|p1a: Skuntank|Sucker Punch|p2a: ガチゴラス","|-damage|p2a: ガチゴラス|56/305","|move|p2a: ガチゴラス|Earthquake|p1a: Skuntank","|-supereffective|p1a: Skuntank","|-damage|p1a: Skuntank|0 fnt","|faint|p1a: Skuntank","|","|-end|p2a: ガチゴラス|move: Taunt","|","|switch|p1a: Gengar|Gengar, M|261/261","|turn|11","|","|move|p1a: Gengar|Shadow Ball|p2a: ガチゴラス","|-damage|p2a: ガチゴラス|0 fnt","|faint|p2a: ガチゴラス","|","|","|switch|p2a: サザンドラ|Hydreigon, F, shiny|326/326","|-damage|p2a: サザンドラ|286/326|[from] Stealth Rock","|turn|12","|","|switch|p1a: Roserade|Roserade, F|209/261","|move|p2a: サザンドラ|Dark Pulse|p1a: Roserade","|-damage|p1a: Roserade|52/261","|-damage|p2a: サザンドラ|254/326|[from] item: Life Orb","|","|turn|13","|","|move|p2a: サザンドラ|Flamethrower|p1a: Roserade","|-supereffective|p1a: Roserade","|-damage|p1a: Roserade|0 fnt","|-damage|p2a: サザンドラ|222/326|[from] item: Life Orb","|faint|p1a: Roserade","|","|","|switch|p1a: Venusaur|Venusaur, F|363/363","|turn|14","|","|switch|p2a: ヌメルゴン|Goodra, F|384/384 slp","|-damage|p2a: ヌメルゴン|336/384 slp|[from] Stealth Rock","|detailschange|p1a: Venusaur|Venusaur-Mega, F","|-mega|p1a: Venusaur|Venusaur|Venusaurite","|move|p1a: Venusaur|Synthesis|p1a: Venusaur","|","|-heal|p2a: ヌメルゴン|360/384 slp|[from] item: Leftovers","|turn|15","|","|switch|p1a: Gengar|Gengar, M|261/261","|cant|p2a: ヌメルゴン|slp","|move|p2a: ヌメルゴン|Sleep Talk|p2a: ヌメルゴン","|move|p2a: ヌメルゴン|Rest|p2a: ヌメルゴン|[from]Sleep Talk","|-fail|p2a: ヌメルゴン","|","|-heal|p2a: ヌメルゴン|384/384 slp|[from] item: Leftovers","|turn|16","|","|move|p1a: Gengar|Taunt|p2a: ヌメルゴン","|-start|p2a: ヌメルゴン|move: Taunt","|-curestatus|p2a: ヌメルゴン|slp","|cant|p2a: ヌメルゴン|move: Taunt|Sleep Talk","|","|turn|17","|","|move|p1a: Gengar|Will-O-Wisp|p2a: ヌメルゴン","|-status|p2a: ヌメルゴン|brn","|move|p2a: ヌメルゴン|Dragon Tail|p1a: Gengar","|-damage|p1a: Gengar|204/261","|drag|p1a: Venusaur|Venusaur-Mega, F|363/363","|","|-damage|p2a: ヌメルゴン|336/384 brn|[from] brn","|turn|18","|","|switch|p2a: キュレム|Kyurem-Black, shiny|294/391","|-damage|p2a: キュレム|197/391|[from] Stealth Rock","|-ability|p2a: キュレム|Teravolt","|move|p1a: Venusaur|Sludge Bomb|p2a: キュレム","|-damage|p2a: キュレム|52/391","|-status|p2a: キュレム|psn","|","|-damage|p2a: キュレム|4/391 psn|[from] psn","|turn|19","|","|move|p2a: キュレム|Draco Meteor|p1a: Venusaur","|-crit|p1a: Venusaur","|-damage|p1a: Venusaur|138/363","|-unboost|p2a: キュレム|spa|2","|move|p1a: Venusaur|Synthesis|p1a: Venusaur","|-heal|p1a: Venusaur|319/363","|","|-damage|p2a: キュレム|0 fnt|[from] psn","|faint|p2a: キュレム","|","|switch|p2a: ヌメルゴン|Goodra, F|336/384 brn","|-damage|p2a: ヌメルゴン|288/384 brn|[from] Stealth Rock","|turn|20","|","|switch|p1a: Gengar|Gengar, M|204/261","|move|p2a: ヌメルゴン|Curse|p2a: ヌメルゴン","|-boost|p2a: ヌメルゴン|atk|1","|-boost|p2a: ヌメルゴン|def|1","|-unboost|p2a: ヌメルゴン|spe|1","|","|-heal|p1a: Gengar|220/261|[from] item: Black Sludge","|-heal|p2a: ヌメルゴン|312/384 brn|[from] item: Leftovers","|-damage|p2a: ヌメルゴン|264/384 brn|[from] brn","|turn|21","|","|move|p1a: Gengar|Taunt|p2a: ヌメルゴン","|-start|p2a: ヌメルゴン|move: Taunt","|move|p2a: ヌメルゴン|Dragon Tail|p1a: Gengar","|-damage|p1a: Gengar|144/261","|drag|p1a: Venusaur|Venusaur-Mega, F|319/363","|","|-heal|p2a: ヌメルゴン|288/384 brn|[from] item: Leftovers","|-damage|p2a: ヌメルゴン|240/384 brn|[from] brn","|turn|22","|","|switch|p2a: サザンドラ|Hydreigon, F, shiny|222/326","|-damage|p2a: サザンドラ|182/326|[from] Stealth Rock","|move|p1a: Venusaur|Sludge Bomb|p2a: サザンドラ","|-damage|p2a: サザンドラ|46/326","|-status|p2a: サザンドラ|psn","|","|-damage|p2a: サザンドラ|6/326 psn|[from] psn","|turn|23","|","|move|p2a: サザンドラ|Draco Meteor|p1a: Venusaur","|-crit|p1a: Venusaur","|-damage|p1a: Venusaur|6/363","|-unboost|p2a: サザンドラ|spa|2","|-damage|p2a: サザンドラ|0 fnt|[from] item: Life Orb","|faint|p2a: サザンドラ","|move|p1a: Venusaur|Synthesis|p1a: Venusaur","|-heal|p1a: Venusaur|187/363","|","|","|switch|p2a: ボーマンダ|Salamence, M|331/331","|-damage|p2a: ボーマンダ|249/331|[from] Stealth Rock","|turn|24","|","|move|p2a: ボーマンダ|Aerial Ace|p1a: Venusaur","|-crit|p1a: Venusaur","|-supereffective|p1a: Venusaur","|-damage|p1a: Venusaur|0 fnt","|faint|p1a: Venusaur","|-boost|p2a: ボーマンダ|atk|1|[from] ability: Moxie","|","|","|switch|p1a: Gengar|Gengar, M|144/261","|turn|25","|","|move|p2a: ボーマンダ|Aerial Ace|p1a: Gengar","|-damage|p1a: Gengar|0 fnt","|faint|p1a: Gengar","|-boost|p2a: ボーマンダ|atk|1|[from] ability: Moxie","|","|win|A44용의 사용자"],"p1rating":{"entryid":"7076911","serverid":"eos","formatid":"monotype","userid":"zukushiku","username":"Zukushiku","w":"15","l":9,"t":"0","gxe":58,"r":"1575.9289609493","rd":"69.558122796752","sigma":"0","rptime":"1438246800","rpr":1561.9139809789,"rprd":66.269367281911,"rpsigma":"0","acre":1188.4590625567,"lacre":1188.4590625567,"oldacre":"1208.8017124492"},"p2rating":{"entryid":"7256554","serverid":"eos","formatid":"monotype","userid":"a44","username":"A44트레이너","w":22,"l":"7","t":"0","gxe":69.9,"r":"1663.5804703725","rd":"70.761400652452","sigma":"0","rptime":"1438246800","rpr":1660.9086645247,"rprd":62.137753999921,"rpsigma":"0","acre":1294.634290087,"lacre":1294.634290087,"oldacre":"1274.2916401945"},"endType":"normal"}