{"seed":[46995,24623,44542,31247],"turns":32,"p1":"Recruiter♕Kingdra","p2":"Traine✘ Chief","p1team":[{"name":"Smeargle","species":"Smeargle","item":"focussash","ability":"Own Tempo","moves":["darkvoid","stealthrock","stickyweb","transform"],"nature":"Timid","evs":{"hp":252,"atk":0,"def":4,"spa":0,"spd":0,"spe":252},"shiny":true,"ivs":{"hp":31,"atk":31,"def":31,"spa":31,"spd":31,"spe":31}},{"name":"Lopunny","species":"Lopunny","item":"lopunnite","ability":"Cute Charm","moves":["fakeout","quickattack","drainpunch","return"],"nature":"Jolly","evs":{"hp":4,"atk":252,"def":0,"spa":0,"spd":0,"spe":252},"shiny":true,"ivs":{"hp":31,"atk":31,"def":31,"spa":31,"spd":31,"spe":31}},{"name":"Meloetta","species":"Meloetta","item":"leftovers","ability":"Serene Grace","moves":["hypervoice","calmmind","dazzlinggleam","psyshock"],"nature":"","evs":{"hp":252,"atk":0,"def":0,"spa":4,"spd":252,"spe":0},"ivs":{"hp":31,"atk":31,"def":31,"spa":31,"spd":31,"spe":31}},{"name":"Ditto","species":"Ditto","item":"choicescarf","ability":"Imposter","moves":["transform"],"nature":"","evs":{"hp":252,"atk":4,"def":0,"spa":0,"spd":0,"spe":252},"shiny":true,"ivs":{"hp":31,"atk":31,"def":31,"spa":31,"spd":31,"spe":31}},{"name":"Diggersby","species":"Diggersby","item":"lifeorb","ability":"Huge Power","moves":["return","earthquake","quickattack","firepunch"],"nature":"Adamant","evs":{"hp":4,"atk":252,"def":0,"spa":0,"spd":0,"spe":252},"shiny":true,"ivs":{"hp":31,"atk":31,"def":31,"spa":31,"spd":31,"spe":31}},{"name":"Porygon-Z","species":"Porygon-Z","item":"focussash","ability":"Adaptability","moves":["triattack","icebeam","hiddenpowerfire","nastyplot"],"nature":"Modest","evs":{"hp":0,"atk":0,"def":4,"spa":252,"spd":0,"spe":252},"ivs":{"hp":31,"atk":30,"def":31,"spa":30,"spd":31,"spe":30},"shiny":true}],"p2team":[{"name":"Charizard","species":"Charizard","item":"charizarditex","ability":"Solar Power","moves":["dragondance","dragonclaw","flareblitz","earthquake"],"nature":"Lonely","evs":{"hp":0,"atk":252,"def":0,"spa":4,"spd":0,"spe":252},"ivs":{"hp":31,"atk":31,"def":31,"spa":31,"spd":31,"spe":31}},{"name":"Landorus-Therian","species":"Landorus-Therian","item":"choicescarf","ability":"Intimidate","moves":["uturn","earthquake","superpower","stoneedge"],"nature":"Jolly","evs":{"hp":0,"atk":252,"def":0,"spa":0,"spd":4,"spe":252},"ivs":{"hp":31,"atk":31,"def":31,"spa":31,"spd":31,"spe":31}},{"name":"Gyarados","species":"Gyarados","item":"assaultvest","ability":"Intimidate","moves":["dragontail","waterfall","icefang","earthquake"],"nature":"Adamant","evs":{"hp":248,"atk":252,"def":0,"spa":0,"spd":8,"spe":0},"ivs":{"hp":31,"atk":31,"def":31,"spa":31,"spd":31,"spe":31}},{"name":"Skarmory","species":"Skarmory","item":"rockyhelmet","ability":"Sturdy","moves":["stealthrock","spikes","roost","whirlwind"],"nature":"Bold","evs":{"hp":248,"atk":0,"def":252,"spa":0,"spd":8,"spe":0},"ivs":{"hp":31,"atk":31,"def":31,"spa":31,"spd":31,"spe":31}},{"name":"Togekiss","species":"Togekiss","item":"leftovers","ability":"Serene Grace","moves":["nastyplot","airslash","roost","thunderwave"],"nature":"Calm","evs":{"hp":248,"atk":0,"def":0,"spa":8,"spd":252,"spe":0},"ivs":{"hp":31,"atk":31,"def":31,"spa":31,"spd":31,"spe":31}},{"name":"Thundurus","species":"Thundurus","item":"lifeorb","ability":"Prankster","moves":["thunderwave","grassknot","nastyplot","thunderbolt"],"nature":"Timid","evs":{"hp":0,"atk":0,"def":0,"spa":252,"spd":4,"spe":252},"ivs":{"hp":31,"atk":31,"def":31,"spa":31,"spd":31,"spe":31}}],"log":["|player|p1|Recruiter♕Kingdra|3","|player|p2|Traine✘ Chief|127","|gametype|singles","|gen|6","|tier|Monotype","|rated","|rule|Baton Pass Clause: Limit one Baton Passer, can't pass Spe and other stats simultaneously","|rule|Swagger Clause: Swagger is banned","|rule|Same Type Clause: Pokémon in a team must share a type","|clearpoke","|poke|p1|Smeargle, F, shiny","|poke|p1|Lopunny, M, shiny","|poke|p1|Meloetta","|poke|p1|Ditto, shiny","|poke|p1|Diggersby, M, shiny","|poke|p1|Porygon-Z, shiny","|poke|p2|Charizard, M","|poke|p2|Landorus-Therian, M","|poke|p2|Gyarados, M","|poke|p2|Skarmory, M","|poke|p2|Togekiss, M","|poke|p2|Thundurus, M","|rule|Sleep Clause Mod: Limit one foe put to sleep","|rule|Species Clause: Limit one of each Pokémon","|rule|OHKO Clause: OHKO moves are banned","|rule|Moody Clause: Moody is banned","|rule|Evasion Moves Clause: Evasion moves are banned","|rule|Endless Battle Clause: Forcing endless battles is banned","|rule|HP Percentage Mod: HP is shown in percentages","|teampreview","|","|start","|switch|p1a: Smeargle|Smeargle, F, shiny|314/314","|switch|p2a: Skarmory|Skarmory, M|333/333","|turn|1","|","|move|p1a: Smeargle|Dark Void|p2a: Skarmory","|-status|p2a: Skarmory|slp","|cant|p2a: Skarmory|slp","|","|turn|2","|","|switch|p2a: Togekiss|Togekiss, M|373/373","|move|p1a: Smeargle|Stealth Rock|p2a: Togekiss","|-sidestart|p2: Traine✘ Chief|move: Stealth Rock","|","|turn|3","|","|move|p1a: Smeargle|Transform|p2a: Togekiss","|-transform|p1a: Smeargle|p2a: Togekiss","|move|p2a: Togekiss|Nasty Plot|p2a: Togekiss","|-boost|p2a: Togekiss|spa|2","|","|turn|4","|","|move|p1a: Smeargle|Thunder Wave|p2a: Togekiss","|-status|p2a: Togekiss|par","|move|p2a: Togekiss|Thunder Wave|p1a: Smeargle","|-status|p1a: Smeargle|par","|","|turn|5","|","|move|p1a: Smeargle|Nasty Plot|p1a: Smeargle","|-boost|p1a: Smeargle|spa|2","|move|p2a: Togekiss|Air Slash|p1a: Smeargle","|-damage|p1a: Smeargle|185/314 par","|","|turn|6","|","|move|p1a: Smeargle|Air Slash|p2a: Togekiss","|-damage|p2a: Togekiss|234/373 par","|cant|p2a: Togekiss|flinch","|","|-heal|p2a: Togekiss|257/373 par|[from] item: Leftovers","|turn|7","|","|cant|p2a: Togekiss|par","|cant|p1a: Smeargle|par","|","|-heal|p2a: Togekiss|280/373 par|[from] item: Leftovers","|turn|8","|","|cant|p2a: Togekiss|par","|move|p1a: Smeargle|Air Slash|p2a: Togekiss","|-damage|p2a: Togekiss|135/373 par","|","|-heal|p2a: Togekiss|158/373 par|[from] item: Leftovers","|turn|9","|","|move|p1a: Smeargle|Air Slash|p2a: Togekiss","|-damage|p2a: Togekiss|16/373 par","|move|p2a: Togekiss|Roost|p2a: Togekiss","|-heal|p2a: Togekiss|203/373 par","|","|-heal|p2a: Togekiss|226/373 par|[from] item: Leftovers","|turn|10","|","|cant|p1a: Smeargle|par","|cant|p2a: Togekiss|par","|","|-heal|p2a: Togekiss|249/373 par|[from] item: Leftovers","|turn|11","|","|cant|p1a: Smeargle|par","|move|p2a: Togekiss|Air Slash|p1a: Smeargle","|-damage|p1a: Smeargle|59/314 par","|","|-heal|p2a: Togekiss|272/373 par|[from] item: Leftovers","|turn|12","|","|move|p2a: Togekiss|Air Slash|p1a: Smeargle","|-damage|p1a: Smeargle|0 fnt","|faint|p1a: Smeargle","|","|-heal|p2a: Togekiss|295/373 par|[from] item: Leftovers","|","|switch|p1a: Ditto|Ditto, shiny|300/300","|-transform|p1a: Ditto|p2a: Togekiss","|turn|13","|","|move|p1a: Ditto|Air Slash|p2a: Togekiss","|-damage|p2a: Togekiss|148/373 par","|cant|p2a: Togekiss|flinch","|","|-heal|p2a: Togekiss|171/373 par|[from] item: Leftovers","|turn|14","|","|move|p1a: Ditto|Air Slash|p2a: Togekiss","|-damage|p2a: Togekiss|27/373 par","|cant|p2a: Togekiss|flinch","|","|-heal|p2a: Togekiss|50/373 par|[from] item: Leftovers","|turn|15","|","|move|p1a: Ditto|Air Slash|p2a: Togekiss","|-damage|p2a: Togekiss|0 fnt","|faint|p2a: Togekiss","|","|","|switch|p2a: Thundurus|Thundurus, M|299/299","|-damage|p2a: Thundurus|225/299|[from] Stealth Rock","|turn|16","|","|move|p2a: Thundurus|Thunder Wave|p1a: Ditto","|-status|p1a: Ditto|par","|cant|p1a: Ditto|par","|","|turn|17","|","|move|p2a: Thundurus|Nasty Plot|p2a: Thundurus","|-boost|p2a: Thundurus|spa|2","|cant|p1a: Ditto|par","|","|turn|18","|","|move|p2a: Thundurus|Thunderbolt|p1a: Ditto","|-supereffective|p1a: Ditto","|-damage|p1a: Ditto|0 fnt","|-damage|p2a: Thundurus|196/299|[from] item: Life Orb","|faint|p1a: Ditto","|","|","|switch|p1a: Lopunny|Lopunny, M, shiny|272/272","|turn|19","|","|detailschange|p1a: Lopunny|Lopunny-Mega, M, shiny","|-mega|p1a: Lopunny|Lopunny|Lopunnite","|move|p1a: Lopunny|Fake Out|p2a: Thundurus","|-damage|p2a: Thundurus|100/299","|cant|p2a: Thundurus|flinch","|","|turn|20","|","|move|p2a: Thundurus|Thunder Wave|p1a: Lopunny","|-status|p1a: Lopunny|par","|move|p1a: Lopunny|Return|p2a: Thundurus","|-crit|p2a: Thundurus","|-damage|p2a: Thundurus|0 fnt","|faint|p2a: Thundurus","|","|","|switch|p2a: Skarmory|Skarmory, M|333/333 slp","|-damage|p2a: Skarmory|292/333 slp|[from] Stealth Rock","|turn|21","|","|switch|p1a: Diggersby|Diggersby, M, shiny|312/312","|cant|p2a: Skarmory|slp","|","|turn|22","|","|move|p1a: Diggersby|Fire Punch|p2a: Skarmory","|-supereffective|p2a: Skarmory","|-damage|p2a: Skarmory|131/333 slp","|-damage|p1a: Diggersby|260/312|[from] item: Rocky Helmet|[of] p2a: Skarmory","|-damage|p1a: Diggersby|229/312|[from] item: Life Orb","|-curestatus|p2a: Skarmory|slp","|move|p2a: Skarmory|Whirlwind|p1a: Diggersby","|drag|p1a: Porygon-Z|Porygon-Z, shiny|311/311","|","|turn|23","|","|move|p1a: Porygon-Z|Hidden Power|p2a: Skarmory","|-supereffective|p2a: Skarmory","|-damage|p2a: Skarmory|0 fnt","|faint|p2a: Skarmory","|","|","|switch|p2a: Charizard|Charizard, M|297/297","|-damage|p2a: Charizard|149/297|[from] Stealth Rock","|turn|24","|","|detailschange|p2a: Charizard|Charizard-Mega-X, M","|-mega|p2a: Charizard|Charizard|Charizardite X","|move|p2a: Charizard|Flare Blitz|p1a: Porygon-Z","|-enditem|p1a: Porygon-Z|Focus Sash","|-damage|p1a: Porygon-Z|1/311","|-damage|p2a: Charizard|47/297|[from] recoil|[of] p1a: Porygon-Z","|move|p1a: Porygon-Z|Tri Attack|p2a: Charizard","|-damage|p2a: Charizard|0 fnt","|faint|p2a: Charizard","|","|","|switch|p2a: Landorus-Therian|Landorus-Therian, M|319/319","|-damage|p2a: Landorus-Therian|280/319|[from] Stealth Rock","|-ability|p2a: Landorus-Therian|Intimidate","|-unboost|p1a: Porygon-Z|atk|1","|turn|25","|","|move|p2a: Landorus-Therian|U-turn|p1a: Porygon-Z","|-damage|p1a: Porygon-Z|0 fnt","|faint|p1a: Porygon-Z","|","|switch|p2a: Gyarados|Gyarados, M|393/393","|-damage|p2a: Gyarados|295/393|[from] Stealth Rock","|","|","|switch|p1a: Lopunny|Lopunny-Mega, M, shiny|272/272 par","|turn|26","|","|move|p1a: Lopunny|Fake Out|p2a: Gyarados","|-crit|p2a: Gyarados","|-damage|p2a: Gyarados|163/393","|cant|p2a: Gyarados|flinch","|","|turn|27","|","|move|p1a: Lopunny|Quick Attack|p2a: Gyarados","|-damage|p2a: Gyarados|67/393","|move|p2a: Gyarados|Waterfall|p1a: Lopunny","|-damage|p1a: Lopunny|115/272 par","|","|turn|28","|","|move|p1a: Lopunny|Quick Attack|p2a: Gyarados","|-damage|p2a: Gyarados|0 fnt","|faint|p2a: Gyarados","|","|","|switch|p2a: Landorus-Therian|Landorus-Therian, M|280/319","|-damage|p2a: Landorus-Therian|241/319|[from] Stealth Rock","|-ability|p2a: Landorus-Therian|Intimidate","|-unboost|p1a: Lopunny|atk|1","|turn|29","|","|move|p2a: Landorus-Therian|Earthquake|p1a: Lopunny","|-damage|p1a: Lopunny|0 fnt","|faint|p1a: Lopunny","|","|","|switch|p1a: Diggersby|Diggersby, M, shiny|229/312","|turn|30","|","|move|p2a: Landorus-Therian|Earthquake|p1a: Diggersby","|-damage|p1a: Diggersby|0 fnt","|faint|p1a: Diggersby","|","|","|switch|p1a: Meloetta|Meloetta|404/404","|turn|31","|","|move|p2a: Landorus-Therian|Earthquake|p1a: Meloetta","|-damage|p1a: Meloetta|155/404","|move|p1a: Meloetta|Hyper Voice|p2a: Landorus-Therian","|-damage|p2a: Landorus-Therian|93/319","|","|-heal|p1a: Meloetta|180/404|[from] item: Leftovers","|turn|32","|","|move|p2a: Landorus-Therian|Earthquake|p1a: Meloetta","|-damage|p1a: Meloetta|0 fnt","|faint|p1a: Meloetta","|","|win|Traine✘ Chief"],"p1rating":{"entryid":"7080447","serverid":"eos","formatid":"monotype","userid":"recruiterkingdra","username":"Recruiter♕Kingdra","w":"52","l":50,"t":"0","gxe":51.9,"r":1518.0551194766,"rd":37.689556928638,"sigma":"0","rptime":1438246800,"rpr":1514.1335500619,"rprd":37.501901615968,"rpsigma":"0","acre":1048.1859355225,"lacre":1048.1859355225,"oldacre":"1070.9970489693"},"p2rating":{"entryid":"7268014","serverid":"eos","formatid":"monotype","userid":"trainechief","username":"Traine✘ Chief","w":2,"l":"1","t":"0","gxe":51.5,"r":"1500","rd":"130","sigma":"0","rptime":"1438246800","rpr":1511.6655174158,"rprd":111.57062564756,"rpsigma":"0","acre":1072.9657754873,"lacre":1072.9657754873,"oldacre":"1034.4944398865"},"endType":"normal"}