{"seed":[57831,55215,33099,1678],"turns":25,"p1":"Traine✘ Chief","p2":"Professor♅ Gotenks","p1team":[{"name":"Venusaur","species":"Venusaur","item":"venusaurite","ability":"Chlorophyll","moves":["sleeppowder","gigadrain","leechseed","toxic"],"nature":"Calm","evs":{"hp":248,"atk":0,"def":152,"spa":8,"spd":100,"spe":0},"ivs":{"hp":31,"atk":31,"def":31,"spa":31,"spd":31,"spe":31}},{"name":"Nidoking","species":"Nidoking","item":"lifeorb","ability":"Sheer Force","moves":["sludgewave","earthpower","superfang","thunderbolt"],"nature":"Timid","evs":{"hp":0,"atk":0,"def":0,"spa":252,"spd":4,"spe":252},"ivs":{"hp":31,"atk":31,"def":31,"spa":31,"spd":31,"spe":31}},{"name":"Gengar","species":"Gengar","item":"focussash","ability":"Levitate","moves":["destinybond","sludgewave","suckerpunch","shadowball"],"nature":"Hasty","evs":{"hp":0,"atk":4,"def":0,"spa":252,"spd":0,"spe":252},"ivs":{"hp":31,"atk":31,"def":31,"spa":31,"spd":31,"spe":31}},{"name":"Amoonguss","species":"Amoonguss","item":"rockyhelmet","ability":"Regenerator","moves":["spore","foulplay","sludgebomb","gigadrain"],"nature":"Modest","evs":{"hp":248,"atk":0,"def":0,"spa":252,"spd":8,"spe":0},"ivs":{"hp":31,"atk":31,"def":31,"spa":31,"spd":31,"spe":31}},{"name":"Tentacruel","species":"Tentacruel","item":"leftovers","ability":"Liquid Ooze","moves":["rapidspin","scald","toxicspikes","icebeam"],"nature":"Timid","evs":{"hp":0,"atk":0,"def":0,"spa":252,"spd":4,"spe":252},"ivs":{"hp":31,"atk":31,"def":31,"spa":31,"spd":31,"spe":31}},{"name":"Toxicroak","species":"Toxicroak","item":"leftovers","ability":"Dry Skin","moves":["bulkup","suckerpunch","drainpunch","poisonjab"],"nature":"Adamant","evs":{"hp":248,"atk":252,"def":0,"spa":0,"spd":8,"spe":0},"ivs":{"hp":31,"atk":31,"def":31,"spa":31,"spd":31,"spe":31}}],"p2team":[{"name":"Crawdaunt","species":"Crawdaunt","item":"focussash","ability":"Adaptability","moves":["dragondance","crabhammer","aquajet","knockoff"],"nature":"Adamant","evs":{"hp":0,"atk":252,"def":0,"spa":0,"spd":4,"spe":252},"ivs":{"hp":31,"atk":31,"def":31,"spa":31,"spd":31,"spe":31}},{"name":"Hoopa-Unbound","species":"Hoopa-Unbound","item":"choicescarf","ability":"Magician","moves":["drainpunch","hyperspacefury","gunkshot","firepunch"],"nature":"Jolly","evs":{"hp":0,"atk":252,"def":0,"spa":0,"spd":4,"spe":252},"shiny":true,"ivs":{"hp":31,"atk":31,"def":31,"spa":31,"spd":31,"spe":31}},{"name":"Bisharp","species":"Bisharp","item":"focussash","ability":"Defiant","moves":["suckerpunch","swordsdance","dualchop","ironhead"],"nature":"","shiny":true,"evs":{"hp":0,"atk":0,"def":0,"spa":0,"spd":0,"spe":0},"ivs":{"hp":31,"atk":31,"def":31,"spa":31,"spd":31,"spe":31}},{"name":"Sableye","species":"Sableye","item":"sablenite","ability":"Prankster","moves":["calmmind","recover","snarl","dazzlinggleam"],"nature":"","evs":{"hp":0,"atk":0,"def":0,"spa":0,"spd":0,"spe":0},"ivs":{"hp":31,"atk":31,"def":31,"spa":31,"spd":31,"spe":31}},{"name":"Weavile","species":"Weavile","item":"focussash","ability":"Pressure","moves":["fakeout","poisonjab","iceshard","knockoff"],"nature":"Jolly","evs":{"hp":0,"atk":252,"def":0,"spa":0,"spd":4,"spe":252},"shiny":true,"ivs":{"hp":31,"atk":31,"def":31,"spa":31,"spd":31,"spe":31}},{"name":"Hydreigon","species":"Hydreigon","item":"choicescarf","ability":"Levitate","moves":["darkpulse","dracometeor","flamethrower","flashcannon"],"nature":"Timid","evs":{"hp":0,"atk":0,"def":0,"spa":252,"spd":4,"spe":252},"shiny":true,"ivs":{"hp":31,"atk":31,"def":31,"spa":31,"spd":31,"spe":31}}],"log":["|player|p1|Traine✘ Chief|127","|player|p2|Professor♅ Gotenks|professorgotenks.png","|gametype|singles","|gen|6","|tier|Monotype","|rated","|rule|Baton Pass Clause: Limit one Baton Passer, can't pass Spe and other stats simultaneously","|rule|Swagger Clause: Swagger is banned","|rule|Same Type Clause: Pokémon in a team must share a type","|clearpoke","|poke|p1|Venusaur, M","|poke|p1|Nidoking, M","|poke|p1|Gengar, M","|poke|p1|Amoonguss, F","|poke|p1|Tentacruel, M","|poke|p1|Toxicroak, M","|poke|p2|Crawdaunt, F","|poke|p2|Hoopa-Unbound, shiny","|poke|p2|Bisharp, F, shiny","|poke|p2|Sableye, F","|poke|p2|Weavile, M, shiny","|poke|p2|Hydreigon, M, shiny","|rule|Sleep Clause Mod: Limit one foe put to sleep","|rule|Species Clause: Limit one of each Pokémon","|rule|OHKO Clause: OHKO moves are banned","|rule|Moody Clause: Moody is banned","|rule|Evasion Moves Clause: Evasion moves are banned","|rule|Endless Battle Clause: Forcing endless battles is banned","|rule|HP Percentage Mod: HP is shown in percentages","|teampreview","|","|start","|switch|p1a: Tentacruel|Tentacruel, M|301/301","|switch|p2a: Bisharp|Bisharp, F, shiny|271/271","|turn|1","|","|switch|p2a: Crawdaunt|Crawdaunt, F|267/267","|move|p1a: Tentacruel|Toxic Spikes|p2a: Crawdaunt","|-sidestart|p2: Professor♅ Gotenks|move: Toxic Spikes","|","|turn|2","|","|move|p1a: Tentacruel|Toxic Spikes|p2a: Crawdaunt","|-sidestart|p2: Professor♅ Gotenks|move: Toxic Spikes","|move|p2a: Crawdaunt|Dragon Dance|p2a: Crawdaunt","|-boost|p2a: Crawdaunt|atk|1","|-boost|p2a: Crawdaunt|spe|1","|","|turn|3","|","|move|p1a: Tentacruel|Scald|p2a: Crawdaunt","|-resisted|p2a: Crawdaunt","|-damage|p2a: Crawdaunt|177/267","|move|p2a: Crawdaunt|Knock Off|p1a: Tentacruel","|-damage|p1a: Tentacruel|0 fnt","|-enditem|p1a: Tentacruel|Leftovers|[from] move: Knock Off|[of] p2a: Crawdaunt","|faint|p1a: Tentacruel","|","|","|switch|p1a: Toxicroak|Toxicroak, M|369/369","|turn|4","|","|move|p2a: Crawdaunt|Knock Off|p1a: Toxicroak","|-resisted|p1a: Toxicroak","|-damage|p1a: Toxicroak|100/369","|-enditem|p1a: Toxicroak|Leftovers|[from] move: Knock Off|[of] p2a: Crawdaunt","|move|p1a: Toxicroak|Drain Punch|p2a: Crawdaunt","|-supereffective|p2a: Crawdaunt","|-damage|p2a: Crawdaunt|0 fnt","|-heal|p1a: Toxicroak|189/369|[from] drain|[of] p2a: Crawdaunt","|faint|p2a: Crawdaunt","|","|","|switch|p2a: Bisharp|Bisharp, F, shiny|271/271","|turn|5","|","|move|p2a: Bisharp|Sucker Punch|p1a: Toxicroak","|-resisted|p1a: Toxicroak","|-damage|p1a: Toxicroak|106/369","|move|p1a: Toxicroak|Drain Punch|p2a: Bisharp","|-supereffective|p2a: Bisharp","|-enditem|p2a: Bisharp|Focus Sash","|-damage|p2a: Bisharp|1/271","|-heal|p1a: Toxicroak|241/369|[from] drain|[of] p2a: Bisharp","|","|turn|6","|","|move|p1a: Toxicroak|Drain Punch|p2a: Bisharp","|-supereffective|p2a: Bisharp","|-damage|p2a: Bisharp|0 fnt","|-heal|p1a: Toxicroak|242/369|[from] drain|[of] p2a: Bisharp","|faint|p2a: Bisharp","|","|","|switch|p2a: Hydreigon|Hydreigon, M, shiny|325/325","|turn|7","|","|move|p2a: Hydreigon|Flamethrower|p1a: Toxicroak","|-crit|p1a: Toxicroak","|-damage|p1a: Toxicroak|0 fnt","|faint|p1a: Toxicroak","|","|","|switch|p1a: Nidoking|Nidoking, M|303/303","|turn|8","|","|switch|p2a: Sableye|Sableye, F|241/241","|-status|p2a: Sableye|tox","|move|p1a: Nidoking|Super Fang|p2a: Sableye","|-immune|p2a: Sableye|[msg]","|","|-damage|p2a: Sableye|226/241 tox|[from] psn","|turn|9","|","|detailschange|p2a: Sableye|Sableye-Mega, F","|-mega|p2a: Sableye|Sableye|Sablenite","|move|p2a: Sableye|Calm Mind|p2a: Sableye","|-boost|p2a: Sableye|spa|1","|-boost|p2a: Sableye|spd|1","|move|p1a: Nidoking|Sludge Wave|p2a: Sableye","|-resisted|p2a: Sableye","|-damage|p2a: Sableye|168/241 tox","|","|-damage|p2a: Sableye|138/241 tox|[from] psn","|turn|10","|","|move|p1a: Nidoking|Earth Power|p2a: Sableye","|-damage|p2a: Sableye|12/241 tox","|move|p2a: Sableye|Snarl|p1a: Nidoking","|-damage|p1a: Nidoking|188/303","|-unboost|p1a: Nidoking|spa|1","|","|-damage|p2a: Sableye|0 fnt|[from] psn","|faint|p2a: Sableye","|","|switch|p2a: Weavile|Weavile, M, shiny|281/281","|-status|p2a: Weavile|tox","|-ability|p2a: Weavile|Pressure","|turn|11","|","|switch|p1a: Amoonguss|Amoonguss, F|431/431","|move|p2a: Weavile|Fake Out|p1a: Amoonguss","|-damage|p1a: Amoonguss|367/431","|-damage|p2a: Weavile|235/281 tox|[from] item: Rocky Helmet|[of] p1a: Amoonguss","|","|-damage|p2a: Weavile|218/281 tox|[from] psn","|turn|12","|","|move|p2a: Weavile|Knock Off|p1a: Amoonguss","|-damage|p1a: Amoonguss|150/431","|-damage|p2a: Weavile|172/281 tox|[from] item: Rocky Helmet|[of] p1a: Amoonguss","|-enditem|p1a: Amoonguss|Rocky Helmet|[from] move: Knock Off|[of] p2a: Weavile","|move|p1a: Amoonguss|Giga Drain|p2a: Weavile","|-damage|p2a: Weavile|39/281 tox","|-heal|p1a: Amoonguss|217/431|[from] drain|[of] p2a: Weavile","|","|-damage|p2a: Weavile|5/281 tox|[from] psn","|turn|13","|","|move|p2a: Weavile|Ice Shard|p1a: Amoonguss","|-supereffective|p1a: Amoonguss","|-damage|p1a: Amoonguss|35/431","|move|p1a: Amoonguss|Giga Drain|p2a: Weavile","|-damage|p2a: Weavile|0 fnt","|-heal|p1a: Amoonguss|38/431|[from] drain|[of] p2a: Weavile","|faint|p2a: Weavile","|","|","|switch|p2a: Hydreigon|Hydreigon, M, shiny|325/325","|turn|14","|","|move|p2a: Hydreigon|Dark Pulse|p1a: Amoonguss","|-damage|p1a: Amoonguss|0 fnt","|faint|p1a: Amoonguss","|","|","|switch|p1a: Nidoking|Nidoking, M|188/303","|turn|15","|","|move|p2a: Hydreigon|Dark Pulse|p1a: Nidoking","|-damage|p1a: Nidoking|28/303","|cant|p1a: Nidoking|flinch","|","|turn|16","|","|move|p2a: Hydreigon|Dark Pulse|p1a: Nidoking","|-damage|p1a: Nidoking|0 fnt","|faint|p1a: Nidoking","|","|","|switch|p1a: Venusaur|Venusaur, M|363/363","|turn|17","|","|detailschange|p1a: Venusaur|Venusaur-Mega, M","|-mega|p1a: Venusaur|Venusaur|Venusaurite","|move|p2a: Hydreigon|Dark Pulse|p1a: Venusaur","|-damage|p1a: Venusaur|258/363","|move|p1a: Venusaur|Sleep Powder|p2a: Hydreigon","|-status|p2a: Hydreigon|slp","|","|turn|18","|","|cant|p2a: Hydreigon|slp","|move|p1a: Venusaur|Leech Seed|p2a: Hydreigon","|-start|p2a: Hydreigon|move: Leech Seed","|","|-damage|p2a: Hydreigon|285/325 slp|[from] Leech Seed|[of] p1a: Venusaur","|-heal|p1a: Venusaur|298/363|[silent]","|turn|19","|","|cant|p2a: Hydreigon|slp","|move|p1a: Venusaur|Giga Drain|p2a: Hydreigon","|-resisted|p2a: Hydreigon","|-damage|p2a: Hydreigon|226/325 slp","|-heal|p1a: Venusaur|328/363|[from] drain|[of] p2a: Hydreigon","|","|-damage|p2a: Hydreigon|186/325 slp|[from] Leech Seed|[of] p1a: Venusaur","|-heal|p1a: Venusaur|363/363|[silent]","|turn|20","|","|-curestatus|p2a: Hydreigon|slp","|move|p2a: Hydreigon|Dark Pulse|p1a: Venusaur","|-damage|p1a: Venusaur|264/363","|move|p1a: Venusaur|Giga Drain|p2a: Hydreigon","|-resisted|p2a: Hydreigon","|-damage|p2a: Hydreigon|129/325","|-heal|p1a: Venusaur|293/363|[from] drain|[of] p2a: Hydreigon","|","|-damage|p2a: Hydreigon|89/325|[from] Leech Seed|[of] p1a: Venusaur","|-heal|p1a: Venusaur|333/363|[silent]","|turn|21","|","|switch|p2a: Hoopa-Unbound|Hoopa-Unbound, shiny|301/301","|-status|p2a: Hoopa-Unbound|tox","|move|p1a: Venusaur|Giga Drain|p2a: Hoopa-Unbound","|-damage|p2a: Hoopa-Unbound|222/301 tox","|-heal|p1a: Venusaur|363/363|[from] drain|[of] p2a: Hoopa-Unbound","|","|-damage|p2a: Hoopa-Unbound|204/301 tox|[from] psn","|turn|22","|","|move|p2a: Hoopa-Unbound|Hyperspace Fury|p1a: Venusaur","|-damage|p1a: Venusaur|201/363","|-unboost|p2a: Hoopa-Unbound|def|1","|move|p1a: Venusaur|Leech Seed|p2a: Hoopa-Unbound","|-start|p2a: Hoopa-Unbound|move: Leech Seed","|","|-damage|p2a: Hoopa-Unbound|167/301 tox|[from] Leech Seed|[of] p1a: Venusaur","|-heal|p1a: Venusaur|238/363|[silent]","|-damage|p2a: Hoopa-Unbound|131/301 tox|[from] psn","|turn|23","|","|move|p2a: Hoopa-Unbound|Hyperspace Fury|p1a: Venusaur","|-damage|p1a: Venusaur|93/363","|-unboost|p2a: Hoopa-Unbound|def|1","|move|p1a: Venusaur|Giga Drain|p2a: Hoopa-Unbound","|-damage|p2a: Hoopa-Unbound|47/301 tox","|-heal|p1a: Venusaur|135/363|[from] drain|[of] p2a: Hoopa-Unbound","|","|-damage|p2a: Hoopa-Unbound|10/301 tox|[from] Leech Seed|[of] p1a: Venusaur","|-heal|p1a: Venusaur|172/363|[silent]","|-damage|p2a: Hoopa-Unbound|0 fnt|[from] psn","|faint|p2a: Hoopa-Unbound","|","|switch|p2a: Hydreigon|Hydreigon, M, shiny|89/325","|turn|24","|","|move|p2a: Hydreigon|Flamethrower|p1a: Venusaur","|-supereffective|p1a: Venusaur","|-damage|p1a: Venusaur|98/363","|move|p1a: Venusaur|Leech Seed|p2a: Hydreigon","|-start|p2a: Hydreigon|move: Leech Seed","|","|-damage|p2a: Hydreigon|49/325|[from] Leech Seed|[of] p1a: Venusaur","|-heal|p1a: Venusaur|138/363|[silent]","|turn|25","|","|win|Traine✘ Chief"],"p1rating":{"entryid":"7268014","serverid":"eos","formatid":"monotype","userid":"trainechief","username":"Traine✘ Chief","w":6,"l":"3","t":"0","gxe":54.9,"r":"1500","rd":"130","sigma":"0","rptime":"1438246800","rpr":1538.0357751188,"rprd":89.712896957846,"rpsigma":"0","acre":1149.489495583,"lacre":1149.489495583,"oldacre":"1124.672831465"},"p2rating":{"entryid":"6600838","serverid":"eos","formatid":"monotype","userid":"professorgotenks","username":"Professor♅ Gotenks","w":"21","l":30,"t":"0","gxe":42.2,"r":"1446.191594531","rd":"49.953001120953","sigma":"0","rptime":"1438246800","rpr":1440.5933724807,"rprd":49.526251822573,"rpsigma":"0","acre":1097.3082252906,"lacre":1097.3082252906,"oldacre":"1122.1248894086"},"endType":"forfeit"}