{"seed":[47442,8276,49024,6275],"turns":20,"p1":"Wаrden Arguѕ","p2":"Mega Torterra plz","p1team":[{"name":"Sableye","species":"Sableye","item":"leftovers","ability":"Prankster","moves":["knockoff","willowisp","recover","taunt"],"nature":"Bold","evs":{"hp":228,"atk":0,"def":252,"spa":0,"spd":0,"spe":28},"gender":"M","ivs":{"hp":31,"atk":0,"def":31,"spa":31,"spd":31,"spe":31}},{"name":"Aegislash","species":"Aegislash","item":"weaknesspolicy","ability":"Stance Change","moves":["kingsshield","sacredsword","shadowball","shadowsneak"],"nature":"Lonely","evs":{"hp":0,"atk":252,"def":0,"spa":240,"spd":0,"spe":16},"gender":"M","shiny":true,"ivs":{"hp":31,"atk":31,"def":31,"spa":31,"spd":31,"spe":31}},{"name":"Jellicent","species":"Jellicent","item":"leftovers","ability":"Cursed Body","moves":["toxic","scald","recover","acidarmor"],"nature":"Calm","evs":{"hp":252,"atk":0,"def":0,"spa":0,"spd":252,"spe":4},"gender":"M","ivs":{"hp":31,"atk":0,"def":31,"spa":31,"spd":31,"spe":31},"shiny":true},{"name":"Golurk","species":"Golurk","item":"focussash","ability":"No Guard","moves":["stealthrock","stoneedge","dynamicpunch","curse"],"nature":"Adamant","evs":{"hp":0,"atk":252,"def":0,"spa":0,"spd":4,"spe":252},"shiny":true,"ivs":{"hp":31,"atk":31,"def":31,"spa":31,"spd":31,"spe":31}},{"name":"Chandelure","species":"Chandelure","item":"choicescarf","ability":"Infiltrator","moves":["flamethrower","shadowball","energyball","trick"],"nature":"Modest","evs":{"hp":0,"atk":0,"def":0,"spa":252,"spd":4,"spe":252},"gender":"F","ivs":{"hp":31,"atk":0,"def":31,"spa":31,"spd":31,"spe":31}},{"name":"Gengar","species":"Gengar","item":"focussash","ability":"Levitate","moves":["destinybond","sludgebomb","shadowball","energyball"],"nature":"Timid","evs":{"hp":0,"atk":0,"def":0,"spa":252,"spd":4,"spe":252},"gender":"F","ivs":{"hp":31,"atk":0,"def":31,"spa":31,"spd":31,"spe":31},"shiny":true}],"p2team":[{"name":"Skarmory","species":"Skarmory","item":"rockyhelmet","ability":"Sturdy","moves":["whirlwind","stealthrock","roost","bravebird"],"nature":"Impish","evs":{"hp":252,"atk":0,"def":232,"spa":0,"spd":0,"spe":24},"gender":"M","ivs":{"hp":31,"atk":31,"def":31,"spa":31,"spd":31,"spe":31}},{"name":"Scizor","species":"Scizor","item":"scizorite","ability":"Light Metal","moves":["swordsdance","roost","bulletpunch","knockoff"],"nature":"Impish","evs":{"hp":248,"atk":44,"def":16,"spa":0,"spd":200,"spe":0},"ivs":{"hp":31,"atk":31,"def":31,"spa":31,"spd":31,"spe":31}},{"name":"Excadrill","species":"Excadrill","item":"lifeorb","ability":"Mold Breaker","moves":["earthquake","rockslide","ironhead","rapidspin"],"nature":"Jolly","evs":{"hp":0,"atk":252,"def":4,"spa":0,"spd":0,"spe":252},"gender":"F","ivs":{"hp":31,"atk":31,"def":31,"spa":31,"spd":31,"spe":31}},{"name":"Ferrothorn","species":"Ferrothorn","item":"leftovers","ability":"Iron Barbs","moves":["powerwhip","leechseed","thunderwave","protect"],"nature":"Sassy","evs":{"hp":252,"atk":4,"def":0,"spa":0,"spd":252,"spe":0},"gender":"F","shiny":true,"ivs":{"hp":31,"atk":31,"def":31,"spa":31,"spd":31,"spe":31}},{"name":"Heatran","species":"Heatran","item":"airballoon","ability":"Flash Fire","moves":["fireblast","earthpower","hiddenpowerice","willowisp"],"nature":"Modest","evs":{"hp":0,"atk":0,"def":0,"spa":252,"spd":4,"spe":252},"gender":"F","ivs":{"hp":31,"atk":30,"def":30,"spa":31,"spd":31,"spe":31},"shiny":true},{"name":"Empoleon","species":"Empoleon","item":"choicespecs","ability":"Torrent","moves":["hydropump","flashcannon","icebeam","scald"],"nature":"Modest","evs":{"hp":248,"atk":0,"def":0,"spa":252,"spd":8,"spe":0},"ivs":{"hp":31,"atk":31,"def":31,"spa":31,"spd":31,"spe":31}}],"log":["|player|p1|Wаrden Arguѕ|144","|player|p2|Mega Torterra plz|103","|gametype|singles","|gen|6","|tier|Monotype","|rated","|rule|Baton Pass Clause: Limit one Baton Passer, can't pass Spe and other stats simultaneously","|rule|Swagger Clause: Swagger is banned","|rule|Same Type Clause: Pokémon in a team must share a type","|clearpoke","|poke|p1|Sableye, M","|poke|p1|Aegislash, M, shiny","|poke|p1|Jellicent, M, shiny","|poke|p1|Golurk, shiny","|poke|p1|Chandelure, F","|poke|p1|Gengar, F, shiny","|poke|p2|Skarmory, M","|poke|p2|Scizor, F","|poke|p2|Excadrill, F","|poke|p2|Ferrothorn, F, shiny","|poke|p2|Heatran, F, shiny","|poke|p2|Empoleon, F","|rule|Sleep Clause Mod: Limit one foe put to sleep","|rule|Species Clause: Limit one of each Pokémon","|rule|OHKO Clause: OHKO moves are banned","|rule|Moody Clause: Moody is banned","|rule|Evasion Moves Clause: Evasion moves are banned","|rule|Endless Battle Clause: Forcing endless battles is banned","|rule|HP Percentage Mod: HP is shown in percentages","|teampreview","|","|start","|switch|p1a: Golurk|Golurk, shiny|319/319","|switch|p2a: Excadrill|Excadrill, F|361/361","|-ability|p2a: Excadrill|Mold Breaker","|turn|1","|","|switch|p2a: Skarmory|Skarmory, M|334/334","|move|p1a: Golurk|Dynamic Punch|p2a: Skarmory","|-damage|p2a: Skarmory|257/334","|-damage|p1a: Golurk|266/319|[from] item: Rocky Helmet|[of] p2a: Skarmory","|-start|p2a: Skarmory|confusion","|","|turn|2","|","|move|p1a: Golurk|Stealth Rock|p2a: Skarmory","|-sidestart|p2: Mega Torterra plz|move: Stealth Rock","|-activate|p2a: Skarmory|confusion","|move|p2a: Skarmory|Stealth Rock|p1a: Golurk","|-sidestart|p1: Wаrden Arguѕ|move: Stealth Rock","|","|turn|3","|","|switch|p1a: Chandelure|Chandelure, F|261/261","|-damage|p1a: Chandelure|196/261|[from] Stealth Rock","|-activate|p2a: Skarmory|confusion","|-damage|p2a: Skarmory|240/334|[from] confusion","|","|turn|4","|","|move|p1a: Chandelure|Shadow Ball|p2a: Skarmory","|-damage|p2a: Skarmory|0 fnt","|faint|p2a: Skarmory","|","|","|switch|p2a: Heatran|Heatran, F, shiny|323/323","|-damage|p2a: Heatran|283/323|[from] Stealth Rock","|-item|p2a: Heatran|Air Balloon","|turn|5","|","|switch|p1a: Jellicent|Jellicent, M, shiny|404/404","|-damage|p1a: Jellicent|354/404|[from] Stealth Rock","|move|p2a: Heatran|Earth Power|p1a: Jellicent","|-damage|p1a: Jellicent|272/404","|-start|p2a: Heatran|Disable|Earth Power","|","|-heal|p1a: Jellicent|297/404|[from] item: Leftovers","|turn|6","|","|move|p2a: Heatran|Will-O-Wisp|p1a: Jellicent","|-status|p1a: Jellicent|brn","|move|p1a: Jellicent|Scald|p2a: Heatran","|-supereffective|p2a: Heatran","|-damage|p2a: Heatran|125/323","|-enditem|p2a: Heatran|Air Balloon","|","|-heal|p1a: Jellicent|322/404 brn|[from] item: Leftovers","|-damage|p1a: Jellicent|272/404 brn|[from] brn","|turn|7","|","|switch|p2a: Empoleon|Empoleon, F|371/371","|-damage|p2a: Empoleon|348/371|[from] Stealth Rock","|move|p1a: Jellicent|Scald|p2a: Empoleon","|-resisted|p2a: Empoleon","|-damage|p2a: Empoleon|306/371","|","|-heal|p1a: Jellicent|297/404 brn|[from] item: Leftovers","|-damage|p1a: Jellicent|247/404 brn|[from] brn","|turn|8","|","|move|p1a: Jellicent|Recover|p1a: Jellicent","|-heal|p1a: Jellicent|404/404 brn","|move|p2a: Empoleon|Hydro Pump|p1a: Jellicent|[miss]","|-miss|p2a: Empoleon|p1a: Jellicent","|","|-damage|p1a: Jellicent|354/404 brn|[from] brn","|turn|9","|","|move|p1a: Jellicent|Scald|p2a: Empoleon","|-resisted|p2a: Empoleon","|-damage|p2a: Empoleon|264/371","|move|p2a: Empoleon|Hydro Pump|p1a: Jellicent|[miss]","|-miss|p2a: Empoleon|p1a: Jellicent","|","|-heal|p1a: Jellicent|379/404 brn|[from] item: Leftovers","|-damage|p1a: Jellicent|329/404 brn|[from] brn","|turn|10","|","|switch|p2a: Ferrothorn|Ferrothorn, F, shiny|352/352","|-damage|p2a: Ferrothorn|330/352|[from] Stealth Rock","|move|p1a: Jellicent|Scald|p2a: Ferrothorn","|-resisted|p2a: Ferrothorn","|-damage|p2a: Ferrothorn|303/352","|","|-heal|p1a: Jellicent|354/404 brn|[from] item: Leftovers","|-heal|p2a: Ferrothorn|325/352|[from] item: Leftovers","|-damage|p1a: Jellicent|304/404 brn|[from] brn","|turn|11","|","|switch|p1a: Golurk|Golurk, shiny|266/319","|-damage|p1a: Golurk|247/319|[from] Stealth Rock","|move|p2a: Ferrothorn|Leech Seed|p1a: Golurk","|-start|p1a: Golurk|move: Leech Seed","|","|-heal|p2a: Ferrothorn|347/352|[from] item: Leftovers","|-damage|p1a: Golurk|208/319|[from] Leech Seed|[of] p2a: Ferrothorn","|-heal|p2a: Ferrothorn|352/352|[silent]","|turn|12","|","|move|p2a: Ferrothorn|Protect|p2a: Ferrothorn","|-singleturn|p2a: Ferrothorn|Protect","|move|p1a: Golurk|Dynamic Punch|p2a: Ferrothorn","|-activate|p2a: Ferrothorn|Protect","|","|-damage|p1a: Golurk|169/319|[from] Leech Seed|[of] p2a: Ferrothorn","|turn|13","|","|move|p1a: Golurk|Dynamic Punch|p2a: Ferrothorn","|-supereffective|p2a: Ferrothorn","|-damage|p2a: Ferrothorn|156/352","|-damage|p1a: Golurk|130/319|[from] ability: Iron Barbs|[of] p2a: Ferrothorn","|-start|p2a: Ferrothorn|confusion","|-activate|p2a: Ferrothorn|confusion","|move|p2a: Ferrothorn|Power Whip|p1a: Golurk","|-supereffective|p1a: Golurk","|-damage|p1a: Golurk|0 fnt","|faint|p1a: Golurk","|","|-heal|p2a: Ferrothorn|178/352|[from] item: Leftovers","|","|switch|p1a: Aegislash|Aegislash, M, shiny|261/261","|-damage|p1a: Aegislash|245/261|[from] Stealth Rock","|turn|14","|","|-formechange|p1a: Aegislash|Aegislash-Blade","|move|p1a: Aegislash|Sacred Sword|p2a: Ferrothorn","|-supereffective|p2a: Ferrothorn","|-damage|p2a: Ferrothorn|0 fnt","|-damage|p1a: Aegislash|213/261|[from] ability: Iron Barbs|[of] p2a: Ferrothorn","|faint|p2a: Ferrothorn","|","|","|switch|p2a: Excadrill|Excadrill, F|361/361","|-damage|p2a: Excadrill|350/361|[from] Stealth Rock","|-ability|p2a: Excadrill|Mold Breaker","|turn|15","|","|-formechange|p1a: Aegislash|Aegislash","|move|p1a: Aegislash|King's Shield|p1a: Aegislash","|-singleturn|p1a: Aegislash|Protect","|move|p2a: Excadrill|Earthquake|p1a: Aegislash","|-activate|p1a: Aegislash|Protect","|","|turn|16","|","|-formechange|p1a: Aegislash|Aegislash-Blade","|move|p1a: Aegislash|Shadow Sneak|p2a: Excadrill","|-damage|p2a: Excadrill|230/361","|move|p2a: Excadrill|Earthquake|p1a: Aegislash","|-supereffective|p1a: Aegislash","|-damage|p1a: Aegislash|0 fnt","|-damage|p2a: Excadrill|194/361|[from] item: Life Orb","|faint|p1a: Aegislash","|","|","|switch|p1a: Gengar|Gengar, F, shiny|261/261","|-damage|p1a: Gengar|229/261|[from] Stealth Rock","|turn|17","|","|switch|p2a: Heatran|Heatran, F, shiny|125/323","|-damage|p2a: Heatran|85/323|[from] Stealth Rock","|move|p1a: Gengar|Shadow Ball|p2a: Heatran","|-damage|p2a: Heatran|0 fnt","|faint|p2a: Heatran","|","|","|switch|p2a: Empoleon|Empoleon, F|264/371","|-damage|p2a: Empoleon|241/371|[from] Stealth Rock","|turn|18","|","|move|p1a: Gengar|Destiny Bond|p1a: Gengar","|-singlemove|p1a: Gengar|Destiny Bond","|move|p2a: Empoleon|Hydro Pump|p1a: Gengar","|-damage|p1a: Gengar|0 fnt","|faint|p1a: Gengar","|-activate|p1a: Gengar|Destiny Bond","|faint|p2a: Empoleon","|","|","|switch|p1a: Chandelure|Chandelure, F|196/261","|switch|p2a: Scizor|Scizor, F|343/343","|-damage|p1a: Chandelure|131/261|[from] Stealth Rock","|-damage|p2a: Scizor|301/343|[from] Stealth Rock","|turn|19","|","|detailschange|p2a: Scizor|Scizor-Mega, F","|-mega|p2a: Scizor|Scizor|Scizorite","|move|p1a: Chandelure|Flamethrower|p2a: Scizor","|-supereffective|p2a: Scizor","|-damage|p2a: Scizor|0 fnt","|faint|p2a: Scizor","|","|","|switch|p2a: Excadrill|Excadrill, F|194/361","|-damage|p2a: Excadrill|183/361|[from] Stealth Rock","|-ability|p2a: Excadrill|Mold Breaker","|turn|20","|","|move|p1a: Chandelure|Flamethrower|p2a: Excadrill","|-supereffective|p2a: Excadrill","|-damage|p2a: Excadrill|0 fnt","|faint|p2a: Excadrill","|","|win|Wаrden Arguѕ"],"p1rating":{"entryid":"7252450","serverid":"eos","formatid":"monotype","userid":"wrdenargu","username":"Wаrden Arguѕ","w":43,"l":"7","t":"0","gxe":79.2,"r":"1734.3716784252","rd":"56.692445093201","sigma":"0","rptime":"1438246800","rpr":1754.3517408787,"rprd":50.659356496046,"rpsigma":"0","acre":1444.3698948396,"lacre":1444.3698948396,"oldacre":"1437.8954547628"},"p2rating":{"entryid":"6942320","serverid":"eos","formatid":"monotype","userid":"megatorterraplz","username":"mega torterra plz","w":"10","l":11,"t":"0","gxe":49.4,"r":"1477.3828475033","rd":"73.245629957992","sigma":"0","rptime":"1438246800","rpr":1495.3489998469,"rprd":69.733203723154,"rpsigma":"0","acre":1144.132874977,"lacre":1144.132874977,"oldacre":"1152.225925073"},"endType":"normal"}