{"seed":[4554,55875,19800,62259],"turns":27,"p1":"yunG Sensory","p2":"Mega Torterra plz","p1team":[{"name":"Landorus","species":"Landorus","item":"lifeorb","ability":"Sand Force","moves":["gravity","focusblast","sludgewave","earthpower"],"nature":"Timid","evs":{"hp":0,"atk":0,"def":4,"spa":252,"spd":0,"spe":252},"shiny":true,"ivs":{"hp":31,"atk":31,"def":31,"spa":31,"spd":31,"spe":31}},{"name":"Togekiss","species":"Togekiss","item":"leftovers","ability":"Serene Grace","moves":["thunderwave","airslash","roost","dazzlinggleam"],"nature":"Bold","evs":{"hp":0,"atk":0,"def":252,"spa":4,"spd":252,"spe":0},"gender":"M","shiny":true,"ivs":{"hp":31,"atk":31,"def":31,"spa":31,"spd":31,"spe":31}},{"name":"Charizard","species":"Charizard","item":"charizarditey","ability":"Blaze","moves":["roost","flamethrower","airslash","solarbeam"],"nature":"Calm","evs":{"hp":0,"atk":0,"def":0,"spa":4,"spd":252,"spe":252},"gender":"M","shiny":true,"ivs":{"hp":31,"atk":31,"def":31,"spa":31,"spd":31,"spe":31}},{"name":"Gliscor","species":"Gliscor","item":"toxicorb","ability":"Poison Heal","moves":["earthquake","toxic","substitute","protect"],"nature":"Impish","evs":{"hp":248,"atk":0,"def":188,"spa":0,"spd":0,"spe":72},"gender":"M","shiny":true,"ivs":{"hp":31,"atk":31,"def":31,"spa":31,"spd":31,"spe":31}},{"name":"Tornadus-Therian","species":"Tornadus-Therian","item":"assaultvest","ability":"Regenerator","moves":["heatwave","uturn","hurricane","focusblast"],"nature":"Timid","evs":{"hp":0,"atk":0,"def":0,"spa":252,"spd":4,"spe":252},"shiny":true,"ivs":{"hp":31,"atk":31,"def":31,"spa":31,"spd":31,"spe":31}},{"name":"Thundurus-Therian","species":"Thundurus-Therian","item":"lifeorb","ability":"Volt Absorb","moves":["nastyplot","hiddenpowerice","thunderwave","thunderbolt"],"nature":"Timid","evs":{"hp":0,"atk":0,"def":0,"spa":252,"spd":4,"spe":252},"ivs":{"hp":31,"atk":30,"def":30,"spa":31,"spd":31,"spe":31},"shiny":true}],"p2team":[{"name":"Skarmory","species":"Skarmory","item":"rockyhelmet","ability":"Sturdy","moves":["whirlwind","stealthrock","roost","bravebird"],"nature":"Impish","evs":{"hp":252,"atk":0,"def":232,"spa":0,"spd":0,"spe":24},"gender":"M","ivs":{"hp":31,"atk":31,"def":31,"spa":31,"spd":31,"spe":31}},{"name":"Scizor","species":"Scizor","item":"scizorite","ability":"Light Metal","moves":["swordsdance","roost","bulletpunch","knockoff"],"nature":"Impish","evs":{"hp":248,"atk":44,"def":16,"spa":0,"spd":200,"spe":0},"ivs":{"hp":31,"atk":31,"def":31,"spa":31,"spd":31,"spe":31}},{"name":"Excadrill","species":"Excadrill","item":"lifeorb","ability":"Mold Breaker","moves":["earthquake","rockslide","ironhead","rapidspin"],"nature":"Jolly","evs":{"hp":0,"atk":252,"def":4,"spa":0,"spd":0,"spe":252},"gender":"F","ivs":{"hp":31,"atk":31,"def":31,"spa":31,"spd":31,"spe":31}},{"name":"Ferrothorn","species":"Ferrothorn","item":"leftovers","ability":"Iron Barbs","moves":["powerwhip","leechseed","thunderwave","protect"],"nature":"Sassy","evs":{"hp":252,"atk":4,"def":0,"spa":0,"spd":252,"spe":0},"gender":"F","shiny":true,"ivs":{"hp":31,"atk":31,"def":31,"spa":31,"spd":31,"spe":31}},{"name":"Heatran","species":"Heatran","item":"airballoon","ability":"Flash Fire","moves":["fireblast","earthpower","hiddenpowerice","willowisp"],"nature":"Modest","evs":{"hp":0,"atk":0,"def":0,"spa":252,"spd":4,"spe":252},"gender":"F","ivs":{"hp":31,"atk":30,"def":30,"spa":31,"spd":31,"spe":31},"shiny":true},{"name":"Empoleon","species":"Empoleon","item":"choicespecs","ability":"Torrent","moves":["hydropump","flashcannon","icebeam","scald"],"nature":"Modest","evs":{"hp":248,"atk":0,"def":0,"spa":252,"spd":8,"spe":0},"ivs":{"hp":31,"atk":31,"def":31,"spa":31,"spd":31,"spe":31}}],"log":["|player|p1|yunG Sensory|yungsensory.png","|player|p2|Mega Torterra plz|103","|gametype|singles","|gen|6","|tier|Monotype","|rated","|rule|Baton Pass Clause: Limit one Baton Passer, can't pass Spe and other stats simultaneously","|rule|Swagger Clause: Swagger is banned","|rule|Same Type Clause: Pokémon in a team must share a type","|clearpoke","|poke|p1|Landorus, M, shiny","|poke|p1|Togekiss, M, shiny","|poke|p1|Charizard, M, shiny","|poke|p1|Gliscor, M, shiny","|poke|p1|Tornadus-Therian, M, shiny","|poke|p1|Thundurus-Therian, M, shiny","|poke|p2|Skarmory, M","|poke|p2|Scizor, M","|poke|p2|Excadrill, F","|poke|p2|Ferrothorn, F, shiny","|poke|p2|Heatran, F, shiny","|poke|p2|Empoleon, F","|rule|Sleep Clause Mod: Limit one foe put to sleep","|rule|Species Clause: Limit one of each Pokémon","|rule|OHKO Clause: OHKO moves are banned","|rule|Moody Clause: Moody is banned","|rule|Evasion Moves Clause: Evasion moves are banned","|rule|Endless Battle Clause: Forcing endless battles is banned","|rule|HP Percentage Mod: HP is shown in percentages","|teampreview","|","|start","|switch|p1a: Charizard|Charizard, M, shiny|297/297","|switch|p2a: Empoleon|Empoleon, F|371/371","|turn|1","|","|detailschange|p1a: Charizard|Charizard-Mega-Y, M, shiny","|-mega|p1a: Charizard|Charizard|Charizardite Y","|-weather|SunnyDay","|move|p1a: Charizard|Solar Beam|p2a: Empoleon|[still]","|-prepare|p1a: Charizard|Solar Beam|p2a: Empoleon","|-anim|p1a: Charizard|Solar Beam|p2a: Empoleon","|-damage|p2a: Empoleon|236/371","|move|p2a: Empoleon|Hydro Pump|p1a: Charizard","|-supereffective|p1a: Charizard","|-damage|p1a: Charizard|103/297","|","|-weather|SunnyDay|[upkeep]","|turn|2","|","|switch|p1a: Tornadus-Therian|Tornadus-Therian, M, shiny|299/299","|move|p2a: Empoleon|Hydro Pump|p1a: Tornadus-Therian","|-damage|p1a: Tornadus-Therian|187/299","|","|-weather|SunnyDay|[upkeep]","|turn|3","|","|switch|p2a: Heatran|Heatran, F, shiny|323/323","|-item|p2a: Heatran|Air Balloon","|move|p1a: Tornadus-Therian|Focus Blast|p2a: Heatran","|-supereffective|p2a: Heatran","|-damage|p2a: Heatran|101/323","|-enditem|p2a: Heatran|Air Balloon","|","|-weather|SunnyDay|[upkeep]","|turn|4","|","|move|p1a: Tornadus-Therian|U-turn|p2a: Heatran","|-resisted|p2a: Heatran","|-damage|p2a: Heatran|89/323","|","|switch|p1a: Landorus|Landorus, M, shiny|319/319","|move|p2a: Heatran|Fire Blast|p1a: Landorus","|-damage|p1a: Landorus|0 fnt","|faint|p1a: Landorus","|","|-weather|SunnyDay|[upkeep]","|","|switch|p1a: Togekiss|Togekiss, M, shiny|311/311","|turn|5","|","|move|p2a: Heatran|Fire Blast|p1a: Togekiss|[miss]","|-miss|p2a: Heatran|p1a: Togekiss","|move|p1a: Togekiss|Thunder Wave|p2a: Heatran","|-status|p2a: Heatran|par","|","|-weather|none","|turn|6","|","|move|p1a: Togekiss|Air Slash|p2a: Heatran","|-resisted|p2a: Heatran","|-damage|p2a: Heatran|44/323 par","|cant|p2a: Heatran|flinch","|","|turn|7","|","|move|p1a: Togekiss|Air Slash|p2a: Heatran","|-resisted|p2a: Heatran","|-damage|p2a: Heatran|0 fnt","|faint|p2a: Heatran","|","|","|switch|p2a: Excadrill|Excadrill, F|361/361","|-ability|p2a: Excadrill|Mold Breaker","|turn|8","|","|switch|p1a: Gliscor|Gliscor, M, shiny|353/353","|move|p2a: Excadrill|Rock Slide|p1a: Gliscor","|-miss|p2a: Excadrill|p1a: Gliscor","|","|-status|p1a: Gliscor|tox|[from] item: Toxic Orb","|turn|9","|","|switch|p2a: Ferrothorn|Ferrothorn, F, shiny|352/352","|switch|p1a: Charizard|Charizard-Mega-Y, M, shiny|103/297","|-weather|SunnyDay","|","|-weather|SunnyDay|[upkeep]","|turn|10","|","|move|p1a: Charizard|Roost|p1a: Charizard","|-heal|p1a: Charizard|252/297","|move|p2a: Ferrothorn|Thunder Wave|p1a: Charizard","|-status|p1a: Charizard|par","|","|-weather|SunnyDay|[upkeep]","|turn|11","|","|move|p1a: Charizard|Flamethrower|p2a: Ferrothorn","|-crit|p2a: Ferrothorn","|-supereffective|p2a: Ferrothorn","|-damage|p2a: Ferrothorn|0 fnt","|faint|p2a: Ferrothorn","|","|-weather|SunnyDay|[upkeep]","|","|switch|p2a: Empoleon|Empoleon, F|236/371","|turn|12","|","|move|p2a: Empoleon|Hydro Pump|p1a: Charizard|[miss]","|-miss|p2a: Empoleon|p1a: Charizard","|cant|p1a: Charizard|par","|","|-weather|SunnyDay|[upkeep]","|turn|13","|","|switch|p1a: Tornadus-Therian|Tornadus-Therian, M, shiny|286/299","|move|p2a: Empoleon|Hydro Pump|p1a: Tornadus-Therian|[miss]","|-miss|p2a: Empoleon|p1a: Tornadus-Therian","|","|-weather|none","|turn|14","|","|move|p1a: Tornadus-Therian|Focus Blast|p2a: Empoleon|[miss]","|-miss|p1a: Tornadus-Therian|p2a: Empoleon","|move|p2a: Empoleon|Hydro Pump|p1a: Tornadus-Therian","|-crit|p1a: Tornadus-Therian","|-damage|p1a: Tornadus-Therian|0 fnt","|faint|p1a: Tornadus-Therian","|","|","|switch|p1a: Thundurus-Therian|Thundurus-Therian, M, shiny|299/299","|turn|15","|","|switch|p2a: Skarmory|Skarmory, M|334/334","|move|p1a: Thundurus-Therian|Thunder Wave|p2a: Skarmory","|-status|p2a: Skarmory|par","|","|turn|16","|","|move|p1a: Thundurus-Therian|Thunderbolt|p2a: Skarmory","|-supereffective|p2a: Skarmory","|-activate|p2a: Skarmory|Sturdy","|-damage|p2a: Skarmory|1/334 par","|-damage|p1a: Thundurus-Therian|270/299|[from] item: Life Orb","|move|p2a: Skarmory|Stealth Rock|p1a: Thundurus-Therian","|-sidestart|p1: yunG Sensory|move: Stealth Rock","|","|turn|17","|","|move|p1a: Thundurus-Therian|Hidden Power|p2a: Skarmory","|-damage|p2a: Skarmory|0 fnt","|-damage|p1a: Thundurus-Therian|241/299|[from] item: Life Orb","|faint|p2a: Skarmory","|","|","|switch|p2a: Scizor|Scizor, M|343/343","|turn|18","|","|detailschange|p2a: Scizor|Scizor-Mega, M","|-mega|p2a: Scizor|Scizor|Scizorite","|move|p1a: Thundurus-Therian|Thunderbolt|p2a: Scizor","|-damage|p2a: Scizor|164/343","|-damage|p1a: Thundurus-Therian|212/299|[from] item: Life Orb","|move|p2a: Scizor|Knock Off|p1a: Thundurus-Therian","|-damage|p1a: Thundurus-Therian|67/299","|-enditem|p1a: Thundurus-Therian|Life Orb|[from] move: Knock Off|[of] p2a: Scizor","|","|turn|19","|","|switch|p1a: Gliscor|Gliscor, M, shiny|353/353 tox","|-damage|p1a: Gliscor|309/353 tox|[from] Stealth Rock","|switch|p2a: Excadrill|Excadrill, F|361/361","|-ability|p2a: Excadrill|Mold Breaker","|","|-heal|p1a: Gliscor|353/353 tox|[from] ability: Poison Heal","|turn|20","|","|move|p2a: Excadrill|Iron Head|p1a: Gliscor","|-damage|p1a: Gliscor|240/353 tox","|-damage|p2a: Excadrill|325/361|[from] item: Life Orb","|move|p1a: Gliscor|Earthquake|p2a: Excadrill","|-supereffective|p2a: Excadrill","|-damage|p2a: Excadrill|5/361","|","|-heal|p1a: Gliscor|284/353 tox|[from] ability: Poison Heal","|turn|21","|","|move|p2a: Excadrill|Iron Head|p1a: Gliscor","|-damage|p1a: Gliscor|154/353 tox","|-damage|p2a: Excadrill|0 fnt|[from] item: Life Orb","|faint|p2a: Excadrill","|move|p1a: Gliscor|Earthquake|p2: Excadrill|[notarget]","|-notarget","|","|-heal|p1a: Gliscor|198/353 tox|[from] ability: Poison Heal","|","|switch|p2a: Scizor|Scizor-Mega, M|164/343","|turn|22","|","|move|p1a: Gliscor|Earthquake|p2a: Scizor","|-damage|p2a: Scizor|83/343","|move|p2a: Scizor|Swords Dance|p2a: Scizor","|-boost|p2a: Scizor|atk|2","|","|-heal|p1a: Gliscor|242/353 tox|[from] ability: Poison Heal","|turn|23","|","|move|p1a: Gliscor|Earthquake|p2a: Scizor","|-damage|p2a: Scizor|7/343","|move|p2a: Scizor|Roost|p2a: Scizor","|-heal|p2a: Scizor|179/343","|","|-heal|p1a: Gliscor|286/353 tox|[from] ability: Poison Heal","|turn|24","|","|move|p1a: Gliscor|Earthquake|p2a: Scizor","|-damage|p2a: Scizor|104/343","|move|p2a: Scizor|Roost|p2a: Scizor","|-heal|p2a: Scizor|276/343","|","|-heal|p1a: Gliscor|330/353 tox|[from] ability: Poison Heal","|turn|25","|","|switch|p1a: Charizard|Charizard-Mega-Y, M, shiny|252/297 par","|-damage|p1a: Charizard|104/297 par|[from] Stealth Rock","|-weather|SunnyDay","|move|p2a: Scizor|Swords Dance|p2a: Scizor","|-boost|p2a: Scizor|atk|2","|","|-weather|SunnyDay|[upkeep]","|turn|26","|","|move|p2a: Scizor|Knock Off|p1a: Charizard","|-damage|p1a: Charizard|0 fnt","|faint|p1a: Charizard","|","|-weather|SunnyDay|[upkeep]","|","|switch|p1a: Thundurus-Therian|Thundurus-Therian, M, shiny|67/299","|-damage|p1a: Thundurus-Therian|0 fnt|[from] Stealth Rock","|faint|p1a: Thundurus-Therian","|","|switch|p1a: Togekiss|Togekiss, M, shiny|311/311","|-damage|p1a: Togekiss|234/311|[from] Stealth Rock","|turn|27","|","|move|p2a: Scizor|Bullet Punch|p1a: Togekiss","|-supereffective|p1a: Togekiss","|-damage|p1a: Togekiss|0 fnt","|faint|p1a: Togekiss","|","|-weather|SunnyDay|[upkeep]","|","|win|Mega Torterra plz"],"p1rating":{"entryid":"6748101","serverid":"eos","formatid":"monotype","userid":"yungsensory","username":"yunG Sensory","w":"2","l":5,"t":"0","gxe":40.2,"r":"1416.6406409939","rd":"105.79476985403","sigma":"0","rptime":"1438246800","rpr":1422.2753632096,"rprd":98.040604129493,"rpsigma":"0","acre":1040.0839163844,"lacre":1040.0839163844,"oldacre":"1054.1778828407"},"p2rating":{"entryid":"6942320","serverid":"eos","formatid":"monotype","userid":"megatorterraplz","username":"mega torterra plz","w":10,"l":"10","t":"0","gxe":50.1,"r":"1477.3828475033","rd":"73.245629957992","sigma":"0","rptime":"1438246800","rpr":1501.1264705071,"rprd":70.582927826439,"rpsigma":"0","acre":1152.225925073,"lacre":1152.225925073,"oldacre":"1132.7877756574"},"endType":"forfeit"}