{"seed":[18613,56136,8845,28561],"turns":21,"p1":"Traine✘ Redbraze","p2":"Cryѕtal Cash","p1team":[{"name":"Bisharp","species":"Bisharp","item":"lifeorb","ability":"Defiant","moves":["suckerpunch","ironhead","swordsdance","knockoff"],"nature":"Jolly","evs":{"hp":0,"atk":252,"def":0,"spa":0,"spd":4,"spe":252},"shiny":true,"ivs":{"hp":31,"atk":31,"def":31,"spa":31,"spd":31,"spe":31}},{"name":"Dior","species":"sableye","item":"blacksludge","ability":"Prankster","moves":["willowisp","knockoff","trick","recover"],"nature":"Careful","evs":{"hp":252,"atk":0,"def":4,"spa":0,"spd":252,"spe":0},"shiny":true,"ivs":{"hp":31,"atk":31,"def":31,"spa":31,"spd":31,"spe":31}},{"name":"Sharpedo","species":"Sharpedo","item":"sharpedonite","ability":"Speed Boost","moves":["waterfall","icefang","crunch","protect"],"nature":"Adamant","evs":{"hp":0,"atk":252,"def":0,"spa":0,"spd":4,"spe":252},"ivs":{"hp":31,"atk":31,"def":31,"spa":31,"spd":31,"spe":31}},{"name":"Shadow","species":"weavile","item":"focussash","ability":"Pickpocket","moves":["swordsdance","iciclecrash","knockoff","poisonjab"],"nature":"Jolly","evs":{"hp":0,"atk":252,"def":0,"spa":0,"spd":4,"spe":252},"ivs":{"hp":31,"atk":31,"def":31,"spa":31,"spd":31,"spe":31}},{"name":"Mandibuzz","species":"Mandibuzz","item":"leftovers","ability":"Overcoat","moves":["knockoff","uturn","defog","roost"],"nature":"Impish","evs":{"hp":252,"atk":0,"def":252,"spa":0,"spd":0,"spe":4},"ivs":{"hp":31,"atk":31,"def":31,"spa":31,"spd":31,"spe":31}},{"name":"Hoopa-Unbound","species":"Hoopa-Unbound","item":"choicescarf","ability":"Magician","moves":["darkpulse","focusblast","hiddenpowerice","thunderbolt"],"nature":"Timid","evs":{"hp":0,"atk":0,"def":0,"spa":252,"spd":4,"spe":252},"ivs":{"hp":31,"atk":30,"def":30,"spa":31,"spd":31,"spe":31}}],"p2team":[{"name":"Gardevoir","species":"Gardevoir","item":"gardevoirite","ability":"Synchronize","moves":["hypervoice","hiddenpowerfire","shadowball","focusblast"],"nature":"Timid","evs":{"hp":0,"atk":0,"def":0,"spa":252,"spd":4,"spe":252},"ivs":{"hp":31,"atk":30,"def":31,"spa":30,"spd":31,"spe":30}},{"name":"Jirachi","species":"Jirachi","item":"choicescarf","ability":"Serene Grace","moves":["ironhead","uturn","firepunch","healingwish"],"nature":"Jolly","evs":{"hp":0,"atk":252,"def":4,"spa":0,"spd":0,"spe":252},"ivs":{"hp":31,"atk":31,"def":31,"spa":31,"spd":31,"spe":31}},{"name":"Deoxys-Defense","species":"Deoxys-Defense","item":"lightclay","ability":"Pressure","moves":["reflect","lightscreen","stealthrock","seismictoss"],"nature":"Calm","evs":{"hp":252,"atk":0,"def":4,"spa":0,"spd":252,"spe":0},"ivs":{"hp":31,"atk":31,"def":31,"spa":31,"spd":31,"spe":31}},{"name":"Victini","species":"Victini","item":"choicescarf","ability":"Victory Star","moves":["vcreate","boltstrike","zenheadbutt","uturn"],"nature":"Adamant","evs":{"hp":0,"atk":252,"def":0,"spa":0,"spd":4,"spe":0},"ivs":{"hp":31,"atk":31,"def":31,"spa":31,"spd":31,"spe":31}},{"name":"Gallade","species":"Gallade","item":"assaultvest","ability":"Justified","moves":["psychocut","knockoff","drainpunch","poisonjab"],"nature":"Adamant","evs":{"hp":248,"atk":252,"def":0,"spa":0,"spd":8,"spe":0},"shiny":true,"ivs":{"hp":31,"atk":31,"def":31,"spa":31,"spd":31,"spe":31}},{"name":"Meloetta","species":"Meloetta","item":"choicespecs","ability":"Serene Grace","moves":["hypervoice","psychic","focusblast","uturn"],"nature":"Timid","evs":{"hp":0,"atk":0,"def":4,"spa":252,"spd":0,"spe":252},"ivs":{"hp":31,"atk":31,"def":31,"spa":31,"spd":31,"spe":31}}],"log":["|player|p1|Traine✘ Redbraze|148","|player|p2|Cryѕtal Cash|158","|gametype|singles","|gen|6","|tier|Monotype","|rated","|rule|Baton Pass Clause: Limit one Baton Passer, can't pass Spe and other stats simultaneously","|rule|Swagger Clause: Swagger is banned","|rule|Same Type Clause: Pokémon in a team must share a type","|clearpoke","|poke|p1|Bisharp, F, shiny","|poke|p1|Sableye, F, shiny","|poke|p1|Sharpedo, F","|poke|p1|Weavile, M","|poke|p1|Mandibuzz, F","|poke|p1|Hoopa-Unbound","|poke|p2|Gardevoir, F","|poke|p2|Jirachi","|poke|p2|Deoxys-Defense","|poke|p2|Victini","|poke|p2|Gallade, M, shiny","|poke|p2|Meloetta","|rule|Sleep Clause Mod: Limit one foe put to sleep","|rule|Species Clause: Limit one of each Pokémon","|rule|OHKO Clause: OHKO moves are banned","|rule|Moody Clause: Moody is banned","|rule|Evasion Moves Clause: Evasion moves are banned","|rule|Endless Battle Clause: Forcing endless battles is banned","|rule|HP Percentage Mod: HP is shown in percentages","|teampreview","|","|start","|switch|p1a: Bisharp|Bisharp, F, shiny|271/271","|switch|p2a: Gallade|Gallade, M, shiny|339/339","|turn|1","|","|switch|p1a: Dior|Sableye, F, shiny|304/304","|move|p2a: Gallade|Drain Punch|p1a: Dior","|-immune|p1a: Dior|[msg]","|","|-damage|p1a: Dior|266/304|[from] item: Black Sludge","|turn|2","|","|move|p1a: Dior|Trick|p2a: Gallade","|-activate|p1a: Dior|move: Trick|[of] p2a: Gallade","|-item|p2a: Gallade|Black Sludge|[from] move: Trick","|-item|p1a: Dior|Assault Vest|[from] move: Trick","|move|p2a: Gallade|Knock Off|p1a: Dior","|-damage|p1a: Dior|109/304","|-enditem|p1a: Dior|Assault Vest|[from] move: Knock Off|[of] p2a: Gallade","|","|-damage|p2a: Gallade|297/339|[from] item: Black Sludge","|turn|3","|","|move|p1a: Dior|Will-O-Wisp|p2a: Gallade","|-status|p2a: Gallade|brn","|move|p2a: Gallade|Knock Off|p1a: Dior","|-damage|p1a: Dior|59/304","|","|-damage|p2a: Gallade|255/339 brn|[from] item: Black Sludge","|-damage|p2a: Gallade|213/339 brn|[from] brn","|turn|4","|","|move|p1a: Dior|Recover|p1a: Dior","|-heal|p1a: Dior|211/304","|move|p2a: Gallade|Drain Punch|p1a: Dior","|-immune|p1a: Dior|[msg]","|","|-damage|p2a: Gallade|171/339 brn|[from] item: Black Sludge","|-damage|p2a: Gallade|129/339 brn|[from] brn","|turn|5","|","|move|p1a: Dior|Recover|p1a: Dior","|-heal|p1a: Dior|304/304","|move|p2a: Gallade|Poison Jab|p1a: Dior","|-resisted|p1a: Dior","|-damage|p1a: Dior|271/304","|-status|p1a: Dior|psn","|","|-damage|p2a: Gallade|87/339 brn|[from] item: Black Sludge","|-damage|p2a: Gallade|45/339 brn|[from] brn","|-damage|p1a: Dior|233/304 psn|[from] psn","|turn|6","|","|move|p1a: Dior|Recover|p1a: Dior","|-heal|p1a: Dior|304/304 psn","|move|p2a: Gallade|Knock Off|p1a: Dior","|-damage|p1a: Dior|252/304 psn","|","|-damage|p2a: Gallade|3/339 brn|[from] item: Black Sludge","|-damage|p2a: Gallade|0 fnt|[from] brn","|-damage|p1a: Dior|214/304 psn|[from] psn","|faint|p2a: Gallade","|","|switch|p2a: Gardevoir|Gardevoir, F|277/277","|turn|7","|","|detailschange|p2a: Gardevoir|Gardevoir-Mega, F","|-mega|p2a: Gardevoir|Gardevoir|Gardevoirite","|move|p1a: Dior|Will-O-Wisp|p2a: Gardevoir","|-status|p2a: Gardevoir|brn","|move|p2a: Gardevoir|Hyper Voice|p1a: Dior","|-supereffective|p1a: Dior","|-damage|p1a: Dior|0 fnt","|faint|p1a: Dior","|","|-damage|p2a: Gardevoir|243/277 brn|[from] brn","|","|switch|p1a: Bisharp|Bisharp, F, shiny|271/271","|turn|8","|","|move|p2a: Gardevoir|Hyper Voice|p1a: Bisharp","|-damage|p1a: Bisharp|0 fnt","|faint|p1a: Bisharp","|","|-damage|p2a: Gardevoir|209/277 brn|[from] brn","|","|switch|p1a: Shadow|Weavile, M|281/281","|turn|9","|","|move|p1a: Shadow|Swords Dance|p1a: Shadow","|-boost|p1a: Shadow|atk|2","|move|p2a: Gardevoir|Hyper Voice|p1a: Shadow","|-supereffective|p1a: Shadow","|-enditem|p1a: Shadow|Focus Sash","|-damage|p1a: Shadow|1/281","|","|-damage|p2a: Gardevoir|175/277 brn|[from] brn","|turn|10","|","|move|p1a: Shadow|Poison Jab|p2a: Gardevoir","|-supereffective|p2a: Gardevoir","|-damage|p2a: Gardevoir|0 fnt","|faint|p2a: Gardevoir","|","|","|switch|p2a: Jirachi|Jirachi|341/341","|turn|11","|","|move|p2a: Jirachi|Fire Punch|p1a: Shadow","|-supereffective|p1a: Shadow","|-damage|p1a: Shadow|0 fnt","|faint|p1a: Shadow","|","|","|switch|p1a: Sharpedo|Sharpedo, F|281/281","|turn|12","|","|switch|p2a: Victini|Victini|341/341","|detailschange|p1a: Sharpedo|Sharpedo-Mega, F","|-mega|p1a: Sharpedo|Sharpedo|Sharpedonite","|move|p1a: Sharpedo|Crunch|p2a: Victini","|-supereffective|p2a: Victini","|-damage|p2a: Victini|0 fnt","|faint|p2a: Victini","|","|","|switch|p2a: Jirachi|Jirachi|341/341","|turn|13","|","|move|p1a: Sharpedo|Protect|p1a: Sharpedo","|-singleturn|p1a: Sharpedo|Protect","|move|p2a: Jirachi|U-turn|p1a: Sharpedo","|-activate|p1a: Sharpedo|Protect","|","|turn|14","|","|switch|p1a: Mandibuzz|Mandibuzz, F|424/424","|move|p2a: Jirachi|U-turn|p1a: Mandibuzz","|-damage|p1a: Mandibuzz|373/424","|","|switch|p2a: Meloetta|Meloetta|341/341","|","|-heal|p1a: Mandibuzz|399/424|[from] item: Leftovers","|turn|15","|","|move|p2a: Meloetta|Focus Blast|p1a: Mandibuzz","|-damage|p1a: Mandibuzz|163/424","|move|p1a: Mandibuzz|Knock Off|p2a: Meloetta","|-supereffective|p2a: Meloetta","|-damage|p2a: Meloetta|131/341","|-enditem|p2a: Meloetta|Choice Specs|[from] move: Knock Off|[of] p1a: Mandibuzz","|","|-heal|p1a: Mandibuzz|189/424|[from] item: Leftovers","|turn|16","|","|move|p2a: Meloetta|Focus Blast|p1a: Mandibuzz","|-damage|p1a: Mandibuzz|39/424","|-unboost|p1a: Mandibuzz|spd|1","|move|p1a: Mandibuzz|U-turn|p2a: Meloetta","|-supereffective|p2a: Meloetta","|-damage|p2a: Meloetta|29/341","|","|switch|p1a: Hoopa-Unbound|Hoopa-Unbound|301/301","|","|turn|17","|","|move|p1a: Hoopa-Unbound|Dark Pulse|p2a: Meloetta","|-crit|p2a: Meloetta","|-supereffective|p2a: Meloetta","|-damage|p2a: Meloetta|0 fnt","|faint|p2a: Meloetta","|","|","|switch|p2a: Deoxys-Defense|Deoxys-Defense|304/304","|-ability|p2a: Deoxys-Defense|Pressure","|turn|18","|","|move|p1a: Hoopa-Unbound|Dark Pulse|p2a: Deoxys-Defense","|-supereffective|p2a: Deoxys-Defense","|-damage|p2a: Deoxys-Defense|128/304","|move|p2a: Deoxys-Defense|Light Screen|p2a: Deoxys-Defense","|-sidestart|p2: Cryѕtal Cash|move: Light Screen","|","|turn|19","|","|move|p1a: Hoopa-Unbound|Dark Pulse|p2a: Deoxys-Defense","|-supereffective|p2a: Deoxys-Defense","|-damage|p2a: Deoxys-Defense|44/304","|cant|p2a: Deoxys-Defense|flinch","|","|turn|20","|","|move|p1a: Hoopa-Unbound|Dark Pulse|p2a: Deoxys-Defense","|-supereffective|p2a: Deoxys-Defense","|-damage|p2a: Deoxys-Defense|0 fnt","|faint|p2a: Deoxys-Defense","|","|","|switch|p2a: Jirachi|Jirachi|341/341","|turn|21","|","|move|p2a: Jirachi|Fire Punch|p1a: Hoopa-Unbound","|-damage|p1a: Hoopa-Unbound|187/301","|move|p1a: Hoopa-Unbound|Dark Pulse|p2a: Jirachi","|-crit|p2a: Jirachi","|-supereffective|p2a: Jirachi","|-damage|p2a: Jirachi|0 fnt","|faint|p2a: Jirachi","|","|win|Traine✘ Redbraze"],"p1rating":{"entryid":"7247602","serverid":"eos","formatid":"monotype","userid":"traineredbraze","username":"Traine✘ Redbraze","w":6,"l":"7","t":"0","gxe":46.5,"r":"1468.79355411","rd":"94.812162706495","sigma":"0","rptime":"1438246800","rpr":1473.165235169,"rprd":80.085177673091,"rpsigma":"0","acre":1107.8453777381,"lacre":1107.8453777381,"oldacre":"1079.0507122315"},"p2rating":{"entryid":"7232943","serverid":"eos","formatid":"monotype","userid":"crytalcash","username":"Cryѕtal Cash","w":"8","l":12,"t":"0","gxe":42.7,"r":"1469.5877745556","rd":"82.490150504112","sigma":"0","rptime":"1438246800","rpr":1443.6681890314,"rprd":69.325878836041,"rpsigma":"0","acre":1063.5045301253,"lacre":1063.5045301253,"oldacre":"1087.1048679358"},"endType":"normal"}