{"seed":[55906,4688,23860,49615],"turns":41,"p1":"Today We Mourn","p2":"Carnie Marston","p1team":[{"name":"Staraptor","species":"Staraptor","item":"choicescarf","ability":"Reckless","moves":["bravebird","closecombat","doubleedge","uturn"],"nature":"Jolly","evs":{"hp":0,"atk":252,"def":0,"spa":0,"spd":4,"spe":252},"ivs":{"hp":31,"atk":31,"def":31,"spa":31,"spd":31,"spe":31}},{"name":"Diggersby","species":"Diggersby","item":"choiceband","ability":"Huge Power","moves":["return","quickattack","earthquake","uturn"],"nature":"Adamant","evs":{"hp":248,"atk":252,"def":0,"spa":0,"spd":8,"spe":0},"ivs":{"hp":31,"atk":31,"def":31,"spa":31,"spd":31,"spe":31}},{"name":"Porygon-Z","species":"Porygon-Z","item":"choicespecs","ability":"Download","moves":["triattack","icebeam","darkpulse","hiddenpowerfire"],"nature":"Modest","evs":{"hp":248,"atk":0,"def":0,"spa":252,"spd":8,"spe":0},"ivs":{"hp":31,"atk":30,"def":31,"spa":30,"spd":31,"spe":30}},{"name":"Meloetta","species":"Meloetta","item":"choicespecs","ability":"Serene Grace","moves":["hypervoice","shadowball","psyshock","dazzlinggleam"],"nature":"Modest","evs":{"hp":248,"atk":0,"def":0,"spa":252,"spd":8,"spe":0},"ivs":{"hp":31,"atk":31,"def":31,"spa":31,"spd":31,"spe":31}},{"name":"Staravia","species":"Staravia","item":"eviolite","ability":"Intimidate","moves":["featherdance","defog","roost","bravebird"],"nature":"Impish","evs":{"hp":248,"atk":8,"def":252,"spa":0,"spd":0,"spe":0},"ivs":{"hp":31,"atk":31,"def":31,"spa":31,"spd":31,"spe":31}},{"name":"Chansey","species":"Chansey","item":"eviolite","ability":"Natural Cure","moves":["seismictoss","thunderwave","softboiled","stealthrock"],"nature":"Bold","evs":{"hp":248,"atk":0,"def":252,"spa":0,"spd":8,"spe":0},"ivs":{"hp":31,"atk":31,"def":31,"spa":31,"spd":31,"spe":31}}],"p2team":[{"name":"Terrakion","species":"Terrakion","item":"expertbelt","ability":"Justified","moves":["earthquake","closecombat","ironhead","rockslide"],"nature":"Jolly","evs":{"hp":0,"atk":252,"def":0,"spa":0,"spd":4,"spe":252},"ivs":{"hp":31,"atk":31,"def":31,"spa":31,"spd":31,"spe":31}},{"name":"Tyranitar","species":"Tyranitar","item":"tyranitarite","ability":"Sand Stream","moves":["dragondance","rockslide","crunch","earthquake"],"nature":"Adamant","evs":{"hp":0,"atk":252,"def":0,"spa":0,"spd":4,"spe":252},"ivs":{"hp":31,"atk":31,"def":31,"spa":31,"spd":31,"spe":31}},{"name":"Rhyperior","species":"Rhyperior","item":"assaultvest","ability":"Solid Rock","moves":["earthquake","megahorn","icefang","rockwrecker"],"nature":"Adamant","evs":{"hp":248,"atk":252,"def":0,"spa":0,"spd":8,"spe":0},"ivs":{"hp":31,"atk":31,"def":31,"spa":31,"spd":31,"spe":31}},{"name":"Crustle","species":"Crustle","item":"airballoon","ability":"Sturdy","moves":["shellsmash","rockblast","xscissor","substitute"],"nature":"Adamant","evs":{"hp":0,"atk":252,"def":0,"spa":0,"spd":4,"spe":252},"ivs":{"hp":31,"atk":31,"def":31,"spa":31,"spd":31,"spe":31}},{"name":"Aerodactyl","species":"Aerodactyl","item":"expertbelt","ability":"Rock Head","moves":["earthquake","thunderfang","firefang","rockslide"],"nature":"Jolly","evs":{"hp":0,"atk":252,"def":0,"spa":0,"spd":4,"spe":252},"ivs":{"hp":31,"atk":31,"def":31,"spa":31,"spd":31,"spe":31}},{"name":"Cradily","species":"Cradily","item":"airballoon","ability":"Suction Cups","moves":["sludgewave","ancientpower","stealthrock","energyball"],"nature":"Modest","evs":{"hp":248,"atk":0,"def":0,"spa":252,"spd":8,"spe":0},"ivs":{"hp":31,"atk":31,"def":31,"spa":31,"spd":31,"spe":31}}],"log":["|player|p1|Today We Mourn|2","|player|p2|Carnie Marston|238","|gametype|singles","|gen|6","|tier|Monotype","|rated","|rule|Baton Pass Clause: Limit one Baton Passer, can't pass Spe and other stats simultaneously","|rule|Swagger Clause: Swagger is banned","|rule|Same Type Clause: Pokémon in a team must share a type","|clearpoke","|poke|p1|Staraptor, F","|poke|p1|Diggersby, F","|poke|p1|Porygon-Z","|poke|p1|Meloetta","|poke|p1|Staravia, M","|poke|p1|Chansey, F","|poke|p2|Terrakion","|poke|p2|Tyranitar, F","|poke|p2|Rhyperior, M","|poke|p2|Crustle, M","|poke|p2|Aerodactyl, F","|poke|p2|Cradily, F","|rule|Sleep Clause Mod: Limit one foe put to sleep","|rule|Species Clause: Limit one of each Pokémon","|rule|OHKO Clause: OHKO moves are banned","|rule|Moody Clause: Moody is banned","|rule|Evasion Moves Clause: Evasion moves are banned","|rule|Endless Battle Clause: Forcing endless battles is banned","|rule|HP Percentage Mod: HP is shown in percentages","|teampreview","|","|start","|switch|p1a: Meloetta|Meloetta|403/403","|switch|p2a: Rhyperior|Rhyperior, M|433/433","|turn|1","|","|move|p1a: Meloetta|Hyper Voice|p2a: Rhyperior","|-resisted|p2a: Rhyperior","|-damage|p2a: Rhyperior|285/433","|move|p2a: Rhyperior|Megahorn|p1a: Meloetta","|-supereffective|p1a: Meloetta","|-damage|p1a: Meloetta|0 fnt","|faint|p1a: Meloetta","|","|","|switch|p1a: Porygon-Z|Porygon-Z|373/373","|-boost|p1a: Porygon-Z|spa|1|[from] ability: Download","|turn|2","|","|move|p1a: Porygon-Z|Ice Beam|p2a: Rhyperior","|-supereffective|p2a: Rhyperior","|-damage|p2a: Rhyperior|0 fnt","|faint|p2a: Rhyperior","|","|","|switch|p2a: Terrakion|Terrakion|323/323","|turn|3","|","|switch|p1a: Staravia|Staravia, M|313/313","|-ability|p1a: Staravia|Intimidate","|-unboost|p2a: Terrakion|atk|1","|move|p2a: Terrakion|Close Combat|p1a: Staravia","|-damage|p1a: Staravia|216/313","|-unboost|p2a: Terrakion|def|1","|-unboost|p2a: Terrakion|spd|1","|","|turn|4","|","|switch|p2a: Aerodactyl|Aerodactyl, F|301/301","|move|p1a: Staravia|Roost|p1a: Staravia","|-heal|p1a: Staravia|313/313","|","|turn|5","|","|switch|p1a: Porygon-Z|Porygon-Z|373/373","|-boost|p1a: Porygon-Z|atk|1|[from] ability: Download","|move|p2a: Aerodactyl|Rock Slide|p1a: Porygon-Z","|-damage|p1a: Porygon-Z|226/373","|","|turn|6","|","|move|p2a: Aerodactyl|Thunder Fang|p1a: Porygon-Z","|-damage|p1a: Porygon-Z|143/373","|move|p1a: Porygon-Z|Ice Beam|p2a: Aerodactyl","|-supereffective|p2a: Aerodactyl","|-damage|p2a: Aerodactyl|0 fnt","|faint|p2a: Aerodactyl","|","|","|switch|p2a: Terrakion|Terrakion|323/323","|turn|7","|","|switch|p1a: Staravia|Staravia, M|313/313","|-ability|p1a: Staravia|Intimidate","|-unboost|p2a: Terrakion|atk|1","|move|p2a: Terrakion|Close Combat|p1a: Staravia","|-damage|p1a: Staravia|205/313","|-unboost|p2a: Terrakion|def|1","|-unboost|p2a: Terrakion|spd|1","|","|turn|8","|","|switch|p2a: Crustle|Crustle, M|281/281","|-item|p2a: Crustle|Air Balloon","|move|p1a: Staravia|Roost|p1a: Staravia","|-heal|p1a: Staravia|313/313","|","|turn|9","|","|move|p1a: Staravia|Feather Dance|p2a: Crustle","|-unboost|p2a: Crustle|atk|2","|move|p2a: Crustle|Shell Smash|p2a: Crustle","|-boost|p2a: Crustle|atk|2","|-boost|p2a: Crustle|spa|2","|-boost|p2a: Crustle|spe|2","|-unboost|p2a: Crustle|def|1","|-unboost|p2a: Crustle|spd|1","|","|turn|10","|","|move|p2a: Crustle|Shell Smash|p2a: Crustle","|-boost|p2a: Crustle|atk|2","|-boost|p2a: Crustle|spa|2","|-boost|p2a: Crustle|spe|2","|-unboost|p2a: Crustle|def|1","|-unboost|p2a: Crustle|spd|1","|move|p1a: Staravia|Feather Dance|p2a: Crustle","|-unboost|p2a: Crustle|atk|2","|","|turn|11","|","|move|p2a: Crustle|Shell Smash|p2a: Crustle","|-boost|p2a: Crustle|atk|2","|-boost|p2a: Crustle|spa|2","|-boost|p2a: Crustle|spe|2","|-unboost|p2a: Crustle|def|1","|-unboost|p2a: Crustle|spd|1","|move|p1a: Staravia|Feather Dance|p2a: Crustle","|-unboost|p2a: Crustle|atk|2","|","|turn|12","|","|move|p2a: Crustle|Rock Blast|p1a: Staravia","|-supereffective|p1a: Staravia","|-damage|p1a: Staravia|253/313","|-supereffective|p1a: Staravia","|-damage|p1a: Staravia|187/313","|-supereffective|p1a: Staravia","|-damage|p1a: Staravia|127/313","|-hitcount|p1a: Staravia|3","|move|p1a: Staravia|Feather Dance|p2a: Crustle","|-unboost|p2a: Crustle|atk|2","|","|turn|13","|","|move|p2a: Crustle|Rock Blast|p1a: Staravia","|-supereffective|p1a: Staravia","|-damage|p1a: Staravia|97/313","|-supereffective|p1a: Staravia","|-damage|p1a: Staravia|65/313","|-hitcount|p1a: Staravia|2","|move|p1a: Staravia|Roost|p1a: Staravia","|-heal|p1a: Staravia|222/313","|","|turn|14","|","|switch|p2a: Cradily|Cradily, F|375/375","|-item|p2a: Cradily|Air Balloon","|move|p1a: Staravia|Feather Dance|p2a: Cradily","|-unboost|p2a: Cradily|atk|2","|","|turn|15","|","|switch|p1a: Chansey|Chansey, F|703/703","|move|p2a: Cradily|Stealth Rock|p1a: Chansey","|-sidestart|p1: Today We Mourn|move: Stealth Rock","|","|turn|16","|","|move|p1a: Chansey|Thunder Wave|p2a: Cradily","|-status|p2a: Cradily|par","|move|p2a: Cradily|Sludge Wave|p1a: Chansey","|-damage|p1a: Chansey|642/703","|","|turn|17","|","|move|p1a: Chansey|Thunder Wave|p2a: Cradily","|-fail|p2a: Cradily|par","|move|p2a: Cradily|Sludge Wave|p1a: Chansey","|-crit|p1a: Chansey","|-damage|p1a: Chansey|557/703","|","|turn|18","|","|move|p1a: Chansey|Stealth Rock|p2a: Cradily","|-sidestart|p2: Carnie Marston|move: Stealth Rock","|move|p2a: Cradily|Sludge Wave|p1a: Chansey","|-damage|p1a: Chansey|500/703","|","|turn|19","|","|move|p1a: Chansey|Seismic Toss|p2a: Cradily","|-damage|p2a: Cradily|275/375 par","|-enditem|p2a: Cradily|Air Balloon","|move|p2a: Cradily|Sludge Wave|p1a: Chansey","|-damage|p1a: Chansey|437/703","|","|turn|20","|","|move|p1a: Chansey|Soft-Boiled|p1a: Chansey","|-heal|p1a: Chansey|703/703","|move|p2a: Cradily|Ancient Power|p1a: Chansey","|-damage|p1a: Chansey|648/703","|","|turn|21","|","|move|p1a: Chansey|Seismic Toss|p2a: Cradily","|-damage|p2a: Cradily|175/375 par","|move|p2a: Cradily|Ancient Power|p1a: Chansey","|-damage|p1a: Chansey|596/703","|","|turn|22","|","|move|p1a: Chansey|Seismic Toss|p2a: Cradily","|-damage|p2a: Cradily|75/375 par","|move|p2a: Cradily|Ancient Power|p1a: Chansey","|-damage|p1a: Chansey|542/703","|-boost|p2a: Cradily|atk|1","|-boost|p2a: Cradily|def|1","|-boost|p2a: Cradily|spa|1","|-boost|p2a: Cradily|spd|1","|-boost|p2a: Cradily|spe|1","|","|turn|23","|","|move|p1a: Chansey|Seismic Toss|p2a: Cradily","|-damage|p2a: Cradily|0 fnt","|faint|p2a: Cradily","|","|","|switch|p2a: Tyranitar|Tyranitar, F|341/341","|-damage|p2a: Tyranitar|299/341|[from] Stealth Rock","|-weather|Sandstorm","|turn|24","|","|detailschange|p2a: Tyranitar|Tyranitar-Mega, F","|-mega|p2a: Tyranitar|Tyranitar|Tyranitarite","|move|p2a: Tyranitar|Dragon Dance|p2a: Tyranitar","|-boost|p2a: Tyranitar|atk|1","|-boost|p2a: Tyranitar|spe|1","|move|p1a: Chansey|Thunder Wave|p2a: Tyranitar","|-status|p2a: Tyranitar|par","|","|-weather|Sandstorm|[upkeep]","|-damage|p1a: Chansey|499/703|[from] sandstorm","|turn|25","|","|move|p1a: Chansey|Seismic Toss|p2a: Tyranitar","|-damage|p2a: Tyranitar|199/341 par","|cant|p2a: Tyranitar|par","|","|-weather|Sandstorm|[upkeep]","|-damage|p1a: Chansey|456/703|[from] sandstorm","|turn|26","|","|move|p1a: Chansey|Seismic Toss|p2a: Tyranitar","|-damage|p2a: Tyranitar|99/341 par","|cant|p2a: Tyranitar|par","|","|-weather|Sandstorm|[upkeep]","|-damage|p1a: Chansey|413/703|[from] sandstorm","|turn|27","|","|move|p1a: Chansey|Seismic Toss|p2a: Tyranitar","|-damage|p2a: Tyranitar|0 fnt","|faint|p2a: Tyranitar","|","|-weather|Sandstorm|[upkeep]","|-damage|p1a: Chansey|370/703|[from] sandstorm","|","|switch|p2a: Terrakion|Terrakion|323/323","|-damage|p2a: Terrakion|303/323|[from] Stealth Rock","|turn|28","|","|move|p2a: Terrakion|Close Combat|p1a: Chansey","|-supereffective|p1a: Chansey","|-damage|p1a: Chansey|0 fnt","|-unboost|p2a: Terrakion|def|1","|-unboost|p2a: Terrakion|spd|1","|faint|p1a: Chansey","|","|-weather|none","|","|switch|p1a: Staravia|Staravia, M|222/313","|-damage|p1a: Staravia|144/313|[from] Stealth Rock","|-ability|p1a: Staravia|Intimidate","|-unboost|p2a: Terrakion|atk|1","|turn|29","|","|switch|p2a: Crustle|Crustle, M|281/281","|-damage|p2a: Crustle|211/281|[from] Stealth Rock","|-item|p2a: Crustle|Air Balloon","|move|p1a: Staravia|Roost|p1a: Staravia","|-heal|p1a: Staravia|301/313","|","|turn|30","|","|move|p1a: Staravia|Feather Dance|p2a: Crustle","|-unboost|p2a: Crustle|atk|2","|move|p2a: Crustle|Shell Smash|p2a: Crustle","|-boost|p2a: Crustle|atk|2","|-boost|p2a: Crustle|spa|2","|-boost|p2a: Crustle|spe|2","|-unboost|p2a: Crustle|def|1","|-unboost|p2a: Crustle|spd|1","|","|turn|31","|","|move|p2a: Crustle|Substitute|p2a: Crustle","|-start|p2a: Crustle|Substitute","|-damage|p2a: Crustle|141/281","|move|p1a: Staravia|Feather Dance|p2a: Crustle","|-fail|p2a: Crustle","|","|turn|32","|","|move|p2a: Crustle|Shell Smash|p2a: Crustle","|-boost|p2a: Crustle|atk|2","|-boost|p2a: Crustle|spa|2","|-boost|p2a: Crustle|spe|2","|-unboost|p2a: Crustle|def|1","|-unboost|p2a: Crustle|spd|1","|move|p1a: Staravia|Brave Bird|p2a: Crustle","|-end|p2a: Crustle|Substitute","|-damage|p1a: Staravia|278/313|[from] recoil|[of] p2a: Crustle","|-enditem|p2a: Crustle|Air Balloon","|","|turn|33","|","|switch|p1a: Porygon-Z|Porygon-Z|143/373","|-damage|p1a: Porygon-Z|97/373|[from] Stealth Rock","|-boost|p1a: Porygon-Z|spa|1|[from] ability: Download","|move|p2a: Crustle|Rock Blast|p1a: Porygon-Z","|-damage|p1a: Porygon-Z|0 fnt","|-hitcount|p1a: Porygon-Z|1","|faint|p1a: Porygon-Z","|","|","|switch|p1a: Diggersby|Diggersby, F|373/373","|-damage|p1a: Diggersby|350/373|[from] Stealth Rock","|turn|34","|","|move|p1a: Diggersby|Quick Attack|p2a: Crustle","|-resisted|p2a: Crustle","|-damage|p2a: Crustle|18/281","|move|p2a: Crustle|X-Scissor|p1a: Diggersby","|-damage|p1a: Diggersby|53/373","|","|turn|35","|","|move|p1a: Diggersby|Quick Attack|p2a: Crustle","|-resisted|p2a: Crustle","|-damage|p2a: Crustle|0 fnt","|faint|p2a: Crustle","|","|","|switch|p2a: Terrakion|Terrakion|303/323","|-damage|p2a: Terrakion|283/323|[from] Stealth Rock","|turn|36","|","|move|p1a: Diggersby|Quick Attack|p2a: Terrakion","|-resisted|p2a: Terrakion","|-damage|p2a: Terrakion|202/323","|move|p2a: Terrakion|Close Combat|p1a: Diggersby","|-supereffective|p1a: Diggersby","|-damage|p1a: Diggersby|0 fnt","|-unboost|p2a: Terrakion|def|1","|-unboost|p2a: Terrakion|spd|1","|faint|p1a: Diggersby","|","|","|switch|p1a: Staravia|Staravia, M|278/313","|-damage|p1a: Staravia|200/313|[from] Stealth Rock","|-ability|p1a: Staravia|Intimidate","|-unboost|p2a: Terrakion|atk|1","|turn|37","|","|move|p2a: Terrakion|Rock Slide|p1a: Staravia","|-miss|p2a: Terrakion|p1a: Staravia","|move|p1a: Staravia|Roost|p1a: Staravia","|-heal|p1a: Staravia|313/313","|","|turn|38","|","|move|p2a: Terrakion|Rock Slide|p1a: Staravia","|-supereffective|p1a: Staravia","|-damage|p1a: Staravia|167/313","|cant|p1a: Staravia|flinch","|","|turn|39","|","|move|p2a: Terrakion|Rock Slide|p1a: Staravia","|-supereffective|p1a: Staravia","|-damage|p1a: Staravia|6/313","|cant|p1a: Staravia|flinch","|","|turn|40","|","|move|p2a: Terrakion|Rock Slide|p1a: Staravia","|-supereffective|p1a: Staravia","|-damage|p1a: Staravia|0 fnt","|faint|p1a: Staravia","|","|","|switch|p1a: Staraptor|Staraptor, F|311/311","|-damage|p1a: Staraptor|234/311|[from] Stealth Rock","|turn|41","|player|p1","|player|p1|Today We Mourn|2","|","|move|p1a: Staraptor|Close Combat|p2a: Terrakion","|-supereffective|p2a: Terrakion","|-damage|p2a: Terrakion|0 fnt","|-unboost|p1a: Staraptor|def|1","|-unboost|p1a: Staraptor|spd|1","|faint|p2a: Terrakion","|","|win|Today We Mourn"],"p1rating":{"entryid":7271438,"formatid":"monotype","userid":"todaywemourn","username":"Today We Mourn","r":1500,"rd":130,"sigma":0,"rpr":1521.0450902977,"rprd":123.95236716756,"rpsigma":0,"rptime":1438246800,"w":1,"l":0,"t":0,"gxe":52.6,"acre":1045.7094354099,"lacre":1045.7094354099,"oldacre":1000},"p2rating":{"entryid":"6128703","serverid":"eos","formatid":"monotype","userid":"carniemarston","username":"Carnie Marston","w":"23","l":82,"t":"0","gxe":25,"r":"1298.1328712644","rd":"49.061891506137","sigma":"0","rptime":"1438246800","rpr":1291.7749824486,"rprd":48.439305022827,"rpsigma":"0","acre":1029.9461826831,"lacre":1029.9461826831,"oldacre":"1049.9324885035"},"endType":"normal"}