{"seed":[40219,3866,6824,46558],"turns":21,"p1":"MrNyanNyanz","p2":"opal boltrider","p1team":[{"name":"Dino","species":"aurorus","item":"choicescarf","ability":"Refrigerate","moves":["hypervoice","freezedry","earthpower","ancientpower"],"nature":"Timid","evs":{"hp":0,"atk":0,"def":0,"spa":252,"spd":4,"spe":252},"ivs":{"hp":31,"atk":31,"def":31,"spa":31,"spd":31,"spe":31}},{"name":"Recker","species":"terrakion","item":"choicescarf","ability":"Justified","moves":["closecombat","stoneedge","earthquake","ironhead"],"nature":"Jolly","evs":{"hp":0,"atk":252,"def":0,"spa":0,"spd":4,"spe":252},"shiny":true,"ivs":{"hp":31,"atk":31,"def":31,"spa":31,"spd":31,"spe":31}},{"name":"Lord Helix","species":"omastar","item":"focussash","ability":"Swift Swim","moves":["shellsmash","hiddenpowerfire","scald","ancientpower"],"nature":"Modest","evs":{"hp":0,"atk":0,"def":0,"spa":252,"spd":4,"spe":252},"ivs":{"hp":31,"atk":30,"def":31,"spa":30,"spd":31,"spe":30},"shiny":true},{"name":"Bitch Plz","species":"aggron","item":"aggronite","ability":"Sturdy","moves":["heavyslam","thunderwave","curse","rest"],"nature":"Impish","evs":{"hp":248,"atk":8,"def":252,"spa":0,"spd":0,"spe":0},"shiny":true,"ivs":{"hp":31,"atk":31,"def":31,"spa":31,"spd":31,"spe":31}},{"name":"Ancient Troll","species":"aerodactyl","item":"lifeorb","ability":"Unnerve","moves":["taunt","aerialace","earthquake","stoneedge"],"nature":"Jolly","evs":{"hp":0,"atk":252,"def":0,"spa":0,"spd":4,"spe":252},"shiny":true,"ivs":{"hp":31,"atk":31,"def":31,"spa":31,"spd":31,"spe":31}},{"name":"Plantz","species":"cradily","item":"leftovers","ability":"Storm Drain","moves":["gigadrain","ancientpower","recover","earthpower"],"nature":"Modest","evs":{"hp":252,"atk":0,"def":0,"spa":252,"spd":4,"spe":0},"shiny":true,"ivs":{"hp":31,"atk":31,"def":31,"spa":31,"spd":31,"spe":31}}],"p2team":[{"name":"Cloyster","species":"Cloyster","item":"focussash","ability":"Skill Link","moves":["explosion","shellsmash","iciclespear","rockblast"],"nature":"Careful","evs":{"hp":0,"atk":156,"def":0,"spa":0,"spd":100,"spe":252},"gender":"F","ivs":{"hp":31,"atk":31,"def":31,"spa":31,"spd":31,"spe":31}},{"name":"Slowking","species":"Slowking","item":"assaultvest","ability":"Regenerator","moves":["flamethrower","psyshock","scald","focusblast"],"nature":"Modest","evs":{"hp":0,"atk":0,"def":136,"spa":252,"spd":120,"spe":0},"gender":"M","ivs":{"hp":31,"atk":31,"def":31,"spa":31,"spd":31,"spe":31}},{"name":"Swampert","species":"Swampert","item":"swampertite","ability":"Torrent","moves":["earthquake","refresh","waterfall","icepunch"],"nature":"","gender":"F","evs":{"hp":0,"atk":0,"def":0,"spa":0,"spd":0,"spe":0},"ivs":{"hp":31,"atk":31,"def":31,"spa":31,"spd":31,"spe":31}},{"name":"Tentacruel","species":"Tentacruel","item":"blacksludge","ability":"Liquid Ooze","moves":["toxicspikes","scald","rapidspin","sludgebomb"],"nature":"Modest","evs":{"hp":0,"atk":0,"def":152,"spa":156,"spd":0,"spe":200},"gender":"M","ivs":{"hp":31,"atk":31,"def":31,"spa":31,"spd":31,"spe":31}},{"name":"Azumarill","species":"Azumarill","item":"sitrusberry","ability":"Huge Power","moves":["aquajet","knockoff","playrough","bellydrum"],"nature":"Adamant","evs":{"hp":0,"atk":160,"def":92,"spa":0,"spd":116,"spe":140},"gender":"F","ivs":{"hp":31,"atk":31,"def":31,"spa":31,"spd":31,"spe":31}},{"name":"Keldeo","species":"Keldeo","item":"choicespecs","ability":"Justified","moves":["secretsword","hydropump","hiddenpowerelectric","icywind"],"nature":"Modest","evs":{"hp":0,"atk":0,"def":100,"spa":5,"spd":100,"spe":252},"ivs":{"hp":31,"atk":31,"def":31,"spa":30,"spd":31,"spe":31}}],"log":["|player|p1|MrNyanNyanz|mrnyannyanz.png","|player|p2|opal boltrider|93","|gametype|singles","|gen|6","|tier|Monotype","|rated","|rule|Baton Pass Clause: Limit one Baton Passer, can't pass Spe and other stats simultaneously","|rule|Swagger Clause: Swagger is banned","|rule|Same Type Clause: Pokémon in a team must share a type","|clearpoke","|poke|p1|Aurorus, F","|poke|p1|Terrakion, shiny","|poke|p1|Omastar, M, shiny","|poke|p1|Aggron, M, shiny","|poke|p1|Aerodactyl, M, shiny","|poke|p1|Cradily, F, shiny","|poke|p2|Cloyster, F","|poke|p2|Slowking, M","|poke|p2|Swampert, F","|poke|p2|Tentacruel, M","|poke|p2|Azumarill, F","|poke|p2|Keldeo","|rule|Sleep Clause Mod: Limit one foe put to sleep","|rule|Species Clause: Limit one of each Pokémon","|rule|OHKO Clause: OHKO moves are banned","|rule|Moody Clause: Moody is banned","|rule|Evasion Moves Clause: Evasion moves are banned","|rule|Endless Battle Clause: Forcing endless battles is banned","|rule|HP Percentage Mod: HP is shown in percentages","|teampreview","|","|start","|switch|p1a: Dino|Aurorus, F|387/387","|switch|p2a: Keldeo|Keldeo|323/323","|turn|1","|","|switch|p1a: Lord Helix|Omastar, M, shiny|281/281","|move|p2a: Keldeo|Secret Sword|p1a: Lord Helix","|-supereffective|p1a: Lord Helix","|-enditem|p1a: Lord Helix|Focus Sash","|-damage|p1a: Lord Helix|1/281","|","|turn|2","|","|move|p2a: Keldeo|Secret Sword|p1a: Lord Helix","|-supereffective|p1a: Lord Helix","|-damage|p1a: Lord Helix|0 fnt","|faint|p1a: Lord Helix","|","|","|switch|p1a: Ancient Troll|Aerodactyl, M, shiny|301/301","|-ability|p1a: Ancient Troll|Unnerve|p2: opal boltrider","|turn|3","|","|switch|p2a: Swampert|Swampert, F|341/341","|move|p1a: Ancient Troll|Aerial Ace|p2a: Swampert","|-damage|p2a: Swampert|207/341","|-damage|p1a: Ancient Troll|271/301|[from] item: Life Orb","|","|turn|4","|","|detailschange|p2a: Swampert|Swampert-Mega, F","|-mega|p2a: Swampert|Swampert|Swampertite","|move|p1a: Ancient Troll|Taunt|p2a: Swampert","|-start|p2a: Swampert|move: Taunt","|move|p2a: Swampert|Waterfall|p1a: Ancient Troll","|-supereffective|p1a: Ancient Troll","|-damage|p1a: Ancient Troll|0 fnt","|faint|p1a: Ancient Troll","|","|","|switch|p1a: Plantz|Cradily, F, shiny|376/376","|turn|5","|","|move|p2a: Swampert|Ice Punch|p1a: Plantz","|-supereffective|p1a: Plantz","|-damage|p1a: Plantz|202/376","|move|p1a: Plantz|Giga Drain|p2a: Swampert","|-supereffective|p2a: Swampert","|-damage|p2a: Swampert|0 fnt","|-heal|p1a: Plantz|306/376|[from] drain|[of] p2a: Swampert","|faint|p2a: Swampert","|","|-heal|p1a: Plantz|329/376|[from] item: Leftovers","|","|switch|p2a: Cloyster|Cloyster, F|241/241","|turn|6","|","|move|p2a: Cloyster|Shell Smash|p2a: Cloyster","|-boost|p2a: Cloyster|atk|2","|-boost|p2a: Cloyster|spa|2","|-boost|p2a: Cloyster|spe|2","|-unboost|p2a: Cloyster|def|1","|-unboost|p2a: Cloyster|spd|1","|move|p1a: Plantz|Giga Drain|p2a: Cloyster","|-supereffective|p2a: Cloyster","|-enditem|p2a: Cloyster|Focus Sash","|-damage|p2a: Cloyster|1/241","|-heal|p1a: Plantz|376/376|[from] drain|[of] p2a: Cloyster","|","|turn|7","|","|switch|p1a: Bitch Plz|Aggron, M, shiny|343/343","|move|p2a: Cloyster|Icicle Spear|p1a: Bitch Plz","|-resisted|p1a: Bitch Plz","|-damage|p1a: Bitch Plz|326/343","|-resisted|p1a: Bitch Plz","|-damage|p1a: Bitch Plz|309/343","|-resisted|p1a: Bitch Plz","|-damage|p1a: Bitch Plz|294/343","|-resisted|p1a: Bitch Plz","|-damage|p1a: Bitch Plz|277/343","|-resisted|p1a: Bitch Plz","|-damage|p1a: Bitch Plz|261/343","|-hitcount|p1a: Bitch Plz|5","|","|turn|8","|","|detailschange|p1a: Bitch Plz|Aggron-Mega, M, shiny","|-mega|p1a: Bitch Plz|Aggron|Aggronite","|move|p2a: Cloyster|Explosion|p1a: Bitch Plz","|-resisted|p1a: Bitch Plz","|-damage|p1a: Bitch Plz|180/343","|faint|p2a: Cloyster","|move|p1a: Bitch Plz|Heavy Slam|p2: Cloyster|[notarget]","|-notarget","|","|","|switch|p2a: Slowking|Slowking, M|331/331","|turn|9","|","|move|p1a: Bitch Plz|Rest|p1a: Bitch Plz","|-status|p1a: Bitch Plz|slp","|-heal|p1a: Bitch Plz|343/343 slp|[silent]","|-status|p1a: Bitch Plz|slp|[from] move: Rest","|move|p2a: Slowking|Focus Blast|p1a: Bitch Plz","|-crit|p1a: Bitch Plz","|-supereffective|p1a: Bitch Plz","|-damage|p1a: Bitch Plz|0 fnt","|faint|p1a: Bitch Plz","|","|","|switch|p1a: Plantz|Cradily, F, shiny|376/376","|turn|10","|","|move|p1a: Plantz|Giga Drain|p2a: Slowking","|-supereffective|p2a: Slowking","|-damage|p2a: Slowking|209/331","|move|p2a: Slowking|Flamethrower|p1a: Plantz","|-damage|p1a: Plantz|286/376","|","|-heal|p1a: Plantz|309/376|[from] item: Leftovers","|turn|11","|","|move|p1a: Plantz|Giga Drain|p2a: Slowking","|-supereffective|p2a: Slowking","|-damage|p2a: Slowking|83/331","|-heal|p1a: Plantz|372/376|[from] drain|[of] p2a: Slowking","|move|p2a: Slowking|Focus Blast|p1a: Plantz|[miss]","|-miss|p2a: Slowking|p1a: Plantz","|","|-heal|p1a: Plantz|376/376|[from] item: Leftovers","|turn|12","|","|switch|p2a: Tentacruel|Tentacruel, M|301/301","|move|p1a: Plantz|Giga Drain|p2a: Tentacruel","|-damage|p2a: Tentacruel|217/301","|-damage|p1a: Plantz|334/376|[from] ability: Liquid Ooze|[of] p2a: Tentacruel","|","|-heal|p2a: Tentacruel|235/301|[from] item: Black Sludge","|-heal|p1a: Plantz|357/376|[from] item: Leftovers","|turn|13","|","|move|p2a: Tentacruel|Sludge Bomb|p1a: Plantz","|-damage|p1a: Plantz|251/376","|move|p1a: Plantz|Earth Power|p2a: Tentacruel","|-supereffective|p2a: Tentacruel","|-damage|p2a: Tentacruel|81/301","|","|-heal|p2a: Tentacruel|99/301|[from] item: Black Sludge","|-heal|p1a: Plantz|274/376|[from] item: Leftovers","|turn|14","|","|move|p2a: Tentacruel|Sludge Bomb|p1a: Plantz","|-damage|p1a: Plantz|156/376","|move|p1a: Plantz|Earth Power|p2a: Tentacruel","|-supereffective|p2a: Tentacruel","|-damage|p2a: Tentacruel|0 fnt","|faint|p2a: Tentacruel","|","|-heal|p1a: Plantz|179/376|[from] item: Leftovers","|","|switch|p2a: Slowking|Slowking, M|193/331","|turn|15","|","|move|p1a: Plantz|Giga Drain|p2a: Slowking","|-supereffective|p2a: Slowking","|-damage|p2a: Slowking|77/331","|-heal|p1a: Plantz|237/376|[from] drain|[of] p2a: Slowking","|move|p2a: Slowking|Focus Blast|p1a: Plantz","|-crit|p1a: Plantz","|-supereffective|p1a: Plantz","|-damage|p1a: Plantz|0 fnt","|faint|p1a: Plantz","|","|","|switch|p1a: Dino|Aurorus, F|387/387","|turn|16","|","|move|p1a: Dino|Freeze-Dry|p2a: Slowking","|-supereffective|p2a: Slowking","|-damage|p2a: Slowking|0 fnt","|faint|p2a: Slowking","|","|","|switch|p2a: Keldeo|Keldeo|323/323","|turn|17","|","|move|p1a: Dino|Freeze-Dry|p2a: Keldeo","|-crit|p2a: Keldeo","|-supereffective|p2a: Keldeo","|-damage|p2a: Keldeo|29/323","|move|p2a: Keldeo|Secret Sword|p1a: Dino","|-supereffective|p1a: Dino","|-damage|p1a: Dino|0 fnt","|faint|p1a: Dino","|","|","|switch|p1a: Recker|Terrakion, shiny|323/323","|turn|18","|","|move|p1a: Recker|Iron Head|p2a: Keldeo","|-resisted|p2a: Keldeo","|-damage|p2a: Keldeo|0 fnt","|faint|p2a: Keldeo","|","|","|switch|p2a: Azumarill|Azumarill, F|341/341","|turn|19","|","|move|p2a: Azumarill|Aqua Jet|p1a: Recker","|-supereffective|p1a: Recker","|-damage|p1a: Recker|161/323","|move|p1a: Recker|Iron Head|p2a: Azumarill","|-damage|p2a: Azumarill|240/341","|","|turn|20","|","|move|p2a: Azumarill|Aqua Jet|p1a: Recker","|-supereffective|p1a: Recker","|-damage|p1a: Recker|3/323","|move|p1a: Recker|Iron Head|p2a: Azumarill","|-damage|p2a: Azumarill|141/341","|-enditem|p2a: Azumarill|Sitrus Berry|[eat]","|-heal|p2a: Azumarill|226/341|[from] item: Sitrus Berry","|","|turn|21","|","|move|p2a: Azumarill|Aqua Jet|p1a: Recker","|-supereffective|p1a: Recker","|-damage|p1a: Recker|0 fnt","|faint|p1a: Recker","|","|win|opal boltrider"],"p1rating":{"entryid":"6703862","serverid":"eos","formatid":"monotype","userid":"mrnyannyanz","username":"MrNyanNyanz","w":"20","l":16,"t":"0","gxe":51.6,"r":"1511.5245525948","rd":"60.726910452447","sigma":"0","rptime":"1438246800","rpr":1512.4514263138,"rprd":57.741171730452,"rpsigma":"0","acre":1129.4874716586,"lacre":1129.4874716586,"oldacre":"1156.5368923056"},"p2rating":{"entryid":"6940424","serverid":"eos","formatid":"monotype","userid":"opalboltrider","username":"opal boltrider","w":25,"l":"32","t":"0","gxe":43.1,"r":"1432.4988983617","rd":"47.751564639985","sigma":"0","rptime":"1438246800","rpr":1447.6127745882,"rprd":46.934098614829,"rpsigma":"0","acre":1155.0405871278,"lacre":1155.0405871278,"oldacre":"1127.9911664808"},"endType":"normal"}