{"seed":[44116,49295,53051,6155],"turns":35,"p1":"Wаrden Arguѕ","p2":"CTIL-Raf","p1team":[{"name":"Sableye","species":"Sableye","item":"leftovers","ability":"Prankster","moves":["knockoff","willowisp","recover","taunt"],"nature":"Bold","evs":{"hp":228,"atk":0,"def":252,"spa":0,"spd":0,"spe":28},"gender":"M","ivs":{"hp":31,"atk":0,"def":31,"spa":31,"spd":31,"spe":31}},{"name":"Aegislash","species":"Aegislash","item":"weaknesspolicy","ability":"Stance Change","moves":["kingsshield","sacredsword","shadowball","shadowsneak"],"nature":"Lonely","evs":{"hp":0,"atk":252,"def":0,"spa":240,"spd":0,"spe":16},"gender":"M","shiny":true,"ivs":{"hp":31,"atk":31,"def":31,"spa":31,"spd":31,"spe":31}},{"name":"Jellicent","species":"Jellicent","item":"leftovers","ability":"Cursed Body","moves":["toxic","scald","recover","acidarmor"],"nature":"Calm","evs":{"hp":252,"atk":0,"def":0,"spa":0,"spd":252,"spe":4},"gender":"M","ivs":{"hp":31,"atk":0,"def":31,"spa":31,"spd":31,"spe":31},"shiny":true},{"name":"Golurk","species":"Golurk","item":"focussash","ability":"No Guard","moves":["stealthrock","stoneedge","dynamicpunch","curse"],"nature":"Adamant","evs":{"hp":0,"atk":252,"def":0,"spa":0,"spd":4,"spe":252},"shiny":true,"ivs":{"hp":31,"atk":31,"def":31,"spa":31,"spd":31,"spe":31}},{"name":"Chandelure","species":"Chandelure","item":"choicescarf","ability":"Infiltrator","moves":["flamethrower","shadowball","energyball","trick"],"nature":"Modest","evs":{"hp":0,"atk":0,"def":0,"spa":252,"spd":4,"spe":252},"gender":"F","ivs":{"hp":31,"atk":0,"def":31,"spa":31,"spd":31,"spe":31}},{"name":"Gengar","species":"Gengar","item":"focussash","ability":"Levitate","moves":["destinybond","sludgebomb","shadowball","energyball"],"nature":"Timid","evs":{"hp":0,"atk":0,"def":0,"spa":252,"spd":4,"spe":252},"gender":"F","ivs":{"hp":31,"atk":0,"def":31,"spa":31,"spd":31,"spe":31},"shiny":true}],"p2team":[{"name":"Raiden-Therian","species":"thundurustherian","item":"choicespecs","ability":"Volt Absorb","moves":["thunderbolt","hiddenpowerice","focusblast","psychic"],"nature":"Timid","evs":{"hp":0,"atk":0,"def":0,"spa":252,"spd":4,"spe":252},"ivs":{"hp":31,"atk":30,"def":30,"spa":31,"spd":31,"spe":31}},{"name":"George W.","species":"landorustherian","item":"choicescarf","ability":"Intimidate","moves":["stoneedge","earthquake","knockoff","uturn"],"nature":"Jolly","evs":{"hp":0,"atk":252,"def":0,"spa":0,"spd":4,"spe":252},"ivs":{"hp":31,"atk":31,"def":31,"spa":31,"spd":31,"spe":31}},{"name":"The Holy Spirit","species":"togekiss","item":"leftovers","ability":"Serene Grace","moves":["airslash","nastyplot","thunderwave","roost"],"nature":"Calm","evs":{"hp":248,"atk":0,"def":0,"spa":8,"spd":252,"spe":0},"gender":"F","ivs":{"hp":31,"atk":31,"def":31,"spa":31,"spd":31,"spe":31}},{"name":"2012","species":"gyarados","item":"gyaradosite","ability":"Intimidate","moves":["dragondance","waterfall","crunch","earthquake"],"nature":"Adamant","evs":{"hp":252,"atk":252,"def":0,"spa":0,"spd":0,"spe":4},"gender":"M","shiny":true,"ivs":{"hp":31,"atk":31,"def":31,"spa":31,"spd":31,"spe":31}},{"name":"Fujin-Therian","species":"tornadustherian","item":"choicescarf","ability":"Regenerator","moves":["heatwave","focusblast","hiddenpowerice","hurricane"],"nature":"Modest","evs":{"hp":4,"atk":0,"def":0,"spa":252,"spd":0,"spe":252},"ivs":{"hp":31,"atk":30,"def":30,"spa":31,"spd":31,"spe":31}},{"name":"Not a scratch...","species":"skarmory","item":"rockyhelmet","ability":"Sturdy","moves":["defog","stealthrock","bravebird","roost"],"nature":"Impish","evs":{"hp":248,"atk":0,"def":236,"spa":0,"spd":0,"spe":24},"gender":"M","ivs":{"hp":31,"atk":31,"def":31,"spa":31,"spd":31,"spe":31}}],"log":["|player|p1|Wаrden Arguѕ|144","|player|p2|CTIL-Raf|238","|gametype|singles","|gen|6","|tier|Monotype","|rated","|rule|Baton Pass Clause: Limit one Baton Passer, can't pass Spe and other stats simultaneously","|rule|Swagger Clause: Swagger is banned","|rule|Same Type Clause: Pokémon in a team must share a type","|clearpoke","|poke|p1|Sableye, M","|poke|p1|Aegislash, M, shiny","|poke|p1|Jellicent, M, shiny","|poke|p1|Golurk, shiny","|poke|p1|Chandelure, F","|poke|p1|Gengar, F, shiny","|poke|p2|Thundurus-Therian, M","|poke|p2|Landorus-Therian, M","|poke|p2|Togekiss, F","|poke|p2|Gyarados, M, shiny","|poke|p2|Tornadus-Therian, M","|poke|p2|Skarmory, M","|rule|Sleep Clause Mod: Limit one foe put to sleep","|rule|Species Clause: Limit one of each Pokémon","|rule|OHKO Clause: OHKO moves are banned","|rule|Moody Clause: Moody is banned","|rule|Evasion Moves Clause: Evasion moves are banned","|rule|Endless Battle Clause: Forcing endless battles is banned","|rule|HP Percentage Mod: HP is shown in percentages","|teampreview","|","|start","|switch|p1a: Golurk|Golurk, shiny|319/319","|switch|p2a: Not a scratch...|Skarmory, M|333/333","|turn|1","|","|move|p1a: Golurk|Stealth Rock|p2a: Not a scratch...","|-sidestart|p2: CTIL-Raf|move: Stealth Rock","|move|p2a: Not a scratch...|Stealth Rock|p1a: Golurk","|-sidestart|p1: Wаrden Arguѕ|move: Stealth Rock","|","|turn|2","|","|move|p1a: Golurk|Stone Edge|p2a: Not a scratch...","|-damage|p2a: Not a scratch...|262/333","|move|p2a: Not a scratch...|Brave Bird|p1a: Golurk","|-damage|p1a: Golurk|171/319","|-damage|p2a: Not a scratch...|213/333|[from] recoil|[of] p1a: Golurk","|","|turn|3","|","|move|p1a: Golurk|Stone Edge|p2a: Not a scratch...","|-damage|p2a: Not a scratch...|140/333","|move|p2a: Not a scratch...|Roost|p2a: Not a scratch...","|-heal|p2a: Not a scratch...|307/333","|","|turn|4","|","|switch|p1a: Aegislash|Aegislash, M, shiny|261/261","|-damage|p1a: Aegislash|245/261|[from] Stealth Rock","|move|p2a: Not a scratch...|Brave Bird|p1a: Aegislash","|-resisted|p1a: Aegislash","|-damage|p1a: Aegislash|198/261","|-damage|p2a: Not a scratch...|291/333|[from] recoil|[of] p1a: Aegislash","|","|turn|5","|","|move|p2a: Not a scratch...|Defog|p1a: Aegislash","|-unboost|p1a: Aegislash|evasion|1","|-sideend|p1: Wаrden Arguѕ|Stealth Rock|[from] move: Defog|[of] p1a: Aegislash","|-sideend|p2: CTIL-Raf|Stealth Rock|[from] move: Defog|[of] p2a: Not a scratch...","|-formechange|p1a: Aegislash|Aegislash-Blade","|move|p1a: Aegislash|Shadow Ball|p2a: Not a scratch...","|-damage|p2a: Not a scratch...|90/333","|","|turn|6","|","|switch|p1a: Golurk|Golurk, shiny|171/319","|move|p2a: Not a scratch...|Stealth Rock|p1a: Golurk","|-sidestart|p1: Wаrden Arguѕ|move: Stealth Rock","|","|turn|7","|","|move|p1a: Golurk|Stealth Rock|p2a: Not a scratch...","|-sidestart|p2: CTIL-Raf|move: Stealth Rock","|move|p2a: Not a scratch...|Defog|p1a: Golurk","|-unboost|p1a: Golurk|evasion|1","|-sideend|p1: Wаrden Arguѕ|Stealth Rock|[from] move: Defog|[of] p1a: Golurk","|-sideend|p2: CTIL-Raf|Stealth Rock|[from] move: Defog|[of] p2a: Not a scratch...","|","|turn|8","|","|move|p1a: Golurk|Stealth Rock|p2a: Not a scratch...","|-sidestart|p2: CTIL-Raf|move: Stealth Rock","|move|p2a: Not a scratch...|Roost|p2a: Not a scratch...","|-heal|p2a: Not a scratch...|257/333","|","|turn|9","|","|move|p1a: Golurk|Dynamic Punch|p2a: Not a scratch...","|-damage|p2a: Not a scratch...|186/333","|-damage|p1a: Golurk|118/319|[from] item: Rocky Helmet|[of] p2a: Not a scratch...","|-start|p2a: Not a scratch...|confusion","|-activate|p2a: Not a scratch...|confusion","|move|p2a: Not a scratch...|Brave Bird|p1a: Golurk","|-damage|p1a: Golurk|0 fnt","|-damage|p2a: Not a scratch...|147/333|[from] recoil|[of] p1a: Golurk","|faint|p1a: Golurk","|","|","|switch|p1a: Chandelure|Chandelure, F|261/261","|turn|10","|","|move|p1a: Chandelure|Shadow Ball|p2a: Not a scratch...","|-damage|p2a: Not a scratch...|0 fnt","|faint|p2a: Not a scratch...","|","|","|switch|p2a: George W.|Landorus-Therian, M|319/319","|-damage|p2a: George W.|280/319|[from] Stealth Rock","|-ability|p2a: George W.|Intimidate","|-unboost|p1a: Chandelure|atk|1","|turn|11","|","|switch|p1a: Sableye|Sableye, M|298/298","|move|p2a: George W.|Knock Off|p1a: Sableye","|-damage|p1a: Sableye|188/298","|-enditem|p1a: Sableye|Leftovers|[from] move: Knock Off|[of] p2a: George W.","|","|turn|12","|","|switch|p2a: The Holy Spirit|Togekiss, F|373/373","|-damage|p2a: The Holy Spirit|280/373|[from] Stealth Rock","|move|p1a: Sableye|Will-O-Wisp|p2a: The Holy Spirit","|-status|p2a: The Holy Spirit|brn","|","|-heal|p2a: The Holy Spirit|303/373 brn|[from] item: Leftovers","|-damage|p2a: The Holy Spirit|257/373 brn|[from] brn","|turn|13","|","|switch|p1a: Jellicent|Jellicent, M, shiny|404/404","|move|p2a: The Holy Spirit|Thunder Wave|p1a: Jellicent","|-status|p1a: Jellicent|par","|","|-heal|p2a: The Holy Spirit|280/373 brn|[from] item: Leftovers","|-damage|p2a: The Holy Spirit|234/373 brn|[from] brn","|turn|14","|","|move|p2a: The Holy Spirit|Nasty Plot|p2a: The Holy Spirit","|-boost|p2a: The Holy Spirit|spa|2","|cant|p1a: Jellicent|par","|","|-heal|p2a: The Holy Spirit|257/373 brn|[from] item: Leftovers","|-damage|p2a: The Holy Spirit|211/373 brn|[from] brn","|turn|15","|","|move|p2a: The Holy Spirit|Roost|p2a: The Holy Spirit","|-heal|p2a: The Holy Spirit|373/373 brn","|move|p1a: Jellicent|Scald|p2a: The Holy Spirit","|-damage|p2a: The Holy Spirit|319/373 brn","|","|-heal|p2a: The Holy Spirit|342/373 brn|[from] item: Leftovers","|-damage|p2a: The Holy Spirit|296/373 brn|[from] brn","|turn|16","|","|switch|p1a: Chandelure|Chandelure, F|261/261","|move|p2a: The Holy Spirit|Nasty Plot|p2a: The Holy Spirit","|-boost|p2a: The Holy Spirit|spa|2","|","|-heal|p2a: The Holy Spirit|319/373 brn|[from] item: Leftovers","|-damage|p2a: The Holy Spirit|273/373 brn|[from] brn","|turn|17","|","|move|p1a: Chandelure|Trick|p2a: The Holy Spirit","|-activate|p1a: Chandelure|move: Trick|[of] p2a: The Holy Spirit","|-item|p2a: The Holy Spirit|Choice Scarf|[from] move: Trick","|-item|p1a: Chandelure|Leftovers|[from] move: Trick","|move|p2a: The Holy Spirit|Thunder Wave|p1a: Chandelure","|-status|p1a: Chandelure|par","|","|-damage|p2a: The Holy Spirit|227/373 brn|[from] brn","|turn|18","|","|switch|p2a: 2012|Gyarados, M, shiny|394/394","|-damage|p2a: 2012|296/394|[from] Stealth Rock","|-ability|p2a: 2012|Intimidate","|-unboost|p1a: Chandelure|atk|1","|move|p1a: Chandelure|Flamethrower|p2a: 2012","|-resisted|p2a: 2012","|-damage|p2a: 2012|209/394","|","|turn|19","|","|detailschange|p2a: 2012|Gyarados-Mega, M, shiny","|-mega|p2a: 2012|Gyarados|Gyaradosite","|-ability|p2a: 2012|Mold Breaker","|move|p2a: 2012|Crunch|p1a: Chandelure","|-supereffective|p1a: Chandelure","|-damage|p1a: Chandelure|0 fnt","|faint|p1a: Chandelure","|","|","|switch|p1a: Gengar|Gengar, F, shiny|261/261","|turn|20","|","|move|p1a: Gengar|Energy Ball|p2a: 2012","|-supereffective|p2a: 2012","|-damage|p2a: 2012|35/394","|move|p2a: 2012|Crunch|p1a: Gengar","|-supereffective|p1a: Gengar","|-enditem|p1a: Gengar|Focus Sash","|-damage|p1a: Gengar|1/261","|","|turn|21","|","|move|p1a: Gengar|Sludge Bomb|p2a: 2012","|-damage|p2a: 2012|0 fnt","|faint|p2a: 2012","|","|","|switch|p2a: George W.|Landorus-Therian, M|280/319","|-damage|p2a: George W.|241/319|[from] Stealth Rock","|-ability|p2a: George W.|Intimidate","|-unboost|p1a: Gengar|atk|1","|turn|22","|","|move|p2a: George W.|U-turn|p1a: Gengar","|-resisted|p1a: Gengar","|-damage|p1a: Gengar|0 fnt","|faint|p1a: Gengar","|","|switch|p2a: Raiden-Therian|Thundurus-Therian, M|299/299","|-damage|p2a: Raiden-Therian|225/299|[from] Stealth Rock","|","|","|switch|p1a: Aegislash|Aegislash, M, shiny|198/261","|turn|23","|","|move|p2a: Raiden-Therian|Thunderbolt|p1a: Aegislash","|-damage|p1a: Aegislash|20/261","|-formechange|p1a: Aegislash|Aegislash-Blade","|move|p1a: Aegislash|Shadow Ball|p2a: Raiden-Therian","|-damage|p2a: Raiden-Therian|30/299","|","|turn|24","|","|move|p1a: Aegislash|Shadow Sneak|p2a: Raiden-Therian","|-damage|p2a: Raiden-Therian|0 fnt","|faint|p2a: Raiden-Therian","|","|","|switch|p2a: George W.|Landorus-Therian, M|241/319","|-damage|p2a: George W.|202/319|[from] Stealth Rock","|-ability|p2a: George W.|Intimidate","|-unboost|p1a: Aegislash|atk|1","|turn|25","|","|move|p1a: Aegislash|Shadow Sneak|p2a: George W.","|-damage|p2a: George W.|141/319","|move|p2a: George W.|Earthquake|p1a: Aegislash","|-supereffective|p1a: Aegislash","|-damage|p1a: Aegislash|0 fnt","|faint|p1a: Aegislash","|","|","|switch|p1a: Sableye|Sableye, M|188/298","|turn|26","|","|switch|p2a: The Holy Spirit|Togekiss, F|227/373 brn","|-damage|p2a: The Holy Spirit|134/373 brn|[from] Stealth Rock","|move|p1a: Sableye|Will-O-Wisp|p2a: The Holy Spirit","|-fail|p2a: The Holy Spirit|brn","|","|-damage|p2a: The Holy Spirit|88/373 brn|[from] brn","|turn|27","|","|move|p1a: Sableye|Recover|p1a: Sableye","|-heal|p1a: Sableye|298/298","|move|p2a: The Holy Spirit|Air Slash|p1a: Sableye","|-damage|p1a: Sableye|147/298","|","|-damage|p2a: The Holy Spirit|42/373 brn|[from] brn","|turn|28","|","|move|p1a: Sableye|Recover|p1a: Sableye","|-heal|p1a: Sableye|296/298","|move|p2a: The Holy Spirit|Air Slash|p1a: Sableye","|-damage|p1a: Sableye|142/298","|","|-damage|p2a: The Holy Spirit|0 fnt|[from] brn","|faint|p2a: The Holy Spirit","|","|switch|p2a: Fujin-Therian|Tornadus-Therian, M|300/300","|-damage|p2a: Fujin-Therian|225/300|[from] Stealth Rock","|turn|29","|","|move|p1a: Sableye|Will-O-Wisp|p2a: Fujin-Therian","|-status|p2a: Fujin-Therian|brn","|move|p2a: Fujin-Therian|Hurricane|p1a: Sableye|[miss]","|-miss|p2a: Fujin-Therian|p1a: Sableye","|","|-damage|p2a: Fujin-Therian|188/300 brn|[from] brn","|turn|30","|","|move|p1a: Sableye|Recover|p1a: Sableye","|-heal|p1a: Sableye|291/298","|move|p2a: Fujin-Therian|Hurricane|p1a: Sableye|[miss]","|-miss|p2a: Fujin-Therian|p1a: Sableye","|","|-damage|p2a: Fujin-Therian|151/300 brn|[from] brn","|turn|31","|","|move|p2a: Fujin-Therian|Hurricane|p1a: Sableye","|-damage|p1a: Sableye|3/298","|move|p1a: Sableye|Knock Off|p2a: Fujin-Therian","|-damage|p2a: Fujin-Therian|72/300 brn","|-enditem|p2a: Fujin-Therian|Choice Scarf|[from] move: Knock Off|[of] p1a: Sableye","|","|-damage|p2a: Fujin-Therian|35/300 brn|[from] brn","|turn|32","|","|move|p1a: Sableye|Recover|p1a: Sableye","|-heal|p1a: Sableye|152/298","|move|p2a: Fujin-Therian|Hurricane|p1a: Sableye|[miss]","|-miss|p2a: Fujin-Therian|p1a: Sableye","|","|-damage|p2a: Fujin-Therian|0 fnt|[from] brn","|faint|p2a: Fujin-Therian","|","|switch|p2a: George W.|Landorus-Therian, M|141/319","|-damage|p2a: George W.|102/319|[from] Stealth Rock","|-ability|p2a: George W.|Intimidate","|-unboost|p1a: Sableye|atk|1","|turn|33","|","|move|p1a: Sableye|Will-O-Wisp|p2a: George W.","|-status|p2a: George W.|brn","|move|p2a: George W.|Earthquake|p1a: Sableye","|-damage|p1a: Sableye|70/298","|","|-damage|p2a: George W.|63/319 brn|[from] brn","|turn|34","|","|move|p1a: Sableye|Recover|p1a: Sableye","|-heal|p1a: Sableye|219/298","|move|p2a: George W.|Earthquake|p1a: Sableye","|-crit|p1a: Sableye","|-damage|p1a: Sableye|93/298","|","|-damage|p2a: George W.|24/319 brn|[from] brn","|turn|35","|","|move|p1a: Sableye|Recover|p1a: Sableye","|-heal|p1a: Sableye|242/298","|move|p2a: George W.|Earthquake|p1a: Sableye","|-damage|p1a: Sableye|164/298","|","|-damage|p2a: George W.|0 fnt|[from] brn","|faint|p2a: George W.","|","|win|Wаrden Arguѕ"],"p1rating":{"entryid":"7252450","serverid":"eos","formatid":"monotype","userid":"wrdenargu","username":"Wаrden Arguѕ","w":27,"l":"5","t":"0","gxe":76.2,"r":"1500","rd":"130","sigma":"0","rptime":"1438160400","rpr":1721.6238721446,"rprd":58.071363470176,"rpsigma":"0","acre":1363.7735725696,"lacre":1363.7735725696,"oldacre":"1344.4614673108"},"p2rating":{"entryid":"7111984","serverid":"eos","formatid":"monotype","userid":"ctilraf","username":"CTIL-Raf","w":"31","l":12,"t":"0","gxe":69,"r":"1663.0056741948","rd":"54.007424186751","sigma":"0","rptime":"1438160400","rpr":1652.260340259,"rprd":53.548752774084,"rpsigma":"0","acre":1313.1946908383,"lacre":1313.1946908383,"oldacre":"1332.5067960971"},"endType":"normal"}