{"seed":[42663,35470,4165,29639],"turns":25,"p1":"Wаrden Arguѕ","p2":"Yung draco","p1team":[{"name":"Sableye","species":"Sableye","item":"leftovers","ability":"Prankster","moves":["knockoff","willowisp","recover","taunt"],"nature":"Bold","evs":{"hp":228,"atk":0,"def":252,"spa":0,"spd":0,"spe":28},"gender":"M","ivs":{"hp":31,"atk":0,"def":31,"spa":31,"spd":31,"spe":31}},{"name":"Aegislash","species":"Aegislash","item":"weaknesspolicy","ability":"Stance Change","moves":["kingsshield","sacredsword","shadowball","shadowsneak"],"nature":"Lonely","evs":{"hp":0,"atk":252,"def":0,"spa":240,"spd":0,"spe":16},"gender":"M","shiny":true,"ivs":{"hp":31,"atk":31,"def":31,"spa":31,"spd":31,"spe":31}},{"name":"Jellicent","species":"Jellicent","item":"leftovers","ability":"Cursed Body","moves":["toxic","scald","recover","acidarmor"],"nature":"Calm","evs":{"hp":252,"atk":0,"def":0,"spa":0,"spd":252,"spe":4},"gender":"M","ivs":{"hp":31,"atk":0,"def":31,"spa":31,"spd":31,"spe":31},"shiny":true},{"name":"Golurk","species":"Golurk","item":"focussash","ability":"No Guard","moves":["stealthrock","stoneedge","dynamicpunch","curse"],"nature":"Adamant","evs":{"hp":0,"atk":252,"def":0,"spa":0,"spd":4,"spe":252},"shiny":true,"ivs":{"hp":31,"atk":31,"def":31,"spa":31,"spd":31,"spe":31}},{"name":"Chandelure","species":"Chandelure","item":"choicescarf","ability":"Infiltrator","moves":["flamethrower","shadowball","energyball","trick"],"nature":"Modest","evs":{"hp":0,"atk":0,"def":0,"spa":252,"spd":4,"spe":252},"gender":"F","ivs":{"hp":31,"atk":0,"def":31,"spa":31,"spd":31,"spe":31}},{"name":"Gengar","species":"Gengar","item":"focussash","ability":"Levitate","moves":["destinybond","sludgebomb","shadowball","energyball"],"nature":"Timid","evs":{"hp":0,"atk":0,"def":0,"spa":252,"spd":4,"spe":252},"gender":"F","ivs":{"hp":31,"atk":0,"def":31,"spa":31,"spd":31,"spe":31},"shiny":true}],"p2team":[{"name":"Altaria","species":"Altaria","item":"altarianite","ability":"Natural Cure","moves":["refresh","dragondance","roost","return"],"nature":"Jolly","evs":{"hp":0,"atk":252,"def":0,"spa":0,"spd":4,"spe":252},"ivs":{"hp":31,"atk":31,"def":31,"spa":31,"spd":31,"spe":31}},{"name":"Garchomp","species":"Garchomp","item":"rockyhelmet","ability":"Rough Skin","moves":["stealthrock","dragontail","fireblast","earthquake"],"nature":"Serious","evs":{"hp":144,"atk":16,"def":252,"spa":0,"spd":0,"spe":96},"ivs":{"hp":31,"atk":31,"def":31,"spa":31,"spd":31,"spe":31}},{"name":"Goodra","species":"Goodra","item":"assaultvest","ability":"Gooey","moves":["sludgewave","dragonpulse","thunderbolt","flamethrower"],"nature":"Calm","evs":{"hp":248,"atk":0,"def":0,"spa":8,"spd":252,"spe":0},"ivs":{"hp":31,"atk":31,"def":31,"spa":31,"spd":31,"spe":31}},{"name":"Kyurem-Black","species":"Kyurem-Black","item":"choicescarf","ability":"Teravolt","moves":["ironhead","icebeam","fusionbolt","outrage"],"nature":"Naive","evs":{"hp":0,"atk":252,"def":0,"spa":4,"spd":0,"spe":252},"ivs":{"hp":31,"atk":31,"def":31,"spa":31,"spd":31,"spe":31}},{"name":"Kingdra","species":"Kingdra","item":"scopelens","ability":"Sniper","moves":["focusenergy","agility","dracometeor","surf"],"nature":"Timid","evs":{"hp":0,"atk":0,"def":0,"spa":252,"spd":4,"spe":252},"ivs":{"hp":31,"atk":31,"def":31,"spa":31,"spd":31,"spe":31}},{"name":"Dragonite","species":"Dragonite","item":"weaknesspolicy","ability":"Multiscale","moves":["roost","earthquake","dragonclaw","dragondance"],"nature":"Jolly","evs":{"hp":0,"atk":252,"def":0,"spa":0,"spd":4,"spe":252},"ivs":{"hp":31,"atk":31,"def":31,"spa":31,"spd":31,"spe":31}}],"log":["|player|p1|Wаrden Arguѕ|144","|player|p2|Yung draco|143","|gametype|singles","|gen|6","|tier|Monotype","|rated","|rule|Baton Pass Clause: Limit one Baton Passer, can't pass Spe and other stats simultaneously","|rule|Swagger Clause: Swagger is banned","|rule|Same Type Clause: Pokémon in a team must share a type","|clearpoke","|poke|p1|Sableye, M","|poke|p1|Aegislash, M, shiny","|poke|p1|Jellicent, M, shiny","|poke|p1|Golurk, shiny","|poke|p1|Chandelure, F","|poke|p1|Gengar, F, shiny","|poke|p2|Altaria, M","|poke|p2|Garchomp, M","|poke|p2|Goodra, M","|poke|p2|Kyurem-Black","|poke|p2|Kingdra, F","|poke|p2|Dragonite, M","|rule|Sleep Clause Mod: Limit one foe put to sleep","|rule|Species Clause: Limit one of each Pokémon","|rule|OHKO Clause: OHKO moves are banned","|rule|Moody Clause: Moody is banned","|rule|Evasion Moves Clause: Evasion moves are banned","|rule|Endless Battle Clause: Forcing endless battles is banned","|rule|HP Percentage Mod: HP is shown in percentages","|teampreview","|","|start","|switch|p1a: Sableye|Sableye, M|298/298","|switch|p2a: Kingdra|Kingdra, F|291/291","|turn|1","|","|move|p2a: Kingdra|Focus Energy|p2a: Kingdra","|-start|p2a: Kingdra|move: Focus Energy","|move|p1a: Sableye|Knock Off|p2a: Kingdra","|-damage|p2a: Kingdra|215/291","|-enditem|p2a: Kingdra|Scope Lens|[from] move: Knock Off|[of] p1a: Sableye","|","|turn|2","|","|switch|p1a: Jellicent|Jellicent, M, shiny|404/404","|move|p2a: Kingdra|Agility|p2a: Kingdra","|-boost|p2a: Kingdra|spe|2","|","|turn|3","|","|move|p2a: Kingdra|Draco Meteor|p1a: Jellicent","|-crit|p1a: Jellicent","|-damage|p1a: Jellicent|134/404","|-unboost|p2a: Kingdra|spa|2","|move|p1a: Jellicent|Toxic|p2a: Kingdra","|-status|p2a: Kingdra|tox","|","|-heal|p1a: Jellicent|159/404|[from] item: Leftovers","|-damage|p2a: Kingdra|197/291 tox|[from] psn","|turn|4","|","|move|p2a: Kingdra|Draco Meteor|p1a: Jellicent","|-crit|p1a: Jellicent","|-damage|p1a: Jellicent|0 fnt","|-start|p2a: Kingdra|Disable|Draco Meteor","|-unboost|p2a: Kingdra|spa|2","|faint|p1a: Jellicent","|","|-damage|p2a: Kingdra|161/291 tox|[from] psn","|","|switch|p1a: Aegislash|Aegislash, M, shiny|261/261","|turn|5","|","|move|p1a: Aegislash|King's Shield|p1a: Aegislash","|-singleturn|p1a: Aegislash|Protect","|move|p2a: Kingdra|Surf|p1a: Aegislash","|-activate|p1a: Aegislash|Protect","|","|-damage|p2a: Kingdra|107/291 tox|[from] psn","|turn|6","|","|move|p2a: Kingdra|Surf|p1a: Aegislash","|-crit|p1a: Aegislash","|-damage|p1a: Aegislash|71/261","|-formechange|p1a: Aegislash|Aegislash-Blade","|move|p1a: Aegislash|Shadow Ball|p2a: Kingdra","|-damage|p2a: Kingdra|0 fnt","|faint|p2a: Kingdra","|","|","|switch|p2a: Garchomp|Garchomp, M|393/393","|turn|7","|","|move|p2a: Garchomp|Stealth Rock|p1a: Aegislash","|-sidestart|p1: Wаrden Arguѕ|move: Stealth Rock","|move|p1a: Aegislash|Shadow Ball|p2a: Garchomp","|-damage|p2a: Garchomp|201/393","|","|turn|8","|","|move|p1a: Aegislash|Shadow Sneak|p2a: Garchomp","|-damage|p2a: Garchomp|132/393","|-damage|p1a: Aegislash|39/261|[from] ability: Rough Skin|[of] p2a: Garchomp","|-damage|p1a: Aegislash|0 fnt|[from] item: Rocky Helmet|[of] p2a: Garchomp","|faint|p1a: Aegislash","|move|p2a: Garchomp|Fire Blast|p1: Aegislash|[notarget]","|-notarget","|","|","|switch|p1a: Golurk|Golurk, shiny|319/319","|-damage|p1a: Golurk|300/319|[from] Stealth Rock","|turn|9","|","|move|p2a: Garchomp|Earthquake|p1a: Golurk","|-crit|p1a: Golurk","|-damage|p1a: Golurk|38/319","|move|p1a: Golurk|Stealth Rock|p2a: Garchomp","|-sidestart|p2: Yung draco|move: Stealth Rock","|","|turn|10","|","|move|p2a: Garchomp|Earthquake|p1a: Golurk","|-damage|p1a: Golurk|0 fnt","|faint|p1a: Golurk","|","|","|switch|p1a: Gengar|Gengar, F, shiny|261/261","|-damage|p1a: Gengar|229/261|[from] Stealth Rock","|turn|11","|","|move|p1a: Gengar|Shadow Ball|p2a: Garchomp","|-damage|p2a: Garchomp|0 fnt","|faint|p2a: Garchomp","|","|","|switch|p2a: Kyurem-Black|Kyurem-Black|391/391","|-damage|p2a: Kyurem-Black|294/391|[from] Stealth Rock","|-ability|p2a: Kyurem-Black|Teravolt","|turn|12","|","|move|p2a: Kyurem-Black|Outrage|p1a: Gengar","|-damage|p1a: Gengar|0 fnt","|faint|p1a: Gengar","|","|","|switch|p1a: Sableye|Sableye, M|298/298","|-damage|p1a: Sableye|261/298|[from] Stealth Rock","|turn|13","|","|move|p1a: Sableye|Will-O-Wisp|p2a: Kyurem-Black","|-status|p2a: Kyurem-Black|brn","|move|p2a: Kyurem-Black|Outrage|p1a: Sableye","|-damage|p1a: Sableye|141/298","|","|-heal|p1a: Sableye|159/298|[from] item: Leftovers","|-damage|p2a: Kyurem-Black|246/391 brn|[from] brn","|turn|14","|","|move|p2a: Kyurem-Black|Outrage|p1a: Sableye","|-damage|p1a: Sableye|45/298","|-start|p2a: Kyurem-Black|confusion|[fatigue]","|move|p1a: Sableye|Knock Off|p2a: Kyurem-Black","|-damage|p2a: Kyurem-Black|180/391 brn","|-enditem|p2a: Kyurem-Black|Choice Scarf|[from] move: Knock Off|[of] p1a: Sableye","|","|-heal|p1a: Sableye|63/298|[from] item: Leftovers","|-damage|p2a: Kyurem-Black|132/391 brn|[from] brn","|turn|15","|","|move|p1a: Sableye|Recover|p1a: Sableye","|-heal|p1a: Sableye|212/298","|-activate|p2a: Kyurem-Black|confusion","|move|p2a: Kyurem-Black|Ice Beam|p1a: Sableye","|-damage|p1a: Sableye|47/298","|","|-heal|p1a: Sableye|65/298|[from] item: Leftovers","|-damage|p2a: Kyurem-Black|84/391 brn|[from] brn","|turn|16","|","|move|p1a: Sableye|Recover|p1a: Sableye","|-heal|p1a: Sableye|214/298","|-activate|p2a: Kyurem-Black|confusion","|-damage|p2a: Kyurem-Black|55/391 brn|[from] confusion","|","|-heal|p1a: Sableye|232/298|[from] item: Leftovers","|-damage|p2a: Kyurem-Black|7/391 brn|[from] brn","|turn|17","|","|move|p1a: Sableye|Recover|p1a: Sableye","|-heal|p1a: Sableye|298/298","|-activate|p2a: Kyurem-Black|confusion","|move|p2a: Kyurem-Black|Ice Beam|p1a: Sableye","|-damage|p1a: Sableye|109/298","|","|-heal|p1a: Sableye|127/298|[from] item: Leftovers","|-damage|p2a: Kyurem-Black|0 fnt|[from] brn","|faint|p2a: Kyurem-Black","|","|switch|p2a: Altaria|Altaria, M|291/291","|-damage|p2a: Altaria|219/291|[from] Stealth Rock","|turn|18","|","|detailschange|p2a: Altaria|Altaria-Mega, M","|-mega|p2a: Altaria|Altaria|Altarianite","|move|p1a: Sableye|Will-O-Wisp|p2a: Altaria","|-status|p2a: Altaria|brn","|move|p2a: Altaria|Dragon Dance|p2a: Altaria","|-boost|p2a: Altaria|atk|1","|-boost|p2a: Altaria|spe|1","|","|-heal|p1a: Sableye|145/298|[from] item: Leftovers","|-damage|p2a: Altaria|183/291 brn|[from] brn","|turn|19","|","|move|p1a: Sableye|Taunt|p2a: Altaria","|-start|p2a: Altaria|move: Taunt","|cant|p2a: Altaria|move: Taunt|Refresh","|","|-heal|p1a: Sableye|163/298|[from] item: Leftovers","|-damage|p2a: Altaria|147/291 brn|[from] brn","|turn|20","|","|switch|p1a: Chandelure|Chandelure, F|261/261","|-damage|p1a: Chandelure|196/261|[from] Stealth Rock","|move|p2a: Altaria|Return|p1a: Chandelure","|-resisted|p1a: Chandelure","|-damage|p1a: Chandelure|114/261","|","|-damage|p2a: Altaria|111/291 brn|[from] brn","|turn|21","|","|move|p2a: Altaria|Return|p1a: Chandelure","|-resisted|p1a: Chandelure","|-damage|p1a: Chandelure|34/261","|move|p1a: Chandelure|Shadow Ball|p2a: Altaria","|-crit|p2a: Altaria","|-damage|p2a: Altaria|0 fnt","|faint|p2a: Altaria","|","|","|switch|p2a: Goodra|Goodra, M|383/383","|-damage|p2a: Goodra|336/383|[from] Stealth Rock","|turn|22","|","|move|p1a: Chandelure|Shadow Ball|p2a: Goodra","|-crit|p2a: Goodra","|-damage|p2a: Goodra|239/383","|move|p2a: Goodra|Dragon Pulse|p1a: Chandelure","|-damage|p1a: Chandelure|0 fnt","|faint|p1a: Chandelure","|","|","|switch|p1a: Sableye|Sableye, M|163/298","|-damage|p1a: Sableye|126/298|[from] Stealth Rock","|turn|23","|","|move|p1a: Sableye|Recover|p1a: Sableye","|-heal|p1a: Sableye|275/298","|move|p2a: Goodra|Dragon Pulse|p1a: Sableye","|-crit|p1a: Sableye","|-damage|p1a: Sableye|37/298","|","|-heal|p1a: Sableye|55/298|[from] item: Leftovers","|turn|24","|","|move|p1a: Sableye|Recover|p1a: Sableye","|-heal|p1a: Sableye|204/298","|move|p2a: Goodra|Dragon Pulse|p1a: Sableye","|-damage|p1a: Sableye|39/298","|","|-heal|p1a: Sableye|57/298|[from] item: Leftovers","|turn|25","|","|move|p1a: Sableye|Will-O-Wisp|p2a: Goodra","|-status|p2a: Goodra|brn","|move|p2a: Goodra|Dragon Pulse|p1a: Sableye","|-damage|p1a: Sableye|0 fnt","|faint|p1a: Sableye","|","|win|Yung draco"],"p1rating":{"entryid":"7252450","serverid":"eos","formatid":"monotype","userid":"wrdenargu","username":"Wаrden Arguѕ","w":"29","l":6,"t":"0","gxe":76.2,"r":"1734.3716784252","rd":"56.692445093201","sigma":"0","rptime":"1438246800","rpr":1721.7022099499,"rprd":56.191349589747,"rpsigma":"0","acre":1357.7786991962,"lacre":1357.7786991962,"oldacre":"1388.3822641063"},"p2rating":{"entryid":"6653831","serverid":"eos","formatid":"monotype","userid":"yungdraco","username":"Yung draco - ⓦⓐⓘⓣ","w":12,"l":"4","t":"0","gxe":65.1,"r":"1537.9980476167","rd":"116.06120485007","sigma":"0","rptime":"1438246800","rpr":1620.4068803972,"rprd":77.800036090876,"rpsigma":"0","acre":1221.5131598578,"lacre":1221.5131598578,"oldacre":"1183.2587037201"},"endType":"normal"}