{"seed":[35789,58674,56556,26963],"turns":22,"p1":"Void Who","p2":"Zukushiku","p1team":[{"name":"Uxie","species":"Uxie","item":"choicescarf","ability":"Levitate","moves":["healbell","psychic","trick","uturn"],"nature":"Timid","evs":{"hp":0,"atk":0,"def":4,"spa":252,"spd":252,"spe":0},"ivs":{"hp":31,"atk":31,"def":31,"spa":31,"spd":31,"spe":31}},{"name":"Medicham","species":"Medicham","item":"medichamite","ability":"Pure Power","moves":["fakeout","drainpunch","bulletpunch","firepunch"],"nature":"Adamant","evs":{"hp":248,"atk":252,"def":0,"spa":0,"spd":8,"spe":0},"ivs":{"hp":31,"atk":31,"def":31,"spa":31,"spd":31,"spe":31}},{"name":"Victini","species":"Victini","item":"choicescarf","ability":"Victory Star","moves":["boltstrike","vcreate","uturn","zenheadbutt"],"nature":"Jolly","evs":{"hp":0,"atk":252,"def":0,"spa":0,"spd":4,"spe":252},"ivs":{"hp":31,"atk":31,"def":31,"spa":31,"spd":31,"spe":31}},{"name":"Slowbro","species":"Slowbro","item":"leftovers","ability":"Regenerator","moves":["flamethrower","scald","thunderwave","slackoff"],"nature":"Bold","evs":{"hp":252,"atk":0,"def":252,"spa":4,"spd":0,"spe":0},"ivs":{"hp":31,"atk":31,"def":31,"spa":31,"spd":31,"spe":31}},{"name":"Latios","species":"Latios","item":"choicescarf","ability":"Levitate","moves":["psychic","dracometeor","surf","shadowball"],"nature":"Timid","evs":{"hp":0,"atk":0,"def":0,"spa":252,"spd":4,"spe":252},"ivs":{"hp":31,"atk":31,"def":31,"spa":31,"spd":31,"spe":31}},{"name":"Hoopa-Unbound","species":"Hoopa-Unbound","item":"choicescarf","ability":"Magician","moves":["hyperspacefury","drainpunch","trick","zenheadbutt"],"nature":"Jolly","evs":{"hp":0,"atk":252,"def":0,"spa":0,"spd":4,"spe":252},"ivs":{"hp":31,"atk":31,"def":31,"spa":31,"spd":31,"spe":31}}],"p2team":[{"name":"Roserade","species":"Roserade","item":"lifeorb","ability":"Natural Cure","moves":["hiddenpowerfire","sludgebomb","leafstorm","rest"],"nature":"Timid","evs":{"hp":0,"atk":0,"def":0,"spa":252,"spd":4,"spe":252},"ivs":{"hp":31,"atk":30,"def":31,"spa":30,"spd":31,"spe":30}},{"name":"Skuntank","species":"Skuntank","item":"blacksludge","ability":"Aftermath","moves":["defog","suckerpunch","pursuit","taunt"],"nature":"Adamant","evs":{"hp":16,"atk":228,"def":0,"spa":0,"spd":252,"spe":12},"shiny":true,"ivs":{"hp":31,"atk":31,"def":31,"spa":31,"spd":31,"spe":31}},{"name":"Nidoqueen","species":"Nidoqueen","item":"blacksludge","ability":"Sheer Force","moves":["stealthrock","roar","icebeam","earthpower"],"nature":"Bold","evs":{"hp":248,"atk":0,"def":240,"spa":20,"spd":0,"spe":0},"ivs":{"hp":31,"atk":31,"def":31,"spa":31,"spd":31,"spe":31}},{"name":"Venusaur","species":"Venusaur","item":"venusaurite","ability":"Chlorophyll","moves":["gigadrain","sludgebomb","synthesis","hiddenpowerfire"],"nature":"Bold","evs":{"hp":248,"atk":0,"def":96,"spa":0,"spd":144,"spe":20},"ivs":{"hp":31,"atk":30,"def":31,"spa":30,"spd":31,"spe":30}},{"name":"Gengar","species":"Gengar","item":"blacksludge","ability":"Levitate","moves":["taunt","sludgewave","shadowball","willowisp"],"nature":"Timid","evs":{"hp":0,"atk":0,"def":0,"spa":252,"spd":4,"spe":252},"ivs":{"hp":31,"atk":31,"def":31,"spa":31,"spd":31,"spe":31}},{"name":"Dragalge","species":"Dragalge","item":"blacksludge","ability":"Adaptability","moves":["dracometeor","sludgewave","scald","toxicspikes"],"nature":"Calm","evs":{"hp":248,"atk":0,"def":0,"spa":0,"spd":232,"spe":28},"ivs":{"hp":31,"atk":31,"def":31,"spa":31,"spd":31,"spe":31}}],"log":["|player|p1|Void Who|voidwho.gif","|player|p2|Zukushiku|zukushiku.png","|gametype|singles","|gen|6","|tier|Monotype","|rated","|rule|Baton Pass Clause: Limit one Baton Passer, can't pass Spe and other stats simultaneously","|rule|Swagger Clause: Swagger is banned","|rule|Same Type Clause: Pokémon in a team must share a type","|clearpoke","|poke|p1|Uxie","|poke|p1|Medicham, M","|poke|p1|Victini","|poke|p1|Slowbro, F","|poke|p1|Latios, M","|poke|p1|Hoopa-Unbound","|poke|p2|Roserade, M","|poke|p2|Skuntank, M, shiny","|poke|p2|Nidoqueen, F","|poke|p2|Venusaur, M","|poke|p2|Gengar, F","|poke|p2|Dragalge, M","|rule|Sleep Clause Mod: Limit one foe put to sleep","|rule|Species Clause: Limit one of each Pokémon","|rule|OHKO Clause: OHKO moves are banned","|rule|Moody Clause: Moody is banned","|rule|Evasion Moves Clause: Evasion moves are banned","|rule|Endless Battle Clause: Forcing endless battles is banned","|rule|HP Percentage Mod: HP is shown in percentages","|teampreview","|","|start","|switch|p1a: Uxie|Uxie|291/291","|switch|p2a: Gengar|Gengar, F|261/261","|turn|1","|","|switch|p2a: Skuntank|Skuntank, M, shiny|351/351","|move|p1a: Uxie|Psychic|p2a: Skuntank","|-immune|p2a: Skuntank|[msg]","|","|turn|2","|","|move|p2a: Skuntank|Pursuit|p1a: Uxie|[from]Pursuit","|-supereffective|p1a: Uxie","|-damage|p1a: Uxie|109/291","|switch|p1a: Hoopa-Unbound|Hoopa-Unbound|301/301","|","|turn|3","|","|move|p2a: Skuntank|Sucker Punch|p1a: Hoopa-Unbound","|-fail|p2a: Skuntank","|move|p1a: Hoopa-Unbound|Trick|p2a: Skuntank","|-activate|p1a: Hoopa-Unbound|move: Trick|[of] p2a: Skuntank","|-item|p2a: Skuntank|Choice Scarf|[from] move: Trick","|-item|p1a: Hoopa-Unbound|Black Sludge|[from] move: Trick","|","|-damage|p1a: Hoopa-Unbound|264/301|[from] item: Black Sludge","|turn|4","|","|move|p2a: Skuntank|Pursuit|p1a: Hoopa-Unbound","|-damage|p1a: Hoopa-Unbound|174/301","|move|p1a: Hoopa-Unbound|Drain Punch|p2a: Skuntank","|-damage|p2a: Skuntank|209/351","|-heal|p1a: Hoopa-Unbound|245/301|[from] drain|[of] p2a: Skuntank","|","|-damage|p1a: Hoopa-Unbound|208/301|[from] item: Black Sludge","|turn|5","|","|switch|p2a: Nidoqueen|Nidoqueen, F|383/383","|move|p1a: Hoopa-Unbound|Drain Punch|p2a: Nidoqueen","|-resisted|p2a: Nidoqueen","|-damage|p2a: Nidoqueen|340/383","|-heal|p1a: Hoopa-Unbound|230/301|[from] drain|[of] p2a: Nidoqueen","|","|-damage|p1a: Hoopa-Unbound|193/301|[from] item: Black Sludge","|-heal|p2a: Nidoqueen|363/383|[from] item: Black Sludge","|turn|6","|","|move|p1a: Hoopa-Unbound|Zen Headbutt|p2a: Nidoqueen","|-supereffective|p2a: Nidoqueen","|-damage|p2a: Nidoqueen|99/383","|move|p2a: Nidoqueen|Stealth Rock|p1a: Hoopa-Unbound","|-sidestart|p1: Void Who|move: Stealth Rock","|","|-damage|p1a: Hoopa-Unbound|156/301|[from] item: Black Sludge","|-heal|p2a: Nidoqueen|122/383|[from] item: Black Sludge","|turn|7","|","|switch|p2a: Skuntank|Skuntank, M, shiny|209/351","|move|p1a: Hoopa-Unbound|Hyperspace Fury|p2a: Skuntank","|-resisted|p2a: Skuntank","|-damage|p2a: Skuntank|75/351","|-unboost|p1a: Hoopa-Unbound|def|1","|","|-damage|p1a: Hoopa-Unbound|119/301|[from] item: Black Sludge","|turn|8","|","|move|p2a: Skuntank|Pursuit|p1a: Hoopa-Unbound","|-damage|p1a: Hoopa-Unbound|0 fnt","|faint|p1a: Hoopa-Unbound","|","|","|switch|p1a: Medicham|Medicham, M|323/323","|-damage|p1a: Medicham|303/323|[from] Stealth Rock","|turn|9","|","|switch|p2a: Nidoqueen|Nidoqueen, F|122/383","|detailschange|p1a: Medicham|Medicham-Mega, M","|-mega|p1a: Medicham|Medicham|Medichamite","|move|p1a: Medicham|Fake Out|p2a: Nidoqueen","|-damage|p2a: Nidoqueen|58/383","|","|-heal|p2a: Nidoqueen|81/383|[from] item: Black Sludge","|turn|10","|","|move|p1a: Medicham|Drain Punch|p2a: Nidoqueen","|-resisted|p2a: Nidoqueen","|-damage|p2a: Nidoqueen|0 fnt","|-heal|p1a: Medicham|323/323|[from] drain|[of] p2a: Nidoqueen","|faint|p2a: Nidoqueen","|","|","|switch|p2a: Gengar|Gengar, F|261/261","|turn|11","|","|move|p1a: Medicham|Bullet Punch|p2a: Gengar","|-damage|p2a: Gengar|130/261","|move|p2a: Gengar|Shadow Ball|p1a: Medicham","|-supereffective|p1a: Medicham","|-damage|p1a: Medicham|0 fnt","|faint|p1a: Medicham","|","|-heal|p2a: Gengar|146/261|[from] item: Black Sludge","|","|switch|p1a: Uxie|Uxie|109/291","|-damage|p1a: Uxie|73/291|[from] Stealth Rock","|turn|12","|","|switch|p2a: Dragalge|Dragalge, M|333/333","|move|p1a: Uxie|U-turn|p2a: Dragalge","|-resisted|p2a: Dragalge","|-damage|p2a: Dragalge|310/333","|","|switch|p1a: Latios|Latios, M|301/301","|-damage|p1a: Latios|264/301|[from] Stealth Rock","|","|-heal|p2a: Dragalge|330/333|[from] item: Black Sludge","|turn|13","|","|move|p1a: Latios|Draco Meteor|p2a: Dragalge","|-supereffective|p2a: Dragalge","|-damage|p2a: Dragalge|22/333","|-unboost|p1a: Latios|spa|2","|move|p2a: Dragalge|Draco Meteor|p1a: Latios","|-supereffective|p1a: Latios","|-damage|p1a: Latios|0 fnt","|-unboost|p2a: Dragalge|spa|2","|faint|p1a: Latios","|","|-heal|p2a: Dragalge|42/333|[from] item: Black Sludge","|","|switch|p1a: Victini|Victini|341/341","|-damage|p1a: Victini|256/341|[from] Stealth Rock","|turn|14","|","|move|p1a: Victini|U-turn|p2a: Dragalge","|-resisted|p2a: Dragalge","|-damage|p2a: Dragalge|5/333","|","|switch|p1a: Uxie|Uxie|73/291","|-damage|p1a: Uxie|37/291|[from] Stealth Rock","|move|p2a: Dragalge|Toxic Spikes|p1a: Uxie","|-sidestart|p1: Void Who|move: Toxic Spikes","|","|-heal|p2a: Dragalge|25/333|[from] item: Black Sludge","|turn|15","|","|move|p1a: Uxie|Psychic|p2a: Dragalge","|-supereffective|p2a: Dragalge","|-damage|p2a: Dragalge|0 fnt","|faint|p2a: Dragalge","|","|","|switch|p2a: Skuntank|Skuntank, M, shiny|75/351","|turn|16","|","|move|p1a: Uxie|Psychic|p2a: Skuntank","|-immune|p2a: Skuntank|[msg]","|move|p2a: Skuntank|Pursuit|p1a: Uxie","|-supereffective|p1a: Uxie","|-damage|p1a: Uxie|0 fnt","|faint|p1a: Uxie","|","|","|switch|p1a: Victini|Victini|256/341","|-damage|p1a: Victini|171/341|[from] Stealth Rock","|-status|p1a: Victini|psn","|turn|17","|","|switch|p2a: Roserade|Roserade, M|261/261","|move|p1a: Victini|U-turn|p2a: Roserade","|-damage|p2a: Roserade|157/261","|","|switch|p1a: Slowbro|Slowbro, F|394/394","|-status|p1a: Slowbro|psn","|-damage|p1a: Slowbro|345/394 psn|[from] Stealth Rock","|","|-heal|p1a: Slowbro|369/394 psn|[from] item: Leftovers","|-damage|p1a: Slowbro|320/394 psn|[from] psn","|turn|18","|","|move|p2a: Roserade|Leaf Storm|p1a: Slowbro|[miss]","|-miss|p2a: Roserade|p1a: Slowbro","|move|p1a: Slowbro|Flamethrower|p2a: Roserade","|-supereffective|p2a: Roserade","|-damage|p2a: Roserade|27/261","|","|-heal|p1a: Slowbro|344/394 psn|[from] item: Leftovers","|-damage|p1a: Slowbro|295/394 psn|[from] psn","|turn|19","|","|move|p2a: Roserade|Leaf Storm|p1a: Slowbro|[miss]","|-miss|p2a: Roserade|p1a: Slowbro","|move|p1a: Slowbro|Flamethrower|p2a: Roserade","|-supereffective|p2a: Roserade","|-damage|p2a: Roserade|0 fnt","|faint|p2a: Roserade","|","|-heal|p1a: Slowbro|319/394 psn|[from] item: Leftovers","|-damage|p1a: Slowbro|270/394 psn|[from] psn","|","|switch|p2a: Gengar|Gengar, F|146/261","|turn|20","|","|move|p2a: Gengar|Shadow Ball|p1a: Slowbro","|-supereffective|p1a: Slowbro","|-damage|p1a: Slowbro|0 fnt","|faint|p1a: Slowbro","|","|-heal|p2a: Gengar|162/261|[from] item: Black Sludge","|","|switch|p1a: Victini|Victini|171/341 psn","|-damage|p1a: Victini|86/341 psn|[from] Stealth Rock","|turn|21","|","|move|p1a: Victini|Zen Headbutt|p2a: Gengar","|-crit|p2a: Gengar","|-supereffective|p2a: Gengar","|-damage|p2a: Gengar|0 fnt","|faint|p2a: Gengar","|","|-damage|p1a: Victini|44/341 psn|[from] psn","|","|switch|p2a: Skuntank|Skuntank, M, shiny|75/351","|turn|22","|","|move|p2a: Skuntank|Sucker Punch|p1a: Victini","|-supereffective|p1a: Victini","|-damage|p1a: Victini|0 fnt","|faint|p1a: Victini","|","|win|Zukushiku"],"p1rating":{"entryid":"6866008","serverid":"eos","formatid":"monotype","userid":"voidwho","username":"Void Who","w":"34","l":16,"t":"0","gxe":65.6,"r":"1631.9485657906","rd":"55.493639583045","sigma":"0","rptime":"1438246800","rpr":1622.5776494796,"rprd":52.156778132456,"rpsigma":"0","acre":1255.059030264,"lacre":1255.059030264,"oldacre":"1286.962955367"},"p2rating":{"entryid":"7076911","serverid":"eos","formatid":"monotype","userid":"zukushiku","username":"Zukushiku","w":16,"l":"9","t":"0","gxe":59.8,"r":"1575.9289609493","rd":"69.558122796752","sigma":"0","rptime":"1438246800","rpr":1576.3097071976,"rprd":65.157756616253,"rpsigma":"0","acre":1220.3629876597,"lacre":1220.3629876597,"oldacre":"1188.4590625567"},"endType":"normal"}