{"seed":[31135,16152,45569,51960],"turns":25,"p1":"Guard Wanderer","p2":"Carnie Wight","p1team":[{"name":"Weezing","species":"Weezing","item":"sitrusberry","ability":"Levitate","moves":["toxicspikes","willowisp","memento","thief"],"nature":"Careful","evs":{"hp":248,"atk":8,"def":0,"spa":0,"spd":252,"spe":0},"ivs":{"hp":31,"atk":31,"def":31,"spa":31,"spd":31,"spe":31}},{"name":"Tentacruel","species":"Tentacruel","item":"assaultvest","ability":"Liquid Ooze","moves":["scald","acidspray","gigadrain","hex"],"nature":"Timid","evs":{"hp":0,"atk":0,"def":4,"spa":252,"spd":0,"spe":252},"ivs":{"hp":31,"atk":31,"def":31,"spa":31,"spd":31,"spe":31}},{"name":"Skuntank","species":"Skuntank","item":"","ability":"Stench","moves":["snatch","thief","suckerpunch","poisonjab"],"nature":"Adamant","evs":{"hp":248,"atk":252,"def":0,"spa":0,"spd":8,"spe":0},"ivs":{"hp":31,"atk":31,"def":31,"spa":31,"spd":31,"spe":31}},{"name":"Crobat","species":"Crobat","item":"whiteherb","ability":"Infiltrator","moves":["curse","acrobatics","roost","venomdrench"],"nature":"Jolly","evs":{"hp":248,"atk":8,"def":0,"spa":0,"spd":0,"spe":252},"ivs":{"hp":31,"atk":31,"def":31,"spa":31,"spd":31,"spe":31}},{"name":"Gengar","species":"Gengar","item":"choicescarf","ability":"Levitate","moves":["trick","destinybond","venoshock","hex"],"nature":"Timid","evs":{"hp":0,"atk":0,"def":0,"spa":252,"spd":4,"spe":252},"ivs":{"hp":31,"atk":31,"def":31,"spa":31,"spd":31,"spe":31}},{"name":"Amoonguss","species":"Amoonguss","item":"blacksludge","ability":"Regenerator","moves":["spore","gigadrain","gastroacid","stunspore"],"nature":"Calm","evs":{"hp":248,"atk":0,"def":0,"spa":8,"spd":252,"spe":0},"shiny":true,"ivs":{"hp":31,"atk":31,"def":31,"spa":31,"spd":31,"spe":31}}],"p2team":[{"name":"Innocent","species":"jirachi","item":"choicescarf","ability":"Serene Grace","moves":["icepunch","healingwish","uturn","ironhead"],"nature":"Hasty","evs":{"hp":4,"atk":252,"def":0,"spa":0,"spd":0,"spe":252},"shiny":true,"ivs":{"hp":31,"atk":31,"def":31,"spa":31,"spd":31,"spe":31}},{"name":"6 hands weeee!","species":"hoopaunbound","item":"choicescarf","ability":"Magician","moves":["hyperspacehole","hyperspacefury","gunkshot","drainpunch"],"nature":"Hasty","evs":{"hp":0,"atk":252,"def":0,"spa":4,"spd":0,"spe":252},"ivs":{"hp":31,"atk":31,"def":31,"spa":31,"spd":31,"spe":31}},{"name":"Senpai","species":"gardevoir","item":"gardevoirite","ability":"Synchronize","moves":["thunderbolt","psyshock","focusblast","hypervoice"],"nature":"Timid","evs":{"hp":0,"atk":0,"def":0,"spa":252,"spd":8,"spe":248},"ivs":{"hp":31,"atk":31,"def":31,"spa":31,"spd":31,"spe":31}},{"name":"Pinky","species":"latios","item":"choicescarf","ability":"Levitate","moves":["dracometeor","psyshock","icebeam","defog"],"nature":"Modest","evs":{"hp":0,"atk":0,"def":0,"spa":252,"spd":8,"spe":248},"shiny":true,"ivs":{"hp":31,"atk":31,"def":31,"spa":31,"spd":31,"spe":31}},{"name":"Peace","species":"victini","item":"choicescarf","ability":"Victory Star","moves":["vcreate","brickbreak","boltstrike","zenheadbutt"],"nature":"Jolly","evs":{"hp":0,"atk":252,"def":0,"spa":0,"spd":4,"spe":252},"ivs":{"hp":31,"atk":31,"def":31,"spa":31,"spd":31,"spe":31}},{"name":"Celery","species":"celebi","item":"leftovers","ability":"Natural Cure","moves":["synthesis","stealthrock","psychic","energyball"],"nature":"Modest","evs":{"hp":252,"atk":0,"def":0,"spa":252,"spd":4,"spe":0},"ivs":{"hp":31,"atk":31,"def":31,"spa":31,"spd":31,"spe":31}}],"log":["|player|p1|Guard Wanderer|235","|player|p2|Carnie Wight|96","|gametype|singles","|gen|6","|tier|Monotype","|rated","|rule|Baton Pass Clause: Limit one Baton Passer, can't pass Spe and other stats simultaneously","|rule|Swagger Clause: Swagger is banned","|rule|Same Type Clause: Pokémon in a team must share a type","|clearpoke","|poke|p1|Weezing, F","|poke|p1|Tentacruel, M","|poke|p1|Skuntank, M","|poke|p1|Crobat, M","|poke|p1|Gengar, M","|poke|p1|Amoonguss, M, shiny","|poke|p2|Jirachi, shiny","|poke|p2|Hoopa-Unbound","|poke|p2|Gardevoir, M","|poke|p2|Latios, M, shiny","|poke|p2|Victini","|poke|p2|Celebi","|rule|Sleep Clause Mod: Limit one foe put to sleep","|rule|Species Clause: Limit one of each Pokémon","|rule|OHKO Clause: OHKO moves are banned","|rule|Moody Clause: Moody is banned","|rule|Evasion Moves Clause: Evasion moves are banned","|rule|Endless Battle Clause: Forcing endless battles is banned","|rule|HP Percentage Mod: HP is shown in percentages","|teampreview","|","|start","|switch|p1a: Weezing|Weezing, F|333/333","|switch|p2a: Innocent|Jirachi, shiny|342/342","|turn|1","|","|move|p2a: Innocent|Iron Head|p1a: Weezing","|-damage|p1a: Weezing|239/333","|move|p1a: Weezing|Toxic Spikes|p2a: Innocent","|-sidestart|p2: Carnie Wight|move: Toxic Spikes","|","|turn|2","|","|move|p2a: Innocent|Iron Head|p1a: Weezing","|-damage|p1a: Weezing|140/333","|-enditem|p1a: Weezing|Sitrus Berry|[eat]","|-heal|p1a: Weezing|223/333|[from] item: Sitrus Berry","|move|p1a: Weezing|Will-O-Wisp|p2a: Innocent","|-status|p2a: Innocent|brn","|","|-damage|p2a: Innocent|300/342 brn|[from] brn","|turn|3","|","|move|p2a: Innocent|Iron Head|p1a: Weezing","|-damage|p1a: Weezing|170/333","|move|p1a: Weezing|Toxic Spikes|p2a: Innocent","|-sidestart|p2: Carnie Wight|move: Toxic Spikes","|","|-damage|p2a: Innocent|258/342 brn|[from] brn","|turn|4","|","|switch|p1a: Skuntank|Skuntank, M|409/409","|move|p2a: Innocent|Iron Head|p1a: Skuntank","|-crit|p1a: Skuntank","|-damage|p1a: Skuntank|277/409","|","|-damage|p2a: Innocent|216/342 brn|[from] brn","|turn|5","|","|switch|p1a: Amoonguss|Amoonguss, M, shiny|431/431","|move|p2a: Innocent|Iron Head|p1a: Amoonguss","|-damage|p1a: Amoonguss|347/431","|","|-heal|p1a: Amoonguss|373/431|[from] item: Black Sludge","|-damage|p2a: Innocent|174/342 brn|[from] brn","|turn|6","|","|move|p2a: Innocent|Iron Head|p1a: Amoonguss","|-damage|p1a: Amoonguss|294/431","|cant|p1a: Amoonguss|flinch","|","|-heal|p1a: Amoonguss|320/431|[from] item: Black Sludge","|-damage|p2a: Innocent|132/342 brn|[from] brn","|turn|7","|","|move|p2a: Innocent|Iron Head|p1a: Amoonguss","|-damage|p1a: Amoonguss|236/431","|move|p1a: Amoonguss|Gastro Acid|p2a: Innocent","|-endability|p2a: Innocent","|","|-heal|p1a: Amoonguss|262/431|[from] item: Black Sludge","|-damage|p2a: Innocent|90/342 brn|[from] brn","|turn|8","|","|move|p2a: Innocent|Iron Head|p1a: Amoonguss","|-damage|p1a: Amoonguss|189/431","|move|p1a: Amoonguss|Giga Drain|p2a: Innocent","|-resisted|p2a: Innocent","|-damage|p2a: Innocent|54/342 brn","|-heal|p1a: Amoonguss|207/431|[from] drain|[of] p2a: Innocent","|","|-heal|p1a: Amoonguss|233/431|[from] item: Black Sludge","|-damage|p2a: Innocent|12/342 brn|[from] brn","|turn|9","|","|switch|p1a: Skuntank|Skuntank, M|277/409","|move|p2a: Innocent|Iron Head|p1a: Skuntank","|-damage|p1a: Skuntank|196/409","|","|-damage|p2a: Innocent|0 fnt|[from] brn","|faint|p2a: Innocent","|","|switch|p2a: Pinky|Latios, M, shiny|301/301","|turn|10","|","|move|p2a: Pinky|Defog|p1a: Skuntank","|-unboost|p1a: Skuntank|evasion|1","|-sideend|p2: Carnie Wight|Toxic Spikes|[from] move: Defog|[of] p2a: Pinky","|move|p1a: Skuntank|Thief|p2a: Pinky","|-supereffective|p2a: Pinky","|-damage|p2a: Pinky|77/301","|-item|p1a: Skuntank|Choice Scarf|[from] move: Thief|[of] p2a: Pinky","|","|turn|11","|","|move|p1a: Skuntank|Sucker Punch|p2a: Pinky","|-supereffective|p2a: Pinky","|-damage|p2a: Pinky|0 fnt","|faint|p2a: Pinky","|","|","|switch|p2a: Celery|Celebi|404/404","|turn|12","|","|switch|p1a: Weezing|Weezing, F|170/333","|move|p2a: Celery|Stealth Rock|p1a: Weezing","|-sidestart|p1: Guard Wanderer|move: Stealth Rock","|","|turn|13","|","|move|p2a: Celery|Psychic|p1a: Weezing","|-supereffective|p1a: Weezing","|-damage|p1a: Weezing|0 fnt","|faint|p1a: Weezing","|","|","|switch|p1a: Skuntank|Skuntank, M|196/409","|-damage|p1a: Skuntank|145/409|[from] Stealth Rock","|turn|14","|","|move|p1a: Skuntank|Poison Jab|p2a: Celery","|-supereffective|p2a: Celery","|-damage|p2a: Celery|170/404","|move|p2a: Celery|Energy Ball|p1a: Skuntank","|-resisted|p1a: Skuntank","|-damage|p1a: Skuntank|34/409","|","|-heal|p2a: Celery|195/404|[from] item: Leftovers","|turn|15","|","|move|p1a: Skuntank|Poison Jab|p2a: Celery","|-supereffective|p2a: Celery","|-damage|p2a: Celery|0 fnt","|faint|p2a: Celery","|","|","|switch|p2a: Senpai|Gardevoir, M|277/277","|turn|16","|","|detailschange|p2a: Senpai|Gardevoir-Mega, M","|-mega|p2a: Senpai|Gardevoir|Gardevoirite","|move|p1a: Skuntank|Poison Jab|p2a: Senpai","|-supereffective|p2a: Senpai","|-damage|p2a: Senpai|0 fnt","|faint|p2a: Senpai","|","|","|switch|p2a: Peace|Victini|341/341","|turn|17","|","|move|p2a: Peace|Brick Break|p1a: Skuntank","|-crit|p1a: Skuntank","|-damage|p1a: Skuntank|0 fnt","|faint|p1a: Skuntank","|","|","|switch|p1a: Crobat|Crobat, M|373/373","|-damage|p1a: Crobat|280/373|[from] Stealth Rock","|turn|18","|","|switch|p2a: 6 hands weeee!|Hoopa-Unbound|301/301","|move|p1a: Crobat|Curse|p1a: Crobat","|-boost|p1a: Crobat|atk|1","|-boost|p1a: Crobat|def|1","|-unboost|p1a: Crobat|spe|1","|-enditem|p1a: Crobat|White Herb","|-restoreboost|p1a: Crobat|[silent]","|","|turn|19","|","|move|p2a: 6 hands weeee!|Hyperspace Hole|p1a: Crobat","|-supereffective|p1a: Crobat","|-damage|p1a: Crobat|0 fnt","|faint|p1a: Crobat","|","|","|switch|p1a: Tentacruel|Tentacruel, M|301/301","|-damage|p1a: Tentacruel|264/301|[from] Stealth Rock","|turn|20","|","|move|p2a: 6 hands weeee!|Hyperspace Hole|p1a: Tentacruel","|-supereffective|p1a: Tentacruel","|-damage|p1a: Tentacruel|102/301","|move|p1a: Tentacruel|Acid Spray|p2a: 6 hands weeee!","|-damage|p2a: 6 hands weeee!|262/301","|-unboost|p2a: 6 hands weeee!|spd|2","|","|turn|21","|","|move|p2a: 6 hands weeee!|Hyperspace Hole|p1a: Tentacruel","|-supereffective|p1a: Tentacruel","|-damage|p1a: Tentacruel|0 fnt","|faint|p1a: Tentacruel","|","|","|switch|p1a: Gengar|Gengar, M|261/261","|-damage|p1a: Gengar|229/261|[from] Stealth Rock","|turn|22","|","|move|p1a: Gengar|Hex|p2a: 6 hands weeee!","|-damage|p2a: 6 hands weeee!|72/301","|move|p2a: 6 hands weeee!|Hyperspace Hole|p1a: Gengar","|-supereffective|p1a: Gengar","|-damage|p1a: Gengar|0 fnt","|faint|p1a: Gengar","|","|","|switch|p1a: Amoonguss|Amoonguss, M, shiny|376/431","|-damage|p1a: Amoonguss|323/431|[from] Stealth Rock","|turn|23","|","|move|p2a: 6 hands weeee!|Hyperspace Hole|p1a: Amoonguss","|-supereffective|p1a: Amoonguss","|-damage|p1a: Amoonguss|75/431","|move|p1a: Amoonguss|Spore|p2a: 6 hands weeee!","|-status|p2a: 6 hands weeee!|slp","|","|-heal|p1a: Amoonguss|101/431|[from] item: Black Sludge","|turn|24","|","|cant|p2a: 6 hands weeee!|slp","|move|p1a: Amoonguss|Stun Spore|p2a: 6 hands weeee!","|-fail|p2a: 6 hands weeee!","|","|-heal|p1a: Amoonguss|127/431|[from] item: Black Sludge","|turn|25","|","|-curestatus|p2a: 6 hands weeee!|slp","|move|p2a: 6 hands weeee!|Hyperspace Hole|p1a: Amoonguss","|-supereffective|p1a: Amoonguss","|-damage|p1a: Amoonguss|0 fnt","|faint|p1a: Amoonguss","|","|win|Carnie Wight"],"p1rating":{"entryid":"6731189","serverid":"eos","formatid":"monotype","userid":"guardwanderer","username":"Guard Wanderer","w":"62","l":89,"t":"0","gxe":38.9,"r":1416.4548063964,"rd":32.384035050339,"sigma":"0","rptime":1438246800,"rpr":1414.5280044333,"rprd":32.263690520777,"rpsigma":"0","acre":1051.8703533835,"lacre":1051.8703533835,"oldacre":"1063.7355841745"},"p2rating":{"entryid":"6265736","serverid":"eos","formatid":"monotype","userid":"carniewight","username":"Carnie Wight","w":49,"l":"39","t":"0","gxe":56.4,"r":"1544.9169887929","rd":"43.982781606516","sigma":"0","rptime":"1438246800","rpr":1548.4184254217,"rprd":43.682137949734,"rpsigma":"0","acre":1223.3713260734,"lacre":1223.3713260734,"oldacre":"1208.2064155568"},"endType":"normal"}