{"seed":[8021,41699,46527,969],"turns":29,"p1":"Wаrden Arguѕ","p2":"Yung draco - ⓝⓔⓞ","p1team":[{"name":"Sableye","species":"Sableye","item":"leftovers","ability":"Prankster","moves":["knockoff","willowisp","recover","taunt"],"nature":"Bold","evs":{"hp":228,"atk":0,"def":252,"spa":0,"spd":0,"spe":28},"gender":"M","ivs":{"hp":31,"atk":0,"def":31,"spa":31,"spd":31,"spe":31}},{"name":"Aegislash","species":"Aegislash","item":"weaknesspolicy","ability":"Stance Change","moves":["kingsshield","sacredsword","shadowball","shadowsneak"],"nature":"Lonely","evs":{"hp":0,"atk":252,"def":0,"spa":240,"spd":0,"spe":16},"gender":"M","shiny":true,"ivs":{"hp":31,"atk":31,"def":31,"spa":31,"spd":31,"spe":31}},{"name":"Jellicent","species":"Jellicent","item":"leftovers","ability":"Cursed Body","moves":["toxic","scald","recover","acidarmor"],"nature":"Calm","evs":{"hp":252,"atk":0,"def":0,"spa":0,"spd":252,"spe":4},"gender":"M","ivs":{"hp":31,"atk":0,"def":31,"spa":31,"spd":31,"spe":31},"shiny":true},{"name":"Golurk","species":"Golurk","item":"focussash","ability":"No Guard","moves":["stealthrock","stoneedge","dynamicpunch","curse"],"nature":"Adamant","evs":{"hp":0,"atk":252,"def":0,"spa":0,"spd":4,"spe":252},"shiny":true,"ivs":{"hp":31,"atk":31,"def":31,"spa":31,"spd":31,"spe":31}},{"name":"Chandelure","species":"Chandelure","item":"choicescarf","ability":"Infiltrator","moves":["flamethrower","shadowball","energyball","trick"],"nature":"Modest","evs":{"hp":0,"atk":0,"def":0,"spa":252,"spd":4,"spe":252},"gender":"F","ivs":{"hp":31,"atk":0,"def":31,"spa":31,"spd":31,"spe":31}},{"name":"Gengar","species":"Gengar","item":"focussash","ability":"Levitate","moves":["destinybond","sludgebomb","shadowball","energyball"],"nature":"Timid","evs":{"hp":0,"atk":0,"def":0,"spa":252,"spd":4,"spe":252},"gender":"F","ivs":{"hp":31,"atk":0,"def":31,"spa":31,"spd":31,"spe":31},"shiny":true}],"p2team":[{"name":"Altaria","species":"Altaria","item":"altarianite","ability":"Natural Cure","moves":["refresh","dragondance","roost","return"],"nature":"Jolly","evs":{"hp":0,"atk":252,"def":0,"spa":0,"spd":4,"spe":252},"ivs":{"hp":31,"atk":31,"def":31,"spa":31,"spd":31,"spe":31}},{"name":"Garchomp","species":"Garchomp","item":"rockyhelmet","ability":"Rough Skin","moves":["stealthrock","dragontail","fireblast","earthquake"],"nature":"Serious","evs":{"hp":144,"atk":16,"def":252,"spa":0,"spd":0,"spe":96},"ivs":{"hp":31,"atk":31,"def":31,"spa":31,"spd":31,"spe":31}},{"name":"Goodra","species":"Goodra","item":"assaultvest","ability":"Gooey","moves":["sludgewave","dragonpulse","thunderbolt","flamethrower"],"nature":"Calm","evs":{"hp":248,"atk":0,"def":0,"spa":8,"spd":252,"spe":0},"ivs":{"hp":31,"atk":31,"def":31,"spa":31,"spd":31,"spe":31}},{"name":"Kyurem-Black","species":"Kyurem-Black","item":"choicescarf","ability":"Teravolt","moves":["ironhead","icebeam","fusionbolt","outrage"],"nature":"Naive","evs":{"hp":0,"atk":252,"def":0,"spa":4,"spd":0,"spe":252},"ivs":{"hp":31,"atk":31,"def":31,"spa":31,"spd":31,"spe":31}},{"name":"Kingdra","species":"Kingdra","item":"scopelens","ability":"Sniper","moves":["focusenergy","agility","dracometeor","surf"],"nature":"Timid","evs":{"hp":0,"atk":0,"def":0,"spa":252,"spd":4,"spe":252},"ivs":{"hp":31,"atk":31,"def":31,"spa":31,"spd":31,"spe":31}},{"name":"Dragonite","species":"Dragonite","item":"weaknesspolicy","ability":"Multiscale","moves":["roost","earthquake","dragonclaw","dragondance"],"nature":"Jolly","evs":{"hp":0,"atk":252,"def":0,"spa":0,"spd":4,"spe":252},"ivs":{"hp":31,"atk":31,"def":31,"spa":31,"spd":31,"spe":31}}],"log":["|player|p1|Wаrden Arguѕ|144","|player|p2|Yung draco - ⓝⓔⓞ|143","|gametype|singles","|gen|6","|tier|Monotype","|rated","|rule|Baton Pass Clause: Limit one Baton Passer, can't pass Spe and other stats simultaneously","|rule|Swagger Clause: Swagger is banned","|rule|Same Type Clause: Pokémon in a team must share a type","|clearpoke","|poke|p1|Sableye, M","|poke|p1|Aegislash, M, shiny","|poke|p1|Jellicent, M, shiny","|poke|p1|Golurk, shiny","|poke|p1|Chandelure, F","|poke|p1|Gengar, F, shiny","|poke|p2|Altaria, M","|poke|p2|Garchomp, M","|poke|p2|Goodra, F","|poke|p2|Kyurem-Black","|poke|p2|Kingdra, M","|poke|p2|Dragonite, F","|rule|Sleep Clause Mod: Limit one foe put to sleep","|rule|Species Clause: Limit one of each Pokémon","|rule|OHKO Clause: OHKO moves are banned","|rule|Moody Clause: Moody is banned","|rule|Evasion Moves Clause: Evasion moves are banned","|rule|Endless Battle Clause: Forcing endless battles is banned","|rule|HP Percentage Mod: HP is shown in percentages","|teampreview","|","|start","|switch|p1a: Golurk|Golurk, shiny|319/319","|switch|p2a: Kingdra|Kingdra, M|291/291","|turn|1","|","|move|p2a: Kingdra|Focus Energy|p2a: Kingdra","|-start|p2a: Kingdra|move: Focus Energy","|move|p1a: Golurk|Stealth Rock|p2a: Kingdra","|-sidestart|p2: Yung draco - ⓝⓔⓞ|move: Stealth Rock","|","|turn|2","|","|move|p2a: Kingdra|Agility|p2a: Kingdra","|-boost|p2a: Kingdra|spe|2","|move|p1a: Golurk|Dynamic Punch|p2a: Kingdra","|-damage|p2a: Kingdra|151/291","|-start|p2a: Kingdra|confusion","|","|turn|3","|","|-activate|p2a: Kingdra|confusion","|move|p2a: Kingdra|Surf|p1a: Golurk","|-crit|p1a: Golurk","|-supereffective|p1a: Golurk","|-enditem|p1a: Golurk|Focus Sash","|-damage|p1a: Golurk|1/319","|move|p1a: Golurk|Dynamic Punch|p2a: Kingdra","|-damage|p2a: Kingdra|24/291","|","|turn|4","|","|-activate|p2a: Kingdra|confusion","|-damage|p2a: Kingdra|0 fnt|[from] confusion","|faint|p2a: Kingdra","|move|p1a: Golurk|Dynamic Punch|p2: Kingdra|[notarget]","|-notarget","|","|","|switch|p2a: Garchomp|Garchomp, M|393/393","|-damage|p2a: Garchomp|369/393|[from] Stealth Rock","|turn|5","|","|move|p2a: Garchomp|Stealth Rock|p1a: Golurk","|-sidestart|p1: Wаrden Arguѕ|move: Stealth Rock","|move|p1a: Golurk|Curse|p2a: Garchomp","|-start|p2a: Garchomp|Curse|[of] p1a: Golurk","|-damage|p1a: Golurk|0 fnt","|faint|p1a: Golurk","|","|-damage|p2a: Garchomp|271/393|[from] Curse","|","|switch|p1a: Aegislash|Aegislash, M, shiny|261/261","|-damage|p1a: Aegislash|245/261|[from] Stealth Rock","|turn|6","|","|switch|p1a: Gengar|Gengar, F, shiny|261/261","|-damage|p1a: Gengar|229/261|[from] Stealth Rock","|move|p2a: Garchomp|Earthquake|p1a: Gengar","|-immune|p1a: Gengar|[msg]","|","|-damage|p2a: Garchomp|173/393|[from] Curse","|turn|7","|","|move|p1a: Gengar|Shadow Ball|p2a: Garchomp","|-damage|p2a: Garchomp|0 fnt","|faint|p2a: Garchomp","|","|","|switch|p2a: Goodra|Goodra, F|383/383","|-damage|p2a: Goodra|336/383|[from] Stealth Rock","|turn|8","|","|switch|p1a: Jellicent|Jellicent, M, shiny|404/404","|-damage|p1a: Jellicent|354/404|[from] Stealth Rock","|move|p2a: Goodra|Flamethrower|p1a: Jellicent","|-resisted|p1a: Jellicent","|-damage|p1a: Jellicent|329/404","|","|-heal|p1a: Jellicent|354/404|[from] item: Leftovers","|turn|9","|","|move|p2a: Goodra|Thunderbolt|p1a: Jellicent","|-supereffective|p1a: Jellicent","|-damage|p1a: Jellicent|250/404","|move|p1a: Jellicent|Acid Armor|p1a: Jellicent","|-boost|p1a: Jellicent|def|2","|","|-heal|p1a: Jellicent|275/404|[from] item: Leftovers","|turn|10","|","|move|p2a: Goodra|Thunderbolt|p1a: Jellicent","|-supereffective|p1a: Jellicent","|-damage|p1a: Jellicent|161/404","|-start|p2a: Goodra|Disable|Thunderbolt","|move|p1a: Jellicent|Toxic|p2a: Goodra|[miss]","|-miss|p1a: Jellicent|p2a: Goodra","|","|-heal|p1a: Jellicent|186/404|[from] item: Leftovers","|turn|11","|","|move|p2a: Goodra|Dragon Pulse|p1a: Jellicent","|-damage|p1a: Jellicent|108/404","|move|p1a: Jellicent|Recover|p1a: Jellicent","|-heal|p1a: Jellicent|310/404","|","|-heal|p1a: Jellicent|335/404|[from] item: Leftovers","|turn|12","|","|move|p2a: Goodra|Dragon Pulse|p1a: Jellicent","|-damage|p1a: Jellicent|251/404","|move|p1a: Jellicent|Toxic|p2a: Goodra","|-status|p2a: Goodra|tox","|","|-heal|p1a: Jellicent|276/404|[from] item: Leftovers","|-damage|p2a: Goodra|313/383 tox|[from] psn","|turn|13","|","|move|p2a: Goodra|Dragon Pulse|p1a: Jellicent","|-damage|p1a: Jellicent|197/404","|move|p1a: Jellicent|Recover|p1a: Jellicent","|-heal|p1a: Jellicent|399/404","|","|-heal|p1a: Jellicent|404/404|[from] item: Leftovers","|-damage|p2a: Goodra|267/383 tox|[from] psn","|turn|14","|","|move|p2a: Goodra|Dragon Pulse|p1a: Jellicent","|-damage|p1a: Jellicent|331/404","|move|p1a: Jellicent|Acid Armor|p1a: Jellicent","|-boost|p1a: Jellicent|def|2","|","|-heal|p1a: Jellicent|356/404|[from] item: Leftovers","|-damage|p2a: Goodra|198/383 tox|[from] psn","|-end|p2a: Goodra|Disable","|turn|15","|","|move|p2a: Goodra|Thunderbolt|p1a: Jellicent","|-supereffective|p1a: Jellicent","|-damage|p1a: Jellicent|254/404","|-start|p2a: Goodra|Disable|Thunderbolt","|move|p1a: Jellicent|Acid Armor|p1a: Jellicent","|-boost|p1a: Jellicent|def|2","|","|-heal|p1a: Jellicent|279/404|[from] item: Leftovers","|-damage|p2a: Goodra|106/383 tox|[from] psn","|turn|16","|","|move|p2a: Goodra|Dragon Pulse|p1a: Jellicent","|-damage|p1a: Jellicent|204/404","|move|p1a: Jellicent|Recover|p1a: Jellicent","|-heal|p1a: Jellicent|404/404","|","|-damage|p2a: Goodra|0 fnt|[from] psn","|faint|p2a: Goodra","|","|switch|p2a: Kyurem-Black|Kyurem-Black|391/391","|-damage|p2a: Kyurem-Black|294/391|[from] Stealth Rock","|-ability|p2a: Kyurem-Black|Teravolt","|turn|17","|","|move|p2a: Kyurem-Black|Fusion Bolt|p1a: Jellicent","|-supereffective|p1a: Jellicent","|-damage|p1a: Jellicent|310/404","|move|p1a: Jellicent|Toxic|p2a: Kyurem-Black|[miss]","|-miss|p1a: Jellicent|p2a: Kyurem-Black","|","|-heal|p1a: Jellicent|335/404|[from] item: Leftovers","|turn|18","|","|move|p2a: Kyurem-Black|Fusion Bolt|p1a: Jellicent","|-supereffective|p1a: Jellicent","|-damage|p1a: Jellicent|243/404","|move|p1a: Jellicent|Toxic|p2a: Kyurem-Black","|-status|p2a: Kyurem-Black|tox","|","|-heal|p1a: Jellicent|268/404|[from] item: Leftovers","|-damage|p2a: Kyurem-Black|270/391 tox|[from] psn","|turn|19","|","|move|p2a: Kyurem-Black|Fusion Bolt|p1a: Jellicent","|-supereffective|p1a: Jellicent","|-damage|p1a: Jellicent|164/404","|move|p1a: Jellicent|Recover|p1a: Jellicent","|-heal|p1a: Jellicent|366/404","|","|-heal|p1a: Jellicent|391/404|[from] item: Leftovers","|-damage|p2a: Kyurem-Black|222/391 tox|[from] psn","|turn|20","|","|move|p2a: Kyurem-Black|Fusion Bolt|p1a: Jellicent","|-supereffective|p1a: Jellicent","|-damage|p1a: Jellicent|285/404","|move|p1a: Jellicent|Scald|p2a: Kyurem-Black","|-resisted|p2a: Kyurem-Black","|-damage|p2a: Kyurem-Black|169/391 tox","|","|-heal|p1a: Jellicent|310/404|[from] item: Leftovers","|-damage|p2a: Kyurem-Black|97/391 tox|[from] psn","|turn|21","|","|move|p2a: Kyurem-Black|Fusion Bolt|p1a: Jellicent","|-supereffective|p1a: Jellicent","|-damage|p1a: Jellicent|218/404","|move|p1a: Jellicent|Recover|p1a: Jellicent","|-heal|p1a: Jellicent|404/404","|","|-damage|p2a: Kyurem-Black|1/391 tox|[from] psn","|turn|22","|","|move|p2a: Kyurem-Black|Fusion Bolt|p1a: Jellicent","|-supereffective|p1a: Jellicent","|-damage|p1a: Jellicent|308/404","|move|p1a: Jellicent|Scald|p2a: Kyurem-Black","|-resisted|p2a: Kyurem-Black","|-damage|p2a: Kyurem-Black|0 fnt","|faint|p2a: Kyurem-Black","|","|-heal|p1a: Jellicent|333/404|[from] item: Leftovers","|","|switch|p2a: Altaria|Altaria, M|291/291","|-damage|p2a: Altaria|219/291|[from] Stealth Rock","|turn|23","|","|switch|p1a: Sableye|Sableye, M|298/298","|-damage|p1a: Sableye|261/298|[from] Stealth Rock","|detailschange|p2a: Altaria|Altaria-Mega, M","|-mega|p2a: Altaria|Altaria|Altarianite","|move|p2a: Altaria|Dragon Dance|p2a: Altaria","|-boost|p2a: Altaria|atk|1","|-boost|p2a: Altaria|spe|1","|","|-heal|p1a: Sableye|279/298|[from] item: Leftovers","|turn|24","|","|move|p1a: Sableye|Will-O-Wisp|p2a: Altaria|[miss]","|-miss|p1a: Sableye|p2a: Altaria","|move|p2a: Altaria|Refresh|p2a: Altaria","|","|-heal|p1a: Sableye|297/298|[from] item: Leftovers","|turn|25","|","|move|p1a: Sableye|Will-O-Wisp|p2a: Altaria","|-status|p2a: Altaria|brn","|move|p2a: Altaria|Return|p1a: Sableye","|-crit|p1a: Sableye","|-supereffective|p1a: Sableye","|-damage|p1a: Sableye|0 fnt","|faint|p1a: Sableye","|","|-damage|p2a: Altaria|183/291 brn|[from] brn","|","|switch|p1a: Gengar|Gengar, F, shiny|229/261","|-damage|p1a: Gengar|197/261|[from] Stealth Rock","|turn|26","|","|move|p2a: Altaria|Return|p1a: Gengar","|-resisted|p1a: Gengar","|-damage|p1a: Gengar|80/261","|move|p1a: Gengar|Sludge Bomb|p2a: Altaria","|-supereffective|p2a: Altaria","|-damage|p2a: Altaria|0 fnt","|faint|p2a: Altaria","|","|","|switch|p2a: Dragonite|Dragonite, F|323/323","|-damage|p2a: Dragonite|243/323|[from] Stealth Rock","|turn|27","|","|move|p1a: Gengar|Sludge Bomb|p2a: Dragonite","|-damage|p2a: Dragonite|86/323","|-status|p2a: Dragonite|psn","|move|p2a: Dragonite|Dragon Dance|p2a: Dragonite","|-boost|p2a: Dragonite|atk|1","|-boost|p2a: Dragonite|spe|1","|","|-damage|p2a: Dragonite|46/323 psn|[from] psn","|turn|28","|","|move|p2a: Dragonite|Dragon Claw|p1a: Gengar","|-damage|p1a: Gengar|0 fnt","|faint|p1a: Gengar","|","|-damage|p2a: Dragonite|6/323 psn|[from] psn","|","|switch|p1a: Aegislash|Aegislash, M, shiny|245/261","|-damage|p1a: Aegislash|229/261|[from] Stealth Rock","|turn|29","|","|-formechange|p1a: Aegislash|Aegislash-Blade","|move|p1a: Aegislash|Shadow Sneak|p2a: Dragonite","|-damage|p2a: Dragonite|0 fnt","|faint|p2a: Dragonite","|","|win|Wаrden Arguѕ"],"p1rating":{"entryid":"7252450","serverid":"eos","formatid":"monotype","userid":"wrdenargu","username":"Wаrden Arguѕ","w":42,"l":"7","t":"0","gxe":79,"r":"1734.3716784252","rd":"56.692445093201","sigma":"0","rptime":"1438246800","rpr":1751.8153724963,"rprd":50.978638118036,"rpsigma":"0","acre":1437.8954547628,"lacre":1437.8954547628,"oldacre":"1425.149457782"},"p2rating":{"entryid":"6653831","serverid":"eos","formatid":"monotype","userid":"yungdraco","username":"Yung draco - ⓦⓐⓘⓣ","w":"16","l":5,"t":"0","gxe":68.7,"r":"1537.9980476167","rd":"116.06120485007","sigma":"0","rptime":"1438246800","rpr":1651.3041119871,"rprd":71.308485470839,"rpsigma":"0","acre":1277.1943661866,"lacre":1277.1943661866,"oldacre":"1293.1268624126"},"endType":"normal"}