{"seed":[22457,49609,17566,2022],"turns":22,"p1":"Rain ☆ Dinite","p2":"THE MEGA POLIWRATH","p1team":[{"name":"Mage sim","species":"magnezone","item":"choicespecs","ability":"Sturdy","moves":["thunderbolt","flashcannon","voltswitch","hiddenpowerice"],"nature":"Modest","evs":{"hp":0,"atk":0,"def":4,"spa":252,"spd":0,"spe":252},"ivs":{"hp":31,"atk":0,"def":30,"spa":31,"spd":31,"spe":31}},{"name":"wild dog","species":"luxray","item":"choiceband","ability":"Guts","moves":["wildcharge","crunch","quickattack","superpower"],"nature":"Adamant","evs":{"hp":252,"atk":252,"def":0,"spa":0,"spd":4,"spe":0},"ivs":{"hp":31,"atk":31,"def":31,"spa":31,"spd":31,"spe":31}},{"name":"Washing-atk","species":"rotomwash","item":"chestoberry","ability":"Levitate","moves":["confuseray","hydropump","willowisp","rest"],"nature":"Bold","evs":{"hp":252,"atk":0,"def":252,"spa":4,"spd":0,"spe":0},"ivs":{"hp":31,"atk":0,"def":31,"spa":31,"spd":31,"spe":31}},{"name":"Thunder god","species":"thundurus","item":"lifeorb","ability":"Prankster","moves":["thunderwave","superpower","knockoff","wildcharge"],"nature":"Jolly","evs":{"hp":0,"atk":252,"def":0,"spa":0,"spd":4,"spe":252},"ivs":{"hp":31,"atk":30,"def":30,"spa":31,"spd":31,"spe":31}},{"name":"Thunderbirds are g","species":"zapdos","item":"leftovers","ability":"Pressure","moves":["roost","heatwave","discharge","defog"],"nature":"Calm","evs":{"hp":252,"atk":0,"def":0,"spa":4,"spd":252,"spe":0},"ivs":{"hp":31,"atk":0,"def":30,"spa":31,"spd":31,"spe":31}},{"name":"mr zooom","species":"manectric","item":"manectite","ability":"Static","moves":["voltswitch","flamethrower","hiddenpowerice","protect"],"nature":"Timid","evs":{"hp":4,"atk":0,"def":0,"spa":252,"spd":0,"spe":252},"ivs":{"hp":31,"atk":30,"def":30,"spa":31,"spd":31,"spe":31},"shiny":true}],"p2team":[{"name":"Manectric","species":"Manectric","item":"manectite","ability":"Lightning Rod","moves":["thunderbolt","flamethrower","voltswitch","hiddenpowerice"],"nature":"Timid","evs":{"hp":0,"atk":0,"def":0,"spa":252,"spd":4,"spe":252},"ivs":{"hp":31,"atk":30,"def":30,"spa":31,"spd":31,"spe":31},"shiny":true,"happiness":0},{"name":"Spood","species":"galvantula","item":"focussash","ability":"Compound Eyes","moves":["thunderbolt","bugbuzz","energyball","stickyweb"],"nature":"Timid","evs":{"hp":0,"atk":0,"def":0,"spa":252,"spd":4,"spe":252},"shiny":true,"ivs":{"hp":31,"atk":31,"def":31,"spa":31,"spd":31,"spe":31}},{"name":"Heliolisk","species":"Heliolisk","item":"lifeorb","ability":"Dry Skin","moves":["thunderbolt","surf","darkpulse","voltswitch"],"nature":"Timid","evs":{"hp":0,"atk":0,"def":0,"spa":252,"spd":4,"spe":252},"shiny":true,"ivs":{"hp":31,"atk":31,"def":31,"spa":31,"spd":31,"spe":31}},{"name":"Magnezone","species":"Magnezone","item":"choicescarf","ability":"Magnet Pull","moves":["thunderbolt","flashcannon","hiddenpowerfire","signalbeam"],"nature":"Timid","evs":{"hp":0,"atk":0,"def":0,"spa":252,"spd":4,"spe":252},"ivs":{"hp":31,"atk":30,"def":31,"spa":30,"spd":31,"spe":30},"shiny":true},{"name":"Thundurus-Therian","species":"Thundurus-Therian","item":"choicespecs","ability":"Volt Absorb","moves":["sludgewave","voltswitch","psychic","darkpulse"],"nature":"Timid","evs":{"hp":0,"atk":0,"def":0,"spa":252,"spd":4,"spe":252},"shiny":true,"ivs":{"hp":31,"atk":31,"def":31,"spa":31,"spd":31,"spe":31}},{"name":"Rotom-Wash","species":"Rotom-Wash","item":"leftovers","ability":"Levitate","moves":["hydropump","thunderbolt","shadowball","willowisp"],"nature":"Modest","evs":{"hp":252,"atk":0,"def":0,"spa":252,"spd":4,"spe":0},"shiny":true,"ivs":{"hp":31,"atk":31,"def":31,"spa":31,"spd":31,"spe":31}}],"log":["|player|p1|Rain ☆ Dinite|137","|player|p2|THE MEGA POLIWRATH|10","|gametype|singles","|gen|6","|tier|Monotype","|rated","|rule|Baton Pass Clause: Limit one Baton Passer, can't pass Spe and other stats simultaneously","|rule|Swagger Clause: Swagger is banned","|rule|Same Type Clause: Pokémon in a team must share a type","|clearpoke","|poke|p1|Magnezone","|poke|p1|Luxray, F","|poke|p1|Rotom-Wash","|poke|p1|Thundurus, M","|poke|p1|Zapdos","|poke|p1|Manectric, M, shiny","|poke|p2|Manectric, F, shiny","|poke|p2|Galvantula, F, shiny","|poke|p2|Heliolisk, F, shiny","|poke|p2|Magnezone, shiny","|poke|p2|Thundurus-Therian, M, shiny","|poke|p2|Rotom-Wash, shiny","|rule|Sleep Clause Mod: Limit one foe put to sleep","|rule|Species Clause: Limit one of each Pokémon","|rule|OHKO Clause: OHKO moves are banned","|rule|Moody Clause: Moody is banned","|rule|Evasion Moves Clause: Evasion moves are banned","|rule|Endless Battle Clause: Forcing endless battles is banned","|rule|HP Percentage Mod: HP is shown in percentages","|teampreview","|","|start","|switch|p1a: Mage sim|Magnezone|281/281","|switch|p2a: Spood|Galvantula, F, shiny|281/281","|turn|1","|","|move|p2a: Spood|Sticky Web|p1a: Mage sim","|-sidestart|p1: Rain ☆ Dinite|move: Sticky Web","|move|p1a: Mage sim|Volt Switch|p2a: Spood","|-resisted|p2a: Spood","|-damage|p2a: Spood|116/281","|","|switch|p1a: Thunderbirds are g|Zapdos|384/384","|-ability|p1a: Thunderbirds are g|Pressure","|","|turn|2","|","|move|p2a: Spood|Bug Buzz|p1a: Thunderbirds are g","|-resisted|p1a: Thunderbirds are g","|-damage|p1a: Thunderbirds are g|333/384","|move|p1a: Thunderbirds are g|Heat Wave|p2a: Spood","|-supereffective|p2a: Spood","|-damage|p2a: Spood|0 fnt","|faint|p2a: Spood","|","|-heal|p1a: Thunderbirds are g|357/384|[from] item: Leftovers","|","|switch|p2a: Thundurus-Therian|Thundurus-Therian, M, shiny|299/299","|turn|3","|","|move|p2a: Thundurus-Therian|Sludge Wave|p1a: Thunderbirds are g","|-damage|p1a: Thunderbirds are g|210/384","|move|p1a: Thunderbirds are g|Defog|p2a: Thundurus-Therian","|-unboost|p2a: Thundurus-Therian|evasion|1","|-sideend|p1: Rain ☆ Dinite|Sticky Web|[from] move: Defog|[of] p1a: Thunderbirds are g","|","|-heal|p1a: Thunderbirds are g|234/384|[from] item: Leftovers","|turn|4","|","|move|p2a: Thundurus-Therian|Sludge Wave|p1a: Thunderbirds are g","|-damage|p1a: Thunderbirds are g|82/384","|move|p1a: Thunderbirds are g|Heat Wave|p2a: Thundurus-Therian","|-damage|p2a: Thundurus-Therian|186/299","|","|-heal|p1a: Thunderbirds are g|106/384|[from] item: Leftovers","|turn|5","|","|move|p2a: Thundurus-Therian|Sludge Wave|p1a: Thunderbirds are g","|-damage|p1a: Thunderbirds are g|0 fnt","|faint|p1a: Thunderbirds are g","|","|","|switch|p1a: Thunder god|Thundurus, M|299/299","|turn|6","|","|move|p1a: Thunder god|Knock Off|p2a: Thundurus-Therian","|-damage|p2a: Thundurus-Therian|17/299","|-enditem|p2a: Thundurus-Therian|Choice Specs|[from] move: Knock Off|[of] p1a: Thunder god","|-damage|p1a: Thunder god|270/299|[from] item: Life Orb","|move|p2a: Thundurus-Therian|Sludge Wave|p1a: Thunder god","|-damage|p1a: Thunder god|129/299","|","|turn|7","|","|move|p1a: Thunder god|Knock Off|p2a: Thundurus-Therian","|-damage|p2a: Thundurus-Therian|0 fnt","|-damage|p1a: Thunder god|100/299|[from] item: Life Orb","|faint|p2a: Thundurus-Therian","|","|","|switch|p2a: Magnezone|Magnezone, shiny|281/281","|turn|8","|","|move|p2a: Magnezone|Flash Cannon|p1a: Thunder god","|-resisted|p1a: Thunder god","|-damage|p1a: Thunder god|16/299","|move|p1a: Thunder god|Superpower|p2a: Magnezone","|-supereffective|p2a: Magnezone","|-damage|p2a: Magnezone|0 fnt","|-unboost|p1a: Thunder god|atk|1","|-unboost|p1a: Thunder god|def|1","|-damage|p1a: Thunder god|0 fnt|[from] item: Life Orb","|faint|p2a: Magnezone","|faint|p1a: Thunder god","|","|","|switch|p1a: Mage sim|Magnezone|281/281","|switch|p2a: Rotom-Wash|Rotom-Wash, shiny|304/304","|turn|9","|","|move|p1a: Mage sim|Volt Switch|p2a: Rotom-Wash","|-damage|p2a: Rotom-Wash|126/304","|","|switch|p1a: Washing-atk|Rotom-Wash|304/304","|move|p2a: Rotom-Wash|Will-O-Wisp|p1a: Washing-atk","|-status|p1a: Washing-atk|brn","|","|-heal|p2a: Rotom-Wash|145/304|[from] item: Leftovers","|-damage|p1a: Washing-atk|266/304 brn|[from] brn","|turn|10","|","|move|p2a: Rotom-Wash|Thunderbolt|p1a: Washing-atk","|-damage|p1a: Washing-atk|128/304 brn","|move|p1a: Washing-atk|Confuse Ray|p2a: Rotom-Wash","|-start|p2a: Rotom-Wash|confusion","|","|-heal|p2a: Rotom-Wash|164/304|[from] item: Leftovers","|-damage|p1a: Washing-atk|90/304 brn|[from] brn","|turn|11","|","|move|p1a: Washing-atk|Rest|p1a: Washing-atk","|-status|p1a: Washing-atk|slp","|-heal|p1a: Washing-atk|304/304 slp|[silent]","|-status|p1a: Washing-atk|slp|[from] move: Rest","|-enditem|p1a: Washing-atk|Chesto Berry|[eat]","|-curestatus|p1a: Washing-atk|slp","|-activate|p2a: Rotom-Wash|confusion","|move|p2a: Rotom-Wash|Thunderbolt|p1a: Washing-atk","|-damage|p1a: Washing-atk|169/304","|","|-heal|p2a: Rotom-Wash|183/304|[from] item: Leftovers","|turn|12","|","|-activate|p2a: Rotom-Wash|confusion","|-damage|p2a: Rotom-Wash|163/304|[from] confusion","|move|p1a: Washing-atk|Will-O-Wisp|p2a: Rotom-Wash","|-status|p2a: Rotom-Wash|brn","|","|-heal|p2a: Rotom-Wash|182/304 brn|[from] item: Leftovers","|-damage|p2a: Rotom-Wash|144/304 brn|[from] brn","|turn|13","|","|move|p1a: Washing-atk|Hydro Pump|p2a: Rotom-Wash","|-resisted|p2a: Rotom-Wash","|-damage|p2a: Rotom-Wash|82/304 brn","|-activate|p2a: Rotom-Wash|confusion","|move|p2a: Rotom-Wash|Thunderbolt|p1a: Washing-atk","|-damage|p1a: Washing-atk|36/304","|","|-heal|p2a: Rotom-Wash|101/304 brn|[from] item: Leftovers","|-damage|p2a: Rotom-Wash|63/304 brn|[from] brn","|turn|14","|","|move|p1a: Washing-atk|Hydro Pump|p2a: Rotom-Wash","|-resisted|p2a: Rotom-Wash","|-damage|p2a: Rotom-Wash|0 fnt","|faint|p2a: Rotom-Wash","|","|","|switch|p2a: Heliolisk|Heliolisk, F, shiny|265/265","|turn|15","|","|move|p2a: Heliolisk|Volt Switch|p1a: Washing-atk","|-damage|p1a: Washing-atk|0 fnt","|-damage|p2a: Heliolisk|239/265|[from] item: Life Orb","|faint|p1a: Washing-atk","|","|switch|p2a: Manectric|Manectric, F, shiny|281/281","|","|","|switch|p1a: Mage sim|Magnezone|281/281","|turn|16","|","|detailschange|p2a: Manectric|Manectric-Mega, F, shiny","|-mega|p2a: Manectric|Manectric|Manectite","|-ability|p2a: Manectric|Intimidate","|-unboost|p1a: Mage sim|atk|1","|move|p2a: Manectric|Flamethrower|p1a: Mage sim","|-supereffective|p1a: Mage sim","|-damage|p1a: Mage sim|25/281","|move|p1a: Mage sim|Flash Cannon|p2a: Manectric","|-crit|p2a: Manectric","|-resisted|p2a: Manectric","|-damage|p2a: Manectric|74/281","|","|turn|17","|","|move|p2a: Manectric|Volt Switch|p1a: Mage sim","|-resisted|p1a: Mage sim","|-damage|p1a: Mage sim|0 fnt","|faint|p1a: Mage sim","|","|switch|p2a: Heliolisk|Heliolisk, F, shiny|239/265","|","|","|switch|p1a: wild dog|Luxray, F|364/364","|turn|18","|","|move|p2a: Heliolisk|Dark Pulse|p1a: wild dog","|-damage|p1a: wild dog|224/364","|-damage|p2a: Heliolisk|213/265|[from] item: Life Orb","|move|p1a: wild dog|Superpower|p2a: Heliolisk","|-supereffective|p2a: Heliolisk","|-damage|p2a: Heliolisk|0 fnt","|-unboost|p1a: wild dog|atk|1","|-unboost|p1a: wild dog|def|1","|faint|p2a: Heliolisk","|","|","|switch|p2a: Manectric|Manectric-Mega, F, shiny|74/281","|-ability|p2a: Manectric|Intimidate","|-unboost|p1a: wild dog|atk|1","|turn|19","|","|switch|p1a: mr zooom|Manectric, M, shiny|282/282","|move|p2a: Manectric|Flamethrower|p1a: mr zooom","|-damage|p1a: mr zooom|113/282","|","|turn|20","|","|detailschange|p1a: mr zooom|Manectric-Mega, M, shiny","|-mega|p1a: mr zooom|Manectric|Manectite","|-ability|p1a: mr zooom|Intimidate","|-unboost|p2a: Manectric|atk|1","|move|p1a: mr zooom|Protect|p1a: mr zooom","|-singleturn|p1a: mr zooom|Protect","|move|p2a: Manectric|Flamethrower|p1a: mr zooom","|-activate|p1a: mr zooom|Protect","|","|turn|21","|","|move|p2a: Manectric|Flamethrower|p1a: mr zooom","|-damage|p1a: mr zooom|0 fnt","|faint|p1a: mr zooom","|","|","|switch|p1a: wild dog|Luxray, F|224/364","|turn|22","|","|move|p1a: wild dog|Quick Attack|p2a: Manectric","|-damage|p2a: Manectric|0 fnt","|faint|p2a: Manectric","|","|win|Rain ☆ Dinite"],"p1rating":{"entryid":"7159862","serverid":"eos","formatid":"monotype","userid":"raindinite","username":"Rain ☆ Dinite","w":5,"l":"10","t":"0","gxe":39.3,"r":"1372.7364661289","rd":"94.147220466827","sigma":"0","rptime":"1438246800","rpr":1416.3452309227,"rprd":79.006145772573,"rpsigma":"0","acre":1095.3953608741,"lacre":1095.3953608741,"oldacre":"1069.8682024686"},"p2rating":{"entryid":"7210585","serverid":"eos","formatid":"monotype","userid":"themegapoliwrath","username":"The mega poliwrath","w":"10","l":25,"t":"0","gxe":32.7,"r":"1396.5315274354","rd":"61.525056506865","sigma":"0","rptime":"1438246800","rpr":1362.7851872065,"rprd":56.340021906222,"rpsigma":"0","acre":1011.009780481,"lacre":1011.009780481,"oldacre":"1022.5870786253"},"endType":"normal"}