{"seed":[467,14238,58720,39137],"turns":33,"p1":"valkoinen","p2":"MrNyanNyanz","p1team":[{"name":"Tyrantrum","species":"Tyrantrum","item":"choiceband","ability":"Rock Head","moves":["ironhead","headsmash","outrage","earthquake"],"nature":"Adamant","evs":{"hp":0,"atk":252,"def":0,"spa":0,"spd":4,"spe":252},"gender":"M","shiny":true,"ivs":{"hp":31,"atk":31,"def":31,"spa":31,"spd":31,"spe":31}},{"name":"Hydreigon","species":"Hydreigon","item":"choicescarf","ability":"Levitate","moves":["dragonpulse","darkpulse","flashcannon","fireblast"],"nature":"Timid","evs":{"hp":0,"atk":0,"def":0,"spa":252,"spd":4,"spe":252},"gender":"M","ivs":{"hp":31,"atk":31,"def":31,"spa":31,"spd":31,"spe":31}},{"name":"Birb","species":"altaria","item":"altarianite","ability":"Natural Cure","moves":["dragondance","earthquake","roost","frustration"],"nature":"Adamant","evs":{"hp":0,"atk":252,"def":0,"spa":0,"spd":4,"spe":252},"gender":"F","happiness":0,"ivs":{"hp":31,"atk":31,"def":31,"spa":31,"spd":31,"spe":31}},{"name":"Kyurem-Black","species":"Kyurem-Black","item":"choicescarf","ability":"Teravolt","moves":["outrage","fusionbolt","dragonclaw","ironhead"],"nature":"Jolly","evs":{"hp":0,"atk":252,"def":0,"spa":0,"spd":4,"spe":252},"shiny":true,"ivs":{"hp":31,"atk":31,"def":31,"spa":31,"spd":31,"spe":31}},{"name":"Dragalge","species":"Dragalge","item":"assaultvest","ability":"Adaptability","moves":["sludgewave","dragonpulse","focusblast","hiddenpowerground"],"nature":"Modest","evs":{"hp":236,"atk":0,"def":0,"spa":252,"spd":8,"spe":12},"gender":"M","ivs":{"hp":31,"atk":31,"def":31,"spa":30,"spd":30,"spe":31},"shiny":true},{"name":"Garchomp","species":"Garchomp","item":"focussash","ability":"Rough Skin","moves":["swordsdance","earthquake","dragonclaw","fireblast"],"nature":"Naive","evs":{"hp":0,"atk":252,"def":0,"spa":4,"spd":0,"spe":252},"gender":"M","shiny":true,"ivs":{"hp":31,"atk":31,"def":31,"spa":31,"spd":31,"spe":31}}],"p2team":[{"name":"Starmie","species":"Starmie","item":"lifeorb","ability":"Natural Cure","moves":["icebeam","grassknot","scald","rapidspin"],"nature":"Timid","evs":{"hp":0,"atk":0,"def":0,"spa":252,"spd":4,"spe":252},"ivs":{"hp":31,"atk":31,"def":31,"spa":31,"spd":31,"spe":31}},{"name":"Slowbro","species":"Slowbro","item":"rockyhelmet","ability":"Regenerator","moves":["slackoff","thunderwave","scald","focusblast"],"nature":"Bold","evs":{"hp":248,"atk":0,"def":252,"spa":8,"spd":0,"spe":0},"ivs":{"hp":31,"atk":31,"def":31,"spa":31,"spd":31,"spe":31}},{"name":"Mew","species":"Mew","item":"leftovers","ability":"Synchronize","moves":["knockoff","stealthrock","willowisp","roost"],"nature":"Careful","evs":{"hp":252,"atk":4,"def":0,"spa":0,"spd":252,"spe":0},"ivs":{"hp":31,"atk":31,"def":31,"spa":31,"spd":31,"spe":31}},{"name":"Jirachi","species":"Jirachi","item":"choicescarf","ability":"Serene Grace","moves":["ironhead","icepunch","playrough","uturn"],"nature":"Jolly","evs":{"hp":0,"atk":252,"def":0,"spa":0,"spd":4,"spe":252},"ivs":{"hp":31,"atk":31,"def":31,"spa":31,"spd":31,"spe":31}},{"name":"Medicham","species":"Medicham","item":"medichamite","ability":"Pure Power","moves":["bulletpunch","highjumpkick","fakeout","psychocut"],"nature":"Jolly","evs":{"hp":0,"atk":252,"def":0,"spa":0,"spd":4,"spe":252},"ivs":{"hp":31,"atk":31,"def":31,"spa":31,"spd":31,"spe":31}},{"name":"Victini","species":"Victini","item":"choicescarf","ability":"Victory Star","moves":["uturn","vcreate","boltstrike","zenheadbutt"],"nature":"Jolly","evs":{"hp":0,"atk":252,"def":0,"spa":0,"spd":4,"spe":252},"ivs":{"hp":31,"atk":31,"def":31,"spa":31,"spd":31,"spe":31}}],"log":["|player|p1|valkoinen|260","|player|p2|MrNyanNyanz|mrnyannyanz.png","|gametype|singles","|gen|6","|tier|Monotype","|rated","|rule|Baton Pass Clause: Limit one Baton Passer, can't pass Spe and other stats simultaneously","|rule|Swagger Clause: Swagger is banned","|rule|Same Type Clause: Pokémon in a team must share a type","|clearpoke","|poke|p1|Tyrantrum, M, shiny","|poke|p1|Hydreigon, M","|poke|p1|Altaria, F","|poke|p1|Kyurem-Black, shiny","|poke|p1|Dragalge, M, shiny","|poke|p1|Garchomp, M, shiny","|poke|p2|Starmie","|poke|p2|Slowbro, F","|poke|p2|Mew","|poke|p2|Jirachi","|poke|p2|Medicham, M","|poke|p2|Victini","|rule|Sleep Clause Mod: Limit one foe put to sleep","|rule|Species Clause: Limit one of each Pokémon","|rule|OHKO Clause: OHKO moves are banned","|rule|Moody Clause: Moody is banned","|rule|Evasion Moves Clause: Evasion moves are banned","|rule|Endless Battle Clause: Forcing endless battles is banned","|rule|HP Percentage Mod: HP is shown in percentages","|teampreview","|","|start","|switch|p1a: Kyurem-Black|Kyurem-Black, shiny|391/391","|switch|p2a: Starmie|Starmie|261/261","|-ability|p1a: Kyurem-Black|Teravolt","|turn|1","|","|switch|p2a: Mew|Mew|404/404","|move|p1a: Kyurem-Black|Fusion Bolt|p2a: Mew","|-damage|p2a: Mew|256/404","|","|-heal|p2a: Mew|281/404|[from] item: Leftovers","|turn|2","|","|move|p1a: Kyurem-Black|Fusion Bolt|p2a: Mew","|-damage|p2a: Mew|130/404","|move|p2a: Mew|Will-O-Wisp|p1a: Kyurem-Black","|-status|p1a: Kyurem-Black|brn","|","|-heal|p2a: Mew|155/404|[from] item: Leftovers","|-damage|p1a: Kyurem-Black|343/391 brn|[from] brn","|turn|3","|","|move|p1a: Kyurem-Black|Fusion Bolt|p2a: Mew","|-damage|p2a: Mew|78/404","|move|p2a: Mew|Roost|p2a: Mew","|-heal|p2a: Mew|280/404","|","|-heal|p2a: Mew|305/404|[from] item: Leftovers","|-damage|p1a: Kyurem-Black|295/391 brn|[from] brn","|turn|4","|","|move|p1a: Kyurem-Black|Fusion Bolt|p2a: Mew","|-damage|p2a: Mew|235/404","|move|p2a: Mew|Stealth Rock|p1a: Kyurem-Black","|-sidestart|p1: valkoinen|move: Stealth Rock","|","|-heal|p2a: Mew|260/404|[from] item: Leftovers","|-damage|p1a: Kyurem-Black|247/391 brn|[from] brn","|turn|5","|","|switch|p1a: Tyrantrum|Tyrantrum, M, shiny|305/305","|-damage|p1a: Tyrantrum|267/305|[from] Stealth Rock","|move|p2a: Mew|Roost|p2a: Mew","|-heal|p2a: Mew|404/404","|","|turn|6","|","|move|p1a: Tyrantrum|Head Smash|p2a: Mew","|-damage|p2a: Mew|2/404","|move|p2a: Mew|Will-O-Wisp|p1a: Tyrantrum","|-status|p1a: Tyrantrum|brn","|","|-heal|p2a: Mew|27/404|[from] item: Leftovers","|-damage|p1a: Tyrantrum|229/305 brn|[from] brn","|turn|7","|","|switch|p2a: Slowbro|Slowbro, F|393/393","|move|p1a: Tyrantrum|Head Smash|p2a: Slowbro","|-damage|p2a: Slowbro|259/393","|-damage|p1a: Tyrantrum|179/305 brn|[from] item: Rocky Helmet|[of] p2a: Slowbro","|","|-damage|p1a: Tyrantrum|141/305 brn|[from] brn","|turn|8","|","|switch|p1a: Kyurem-Black|Kyurem-Black, shiny|247/391 brn","|-damage|p1a: Kyurem-Black|150/391 brn|[from] Stealth Rock","|-ability|p1a: Kyurem-Black|Teravolt","|move|p2a: Slowbro|Slack Off|p2a: Slowbro","|-heal|p2a: Slowbro|393/393","|","|-damage|p1a: Kyurem-Black|102/391 brn|[from] brn","|turn|9","|","|switch|p2a: Mew|Mew|27/404","|move|p1a: Kyurem-Black|Fusion Bolt|p2a: Mew","|-damage|p2a: Mew|0 fnt","|faint|p2a: Mew","|","|-damage|p1a: Kyurem-Black|54/391 brn|[from] brn","|","|switch|p2a: Medicham|Medicham, M|261/261","|turn|10","|","|detailschange|p2a: Medicham|Medicham-Mega, M","|-mega|p2a: Medicham|Medicham|Medichamite","|move|p2a: Medicham|Fake Out|p1a: Kyurem-Black","|-damage|p1a: Kyurem-Black|0 fnt","|faint|p1a: Kyurem-Black","|","|","|switch|p1a: Birb|Altaria, F|291/291","|-damage|p1a: Birb|219/291|[from] Stealth Rock","|turn|11","|","|switch|p2a: Jirachi|Jirachi|341/341","|detailschange|p1a: Birb|Altaria-Mega, F","|-mega|p1a: Birb|Altaria|Altarianite","|move|p1a: Birb|Frustration|p2a: Jirachi","|-resisted|p2a: Jirachi","|-damage|p2a: Jirachi|221/341","|","|turn|12","|","|switch|p1a: Garchomp|Garchomp, M, shiny|357/357","|-damage|p1a: Garchomp|335/357|[from] Stealth Rock","|move|p2a: Jirachi|Iron Head|p1a: Garchomp","|-damage|p1a: Garchomp|211/357","|-damage|p2a: Jirachi|179/341|[from] ability: Rough Skin|[of] p1a: Garchomp","|","|turn|13","|","|switch|p2a: Slowbro|Slowbro, F|393/393","|move|p1a: Garchomp|Fire Blast|p2a: Slowbro","|-resisted|p2a: Slowbro","|-damage|p2a: Slowbro|349/393","|","|turn|14","|","|switch|p1a: Dragalge|Dragalge, M, shiny|330/330","|-damage|p1a: Dragalge|289/330|[from] Stealth Rock","|move|p2a: Slowbro|Scald|p1a: Dragalge","|-resisted|p1a: Dragalge","|-damage|p1a: Dragalge|263/330","|","|turn|15","|","|switch|p2a: Jirachi|Jirachi|179/341","|move|p1a: Dragalge|Sludge Wave|p2a: Jirachi","|-immune|p2a: Jirachi|[msg]","|","|turn|16","|","|move|p2a: Jirachi|Iron Head|p1a: Dragalge","|-damage|p1a: Dragalge|124/330","|cant|p1a: Dragalge|flinch","|","|turn|17","|","|move|p2a: Jirachi|Iron Head|p1a: Dragalge","|-damage|p1a: Dragalge|3/330","|cant|p1a: Dragalge|flinch","|","|turn|18","|","|move|p2a: Jirachi|Iron Head|p1a: Dragalge","|-damage|p1a: Dragalge|0 fnt","|faint|p1a: Dragalge","|","|","|switch|p1a: Garchomp|Garchomp, M, shiny|211/357","|-damage|p1a: Garchomp|189/357|[from] Stealth Rock","|turn|19","|","|switch|p2a: Slowbro|Slowbro, F|393/393","|move|p1a: Garchomp|Earthquake|p2a: Slowbro","|-damage|p2a: Slowbro|278/393","|","|turn|20","|","|switch|p1a: Birb|Altaria-Mega, F|219/291","|-damage|p1a: Birb|183/291|[from] Stealth Rock","|move|p2a: Slowbro|Scald|p1a: Birb","|-resisted|p1a: Birb","|-damage|p1a: Birb|135/291","|","|turn|21","|","|move|p1a: Birb|Frustration|p2a: Slowbro","|-damage|p2a: Slowbro|124/393","|-damage|p1a: Birb|87/291|[from] item: Rocky Helmet|[of] p2a: Slowbro","|move|p2a: Slowbro|Thunder Wave|p1a: Birb","|-status|p1a: Birb|par","|","|turn|22","|","|move|p2a: Slowbro|Slack Off|p2a: Slowbro","|-heal|p2a: Slowbro|321/393","|move|p1a: Birb|Frustration|p2a: Slowbro","|-damage|p2a: Slowbro|156/393","|-damage|p1a: Birb|39/291 par|[from] item: Rocky Helmet|[of] p2a: Slowbro","|","|turn|23","|","|move|p2a: Slowbro|Slack Off|p2a: Slowbro","|-heal|p2a: Slowbro|353/393","|move|p1a: Birb|Frustration|p2a: Slowbro","|-damage|p2a: Slowbro|203/393","|-damage|p1a: Birb|0 fnt|[from] item: Rocky Helmet|[of] p2a: Slowbro","|faint|p1a: Birb","|","|","|switch|p1a: Tyrantrum|Tyrantrum, M, shiny|141/305 brn","|-damage|p1a: Tyrantrum|103/305 brn|[from] Stealth Rock","|turn|24","|","|switch|p2a: Medicham|Medicham-Mega, M|261/261","|move|p1a: Tyrantrum|Head Smash|p2a: Medicham","|-resisted|p2a: Medicham","|-damage|p2a: Medicham|139/261","|","|-damage|p1a: Tyrantrum|65/305 brn|[from] brn","|turn|25","|","|move|p2a: Medicham|Fake Out|p1a: Tyrantrum","|-resisted|p1a: Tyrantrum","|-damage|p1a: Tyrantrum|33/305 brn","|cant|p1a: Tyrantrum|flinch","|","|-damage|p1a: Tyrantrum|0 fnt|[from] brn","|faint|p1a: Tyrantrum","|","|switch|p1a: Garchomp|Garchomp, M, shiny|189/357","|-damage|p1a: Garchomp|167/357|[from] Stealth Rock","|turn|26","|","|switch|p2a: Slowbro|Slowbro, F|334/393","|move|p1a: Garchomp|Earthquake|p2a: Slowbro","|-damage|p2a: Slowbro|222/393","|","|turn|27","|","|move|p1a: Garchomp|Earthquake|p2a: Slowbro","|-damage|p2a: Slowbro|111/393","|move|p2a: Slowbro|Thunder Wave|p1a: Garchomp","|-immune|p1a: Garchomp|[msg]","|","|turn|28","|","|move|p1a: Garchomp|Earthquake|p2a: Slowbro","|-damage|p2a: Slowbro|0 fnt","|faint|p2a: Slowbro","|","|","|switch|p2a: Medicham|Medicham-Mega, M|139/261","|turn|29","|","|move|p2a: Medicham|Fake Out|p1a: Garchomp","|-damage|p1a: Garchomp|89/357","|-damage|p2a: Medicham|107/261|[from] ability: Rough Skin|[of] p1a: Garchomp","|cant|p1a: Garchomp|flinch","|","|turn|30","|","|move|p2a: Medicham|Bullet Punch|p1a: Garchomp","|-crit|p1a: Garchomp","|-damage|p1a: Garchomp|0 fnt","|-damage|p2a: Medicham|75/261|[from] ability: Rough Skin|[of] p1a: Garchomp","|faint|p1a: Garchomp","|","|","|switch|p1a: Hydreigon|Hydreigon, M|325/325","|-damage|p1a: Hydreigon|285/325|[from] Stealth Rock","|turn|31","|","|move|p2a: Medicham|Bullet Punch|p1a: Hydreigon","|-damage|p1a: Hydreigon|193/325","|move|p1a: Hydreigon|Dark Pulse|p2a: Medicham","|-damage|p2a: Medicham|0 fnt","|faint|p2a: Medicham","|","|","|switch|p2a: Victini|Victini|341/341","|turn|32","|","|move|p2a: Victini|U-turn|p1a: Hydreigon","|-supereffective|p1a: Hydreigon","|-damage|p1a: Hydreigon|35/325","|","|switch|p2a: Starmie|Starmie|261/261","|move|p1a: Hydreigon|Dark Pulse|p2a: Starmie","|-supereffective|p2a: Starmie","|-damage|p2a: Starmie|0 fnt","|faint|p2a: Starmie","|","|","|switch|p2a: Victini|Victini|341/341","|turn|33","|","|move|p2a: Victini|U-turn|p1a: Hydreigon","|-supereffective|p1a: Hydreigon","|-damage|p1a: Hydreigon|0 fnt","|faint|p1a: Hydreigon","|","|win|MrNyanNyanz"],"p1rating":{"entryid":"7209054","serverid":"eos","formatid":"monotype","userid":"valkoinen","username":"valkoinen","w":"3","l":14,"t":"0","gxe":29.6,"r":"1382.9269731152","rd":"82.657210410132","sigma":"0","rptime":"1438160400","rpr":1332.9760960296,"rprd":74.649635028333,"rpsigma":"0","acre":1019.5924078613,"lacre":1019.5924078613,"oldacre":"1031.3069092167"},"p2rating":{"entryid":"6703862","serverid":"eos","formatid":"monotype","userid":"mrnyannyanz","username":"MrNyanNyanz","w":18,"l":"14","t":"0","gxe":51.5,"r":"1542.2359024055","rd":"68.065334661196","sigma":"0","rptime":"1438160400","rpr":1511.5245525948,"rprd":60.726910452447,"rpsigma":"0","acre":1122.7144211605,"lacre":1122.7144211605,"oldacre":"1102.7864265461"},"endType":"normal"}