{"seed":[29643,25512,31473,34842],"turns":21,"p1":"Void Chrono","p2":"Guard Shadow","p1team":[{"name":"Traitor","species":"sableye","item":"sablenite","ability":"Prankster","moves":["knockoff","foulplay","recover","willowisp"],"nature":"Impish","evs":{"hp":252,"atk":4,"def":252,"spa":0,"spd":0,"spe":0},"ivs":{"hp":31,"atk":0,"def":31,"spa":31,"spd":31,"spe":31}},{"name":"Rebel","species":"umbreon","item":"leftovers","ability":"Synchronize","moves":["protect","wish","healbell","foulplay"],"nature":"Calm","evs":{"hp":252,"atk":0,"def":64,"spa":0,"spd":192,"spe":0},"ivs":{"hp":31,"atk":31,"def":31,"spa":31,"spd":31,"spe":31}},{"name":"Fugitive","species":"mandibuzz","item":"rockyhelmet","ability":"Overcoat","moves":["roost","bravebird","foulplay","defog"],"nature":"Impish","evs":{"hp":252,"atk":0,"def":252,"spa":0,"spd":4,"spe":0},"ivs":{"hp":31,"atk":31,"def":31,"spa":31,"spd":31,"spe":31}},{"name":"Defector","species":"tyranitar","item":"assaultvest","ability":"Sand Stream","moves":["stoneedge","earthquake","fireblast","icebeam"],"nature":"Sassy","evs":{"hp":192,"atk":0,"def":0,"spa":64,"spd":252,"spe":0},"ivs":{"hp":31,"atk":31,"def":31,"spa":31,"spd":31,"spe":31}},{"name":"Turncoat","species":"bisharp","item":"focussash","ability":"Defiant","moves":["swordsdance","suckerpunch","knockoff","ironhead"],"nature":"Adamant","evs":{"hp":4,"atk":252,"def":0,"spa":0,"spd":0,"spe":252},"ivs":{"hp":31,"atk":31,"def":31,"spa":31,"spd":31,"spe":31}},{"name":"Renegade","species":"drapion","item":"custapberry","ability":"Battle Armor","moves":["endure","toxicspikes","taunt","knockoff"],"nature":"Adamant","evs":{"hp":248,"atk":128,"def":64,"spa":0,"spd":68,"spe":0},"ivs":{"hp":31,"atk":31,"def":31,"spa":31,"spd":31,"spe":31}}],"p2team":[{"name":"Shadow","species":"sableye","item":"leftovers","ability":"Prankster","moves":["willowisp","taunt","recover","knockoff"],"nature":"Careful","evs":{"hp":252,"atk":4,"def":0,"spa":0,"spd":252,"spe":0},"gender":"M","ivs":{"hp":31,"atk":0,"def":31,"spa":31,"spd":31,"spe":31}},{"name":"Phantom","species":"gengar","item":"focussash","ability":"Levitate","moves":["shadowball","sludgebomb","focusblast","destinybond"],"nature":"Timid","evs":{"hp":0,"atk":0,"def":0,"spa":252,"spd":4,"spe":252},"gender":"M","shiny":true,"ivs":{"hp":31,"atk":31,"def":31,"spa":31,"spd":31,"spe":31}},{"name":"Wraith","species":"golurk","item":"focussash","ability":"No Guard","moves":["dynamicpunch","stoneedge","rockpolish","stealthrock"],"nature":"Adamant","evs":{"hp":0,"atk":252,"def":0,"spa":0,"spd":4,"spe":252},"shiny":true,"ivs":{"hp":31,"atk":31,"def":31,"spa":31,"spd":31,"spe":31}},{"name":"Masamune","species":"aegislash","item":"leftovers","ability":"Stance Change","moves":["ironhead","shadowsneak","swordsdance","kingsshield"],"nature":"Adamant","evs":{"hp":252,"atk":252,"def":0,"spa":0,"spd":0,"spe":4},"gender":"M","shiny":true,"ivs":{"hp":31,"atk":31,"def":31,"spa":31,"spd":31,"spe":31}},{"name":"Inferno","species":"chandelure","item":"choicescarf","ability":"Flash Fire","moves":["fireblast","shadowball","hiddenpowerice","trick"],"nature":"Modest","evs":{"hp":0,"atk":0,"def":0,"spa":252,"spd":4,"spe":252},"gender":"M","ivs":{"hp":31,"atk":30,"def":30,"spa":31,"spd":31,"spe":31}},{"name":"Banette","species":"Banette","item":"banettite","ability":"Cursed Body","moves":["shadowsneak","gunkshot","psychup","destinybond"],"nature":"Adamant","evs":{"hp":248,"atk":252,"def":0,"spa":0,"spd":8,"spe":0},"gender":"M","ivs":{"hp":31,"atk":31,"def":31,"spa":31,"spd":31,"spe":31}}],"log":["|player|p1|Void Chrono|voidchrono.png","|player|p2|Guard Shadow|169","|gametype|singles","|gen|6","|tier|Monotype","|rated","|rule|Baton Pass Clause: Limit one Baton Passer, can't pass Spe and other stats simultaneously","|rule|Swagger Clause: Swagger is banned","|rule|Same Type Clause: Pokémon in a team must share a type","|clearpoke","|poke|p1|Sableye, F","|poke|p1|Umbreon, M","|poke|p1|Mandibuzz, F","|poke|p1|Tyranitar, M","|poke|p1|Bisharp, M","|poke|p1|Drapion, F","|poke|p2|Sableye, M","|poke|p2|Gengar, M, shiny","|poke|p2|Golurk, shiny","|poke|p2|Aegislash, M, shiny","|poke|p2|Chandelure, M","|poke|p2|Banette, M","|rule|Sleep Clause Mod: Limit one foe put to sleep","|rule|Species Clause: Limit one of each Pokémon","|rule|OHKO Clause: OHKO moves are banned","|rule|Moody Clause: Moody is banned","|rule|Evasion Moves Clause: Evasion moves are banned","|rule|Endless Battle Clause: Forcing endless battles is banned","|rule|HP Percentage Mod: HP is shown in percentages","|teampreview","|","|start","|switch|p1a: Renegade|Drapion, F|343/343","|switch|p2a: Inferno|Chandelure, M|261/261","|turn|1","|","|move|p2a: Inferno|Fire Blast|p1a: Renegade","|-damage|p1a: Renegade|82/343","|move|p1a: Renegade|Toxic Spikes|p2a: Inferno","|-sidestart|p2: Guard Shadow|move: Toxic Spikes","|","|turn|2","|-enditem|p1a: Renegade|Custap Berry|[eat]","|-activate|p1a: Renegade|Custap Berry","|","|move|p1a: Renegade|Toxic Spikes|p2a: Inferno","|-sidestart|p2: Guard Shadow|move: Toxic Spikes","|move|p2a: Inferno|Fire Blast|p1a: Renegade","|-damage|p1a: Renegade|0 fnt","|faint|p1a: Renegade","|","|","|switch|p1a: Defector|Tyranitar, M|389/389","|-weather|Sandstorm","|turn|3","|","|switch|p2a: Shadow|Sableye, M|304/304","|-status|p2a: Shadow|tox","|move|p1a: Defector|Earthquake|p2a: Shadow","|-damage|p2a: Shadow|174/304 tox","|","|-weather|Sandstorm|[upkeep]","|-damage|p2a: Shadow|155/304 tox|[from] sandstorm","|-heal|p2a: Shadow|174/304 tox|[from] item: Leftovers","|-damage|p2a: Shadow|155/304 tox|[from] psn","|turn|4","|","|switch|p1a: Traitor|Sableye, F|304/304","|move|p2a: Shadow|Will-O-Wisp|p1a: Traitor|[miss]","|-miss|p2a: Shadow|p1a: Traitor","|","|-weather|Sandstorm|[upkeep]","|-damage|p1a: Traitor|285/304|[from] sandstorm","|-damage|p2a: Shadow|136/304 tox|[from] sandstorm","|-heal|p2a: Shadow|155/304 tox|[from] item: Leftovers","|-damage|p2a: Shadow|117/304 tox|[from] psn","|turn|5","|","|switch|p2a: Banette|Banette, M|331/331","|-status|p2a: Banette|tox","|detailschange|p1a: Traitor|Sableye-Mega, F","|-mega|p1a: Traitor|Sableye|Sablenite","|move|p1a: Traitor|Knock Off|p2a: Banette","|-supereffective|p2a: Banette","|-damage|p2a: Banette|181/331 tox","|","|-weather|Sandstorm|[upkeep]","|-damage|p2a: Banette|161/331 tox|[from] sandstorm","|-damage|p1a: Traitor|266/304|[from] sandstorm","|-damage|p2a: Banette|141/331 tox|[from] psn","|turn|6","|","|detailschange|p2a: Banette|Banette-Mega, M","|-mega|p2a: Banette|Banette|Banettite","|move|p2a: Banette|Gunk Shot|p1a: Traitor|[miss]","|-miss|p2a: Banette|p1a: Traitor","|move|p1a: Traitor|Foul Play|p2a: Banette","|-supereffective|p2a: Banette","|-damage|p2a: Banette|0 fnt","|faint|p2a: Banette","|","|-weather|Sandstorm|[upkeep]","|-damage|p1a: Traitor|247/304|[from] sandstorm","|","|switch|p2a: Inferno|Chandelure, M|261/261","|-status|p2a: Inferno|tox","|turn|7","|","|switch|p1a: Rebel|Umbreon, M|394/394","|move|p2a: Inferno|Fire Blast|p1a: Rebel","|-damage|p1a: Rebel|249/394","|-status|p1a: Rebel|brn","|","|-weather|none","|-heal|p1a: Rebel|273/394 brn|[from] item: Leftovers","|-damage|p2a: Inferno|245/261 tox|[from] psn","|-damage|p1a: Rebel|224/394 brn|[from] brn","|turn|8","|","|move|p2a: Inferno|Fire Blast|p1a: Rebel","|-damage|p1a: Rebel|86/394 brn","|move|p1a: Rebel|Wish|p1a: Rebel","|","|-heal|p1a: Rebel|110/394 brn|[from] item: Leftovers","|-damage|p2a: Inferno|213/261 tox|[from] psn","|-damage|p1a: Rebel|61/394 brn|[from] brn","|turn|9","|","|switch|p2a: Masamune|Aegislash, M, shiny|324/324","|move|p1a: Rebel|Protect|p1a: Rebel","|-fail|p1a: Rebel","|","|-heal|p1a: Rebel|258/394 brn|[from] move: Wish|[wisher] Rebel","|-heal|p1a: Rebel|282/394 brn|[from] item: Leftovers","|-damage|p1a: Rebel|233/394 brn|[from] brn","|turn|10","|","|switch|p1a: Fugitive|Mandibuzz, F|424/424","|move|p2a: Masamune|Swords Dance|p2a: Masamune","|-boost|p2a: Masamune|atk|2","|","|turn|11","|","|move|p1a: Fugitive|Foul Play|p2a: Masamune","|-supereffective|p2a: Masamune","|-damage|p2a: Masamune|52/324","|-formechange|p2a: Masamune|Aegislash-Blade","|move|p2a: Masamune|Iron Head|p1a: Fugitive","|-damage|p1a: Fugitive|181/424","|-damage|p2a: Masamune|0 fnt|[from] item: Rocky Helmet|[of] p1a: Fugitive","|faint|p2a: Masamune","|","|","|switch|p2a: Inferno|Chandelure, M|213/261 tox","|turn|12","|","|switch|p1a: Defector|Tyranitar, M|389/389","|-weather|Sandstorm","|move|p2a: Inferno|Fire Blast|p1a: Defector|[miss]","|-miss|p2a: Inferno|p1a: Defector","|","|-weather|Sandstorm|[upkeep]","|-damage|p2a: Inferno|197/261 tox|[from] sandstorm","|-damage|p2a: Inferno|181/261 tox|[from] psn","|turn|13","|","|switch|p2a: Shadow|Sableye, M|117/304 tox","|move|p1a: Defector|Stone Edge|p2a: Shadow","|-damage|p2a: Shadow|0 fnt","|faint|p2a: Shadow","|","|-weather|Sandstorm|[upkeep]","|","|switch|p2a: Wraith|Golurk, shiny|319/319","|-status|p2a: Wraith|tox","|turn|14","|","|switch|p1a: Traitor|Sableye-Mega, F|247/304","|move|p2a: Wraith|Stealth Rock|p1a: Traitor","|move|p1a: Traitor|Stealth Rock|p2a: Wraith|[from]Magic Bounce","|-sidestart|p2: Guard Shadow|move: Stealth Rock","|","|-weather|Sandstorm|[upkeep]","|-damage|p1a: Traitor|228/304|[from] sandstorm","|-damage|p2a: Wraith|300/319 tox|[from] psn","|turn|15","|","|move|p2a: Wraith|Stone Edge|p1a: Traitor","|-crit|p1a: Traitor","|-damage|p1a: Traitor|101/304","|move|p1a: Traitor|Knock Off|p2a: Wraith","|-supereffective|p2a: Wraith","|-damage|p2a: Wraith|82/319 tox","|-enditem|p2a: Wraith|Focus Sash|[from] move: Knock Off|[of] p1a: Traitor","|","|-weather|Sandstorm|[upkeep]","|-damage|p1a: Traitor|82/304|[from] sandstorm","|-damage|p2a: Wraith|44/319 tox|[from] psn","|turn|16","|","|move|p2a: Wraith|Stone Edge|p1a: Traitor","|-damage|p1a: Traitor|0 fnt","|faint|p1a: Traitor","|","|-weather|none","|-damage|p2a: Wraith|0 fnt|[from] psn","|faint|p2a: Wraith","|","|switch|p2a: Inferno|Chandelure, M|181/261 tox","|switch|p1a: Rebel|Umbreon, M|233/394 brn","|-damage|p2a: Inferno|116/261 tox|[from] Stealth Rock","|turn|17","|","|move|p2a: Inferno|Trick|p1a: Rebel","|-activate|p2a: Inferno|move: Trick|[of] p1a: Rebel","|-item|p1a: Rebel|Choice Scarf|[from] move: Trick","|-item|p2a: Inferno|Leftovers|[from] move: Trick","|move|p1a: Rebel|Wish|p1a: Rebel","|","|-heal|p2a: Inferno|132/261 tox|[from] item: Leftovers","|-damage|p2a: Inferno|116/261 tox|[from] psn","|-damage|p1a: Rebel|184/394 brn|[from] brn","|turn|18","|","|switch|p1a: Defector|Tyranitar, M|389/389","|-weather|Sandstorm","|move|p2a: Inferno|Fire Blast|p1a: Defector","|-resisted|p1a: Defector","|-damage|p1a: Defector|353/389","|","|-weather|Sandstorm|[upkeep]","|-damage|p2a: Inferno|100/261 tox|[from] sandstorm","|-heal|p1a: Defector|389/389|[from] move: Wish|[wisher] Rebel","|-heal|p2a: Inferno|116/261 tox|[from] item: Leftovers","|-damage|p2a: Inferno|84/261 tox|[from] psn","|turn|19","|","|switch|p1a: Rebel|Umbreon, M|184/394 brn","|move|p2a: Inferno|Hidden Power|p1a: Rebel","|-damage|p1a: Rebel|131/394 brn","|","|-weather|Sandstorm|[upkeep]","|-damage|p2a: Inferno|68/261 tox|[from] sandstorm","|-damage|p1a: Rebel|107/394 brn|[from] sandstorm","|-heal|p2a: Inferno|84/261 tox|[from] item: Leftovers","|-damage|p2a: Inferno|36/261 tox|[from] psn","|-damage|p1a: Rebel|58/394 brn|[from] brn","|turn|20","|","|move|p2a: Inferno|Fire Blast|p1a: Rebel","|-damage|p1a: Rebel|0 fnt","|faint|p1a: Rebel","|","|-weather|Sandstorm|[upkeep]","|-damage|p2a: Inferno|20/261 tox|[from] sandstorm","|-heal|p2a: Inferno|36/261 tox|[from] item: Leftovers","|-damage|p2a: Inferno|0 fnt|[from] psn","|faint|p2a: Inferno","|","|switch|p2a: Phantom|Gengar, M, shiny|261/261","|switch|p1a: Turncoat|Bisharp, M|272/272","|-damage|p2a: Phantom|229/261|[from] Stealth Rock","|turn|21","|","|move|p2a: Phantom|Focus Blast|p1a: Turncoat|[miss]","|-miss|p2a: Phantom|p1a: Turncoat","|move|p1a: Turncoat|Knock Off|p2a: Phantom","|-crit|p2a: Phantom","|-supereffective|p2a: Phantom","|-damage|p2a: Phantom|0 fnt","|-enditem|p2a: Phantom|Focus Sash|[from] move: Knock Off|[of] p1a: Turncoat","|faint|p2a: Phantom","|","|win|Void Chrono"],"p1rating":{"entryid":"5810362","serverid":"eos","formatid":"monotype","userid":"voidchrono","username":"Void Chrono ת_תת_ת","w":124,"l":"67","t":"0","gxe":63.9,"r":"1606.347535984","rd":"28.759410712748","sigma":"0","rptime":"1438246800","rpr":1607.5941470882,"rprd":28.685252187391,"rpsigma":"0","acre":1231.5899035886,"lacre":1231.5899035886,"oldacre":"1219.2774454482"},"p2rating":{"entryid":"6072101","serverid":"eos","formatid":"monotype","userid":"guardshadow","username":"Guard Shadow","w":"15","l":21,"t":"0","gxe":39.1,"r":"1428.6747265555","rd":"62.451860745121","sigma":"0","rptime":"1438246800","rpr":1415.0165434938,"rprd":60.899715918636,"rpsigma":"0","acre":1018.1690867075,"lacre":1018.1690867075,"oldacre":"1024.9362275079"},"endType":"normal"}