{"seed":[44523,13830,21188,51028],"turns":31,"p1":"Wаrden Arguѕ","p2":"Diamond Jax","p1team":[{"name":"Sableye","species":"Sableye","item":"leftovers","ability":"Prankster","moves":["knockoff","willowisp","recover","taunt"],"nature":"Bold","evs":{"hp":228,"atk":0,"def":252,"spa":0,"spd":0,"spe":28},"gender":"M","ivs":{"hp":31,"atk":0,"def":31,"spa":31,"spd":31,"spe":31}},{"name":"Aegislash","species":"Aegislash","item":"weaknesspolicy","ability":"Stance Change","moves":["kingsshield","sacredsword","shadowball","shadowsneak"],"nature":"Lonely","evs":{"hp":0,"atk":252,"def":0,"spa":240,"spd":0,"spe":16},"gender":"M","shiny":true,"ivs":{"hp":31,"atk":31,"def":31,"spa":31,"spd":31,"spe":31}},{"name":"Jellicent","species":"Jellicent","item":"leftovers","ability":"Cursed Body","moves":["toxic","scald","recover","acidarmor"],"nature":"Calm","evs":{"hp":252,"atk":0,"def":0,"spa":0,"spd":252,"spe":4},"gender":"M","ivs":{"hp":31,"atk":0,"def":31,"spa":31,"spd":31,"spe":31},"shiny":true},{"name":"Golurk","species":"Golurk","item":"focussash","ability":"No Guard","moves":["stealthrock","stoneedge","dynamicpunch","curse"],"nature":"Adamant","evs":{"hp":0,"atk":252,"def":0,"spa":0,"spd":4,"spe":252},"shiny":true,"ivs":{"hp":31,"atk":31,"def":31,"spa":31,"spd":31,"spe":31}},{"name":"Chandelure","species":"Chandelure","item":"choicescarf","ability":"Infiltrator","moves":["flamethrower","shadowball","energyball","trick"],"nature":"Modest","evs":{"hp":0,"atk":0,"def":0,"spa":252,"spd":4,"spe":252},"gender":"F","ivs":{"hp":31,"atk":0,"def":31,"spa":31,"spd":31,"spe":31}},{"name":"Gengar","species":"Gengar","item":"focussash","ability":"Levitate","moves":["destinybond","sludgebomb","shadowball","energyball"],"nature":"Timid","evs":{"hp":0,"atk":0,"def":0,"spa":252,"spd":4,"spe":252},"gender":"F","ivs":{"hp":31,"atk":0,"def":31,"spa":31,"spd":31,"spe":31},"shiny":true}],"p2team":[{"name":"Darude","species":"hippowdon","item":"leftovers","ability":"Sand Stream","moves":["stealthrock","earthquake","slackoff","roar"],"nature":"Impish","evs":{"hp":252,"atk":4,"def":252,"spa":0,"spd":0,"spe":0},"ivs":{"hp":31,"atk":31,"def":31,"spa":31,"spd":31,"spe":31}},{"name":"War Stripes","species":"excadrill","item":"lifeorb","ability":"Sand Rush","moves":["earthquake","rockslide","ironhead","rapidspin"],"nature":"Adamant","evs":{"hp":0,"atk":252,"def":0,"spa":0,"spd":4,"spe":252},"ivs":{"hp":31,"atk":31,"def":31,"spa":31,"spd":31,"spe":31}},{"name":"Pinhead Larry","species":"landorus","item":"lifeorb","ability":"Sheer Force","moves":["earthpower","psychic","sludgewave","gravity"],"nature":"Timid","evs":{"hp":0,"atk":0,"def":0,"spa":252,"spd":4,"spe":252},"ivs":{"hp":31,"atk":31,"def":31,"spa":31,"spd":31,"spe":31}},{"name":"Safety Shark","species":"garchomp","item":"choicescarf","ability":"Sand Veil","moves":["earthquake","stoneedge","fireblast","outrage"],"nature":"Naive","evs":{"hp":0,"atk":252,"def":0,"spa":4,"spd":0,"spe":252},"ivs":{"hp":31,"atk":31,"def":31,"spa":31,"spd":31,"spe":31}},{"name":"Glazed","species":"claydol","item":"lightclay","ability":"Levitate","moves":["lightscreen","reflect","toxic","psychic"],"nature":"Calm","evs":{"hp":248,"atk":0,"def":0,"spa":8,"spd":252,"spe":0},"ivs":{"hp":31,"atk":31,"def":31,"spa":31,"spd":31,"spe":31}},{"name":"Elefante","species":"nidoking","item":"assaultvest","ability":"Sheer Force","moves":["sludgewave","earthpower","fireblast","icebeam"],"nature":"Timid","evs":{"hp":8,"atk":0,"def":0,"spa":252,"spd":0,"spe":248},"ivs":{"hp":31,"atk":31,"def":31,"spa":31,"spd":31,"spe":31}}],"log":["|player|p1|Wаrden Arguѕ|144","|player|p2|Diamond Jax|diamondjax.png","|gametype|singles","|gen|6","|tier|Monotype","|rated","|rule|Baton Pass Clause: Limit one Baton Passer, can't pass Spe and other stats simultaneously","|rule|Swagger Clause: Swagger is banned","|rule|Same Type Clause: Pokémon in a team must share a type","|clearpoke","|poke|p1|Sableye, M","|poke|p1|Aegislash, M, shiny","|poke|p1|Jellicent, M, shiny","|poke|p1|Golurk, shiny","|poke|p1|Chandelure, F","|poke|p1|Gengar, F, shiny","|poke|p2|Hippowdon, F","|poke|p2|Excadrill, F","|poke|p2|Landorus, M","|poke|p2|Garchomp, F","|poke|p2|Claydol","|poke|p2|Nidoking, M","|rule|Sleep Clause Mod: Limit one foe put to sleep","|rule|Species Clause: Limit one of each Pokémon","|rule|OHKO Clause: OHKO moves are banned","|rule|Moody Clause: Moody is banned","|rule|Evasion Moves Clause: Evasion moves are banned","|rule|Endless Battle Clause: Forcing endless battles is banned","|rule|HP Percentage Mod: HP is shown in percentages","|teampreview","|","|start","|switch|p1a: Golurk|Golurk, shiny|319/319","|switch|p2a: Darude|Hippowdon, F|420/420","|-weather|Sandstorm","|turn|1","|","|switch|p2a: Glazed|Claydol|323/323","|move|p1a: Golurk|Dynamic Punch|p2a: Glazed","|-resisted|p2a: Glazed","|-damage|p2a: Glazed|265/323","|-start|p2a: Glazed|confusion","|","|-weather|Sandstorm|[upkeep]","|turn|2","|","|move|p1a: Golurk|Stealth Rock|p2a: Glazed","|-sidestart|p2: Diamond Jax|move: Stealth Rock","|-activate|p2a: Glazed|confusion","|move|p2a: Glazed|Reflect|p2a: Glazed","|-sidestart|p2: Diamond Jax|Reflect","|","|-weather|Sandstorm|[upkeep]","|turn|3","|","|switch|p1a: Sableye|Sableye, M|298/298","|-activate|p2a: Glazed|confusion","|-damage|p2a: Glazed|243/323|[from] confusion","|","|-weather|Sandstorm|[upkeep]","|-damage|p1a: Sableye|280/298|[from] sandstorm","|-heal|p1a: Sableye|298/298|[from] item: Leftovers","|turn|4","|","|move|p1a: Sableye|Will-O-Wisp|p2a: Glazed","|-status|p2a: Glazed|brn","|-activate|p2a: Glazed|confusion","|-damage|p2a: Glazed|233/323 brn|[from] confusion","|","|-weather|Sandstorm|[upkeep]","|-damage|p1a: Sableye|280/298|[from] sandstorm","|-heal|p1a: Sableye|298/298|[from] item: Leftovers","|-damage|p2a: Glazed|193/323 brn|[from] brn","|turn|5","|","|move|p1a: Sableye|Taunt|p2a: Glazed","|-start|p2a: Glazed|move: Taunt","|cant|p2a: Glazed|move: Taunt|Toxic","|","|-weather|none","|-damage|p2a: Glazed|153/323 brn|[from] brn","|turn|6","|","|switch|p2a: Safety Shark|Garchomp, F|357/357","|-damage|p2a: Safety Shark|335/357|[from] Stealth Rock","|move|p1a: Sableye|Knock Off|p2a: Safety Shark","|-damage|p2a: Safety Shark|302/357","|-enditem|p2a: Safety Shark|Choice Scarf|[from] move: Knock Off|[of] p1a: Sableye","|","|turn|7","|","|switch|p2a: Glazed|Claydol|153/323 brn","|-damage|p2a: Glazed|133/323 brn|[from] Stealth Rock","|move|p1a: Sableye|Will-O-Wisp|p2a: Glazed|[miss]","|-miss|p1a: Sableye|p2a: Glazed","|","|-damage|p2a: Glazed|93/323 brn|[from] brn","|turn|8","|","|move|p1a: Sableye|Taunt|p2a: Glazed","|-start|p2a: Glazed|move: Taunt","|cant|p2a: Glazed|move: Taunt|Toxic","|","|-damage|p2a: Glazed|53/323 brn|[from] brn","|turn|9","|","|move|p1a: Sableye|Will-O-Wisp|p2a: Glazed","|-fail|p2a: Glazed|brn","|move|p2a: Glazed|Psychic|p1a: Sableye","|-immune|p1a: Sableye|[msg]","|","|-damage|p2a: Glazed|13/323 brn|[from] brn","|-sideend|p2: Diamond Jax|Reflect","|turn|10","|","|move|p2a: Glazed|Psychic|p1a: Sableye","|-immune|p1a: Sableye|[msg]","|move|p1a: Sableye|Knock Off|p2a: Glazed","|-supereffective|p2a: Glazed","|-damage|p2a: Glazed|0 fnt","|-enditem|p2a: Glazed|Light Clay|[from] move: Knock Off|[of] p1a: Sableye","|faint|p2a: Glazed","|","|","|switch|p2a: Darude|Hippowdon, F|420/420","|-damage|p2a: Darude|394/420|[from] Stealth Rock","|-weather|Sandstorm","|turn|11","|","|move|p1a: Sableye|Knock Off|p2a: Darude","|-damage|p2a: Darude|351/420","|-enditem|p2a: Darude|Leftovers|[from] move: Knock Off|[of] p1a: Sableye","|move|p2a: Darude|Stealth Rock|p1a: Sableye","|-sidestart|p1: Wаrden Arguѕ|move: Stealth Rock","|","|-weather|Sandstorm|[upkeep]","|-damage|p1a: Sableye|280/298|[from] sandstorm","|-heal|p1a: Sableye|298/298|[from] item: Leftovers","|turn|12","|","|move|p1a: Sableye|Will-O-Wisp|p2a: Darude","|-status|p2a: Darude|brn","|move|p2a: Darude|Earthquake|p1a: Sableye","|-damage|p1a: Sableye|242/298","|","|-weather|Sandstorm|[upkeep]","|-damage|p1a: Sableye|224/298|[from] sandstorm","|-heal|p1a: Sableye|242/298|[from] item: Leftovers","|-damage|p2a: Darude|299/420 brn|[from] brn","|turn|13","|","|move|p1a: Sableye|Knock Off|p2a: Darude","|-damage|p2a: Darude|272/420 brn","|move|p2a: Darude|Earthquake|p1a: Sableye","|-damage|p1a: Sableye|183/298","|","|-weather|Sandstorm|[upkeep]","|-damage|p1a: Sableye|165/298|[from] sandstorm","|-heal|p1a: Sableye|183/298|[from] item: Leftovers","|-damage|p2a: Darude|220/420 brn|[from] brn","|turn|14","|","|switch|p2a: War Stripes|Excadrill, F|361/361","|-damage|p2a: War Stripes|350/361|[from] Stealth Rock","|move|p1a: Sableye|Knock Off|p2a: War Stripes","|-damage|p2a: War Stripes|250/361","|-enditem|p2a: War Stripes|Life Orb|[from] move: Knock Off|[of] p1a: Sableye","|","|-weather|Sandstorm|[upkeep]","|-damage|p1a: Sableye|165/298|[from] sandstorm","|-heal|p1a: Sableye|183/298|[from] item: Leftovers","|turn|15","|","|move|p1a: Sableye|Will-O-Wisp|p2a: War Stripes|[miss]","|-miss|p1a: Sableye|p2a: War Stripes","|move|p2a: War Stripes|Earthquake|p1a: Sableye","|-crit|p1a: Sableye","|-damage|p1a: Sableye|0 fnt","|faint|p1a: Sableye","|","|-weather|none","|","|switch|p1a: Gengar|Gengar, F, shiny|261/261","|-damage|p1a: Gengar|229/261|[from] Stealth Rock","|turn|16","|","|switch|p2a: Darude|Hippowdon, F|220/420 brn","|-damage|p2a: Darude|194/420 brn|[from] Stealth Rock","|-weather|Sandstorm","|move|p1a: Gengar|Shadow Ball|p2a: Darude","|-damage|p2a: Darude|5/420 brn","|-unboost|p2a: Darude|spd|1","|","|-weather|Sandstorm|[upkeep]","|-damage|p1a: Gengar|213/261|[from] sandstorm","|-damage|p2a: Darude|0 fnt|[from] brn","|faint|p2a: Darude","|","|switch|p2a: War Stripes|Excadrill, F|250/361","|-damage|p2a: War Stripes|239/361|[from] Stealth Rock","|turn|17","|","|switch|p1a: Aegislash|Aegislash, M, shiny|261/261","|-damage|p1a: Aegislash|245/261|[from] Stealth Rock","|move|p2a: War Stripes|Iron Head|p1a: Aegislash","|-resisted|p1a: Aegislash","|-damage|p1a: Aegislash|185/261","|","|-weather|Sandstorm|[upkeep]","|turn|18","|","|move|p1a: Aegislash|King's Shield|p1a: Aegislash","|-singleturn|p1a: Aegislash|Protect","|move|p2a: War Stripes|Earthquake|p1a: Aegislash","|-activate|p1a: Aegislash|Protect","|","|-weather|Sandstorm|[upkeep]","|turn|19","|","|move|p2a: War Stripes|Earthquake|p1a: Aegislash","|-supereffective|p1a: Aegislash","|-damage|p1a: Aegislash|0 fnt","|faint|p1a: Aegislash","|","|-weather|Sandstorm|[upkeep]","|","|switch|p1a: Golurk|Golurk, shiny|319/319","|-damage|p1a: Golurk|300/319|[from] Stealth Rock","|turn|20","|","|move|p2a: War Stripes|Earthquake|p1a: Golurk","|-damage|p1a: Golurk|44/319","|move|p1a: Golurk|Dynamic Punch|p2a: War Stripes","|-supereffective|p2a: War Stripes","|-damage|p2a: War Stripes|0 fnt","|faint|p2a: War Stripes","|","|-weather|none","|","|switch|p2a: Safety Shark|Garchomp, F|302/357","|-damage|p2a: Safety Shark|280/357|[from] Stealth Rock","|turn|21","|","|move|p2a: Safety Shark|Earthquake|p1a: Golurk","|-damage|p1a: Golurk|0 fnt","|faint|p1a: Golurk","|","|","|switch|p1a: Gengar|Gengar, F, shiny|213/261","|-damage|p1a: Gengar|181/261|[from] Stealth Rock","|turn|22","|","|move|p1a: Gengar|Destiny Bond|p1a: Gengar","|-singlemove|p1a: Gengar|Destiny Bond","|move|p2a: Safety Shark|Outrage|p1a: Gengar","|-damage|p1a: Gengar|0 fnt","|faint|p1a: Gengar","|-activate|p1a: Gengar|Destiny Bond","|faint|p2a: Safety Shark","|","|","|switch|p2a: Pinhead Larry|Landorus, M|319/319","|switch|p1a: Chandelure|Chandelure, F|261/261","|-damage|p1a: Chandelure|196/261|[from] Stealth Rock","|-damage|p2a: Pinhead Larry|280/319|[from] Stealth Rock","|turn|23","|","|move|p1a: Chandelure|Trick|p2a: Pinhead Larry","|-activate|p1a: Chandelure|move: Trick|[of] p2a: Pinhead Larry","|-item|p2a: Pinhead Larry|Choice Scarf|[from] move: Trick","|-item|p1a: Chandelure|Life Orb|[from] move: Trick","|move|p2a: Pinhead Larry|Earth Power|p1a: Chandelure","|-supereffective|p1a: Chandelure","|-damage|p1a: Chandelure|0 fnt","|faint|p1a: Chandelure","|","|","|switch|p1a: Jellicent|Jellicent, M, shiny|404/404","|-damage|p1a: Jellicent|354/404|[from] Stealth Rock","|turn|24","|","|move|p2a: Pinhead Larry|Earth Power|p1a: Jellicent","|-damage|p1a: Jellicent|213/404","|move|p1a: Jellicent|Recover|p1a: Jellicent","|-heal|p1a: Jellicent|404/404","|","|turn|25","|","|move|p2a: Pinhead Larry|Earth Power|p1a: Jellicent","|-damage|p1a: Jellicent|277/404","|-start|p2a: Pinhead Larry|Disable|Earth Power","|move|p1a: Jellicent|Acid Armor|p1a: Jellicent","|-boost|p1a: Jellicent|def|2","|","|-heal|p1a: Jellicent|302/404|[from] item: Leftovers","|turn|26","|","|switch|p2a: Elefante|Nidoking, M|305/305","|-damage|p2a: Elefante|286/305|[from] Stealth Rock","|move|p1a: Jellicent|Scald|p2a: Elefante","|-supereffective|p2a: Elefante","|-damage|p2a: Elefante|158/305","|","|-heal|p1a: Jellicent|327/404|[from] item: Leftovers","|turn|27","|","|move|p2a: Elefante|Earth Power|p1a: Jellicent","|-damage|p1a: Jellicent|218/404","|-start|p2a: Elefante|Disable|Earth Power","|move|p1a: Jellicent|Recover|p1a: Jellicent","|-heal|p1a: Jellicent|404/404","|","|turn|28","|","|move|p2a: Elefante|Sludge Wave|p1a: Jellicent","|-resisted|p1a: Jellicent","|-damage|p1a: Jellicent|349/404","|move|p1a: Jellicent|Scald|p2a: Elefante","|-crit|p2a: Elefante","|-supereffective|p2a: Elefante","|-damage|p2a: Elefante|0 fnt","|faint|p2a: Elefante","|","|-heal|p1a: Jellicent|374/404|[from] item: Leftovers","|","|switch|p2a: Pinhead Larry|Landorus, M|280/319","|-damage|p2a: Pinhead Larry|241/319|[from] Stealth Rock","|turn|29","|","|move|p2a: Pinhead Larry|Earth Power|p1a: Jellicent","|-damage|p1a: Jellicent|251/404","|move|p1a: Jellicent|Recover|p1a: Jellicent","|-heal|p1a: Jellicent|404/404","|","|turn|30","|","|move|p2a: Pinhead Larry|Earth Power|p1a: Jellicent","|-damage|p1a: Jellicent|271/404","|move|p1a: Jellicent|Scald|p2a: Pinhead Larry","|-supereffective|p2a: Pinhead Larry","|-damage|p2a: Pinhead Larry|59/319","|-status|p2a: Pinhead Larry|brn","|","|-heal|p1a: Jellicent|296/404|[from] item: Leftovers","|-damage|p2a: Pinhead Larry|20/319 brn|[from] brn","|turn|31","|","|move|p2a: Pinhead Larry|Earth Power|p1a: Jellicent","|-damage|p1a: Jellicent|169/404","|move|p1a: Jellicent|Recover|p1a: Jellicent","|-heal|p1a: Jellicent|371/404","|","|-heal|p1a: Jellicent|396/404|[from] item: Leftovers","|-damage|p2a: Pinhead Larry|0 fnt|[from] brn","|faint|p2a: Pinhead Larry","|","|win|Wаrden Arguѕ"],"p1rating":{"entryid":"7252450","serverid":"eos","formatid":"monotype","userid":"wrdenargu","username":"Wаrden Arguѕ","w":37,"l":"7","t":"0","gxe":77.5,"r":"1734.3716784252","rd":"56.692445093201","sigma":"0","rptime":"1438246800","rpr":1735.2217790693,"rprd":52.883659680673,"rpsigma":"0","acre":1395.3793931665,"lacre":1395.3793931665,"oldacre":"1379.0673458527"},"p2rating":{"entryid":"6934379","serverid":"eos","formatid":"monotype","userid":"diamondjax","username":"Diamond Jax","w":"56","l":26,"t":"0","gxe":65,"r":"1620.7298949532","rd":"40.636450312004","sigma":"0","rptime":"1438246800","rpr":1617.5461360128,"rprd":40.395456828736,"rpsigma":"0","acre":1297.9476767506,"lacre":1297.9476767506,"oldacre":"1314.2597240644"},"endType":"normal"}