{"seed":[13284,750,11430,62903],"turns":20,"p1":"opal boltrider","p2":"Seductive Weavile","p1team":[{"name":"Cloyster","species":"Cloyster","item":"focussash","ability":"Skill Link","moves":["explosion","shellsmash","iciclespear","rockblast"],"nature":"Careful","evs":{"hp":0,"atk":156,"def":0,"spa":0,"spd":100,"spe":252},"gender":"F","ivs":{"hp":31,"atk":31,"def":31,"spa":31,"spd":31,"spe":31}},{"name":"Slowking","species":"Slowking","item":"assaultvest","ability":"Regenerator","moves":["flamethrower","psyshock","scald","focusblast"],"nature":"Modest","evs":{"hp":0,"atk":0,"def":136,"spa":252,"spd":120,"spe":0},"gender":"M","ivs":{"hp":31,"atk":31,"def":31,"spa":31,"spd":31,"spe":31}},{"name":"Swampert","species":"Swampert","item":"swampertite","ability":"Torrent","moves":["earthquake","refresh","waterfall","icepunch"],"nature":"","gender":"F","evs":{"hp":0,"atk":0,"def":0,"spa":0,"spd":0,"spe":0},"ivs":{"hp":31,"atk":31,"def":31,"spa":31,"spd":31,"spe":31}},{"name":"Tentacruel","species":"Tentacruel","item":"blacksludge","ability":"Liquid Ooze","moves":["toxicspikes","scald","rapidspin","sludgebomb"],"nature":"Modest","evs":{"hp":0,"atk":0,"def":152,"spa":156,"spd":0,"spe":200},"gender":"M","ivs":{"hp":31,"atk":31,"def":31,"spa":31,"spd":31,"spe":31}},{"name":"Azumarill","species":"Azumarill","item":"sitrusberry","ability":"Huge Power","moves":["aquajet","knockoff","playrough","bellydrum"],"nature":"Adamant","evs":{"hp":0,"atk":160,"def":92,"spa":0,"spd":116,"spe":140},"gender":"F","ivs":{"hp":31,"atk":31,"def":31,"spa":31,"spd":31,"spe":31}},{"name":"Keldeo","species":"Keldeo","item":"choicespecs","ability":"Justified","moves":["secretsword","hydropump","hiddenpowerelectric","icywind"],"nature":"Modest","evs":{"hp":0,"atk":0,"def":100,"spa":5,"spd":100,"spe":252},"ivs":{"hp":31,"atk":31,"def":31,"spa":30,"spd":31,"spe":31}}],"p2team":[{"name":"Seductive Weavile","species":"weavile","item":"lifeorb","ability":"Pressure","moves":["fakeout","knockoff","iciclecrash","lowkick"],"nature":"Jolly","evs":{"hp":0,"atk":252,"def":0,"spa":0,"spd":4,"spe":252},"ivs":{"hp":31,"atk":31,"def":31,"spa":31,"spd":31,"spe":31}},{"name":"Seductive Sableye","species":"sableye","item":"sablenite","ability":"Prankster","moves":["willowisp","recover","calmmind","darkpulse"],"nature":"Bold","evs":{"hp":248,"atk":0,"def":252,"spa":8,"spd":0,"spe":0},"ivs":{"hp":31,"atk":31,"def":31,"spa":31,"spd":31,"spe":31}},{"name":"Cutting Edge","species":"bisharp","item":"lifeorb","ability":"Defiant","moves":["ironhead","suckerpunch","knockoff","lowsweep"],"nature":"Jolly","evs":{"hp":0,"atk":252,"def":0,"spa":0,"spd":4,"spe":252},"ivs":{"hp":31,"atk":31,"def":31,"spa":31,"spd":31,"spe":31}},{"name":"Schrodinger's Cat","species":"umbreon","item":"leftovers","ability":"Synchronize","moves":["curse","payback","healbell","moonlight"],"nature":"Careful","evs":{"hp":252,"atk":4,"def":0,"spa":0,"spd":252,"spe":0},"ivs":{"hp":31,"atk":31,"def":31,"spa":31,"spd":31,"spe":31}},{"name":"Very Sharpedo","species":"sharpedo","item":"lifeorb","ability":"Speed Boost","moves":["protect","aquajet","hydropump","icebeam"],"nature":"Hasty","evs":{"hp":0,"atk":4,"def":0,"spa":252,"spd":0,"spe":252},"ivs":{"hp":31,"atk":31,"def":31,"spa":31,"spd":31,"spe":31}},{"name":"Highdreigon","species":"hydreigon","item":"choicescarf","ability":"Levitate","moves":["dracometeor","flamethrower","flashcannon","earthpower"],"nature":"Timid","evs":{"hp":0,"atk":0,"def":0,"spa":252,"spd":4,"spe":252},"ivs":{"hp":31,"atk":31,"def":31,"spa":31,"spd":31,"spe":31}}],"log":["|player|p1|opal boltrider|93","|player|p2|Seductive Weavile|53","|gametype|singles","|gen|6","|tier|Monotype","|rated","|rule|Baton Pass Clause: Limit one Baton Passer, can't pass Spe and other stats simultaneously","|rule|Swagger Clause: Swagger is banned","|rule|Same Type Clause: Pokémon in a team must share a type","|clearpoke","|poke|p1|Cloyster, F","|poke|p1|Slowking, M","|poke|p1|Swampert, F","|poke|p1|Tentacruel, M","|poke|p1|Azumarill, F","|poke|p1|Keldeo","|poke|p2|Weavile, F","|poke|p2|Sableye, F","|poke|p2|Bisharp, M","|poke|p2|Umbreon, F","|poke|p2|Sharpedo, F","|poke|p2|Hydreigon, M","|rule|Sleep Clause Mod: Limit one foe put to sleep","|rule|Species Clause: Limit one of each Pokémon","|rule|OHKO Clause: OHKO moves are banned","|rule|Moody Clause: Moody is banned","|rule|Evasion Moves Clause: Evasion moves are banned","|rule|Endless Battle Clause: Forcing endless battles is banned","|rule|HP Percentage Mod: HP is shown in percentages","|teampreview","|","|start","|switch|p1a: Cloyster|Cloyster, F|241/241","|switch|p2a: Cutting Edge|Bisharp, M|271/271","|turn|1","|","|switch|p1a: Swampert|Swampert, F|341/341","|move|p2a: Cutting Edge|Low Sweep|p1a: Swampert","|-damage|p1a: Swampert|224/341","|-unboost|p1a: Swampert|spe|1","|-damage|p2a: Cutting Edge|244/271|[from] item: Life Orb","|","|turn|2","|","|switch|p2a: Highdreigon|Hydreigon, M|325/325","|detailschange|p1a: Swampert|Swampert-Mega, F","|-mega|p1a: Swampert|Swampert|Swampertite","|move|p1a: Swampert|Earthquake|p2a: Highdreigon","|-immune|p2a: Highdreigon|[msg]","|","|turn|3","|","|move|p2a: Highdreigon|Flash Cannon|p1a: Swampert","|-resisted|p1a: Swampert","|-damage|p1a: Swampert|180/341","|move|p1a: Swampert|Ice Punch|p2a: Highdreigon","|-supereffective|p2a: Highdreigon","|-damage|p2a: Highdreigon|139/325","|-status|p2a: Highdreigon|frz","|","|turn|4","|","|cant|p2a: Highdreigon|frz","|move|p1a: Swampert|Ice Punch|p2a: Highdreigon","|-supereffective|p2a: Highdreigon","|-damage|p2a: Highdreigon|0 fnt","|faint|p2a: Highdreigon","|","|","|switch|p2a: Seductive Weavile|Weavile, F|281/281","|-ability|p2a: Seductive Weavile|Pressure","|turn|5","|","|move|p2a: Seductive Weavile|Fake Out|p1a: Swampert","|-damage|p1a: Swampert|127/341","|-damage|p2a: Seductive Weavile|253/281|[from] item: Life Orb","|cant|p1a: Swampert|flinch","|","|turn|6","|","|move|p2a: Seductive Weavile|Icicle Crash|p1a: Swampert","|-damage|p1a: Swampert|0 fnt","|-damage|p2a: Seductive Weavile|225/281|[from] item: Life Orb","|faint|p1a: Swampert","|","|","|switch|p1a: Keldeo|Keldeo|323/323","|turn|7","|","|move|p2a: Seductive Weavile|Knock Off|p1a: Keldeo","|-resisted|p1a: Keldeo","|-damage|p1a: Keldeo|210/323","|-boost|p1a: Keldeo|atk|1|[from] ability: Justified","|-enditem|p1a: Keldeo|Choice Specs|[from] move: Knock Off|[of] p2a: Seductive Weavile","|-damage|p2a: Seductive Weavile|197/281|[from] item: Life Orb","|move|p1a: Keldeo|Hydro Pump|p2a: Seductive Weavile|[miss]","|-miss|p1a: Keldeo|p2a: Seductive Weavile","|","|turn|8","|","|switch|p2a: Seductive Sableye|Sableye, F|303/303","|move|p1a: Keldeo|Hydro Pump|p2a: Seductive Sableye","|-damage|p2a: Seductive Sableye|54/303","|","|turn|9","|","|switch|p2a: Very Sharpedo|Sharpedo, F|281/281","|move|p1a: Keldeo|Hydro Pump|p2a: Very Sharpedo","|-resisted|p2a: Very Sharpedo","|-damage|p2a: Very Sharpedo|99/281","|","|turn|10","|","|move|p2a: Very Sharpedo|Hydro Pump|p1a: Keldeo","|-resisted|p1a: Keldeo","|-damage|p1a: Keldeo|109/323","|-damage|p2a: Very Sharpedo|71/281|[from] item: Life Orb","|move|p1a: Keldeo|Hydro Pump|p2a: Very Sharpedo","|-resisted|p2a: Very Sharpedo","|-damage|p2a: Very Sharpedo|0 fnt","|faint|p2a: Very Sharpedo","|","|","|switch|p2a: Seductive Weavile|Weavile, F|197/281","|-ability|p2a: Seductive Weavile|Pressure","|turn|11","|","|switch|p1a: Tentacruel|Tentacruel, M|301/301","|move|p2a: Seductive Weavile|Fake Out|p1a: Tentacruel","|-damage|p1a: Tentacruel|232/301","|-damage|p2a: Seductive Weavile|169/281|[from] item: Life Orb","|","|-heal|p1a: Tentacruel|250/301|[from] item: Black Sludge","|turn|12","|","|move|p2a: Seductive Weavile|Knock Off|p1a: Tentacruel","|-damage|p1a: Tentacruel|23/301","|-enditem|p1a: Tentacruel|Black Sludge|[from] move: Knock Off|[of] p2a: Seductive Weavile","|-damage|p2a: Seductive Weavile|141/281|[from] item: Life Orb","|move|p1a: Tentacruel|Sludge Bomb|p2a: Seductive Weavile","|-damage|p2a: Seductive Weavile|15/281","|","|turn|13","|","|move|p2a: Seductive Weavile|Knock Off|p1a: Tentacruel","|-damage|p1a: Tentacruel|0 fnt","|-damage|p2a: Seductive Weavile|0 fnt|[from] item: Life Orb","|faint|p1a: Tentacruel","|faint|p2a: Seductive Weavile","|","|","|switch|p2a: Seductive Sableye|Sableye, F|54/303","|switch|p1a: Slowking|Slowking, M|331/331","|turn|14","|","|move|p2a: Seductive Sableye|Recover|p2a: Seductive Sableye","|-heal|p2a: Seductive Sableye|206/303","|move|p1a: Slowking|Scald|p2a: Seductive Sableye","|-damage|p2a: Seductive Sableye|26/303","|","|turn|15","|","|detailschange|p2a: Seductive Sableye|Sableye-Mega, F","|-mega|p2a: Seductive Sableye|Sableye|Sablenite","|move|p2a: Seductive Sableye|Recover|p2a: Seductive Sableye","|-heal|p2a: Seductive Sableye|178/303","|move|p1a: Slowking|Scald|p2a: Seductive Sableye","|-damage|p2a: Seductive Sableye|57/303","|-status|p2a: Seductive Sableye|brn","|","|-damage|p2a: Seductive Sableye|20/303 brn|[from] brn","|turn|16","|","|move|p1a: Slowking|Scald|p2a: Seductive Sableye","|-damage|p2a: Seductive Sableye|0 fnt","|faint|p2a: Seductive Sableye","|","|","|switch|p2a: Cutting Edge|Bisharp, M|244/271","|turn|17","|","|move|p2a: Cutting Edge|Knock Off|p1a: Slowking","|-supereffective|p1a: Slowking","|-damage|p1a: Slowking|0 fnt","|-enditem|p1a: Slowking|Assault Vest|[from] move: Knock Off|[of] p2a: Cutting Edge","|-damage|p2a: Cutting Edge|217/271|[from] item: Life Orb","|faint|p1a: Slowking","|","|","|switch|p1a: Keldeo|Keldeo|109/323","|turn|18","|","|move|p2a: Cutting Edge|Sucker Punch|p1a: Keldeo","|-resisted|p1a: Keldeo","|-damage|p1a: Keldeo|23/323","|-boost|p1a: Keldeo|atk|1|[from] ability: Justified","|-damage|p2a: Cutting Edge|190/271|[from] item: Life Orb","|move|p1a: Keldeo|Secret Sword|p2a: Cutting Edge","|-supereffective|p2a: Cutting Edge","|-damage|p2a: Cutting Edge|0 fnt","|faint|p2a: Cutting Edge","|","|","|switch|p2a: Schrodinger's Cat|Umbreon, F|394/394","|turn|19","|","|move|p1a: Keldeo|Secret Sword|p2a: Schrodinger's Cat","|-supereffective|p2a: Schrodinger's Cat","|-damage|p2a: Schrodinger's Cat|130/394","|move|p2a: Schrodinger's Cat|Payback|p1a: Keldeo","|-resisted|p1a: Keldeo","|-damage|p1a: Keldeo|0 fnt","|faint|p1a: Keldeo","|","|-heal|p2a: Schrodinger's Cat|154/394|[from] item: Leftovers","|","|switch|p1a: Cloyster|Cloyster, F|241/241","|turn|20","|","|move|p1a: Cloyster|Icicle Spear|p2a: Schrodinger's Cat","|-damage|p2a: Schrodinger's Cat|124/394","|-damage|p2a: Schrodinger's Cat|94/394","|-damage|p2a: Schrodinger's Cat|63/394","|-damage|p2a: Schrodinger's Cat|32/394","|-crit|p2a: Schrodinger's Cat","|-damage|p2a: Schrodinger's Cat|0 fnt","|-hitcount|p2a: Schrodinger's Cat|5","|faint|p2a: Schrodinger's Cat","|","|win|opal boltrider"],"p1rating":{"entryid":"6940424","serverid":"eos","formatid":"monotype","userid":"opalboltrider","username":"opal boltrider","w":23,"l":"32","t":"0","gxe":41.2,"r":"1429.5395489336","rd":"49.369927553184","sigma":"0","rptime":"1438160400","rpr":1432.4988983617,"rprd":47.751564639985,"rpsigma":"0","acre":1108.6630523916,"lacre":1108.6630523916,"oldacre":"1073.9422117634"},"p2rating":{"entryid":"7250734","serverid":"eos","formatid":"monotype","userid":"seductiveweavile","username":"Seductive Weavile","w":"5","l":1,"t":"0","gxe":61.9,"r":"1500","rd":"130","sigma":"0","rptime":"1438160400","rpr":1595.069622863,"rprd":98.553562905914,"rpsigma":"0","acre":1114.7335432906,"lacre":1114.7335432906,"oldacre":"1144.7598664901"},"endType":"normal"}