{"seed":[23826,35117,36608,21823],"turns":31,"p1":"Wаrden Arguѕ","p2":"KawaiiBear","p1team":[{"name":"Sableye","species":"Sableye","item":"leftovers","ability":"Prankster","moves":["knockoff","willowisp","recover","taunt"],"nature":"Bold","evs":{"hp":228,"atk":0,"def":252,"spa":0,"spd":0,"spe":28},"gender":"M","ivs":{"hp":31,"atk":0,"def":31,"spa":31,"spd":31,"spe":31}},{"name":"Aegislash","species":"Aegislash","item":"weaknesspolicy","ability":"Stance Change","moves":["kingsshield","sacredsword","shadowball","shadowsneak"],"nature":"Lonely","evs":{"hp":0,"atk":252,"def":0,"spa":240,"spd":0,"spe":16},"gender":"M","shiny":true,"ivs":{"hp":31,"atk":31,"def":31,"spa":31,"spd":31,"spe":31}},{"name":"Jellicent","species":"Jellicent","item":"leftovers","ability":"Cursed Body","moves":["toxic","scald","recover","acidarmor"],"nature":"Calm","evs":{"hp":252,"atk":0,"def":0,"spa":0,"spd":252,"spe":4},"gender":"M","ivs":{"hp":31,"atk":0,"def":31,"spa":31,"spd":31,"spe":31},"shiny":true},{"name":"Golurk","species":"Golurk","item":"focussash","ability":"No Guard","moves":["stealthrock","stoneedge","dynamicpunch","curse"],"nature":"Adamant","evs":{"hp":0,"atk":252,"def":0,"spa":0,"spd":4,"spe":252},"shiny":true,"ivs":{"hp":31,"atk":31,"def":31,"spa":31,"spd":31,"spe":31}},{"name":"Chandelure","species":"Chandelure","item":"choicescarf","ability":"Infiltrator","moves":["flamethrower","shadowball","energyball","trick"],"nature":"Modest","evs":{"hp":0,"atk":0,"def":0,"spa":252,"spd":4,"spe":252},"gender":"F","ivs":{"hp":31,"atk":0,"def":31,"spa":31,"spd":31,"spe":31}},{"name":"Gengar","species":"Gengar","item":"focussash","ability":"Levitate","moves":["destinybond","sludgebomb","shadowball","energyball"],"nature":"Timid","evs":{"hp":0,"atk":0,"def":0,"spa":252,"spd":4,"spe":252},"gender":"F","ivs":{"hp":31,"atk":0,"def":31,"spa":31,"spd":31,"spe":31},"shiny":true}],"p2team":[{"name":"Scizor","species":"Scizor","item":"scizorite","ability":"Technician","moves":["bulletpunch","aerialace","bugbite","swordsdance"],"nature":"Adamant","evs":{"hp":248,"atk":252,"def":0,"spa":0,"spd":8,"spe":0},"ivs":{"hp":31,"atk":31,"def":31,"spa":31,"spd":31,"spe":31}},{"name":"Bisharp","species":"Bisharp","item":"lifeorb","ability":"Defiant","moves":["knockoff","suckerpunch","ironhead","lowsweep"],"nature":"Jolly","evs":{"hp":0,"atk":252,"def":0,"spa":0,"spd":4,"spe":252},"ivs":{"hp":31,"atk":31,"def":31,"spa":31,"spd":31,"spe":31}},{"name":"Empoleon","species":"Empoleon","item":"leftovers","ability":"Torrent","moves":["scald","icebeam","toxic","defog"],"nature":"Bold","evs":{"hp":252,"atk":0,"def":252,"spa":4,"spd":0,"spe":0},"ivs":{"hp":31,"atk":31,"def":31,"spa":31,"spd":31,"spe":31}},{"name":"Excadrill","species":"Excadrill","item":"choicescarf","ability":"Mold Breaker","moves":["earthquake","rockslide","ironhead","xscissor"],"nature":"Jolly","evs":{"hp":0,"atk":252,"def":0,"spa":0,"spd":4,"spe":252},"ivs":{"hp":31,"atk":31,"def":31,"spa":31,"spd":31,"spe":31}},{"name":"Heatran","species":"Heatran","item":"airballoon","ability":"Flash Fire","moves":["fireblast","stealthrock","earthpower","ancientpower"],"nature":"Modest","evs":{"hp":248,"atk":0,"def":0,"spa":252,"spd":8,"spe":0},"ivs":{"hp":31,"atk":31,"def":31,"spa":31,"spd":31,"spe":31}},{"name":"Jirachi","species":"Jirachi","item":"choicescarf","ability":"Serene Grace","moves":["ironhead","icepunch","zenheadbutt","uturn"],"nature":"Jolly","evs":{"hp":0,"atk":252,"def":0,"spa":0,"spd":4,"spe":252},"ivs":{"hp":31,"atk":31,"def":31,"spa":31,"spd":31,"spe":31}}],"log":["|player|p1|Wаrden Arguѕ|144","|player|p2|KawaiiBear|34","|gametype|singles","|gen|6","|tier|Monotype","|rated","|rule|Baton Pass Clause: Limit one Baton Passer, can't pass Spe and other stats simultaneously","|rule|Swagger Clause: Swagger is banned","|rule|Same Type Clause: Pokémon in a team must share a type","|clearpoke","|poke|p1|Sableye, M","|poke|p1|Aegislash, M, shiny","|poke|p1|Jellicent, M, shiny","|poke|p1|Golurk, shiny","|poke|p1|Chandelure, F","|poke|p1|Gengar, F, shiny","|poke|p2|Scizor, F","|poke|p2|Bisharp, F","|poke|p2|Empoleon, M","|poke|p2|Excadrill, F","|poke|p2|Heatran, F","|poke|p2|Jirachi","|rule|Sleep Clause Mod: Limit one foe put to sleep","|rule|Species Clause: Limit one of each Pokémon","|rule|OHKO Clause: OHKO moves are banned","|rule|Moody Clause: Moody is banned","|rule|Evasion Moves Clause: Evasion moves are banned","|rule|Endless Battle Clause: Forcing endless battles is banned","|rule|HP Percentage Mod: HP is shown in percentages","|teampreview","|","|start","|switch|p1a: Golurk|Golurk, shiny|319/319","|switch|p2a: Bisharp|Bisharp, F|271/271","|turn|1","|","|move|p2a: Bisharp|Knock Off|p1a: Golurk","|-supereffective|p1a: Golurk","|-enditem|p1a: Golurk|Focus Sash","|-damage|p1a: Golurk|1/319","|-damage|p2a: Bisharp|244/271|[from] item: Life Orb","|move|p1a: Golurk|Dynamic Punch|p2a: Bisharp","|-supereffective|p2a: Bisharp","|-damage|p2a: Bisharp|0 fnt","|faint|p2a: Bisharp","|","|","|switch|p2a: Empoleon|Empoleon, M|372/372","|turn|2","|","|move|p1a: Golurk|Dynamic Punch|p2a: Empoleon","|-supereffective|p2a: Empoleon","|-damage|p2a: Empoleon|192/372","|-start|p2a: Empoleon|confusion","|-activate|p2a: Empoleon|confusion","|-damage|p2a: Empoleon|173/372|[from] confusion","|","|-heal|p2a: Empoleon|196/372|[from] item: Leftovers","|turn|3","|","|move|p1a: Golurk|Dynamic Punch|p2a: Empoleon","|-supereffective|p2a: Empoleon","|-damage|p2a: Empoleon|10/372","|-end|p2a: Empoleon|confusion","|move|p2a: Empoleon|Scald|p1a: Golurk","|-supereffective|p1a: Golurk","|-damage|p1a: Golurk|0 fnt","|faint|p1a: Golurk","|","|-heal|p2a: Empoleon|33/372|[from] item: Leftovers","|","|switch|p1a: Gengar|Gengar, F, shiny|261/261","|turn|4","|","|move|p1a: Gengar|Shadow Ball|p2a: Empoleon","|-damage|p2a: Empoleon|0 fnt","|faint|p2a: Empoleon","|","|","|switch|p2a: Excadrill|Excadrill, F|361/361","|-ability|p2a: Excadrill|Mold Breaker","|turn|5","|","|move|p2a: Excadrill|Earthquake|p1a: Gengar","|-supereffective|p1a: Gengar","|-enditem|p1a: Gengar|Focus Sash","|-damage|p1a: Gengar|1/261","|move|p1a: Gengar|Shadow Ball|p2a: Excadrill","|-damage|p2a: Excadrill|154/361","|","|turn|6","|","|move|p2a: Excadrill|Earthquake|p1a: Gengar","|-supereffective|p1a: Gengar","|-damage|p1a: Gengar|0 fnt","|faint|p1a: Gengar","|","|","|switch|p1a: Sableye|Sableye, M|298/298","|turn|7","|","|switch|p2a: Heatran|Heatran, F|385/385","|-item|p2a: Heatran|Air Balloon","|move|p1a: Sableye|Knock Off|p2a: Heatran","|-damage|p2a: Heatran|318/385","|-enditem|p2a: Heatran|Air Balloon","|","|turn|8","|","|switch|p1a: Jellicent|Jellicent, M, shiny|404/404","|move|p2a: Heatran|Stealth Rock|p1a: Jellicent","|-sidestart|p1: Wаrden Arguѕ|move: Stealth Rock","|","|turn|9","|","|switch|p2a: Jirachi|Jirachi|341/341","|move|p1a: Jellicent|Acid Armor|p1a: Jellicent","|-boost|p1a: Jellicent|def|2","|","|turn|10","|","|move|p2a: Jirachi|Iron Head|p1a: Jellicent","|-resisted|p1a: Jellicent","|-damage|p1a: Jellicent|364/404","|-start|p2a: Jirachi|Disable|Iron Head","|cant|p1a: Jellicent|flinch","|","|-heal|p1a: Jellicent|389/404|[from] item: Leftovers","|turn|11","|","|switch|p2a: Scizor|Scizor, F|343/343","|move|p1a: Jellicent|Scald|p2a: Scizor","|-damage|p2a: Scizor|250/343","|-status|p2a: Scizor|brn","|","|-heal|p1a: Jellicent|404/404|[from] item: Leftovers","|-damage|p2a: Scizor|208/343 brn|[from] brn","|turn|12","|","|switch|p1a: Aegislash|Aegislash, M, shiny|261/261","|-damage|p1a: Aegislash|245/261|[from] Stealth Rock","|detailschange|p2a: Scizor|Scizor-Mega, F","|-mega|p2a: Scizor|Scizor|Scizorite","|move|p2a: Scizor|Swords Dance|p2a: Scizor","|-boost|p2a: Scizor|atk|2","|","|-damage|p2a: Scizor|166/343 brn|[from] brn","|turn|13","|","|move|p2a: Scizor|Bug Bite|p1a: Aegislash","|-resisted|p1a: Aegislash","|-damage|p1a: Aegislash|205/261","|-formechange|p1a: Aegislash|Aegislash-Blade","|move|p1a: Aegislash|Shadow Ball|p2a: Scizor","|-damage|p2a: Scizor|22/343 brn","|","|-damage|p2a: Scizor|0 fnt|[from] brn","|faint|p2a: Scizor","|","|switch|p2a: Excadrill|Excadrill, F|154/361","|-ability|p2a: Excadrill|Mold Breaker","|turn|14","|","|move|p1a: Aegislash|Shadow Sneak|p2a: Excadrill","|-damage|p2a: Excadrill|30/361","|move|p2a: Excadrill|Earthquake|p1a: Aegislash","|-supereffective|p1a: Aegislash","|-damage|p1a: Aegislash|0 fnt","|faint|p1a: Aegislash","|","|","|switch|p1a: Sableye|Sableye, M|298/298","|-damage|p1a: Sableye|261/298|[from] Stealth Rock","|turn|15","|","|switch|p2a: Heatran|Heatran, F|318/385","|move|p1a: Sableye|Will-O-Wisp|p2a: Heatran","|-start|p2a: Heatran|ability: Flash Fire","|","|-heal|p1a: Sableye|279/298|[from] item: Leftovers","|turn|16","|","|switch|p1a: Chandelure|Chandelure, F|261/261","|-damage|p1a: Chandelure|196/261|[from] Stealth Rock","|move|p2a: Heatran|Fire Blast|p1a: Chandelure|[miss]","|-miss|p2a: Heatran|p1a: Chandelure","|","|turn|17","|","|move|p1a: Chandelure|Trick|p2a: Heatran","|-activate|p1a: Chandelure|move: Trick|[of] p2a: Heatran","|-item|p2a: Heatran|Choice Scarf|[from] move: Trick","|move|p2a: Heatran|Earth Power|p1a: Chandelure","|-supereffective|p1a: Chandelure","|-damage|p1a: Chandelure|0 fnt","|faint|p1a: Chandelure","|","|","|switch|p1a: Jellicent|Jellicent, M, shiny|404/404","|-damage|p1a: Jellicent|354/404|[from] Stealth Rock","|turn|18","|","|-end|p2a: Heatran|ability: Flash Fire|[silent]","|switch|p2a: Jirachi|Jirachi|341/341","|move|p1a: Jellicent|Acid Armor|p1a: Jellicent","|-boost|p1a: Jellicent|def|2","|","|-heal|p1a: Jellicent|379/404|[from] item: Leftovers","|turn|19","|","|move|p2a: Jirachi|Zen Headbutt|p1a: Jellicent","|-damage|p1a: Jellicent|301/404","|-start|p2a: Jirachi|Disable|Zen Headbutt","|move|p1a: Jellicent|Scald|p2a: Jirachi","|-damage|p2a: Jirachi|265/341","|","|-heal|p1a: Jellicent|326/404|[from] item: Leftovers","|turn|20","|","|switch|p2a: Excadrill|Excadrill, F|30/361","|-ability|p2a: Excadrill|Mold Breaker","|move|p1a: Jellicent|Scald|p2a: Excadrill","|-supereffective|p2a: Excadrill","|-damage|p2a: Excadrill|0 fnt","|faint|p2a: Excadrill","|","|-heal|p1a: Jellicent|351/404|[from] item: Leftovers","|","|switch|p2a: Jirachi|Jirachi|265/341","|turn|21","|","|switch|p1a: Sableye|Sableye, M|279/298","|-damage|p1a: Sableye|242/298|[from] Stealth Rock","|move|p2a: Jirachi|Iron Head|p1a: Sableye","|-damage|p1a: Sableye|133/298","|","|-heal|p1a: Sableye|151/298|[from] item: Leftovers","|turn|22","|","|switch|p2a: Heatran|Heatran, F|318/385","|move|p1a: Sableye|Recover|p1a: Sableye","|-heal|p1a: Sableye|298/298","|","|turn|23","|","|switch|p1a: Jellicent|Jellicent, M, shiny|351/404","|-damage|p1a: Jellicent|301/404|[from] Stealth Rock","|move|p2a: Heatran|Fire Blast|p1a: Jellicent","|-resisted|p1a: Jellicent","|-damage|p1a: Jellicent|228/404","|","|-heal|p1a: Jellicent|253/404|[from] item: Leftovers","|turn|24","|","|move|p2a: Heatran|Fire Blast|p1a: Jellicent","|-resisted|p1a: Jellicent","|-damage|p1a: Jellicent|175/404","|move|p1a: Jellicent|Acid Armor|p1a: Jellicent","|-boost|p1a: Jellicent|def|2","|","|-heal|p1a: Jellicent|200/404|[from] item: Leftovers","|turn|25","|","|switch|p2a: Jirachi|Jirachi|265/341","|move|p1a: Jellicent|Recover|p1a: Jellicent","|-heal|p1a: Jellicent|402/404","|","|-heal|p1a: Jellicent|404/404|[from] item: Leftovers","|turn|26","|","|move|p2a: Jirachi|Iron Head|p1a: Jellicent","|-resisted|p1a: Jellicent","|-damage|p1a: Jellicent|362/404","|move|p1a: Jellicent|Scald|p2a: Jirachi","|-damage|p2a: Jirachi|189/341","|-status|p2a: Jirachi|brn","|","|-heal|p1a: Jellicent|387/404|[from] item: Leftovers","|-damage|p2a: Jirachi|147/341 brn|[from] brn","|turn|27","|","|move|p2a: Jirachi|Iron Head|p1a: Jellicent","|-resisted|p1a: Jellicent","|-damage|p1a: Jellicent|365/404","|move|p1a: Jellicent|Scald|p2a: Jirachi","|-damage|p2a: Jirachi|68/341 brn","|","|-heal|p1a: Jellicent|390/404|[from] item: Leftovers","|-damage|p2a: Jirachi|26/341 brn|[from] brn","|turn|28","|","|move|p2a: Jirachi|Iron Head|p1a: Jellicent","|-resisted|p1a: Jellicent","|-damage|p1a: Jellicent|369/404","|-start|p2a: Jirachi|Disable|Iron Head","|cant|p1a: Jellicent|flinch","|","|-heal|p1a: Jellicent|394/404|[from] item: Leftovers","|-damage|p2a: Jirachi|0 fnt|[from] brn","|faint|p2a: Jirachi","|","|switch|p2a: Heatran|Heatran, F|318/385","|turn|29","|","|move|p2a: Heatran|Fire Blast|p1a: Jellicent|[miss]","|-miss|p2a: Heatran|p1a: Jellicent","|move|p1a: Jellicent|Scald|p2a: Heatran","|-supereffective|p2a: Heatran","|-damage|p2a: Heatran|156/385","|","|-heal|p1a: Jellicent|404/404|[from] item: Leftovers","|turn|30","|","|move|p2a: Heatran|Fire Blast|p1a: Jellicent","|-resisted|p1a: Jellicent","|-damage|p1a: Jellicent|327/404","|move|p1a: Jellicent|Scald|p2a: Heatran","|-supereffective|p2a: Heatran","|-damage|p2a: Heatran|6/385","|","|-heal|p1a: Jellicent|352/404|[from] item: Leftovers","|turn|31","|","|move|p2a: Heatran|Fire Blast|p1a: Jellicent|[miss]","|-miss|p2a: Heatran|p1a: Jellicent","|move|p1a: Jellicent|Scald|p2a: Heatran","|-supereffective|p2a: Heatran","|-damage|p2a: Heatran|0 fnt","|faint|p2a: Heatran","|","|win|Wаrden Arguѕ"],"p1rating":{"entryid":"7252450","serverid":"eos","formatid":"monotype","userid":"wrdenargu","username":"Wаrden Arguѕ","w":20,"l":"5","t":"0","gxe":72.6,"r":"1500","rd":"130","sigma":"0","rptime":"1438160400","rpr":1685.8592068161,"rprd":63.943762474848,"rpsigma":"0","acre":1278.9020495928,"lacre":1278.9020495928,"oldacre":"1270.1860595532"},"p2rating":{"entryid":7261122,"formatid":"monotype","userid":"kawaiibear","username":"KawaiiBear","r":1500,"rd":130,"sigma":0,"rpr":1459.8393856612,"rprd":122.8583080769,"rpsigma":0,"rptime":1438160400,"w":0,"l":1,"t":0,"gxe":45,"acre":1000,"lacre":1000,"oldacre":1000},"endType":"normal"}