{"seed":[41309,12541,59355,42147],"turns":50,"p1":"CTIL-Adin","p2":"sgdgh","p1team":[{"name":"Aerodactyl","species":"Aerodactyl","item":"aerodactylite","ability":"Unnerve","moves":["aerialace","honeclaws","stoneedge","earthquake"],"nature":"Jolly","evs":{"hp":0,"atk":252,"def":0,"spa":0,"spd":4,"spe":252},"ivs":{"hp":31,"atk":31,"def":31,"spa":31,"spd":31,"spe":31}},{"name":"Thundurus","species":"Thundurus","item":"leftovers","ability":"Prankster","moves":["thunderwave","hiddenpowerice","thunderbolt","focusblast"],"nature":"Timid","evs":{"hp":0,"atk":0,"def":0,"spa":252,"spd":4,"spe":252},"ivs":{"hp":31,"atk":30,"def":30,"spa":31,"spd":31,"spe":31}},{"name":"Togekiss","species":"Togekiss","item":"leftovers","ability":"Serene Grace","moves":["thunderwave","airslash","roost","defog"],"nature":"Calm","evs":{"hp":252,"atk":0,"def":0,"spa":4,"spd":252,"spe":0},"ivs":{"hp":31,"atk":31,"def":31,"spa":31,"spd":31,"spe":31}},{"name":"Landorus-Therian","species":"Landorus-Therian","item":"choicescarf","ability":"Intimidate","moves":["uturn","knockoff","stoneedge","earthquake"],"nature":"Jolly","evs":{"hp":0,"atk":252,"def":4,"spa":0,"spd":0,"spe":252},"ivs":{"hp":31,"atk":31,"def":31,"spa":31,"spd":31,"spe":31}},{"name":"Skarmory","species":"Skarmory","item":"rockyhelmet","ability":"Sturdy","moves":["stealthrock","roost","whirlwind","ironhead"],"nature":"Impish","evs":{"hp":248,"atk":0,"def":236,"spa":0,"spd":0,"spe":24},"ivs":{"hp":31,"atk":31,"def":31,"spa":31,"spd":31,"spe":31}},{"name":"Salamence","species":"Salamence","item":"choicescarf","ability":"Intimidate","moves":["dracometeor","flamethrower","hydropump","earthquake"],"nature":"Hasty","evs":{"hp":0,"atk":4,"def":0,"spa":252,"spd":0,"spe":252},"shiny":true,"ivs":{"hp":31,"atk":31,"def":31,"spa":31,"spd":31,"spe":31}}],"p2team":[{"name":"Audino","species":"Audino","item":"audinite","ability":"Regenerator","moves":["dazzlinggleam","calmmind","rest","sleeptalk"],"nature":"Bold","evs":{"hp":248,"atk":0,"def":252,"spa":8,"spd":0,"spe":0},"ivs":{"hp":31,"atk":0,"def":31,"spa":31,"spd":31,"spe":31}},{"name":"Meloetta","species":"Meloetta","item":"leftovers","ability":"Serene Grace","moves":["substitute","calmmind","psyshock","thunderbolt"],"nature":"Bold","evs":{"hp":252,"atk":0,"def":252,"spa":0,"spd":4,"spe":0},"ivs":{"hp":31,"atk":31,"def":31,"spa":31,"spd":31,"spe":31}},{"name":"Ditto","species":"Ditto","item":"choicescarf","ability":"Imposter","moves":["transform"],"nature":"Naive","evs":{"hp":252,"atk":4,"def":0,"spa":0,"spd":0,"spe":252},"happiness":0,"ivs":{"hp":31,"atk":31,"def":31,"spa":31,"spd":31,"spe":31}},{"name":"Porygon2","species":"Porygon2","item":"eviolite","ability":"Trace","moves":["discharge","foulplay","icebeam","recover"],"nature":"Bold","evs":{"hp":248,"atk":0,"def":252,"spa":0,"spd":8,"spe":0},"ivs":{"hp":31,"atk":0,"def":31,"spa":31,"spd":31,"spe":31}},{"name":"Chansey","species":"Chansey","item":"eviolite","ability":"Natural Cure","moves":["softboiled","wish","seismictoss","healbell"],"nature":"Bold","evs":{"hp":248,"atk":0,"def":252,"spa":0,"spd":8,"spe":0},"ivs":{"hp":31,"atk":31,"def":31,"spa":31,"spd":31,"spe":31}},{"name":"Staraptor","species":"Staraptor","item":"leftovers","ability":"Intimidate","moves":["bravebird","closecombat","defog","roost"],"nature":"Impish","evs":{"hp":248,"atk":8,"def":252,"spa":0,"spd":0,"spe":0},"ivs":{"hp":31,"atk":31,"def":31,"spa":31,"spd":31,"spe":31}}],"log":["|player|p1|CTIL-Adin|til4adin.png","|player|p2|sgdgh|99","|gametype|singles","|gen|6","|tier|Monotype","|rated","|rule|Baton Pass Clause: Limit one Baton Passer, can't pass Spe and other stats simultaneously","|rule|Swagger Clause: Swagger is banned","|rule|Same Type Clause: Pokémon in a team must share a type","|clearpoke","|poke|p1|Aerodactyl, F","|poke|p1|Thundurus, M","|poke|p1|Togekiss, F","|poke|p1|Landorus-Therian, M","|poke|p1|Skarmory, M","|poke|p1|Salamence, F, shiny","|poke|p2|Audino, F","|poke|p2|Meloetta","|poke|p2|Ditto","|poke|p2|Porygon2","|poke|p2|Chansey, F","|poke|p2|Staraptor, M","|rule|Sleep Clause Mod: Limit one foe put to sleep","|rule|Species Clause: Limit one of each Pokémon","|rule|OHKO Clause: OHKO moves are banned","|rule|Moody Clause: Moody is banned","|rule|Evasion Moves Clause: Evasion moves are banned","|rule|Endless Battle Clause: Forcing endless battles is banned","|rule|HP Percentage Mod: HP is shown in percentages","|teampreview","|","|start","|switch|p1a: Landorus-Therian|Landorus-Therian, M|319/319","|switch|p2a: Porygon2|Porygon2|373/373","|-ability|p1a: Landorus-Therian|Intimidate","|-unboost|p2a: Porygon2|atk|1","|-ability|p2a: Porygon2|Intimidate|[from] ability: Trace|[of] p1a: Landorus-Therian","|-ability|p2a: Porygon2|Intimidate","|-unboost|p1a: Landorus-Therian|atk|1","|turn|1","|","|move|p1a: Landorus-Therian|Knock Off|p2a: Porygon2","|-damage|p2a: Porygon2|332/373","|-enditem|p2a: Porygon2|Eviolite|[from] move: Knock Off|[of] p1a: Landorus-Therian","|move|p2a: Porygon2|Ice Beam|p1a: Landorus-Therian","|-supereffective|p1a: Landorus-Therian","|-damage|p1a: Landorus-Therian|0 fnt","|faint|p1a: Landorus-Therian","|","|","|switch|p1a: Togekiss|Togekiss, F|374/374","|turn|2","|","|switch|p2a: Chansey|Chansey, F|703/703","|move|p1a: Togekiss|Thunder Wave|p2a: Chansey","|-status|p2a: Chansey|par","|","|turn|3","|","|switch|p1a: Aerodactyl|Aerodactyl, F|301/301","|-ability|p1a: Aerodactyl|Unnerve|p2: sgdgh","|switch|p2a: Porygon2|Porygon2|332/373","|-ability|p2a: Porygon2|Unnerve|[from] ability: Trace|[of] p1a: Aerodactyl","|-ability|p2a: Porygon2|Unnerve|p1: CTIL-Adin","|","|turn|4","|","|switch|p1a: Togekiss|Togekiss, F|374/374","|move|p2a: Porygon2|Ice Beam|p1a: Togekiss","|-supereffective|p1a: Togekiss","|-damage|p1a: Togekiss|278/374","|","|-heal|p1a: Togekiss|301/374|[from] item: Leftovers","|turn|5","|","|switch|p2a: Chansey|Chansey, F|703/703","|move|p1a: Togekiss|Air Slash|p2a: Chansey","|-damage|p2a: Chansey|633/703","|","|-heal|p1a: Togekiss|324/374|[from] item: Leftovers","|turn|6","|","|move|p1a: Togekiss|Thunder Wave|p2a: Chansey","|-status|p2a: Chansey|par","|move|p2a: Chansey|Seismic Toss|p1a: Togekiss","|-damage|p1a: Togekiss|224/374","|","|-heal|p1a: Togekiss|247/374|[from] item: Leftovers","|turn|7","|","|switch|p1a: Skarmory|Skarmory, M|333/333","|switch|p2a: Meloetta|Meloetta|404/404","|","|turn|8","|","|move|p2a: Meloetta|Thunderbolt|p1a: Skarmory","|-supereffective|p1a: Skarmory","|-damage|p1a: Skarmory|111/333","|move|p1a: Skarmory|Stealth Rock|p2a: Meloetta","|-sidestart|p2: sgdgh|move: Stealth Rock","|","|turn|9","|","|switch|p1a: Thundurus|Thundurus, M|299/299","|move|p2a: Meloetta|Thunderbolt|p1a: Thundurus","|-damage|p1a: Thundurus|203/299","|","|-heal|p1a: Thundurus|221/299|[from] item: Leftovers","|turn|10","|","|switch|p2a: Chansey|Chansey, F|633/703","|-damage|p2a: Chansey|546/703|[from] Stealth Rock","|move|p1a: Thundurus|Thunder Wave|p2a: Chansey","|-status|p2a: Chansey|par","|","|-heal|p1a: Thundurus|239/299|[from] item: Leftovers","|turn|11","|","|move|p1a: Thundurus|Focus Blast|p2a: Chansey","|-supereffective|p2a: Chansey","|-damage|p2a: Chansey|360/703 par","|move|p2a: Chansey|Soft-Boiled|p2a: Chansey","|-heal|p2a: Chansey|703/703 par","|","|-heal|p1a: Thundurus|257/299|[from] item: Leftovers","|turn|12","|","|switch|p1a: Togekiss|Togekiss, F|247/374","|move|p2a: Chansey|Seismic Toss|p1a: Togekiss","|-damage|p1a: Togekiss|147/374","|","|-heal|p1a: Togekiss|170/374|[from] item: Leftovers","|turn|13","|","|move|p1a: Togekiss|Roost|p1a: Togekiss","|-heal|p1a: Togekiss|357/374","|cant|p2a: Chansey|par","|","|-heal|p1a: Togekiss|374/374|[from] item: Leftovers","|turn|14","|","|switch|p2a: Meloetta|Meloetta|404/404","|-damage|p2a: Meloetta|354/404|[from] Stealth Rock","|move|p1a: Togekiss|Air Slash|p2a: Meloetta","|-damage|p2a: Meloetta|273/404","|","|-heal|p2a: Meloetta|298/404|[from] item: Leftovers","|turn|15","|","|move|p2a: Meloetta|Substitute|p2a: Meloetta","|-start|p2a: Meloetta|Substitute","|-damage|p2a: Meloetta|197/404","|move|p1a: Togekiss|Thunder Wave|p2a: Meloetta","|-fail|p2a: Meloetta","|","|-heal|p2a: Meloetta|222/404|[from] item: Leftovers","|turn|16","|","|move|p2a: Meloetta|Calm Mind|p2a: Meloetta","|-boost|p2a: Meloetta|spa|1","|-boost|p2a: Meloetta|spd|1","|move|p1a: Togekiss|Air Slash|p2a: Meloetta","|-activate|p2a: Meloetta|Substitute|[damage]","|","|-heal|p2a: Meloetta|247/404|[from] item: Leftovers","|turn|17","|","|switch|p1a: Thundurus|Thundurus, M|257/299","|move|p2a: Meloetta|Calm Mind|p2a: Meloetta","|-boost|p2a: Meloetta|spa|1","|-boost|p2a: Meloetta|spd|1","|","|-heal|p1a: Thundurus|275/299|[from] item: Leftovers","|-heal|p2a: Meloetta|272/404|[from] item: Leftovers","|turn|18","|","|move|p1a: Thundurus|Thunderbolt|p2a: Meloetta","|-end|p2a: Meloetta|Substitute","|move|p2a: Meloetta|Substitute|p2a: Meloetta","|-start|p2a: Meloetta|Substitute","|-damage|p2a: Meloetta|171/404","|","|-heal|p1a: Thundurus|293/299|[from] item: Leftovers","|-heal|p2a: Meloetta|196/404|[from] item: Leftovers","|turn|19","|","|move|p1a: Thundurus|Thunderbolt|p2a: Meloetta","|-activate|p2a: Meloetta|Substitute|[damage]","|move|p2a: Meloetta|Calm Mind|p2a: Meloetta","|-boost|p2a: Meloetta|spa|1","|-boost|p2a: Meloetta|spd|1","|","|-heal|p1a: Thundurus|299/299|[from] item: Leftovers","|-heal|p2a: Meloetta|221/404|[from] item: Leftovers","|turn|20","|","|move|p1a: Thundurus|Thunderbolt|p2a: Meloetta","|-end|p2a: Meloetta|Substitute","|move|p2a: Meloetta|Calm Mind|p2a: Meloetta","|-boost|p2a: Meloetta|spa|1","|-boost|p2a: Meloetta|spd|1","|","|-heal|p2a: Meloetta|246/404|[from] item: Leftovers","|turn|21","|","|move|p1a: Thundurus|Thunder Wave|p2a: Meloetta","|-status|p2a: Meloetta|par","|move|p2a: Meloetta|Substitute|p2a: Meloetta","|-start|p2a: Meloetta|Substitute","|-damage|p2a: Meloetta|145/404 par","|","|-heal|p2a: Meloetta|170/404 par|[from] item: Leftovers","|turn|22","|","|move|p1a: Thundurus|Thunderbolt|p2a: Meloetta","|-activate|p2a: Meloetta|Substitute|[damage]","|move|p2a: Meloetta|Psyshock|p1a: Thundurus","|-damage|p1a: Thundurus|0 fnt","|faint|p1a: Thundurus","|","|-heal|p2a: Meloetta|195/404 par|[from] item: Leftovers","|","|switch|p1a: Skarmory|Skarmory, M|111/333","|turn|23","|","|move|p1a: Skarmory|Iron Head|p2a: Meloetta","|-end|p2a: Meloetta|Substitute","|move|p2a: Meloetta|Thunderbolt|p1a: Skarmory","|-supereffective|p1a: Skarmory","|-damage|p1a: Skarmory|0 fnt","|faint|p1a: Skarmory","|","|-heal|p2a: Meloetta|220/404 par|[from] item: Leftovers","|","|switch|p1a: Aerodactyl|Aerodactyl, F|301/301","|-ability|p1a: Aerodactyl|Unnerve|p2: sgdgh","|turn|24","|","|detailschange|p1a: Aerodactyl|Aerodactyl-Mega, F","|-mega|p1a: Aerodactyl|Aerodactyl|Aerodactylite","|move|p1a: Aerodactyl|Stone Edge|p2a: Meloetta","|-damage|p2a: Meloetta|57/404 par","|move|p2a: Meloetta|Thunderbolt|p1a: Aerodactyl","|-supereffective|p1a: Aerodactyl","|-damage|p1a: Aerodactyl|0 fnt","|faint|p1a: Aerodactyl","|","|-heal|p2a: Meloetta|82/404 par|[from] item: Leftovers","|","|switch|p1a: Salamence|Salamence, F, shiny|331/331","|-ability|p1a: Salamence|Intimidate","|-unboost|p2a: Meloetta|atk|1","|turn|25","|","|switch|p2a: Audino|Audino, F|409/409","|-damage|p2a: Audino|358/409|[from] Stealth Rock","|move|p1a: Salamence|Earthquake|p2a: Audino","|-damage|p2a: Audino|274/409","|","|turn|26","|","|switch|p1a: Togekiss|Togekiss, F|374/374","|detailschange|p2a: Audino|Audino-Mega, F","|-mega|p2a: Audino|Audino|Audinite","|move|p2a: Audino|Dazzling Gleam|p1a: Togekiss","|-damage|p1a: Togekiss|320/374","|","|-heal|p1a: Togekiss|343/374|[from] item: Leftovers","|turn|27","|","|switch|p2a: Porygon2|Porygon2|332/373","|-damage|p2a: Porygon2|286/373|[from] Stealth Rock","|-ability|p2a: Porygon2|Serene Grace|[from] ability: Trace|[of] p1a: Togekiss","|move|p1a: Togekiss|Thunder Wave|p2a: Porygon2","|-status|p2a: Porygon2|par","|","|-heal|p1a: Togekiss|366/374|[from] item: Leftovers","|turn|28","|","|move|p1a: Togekiss|Air Slash|p2a: Porygon2","|-damage|p2a: Porygon2|183/373 par","|cant|p2a: Porygon2|flinch","|","|-heal|p1a: Togekiss|374/374|[from] item: Leftovers","|turn|29","|","|move|p1a: Togekiss|Air Slash|p2a: Porygon2","|-crit|p2a: Porygon2","|-damage|p2a: Porygon2|20/373 par","|move|p2a: Porygon2|Discharge|p1a: Togekiss","|-supereffective|p1a: Togekiss","|-damage|p1a: Togekiss|284/374","|-status|p1a: Togekiss|par","|","|-heal|p1a: Togekiss|307/374 par|[from] item: Leftovers","|turn|30","|","|move|p1a: Togekiss|Air Slash|p2a: Porygon2","|-damage|p2a: Porygon2|0 fnt","|faint|p2a: Porygon2","|","|-heal|p1a: Togekiss|330/374 par|[from] item: Leftovers","|","|switch|p2a: Staraptor|Staraptor, M|373/373","|-damage|p2a: Staraptor|280/373|[from] Stealth Rock","|-ability|p2a: Staraptor|Intimidate","|-unboost|p1a: Togekiss|atk|1","|turn|31","|","|switch|p1a: Salamence|Salamence, F, shiny|331/331","|-ability|p1a: Salamence|Intimidate","|-unboost|p2a: Staraptor|atk|1","|move|p2a: Staraptor|Brave Bird|p1a: Salamence","|-damage|p1a: Salamence|186/331","|-damage|p2a: Staraptor|232/373|[from] recoil|[of] p1a: Salamence","|","|-heal|p2a: Staraptor|255/373|[from] item: Leftovers","|turn|32","|","|move|p1a: Salamence|Hydro Pump|p2a: Staraptor","|-crit|p2a: Staraptor","|-damage|p2a: Staraptor|8/373","|move|p2a: Staraptor|Defog|p1a: Salamence","|-unboost|p1a: Salamence|evasion|1","|-sideend|p2: sgdgh|Stealth Rock|[from] move: Defog|[of] p2a: Staraptor","|","|-heal|p2a: Staraptor|31/373|[from] item: Leftovers","|turn|33","|","|switch|p2a: Audino|Audino-Mega, F|274/409","|move|p1a: Salamence|Hydro Pump|p2a: Audino","|-damage|p2a: Audino|183/409","|","|turn|34","|","|switch|p1a: Togekiss|Togekiss, F|330/374 par","|move|p2a: Audino|Dazzling Gleam|p1a: Togekiss","|-damage|p1a: Togekiss|281/374 par","|","|-heal|p1a: Togekiss|304/374 par|[from] item: Leftovers","|turn|35","|","|switch|p2a: Ditto|Ditto|300/300","|-transform|p2a: Ditto|p1a: Togekiss","|move|p1a: Togekiss|Thunder Wave|p2a: Ditto","|-status|p2a: Ditto|par","|","|-heal|p1a: Togekiss|327/374 par|[from] item: Leftovers","|turn|36","|","|switch|p2a: Chansey|Chansey, F|703/703","|move|p1a: Togekiss|Air Slash|p2a: Chansey","|-damage|p2a: Chansey|642/703","|","|-heal|p1a: Togekiss|350/374 par|[from] item: Leftovers","|turn|37","|","|move|p2a: Chansey|Heal Bell|p2a: Chansey","|-cureteam|p2a: Chansey|[from] move: HealBell","|cant|p1a: Togekiss|par","|","|-heal|p1a: Togekiss|373/374 par|[from] item: Leftovers","|turn|38","|","|move|p2a: Chansey|Wish|p2a: Chansey","|move|p1a: Togekiss|Thunder Wave|p2a: Chansey","|-status|p2a: Chansey|par","|","|-heal|p1a: Togekiss|374/374 par|[from] item: Leftovers","|turn|39","|","|switch|p2a: Meloetta|Meloetta|82/404","|move|p1a: Togekiss|Air Slash|p2a: Meloetta","|-damage|p2a: Meloetta|0 fnt","|faint|p2a: Meloetta","|","|","|switch|p2a: Staraptor|Staraptor, M|31/373","|-ability|p2a: Staraptor|Intimidate","|-unboost|p1a: Togekiss|atk|1","|turn|40","|","|move|p2a: Staraptor|Brave Bird|p1a: Togekiss","|-damage|p1a: Togekiss|209/374 par","|-damage|p2a: Staraptor|0 fnt|[from] recoil|[of] p1a: Togekiss","|faint|p2a: Staraptor","|move|p1a: Togekiss|Roost|p1a: Togekiss","|-heal|p1a: Togekiss|374/374 par","|","|","|switch|p2a: Chansey|Chansey, F|642/703","|turn|41","|","|move|p2a: Chansey|Wish|p2a: Chansey","|move|p1a: Togekiss|Thunder Wave|p2a: Chansey","|-status|p2a: Chansey|par","|","|turn|42","|","|switch|p2a: Audino|Audino-Mega, F|183/409","|move|p1a: Togekiss|Thunder Wave|p2a: Audino","|-status|p2a: Audino|par","|","|-heal|p2a: Audino|409/409 par|[from] move: Wish|[wisher] Chansey","|turn|43","|","|cant|p1a: Togekiss|par","|cant|p2a: Audino|par","|","|turn|44","|","|cant|p1a: Togekiss|par","|move|p2a: Audino|Calm Mind|p2a: Audino","|-boost|p2a: Audino|spa|1","|-boost|p2a: Audino|spd|1","|","|turn|45","|","|move|p1a: Togekiss|Air Slash|p2a: Audino","|-damage|p2a: Audino|346/409 par","|cant|p2a: Audino|flinch","|","|turn|46","|","|move|p1a: Togekiss|Air Slash|p2a: Audino|[miss]","|-miss|p1a: Togekiss|p2a: Audino","|move|p2a: Audino|Calm Mind|p2a: Audino","|-boost|p2a: Audino|spa|1","|-boost|p2a: Audino|spd|1","|","|turn|47","|","|cant|p1a: Togekiss|par","|cant|p2a: Audino|par","|","|turn|48","|","|move|p1a: Togekiss|Air Slash|p2a: Audino","|-damage|p2a: Audino|300/409 par","|move|p2a: Audino|Dazzling Gleam|p1a: Togekiss","|-damage|p1a: Togekiss|265/374 par","|","|-heal|p1a: Togekiss|288/374 par|[from] item: Leftovers","|turn|49","|","|cant|p1a: Togekiss|par","|cant|p2a: Audino|par","|","|-heal|p1a: Togekiss|311/374 par|[from] item: Leftovers","|turn|50","|","|win|CTIL-Adin"],"p1rating":{"entryid":"7232824","serverid":"eos","formatid":"monotype","userid":"ctiladin","username":"CTIL-Adin","w":3,"l":"0","t":"0","gxe":65.7,"r":1595.8839321509,"rd":116.65320324297,"sigma":"0","rptime":1438246800,"rpr":1628.3300872789,"rprd":110.93544995695,"rpsigma":"0","acre":1125.8243048091,"lacre":1125.8243048091,"oldacre":"1094.3151078536"},"p2rating":{"entryid":"7099326","serverid":"eos","formatid":"monotype","userid":"sgdgh","username":"sgdgh","w":"10","l":7,"t":"0","gxe":55.3,"r":"1575.9263271606","rd":"78.976915212992","sigma":"0","rptime":"1438246800","rpr":1540.9450470457,"rprd":75.752390397596,"rpsigma":"0","acre":1141.1116798888,"lacre":1141.1116798888,"oldacre":"1171.5815686562"},"endType":"forfeit"}