{"seed":[53123,6589,25977,2310],"turns":36,"p1":"Guard Shadow","p2":"Guard Metalyte","p1team":[{"name":"Skuntank","species":"Skuntank","item":"blacksludge","ability":"Aftermath","moves":["suckerpunch","poisonjab","fireblast","defog"],"nature":"Adamant","evs":{"hp":252,"atk":252,"def":0,"spa":4,"spd":0,"spe":0},"gender":"M","ivs":{"hp":31,"atk":31,"def":31,"spa":31,"spd":31,"spe":31}},{"name":"Gengar","species":"Gengar","item":"focussash","ability":"Levitate","moves":["shadowball","sludgebomb","focusblast","destinybond"],"nature":"Timid","evs":{"hp":0,"atk":0,"def":0,"spa":252,"spd":4,"spe":252},"gender":"M","shiny":true,"ivs":{"hp":31,"atk":31,"def":31,"spa":31,"spd":31,"spe":31}},{"name":"Toxicroak","species":"Toxicroak","item":"focussash","ability":"Dry Skin","moves":["swordsdance","drainpunch","poisonjab","suckerpunch"],"nature":"Adamant","evs":{"hp":4,"atk":252,"def":0,"spa":0,"spd":0,"spe":252},"gender":"M","ivs":{"hp":31,"atk":31,"def":31,"spa":31,"spd":31,"spe":31}},{"name":"Ariados","species":"Ariados","item":"focussash","ability":"Swarm","moves":["stickyweb","toxicspikes","suckerpunch","xscissor"],"nature":"Adamant","evs":{"hp":252,"atk":252,"def":0,"spa":0,"spd":0,"spe":4},"gender":"M","shiny":true,"ivs":{"hp":31,"atk":31,"def":31,"spa":31,"spd":31,"spe":31}},{"name":"Venusaur","species":"Venusaur","item":"venusaurite","ability":"Chlorophyll","moves":["gigadrain","sludgebomb","synthesis","leechseed"],"nature":"Modest","evs":{"hp":0,"atk":0,"def":0,"spa":252,"spd":4,"spe":252},"gender":"M","shiny":true,"ivs":{"hp":31,"atk":31,"def":31,"spa":31,"spd":31,"spe":31}},{"name":"Vileplume","species":"Vileplume","item":"blacksludge","ability":"Effect Spore","moves":["toxic","aromatherapy","gigadrain","venoshock"],"nature":"Modest","evs":{"hp":252,"atk":0,"def":0,"spa":252,"spd":4,"spe":0},"gender":"M","ivs":{"hp":31,"atk":31,"def":31,"spa":31,"spd":31,"spe":31}}],"p2team":[{"name":"Salamence","species":"Salamence","item":"leftovers","ability":"Intimidate","moves":["wish","protect","dragonclaw","defog"],"nature":"Impish","evs":{"hp":252,"atk":0,"def":252,"spa":0,"spd":0,"spe":4},"ivs":{"hp":31,"atk":31,"def":31,"spa":31,"spd":31,"spe":31}},{"name":"Goodra","species":"Goodra","item":"assaultvest","ability":"Hydration","moves":["dragonpulse","thunderbolt","icebeam","flamethrower"],"nature":"Modest","evs":{"hp":248,"atk":0,"def":0,"spa":252,"spd":8,"spe":0},"ivs":{"hp":31,"atk":31,"def":31,"spa":31,"spd":31,"spe":31}},{"name":"Dragonite","species":"Dragonite","item":"leftovers","ability":"Inner Focus","moves":["roost","dragonclaw","healbell","thunderwave"],"nature":"Bold","evs":{"hp":252,"atk":0,"def":128,"spa":0,"spd":128,"spe":0},"ivs":{"hp":31,"atk":31,"def":31,"spa":31,"spd":31,"spe":31}},{"name":"Kyurem-Black","species":"Kyurem-Black","item":"leftovers","ability":"Teravolt","moves":["roost","outrage","fusionbolt","ironhead"],"nature":"Adamant","evs":{"hp":252,"atk":252,"def":0,"spa":0,"spd":4,"spe":0},"ivs":{"hp":31,"atk":31,"def":31,"spa":31,"spd":31,"spe":31}},{"name":"Latias","species":"Latias","item":"lightclay","ability":"Levitate","moves":["reflect","lightscreen","recover","psychic"],"nature":"Timid","evs":{"hp":248,"atk":0,"def":0,"spa":8,"spd":0,"spe":252},"ivs":{"hp":31,"atk":31,"def":31,"spa":31,"spd":31,"spe":31}},{"name":"Garchomp","species":"Garchomp","item":"rockyhelmet","ability":"Rough Skin","moves":["stealthrock","dragontail","toxic","earthquake"],"nature":"Impish","evs":{"hp":252,"atk":0,"def":252,"spa":0,"spd":0,"spe":0},"ivs":{"hp":31,"atk":31,"def":31,"spa":31,"spd":31,"spe":31}}],"log":["|player|p1|Guard Shadow|169","|player|p2|Guard Metalyte|165","|gametype|singles","|gen|6","|tier|Monotype","|rated","|rule|Baton Pass Clause: Limit one Baton Passer, can't pass Spe and other stats simultaneously","|rule|Swagger Clause: Swagger is banned","|rule|Same Type Clause: Pokémon in a team must share a type","|clearpoke","|poke|p1|Skuntank, M","|poke|p1|Gengar, M, shiny","|poke|p1|Toxicroak, M","|poke|p1|Ariados, M, shiny","|poke|p1|Venusaur, M, shiny","|poke|p1|Vileplume, M","|poke|p2|Salamence, M","|poke|p2|Goodra, M","|poke|p2|Dragonite, M","|poke|p2|Kyurem-Black","|poke|p2|Latias, F","|poke|p2|Garchomp, M","|rule|Sleep Clause Mod: Limit one foe put to sleep","|rule|Species Clause: Limit one of each Pokémon","|rule|OHKO Clause: OHKO moves are banned","|rule|Moody Clause: Moody is banned","|rule|Evasion Moves Clause: Evasion moves are banned","|rule|Endless Battle Clause: Forcing endless battles is banned","|rule|HP Percentage Mod: HP is shown in percentages","|teampreview","|","|start","|switch|p1a: Ariados|Ariados, M, shiny|344/344","|switch|p2a: Salamence|Salamence, M|394/394","|-ability|p2a: Salamence|Intimidate","|-unboost|p1a: Ariados|atk|1","|turn|1","|","|move|p2a: Salamence|Dragon Claw|p1a: Ariados","|-damage|p1a: Ariados|185/344","|move|p1a: Ariados|Sticky Web|p2a: Salamence","|-sidestart|p2: Guard Metalyte|move: Sticky Web","|","|turn|2","|","|move|p2a: Salamence|Dragon Claw|p1a: Ariados","|-damage|p1a: Ariados|26/344","|move|p1a: Ariados|Toxic Spikes|p2a: Salamence","|-sidestart|p2: Guard Metalyte|move: Toxic Spikes","|","|turn|3","|","|switch|p1a: Venusaur|Venusaur, M, shiny|301/301","|move|p2a: Salamence|Defog|p1a: Venusaur","|-unboost|p1a: Venusaur|evasion|1","|-sideend|p2: Guard Metalyte|Toxic Spikes|[from] move: Defog|[of] p2a: Salamence","|-sideend|p2: Guard Metalyte|Sticky Web|[from] move: Defog|[of] p2a: Salamence","|","|turn|4","|","|switch|p2a: Latias|Latias, F|363/363","|detailschange|p1a: Venusaur|Venusaur-Mega, M, shiny","|-mega|p1a: Venusaur|Venusaur|Venusaurite","|move|p1a: Venusaur|Leech Seed|p2a: Latias","|-start|p2a: Latias|move: Leech Seed","|","|-damage|p2a: Latias|318/363|[from] Leech Seed|[of] p1a: Venusaur","|turn|5","|","|switch|p1a: Skuntank|Skuntank, M|410/410","|move|p2a: Latias|Light Screen|p2a: Latias","|-sidestart|p2: Guard Metalyte|move: Light Screen","|","|-damage|p2a: Latias|273/363|[from] Leech Seed|[of] p1a: Skuntank","|turn|6","|","|switch|p2a: Salamence|Salamence, M|394/394","|-ability|p2a: Salamence|Intimidate","|-unboost|p1a: Skuntank|atk|1","|move|p1a: Skuntank|Sucker Punch|p2a: Salamence","|-fail|p1a: Skuntank","|","|turn|7","|","|switch|p1a: Venusaur|Venusaur-Mega, M, shiny|301/301","|move|p2a: Salamence|Dragon Claw|p1a: Venusaur","|-damage|p1a: Venusaur|193/301","|","|turn|8","|","|switch|p2a: Latias|Latias, F|273/363","|move|p1a: Venusaur|Leech Seed|p2a: Latias","|-start|p2a: Latias|move: Leech Seed","|","|-damage|p2a: Latias|228/363|[from] Leech Seed|[of] p1a: Venusaur","|-heal|p1a: Venusaur|238/301|[silent]","|turn|9","|","|move|p2a: Latias|Recover|p2a: Latias","|-heal|p2a: Latias|363/363","|move|p1a: Venusaur|Sludge Bomb|p2a: Latias","|-damage|p2a: Latias|290/363","|","|-damage|p2a: Latias|245/363|[from] Leech Seed|[of] p1a: Venusaur","|-heal|p1a: Venusaur|283/301|[silent]","|turn|10","|","|move|p2a: Latias|Psychic|p1a: Venusaur","|-supereffective|p1a: Venusaur","|-damage|p1a: Venusaur|97/301","|move|p1a: Venusaur|Sludge Bomb|p2a: Latias","|-damage|p2a: Latias|178/363","|","|-damage|p2a: Latias|133/363|[from] Leech Seed|[of] p1a: Venusaur","|-heal|p1a: Venusaur|142/301|[silent]","|turn|11","|","|switch|p1a: Skuntank|Skuntank, M|410/410","|move|p2a: Latias|Psychic|p1a: Skuntank","|-immune|p1a: Skuntank|[msg]","|","|-damage|p2a: Latias|88/363|[from] Leech Seed|[of] p1a: Skuntank","|turn|12","|","|move|p2a: Latias|Recover|p2a: Latias","|-heal|p2a: Latias|270/363","|move|p1a: Skuntank|Poison Jab|p2a: Latias","|-damage|p2a: Latias|129/363","|","|-damage|p2a: Latias|84/363|[from] Leech Seed|[of] p1a: Skuntank","|-sideend|p2: Guard Metalyte|move: Light Screen","|turn|13","|","|switch|p2a: Garchomp|Garchomp, M|420/420","|move|p1a: Skuntank|Poison Jab|p2a: Garchomp","|-resisted|p2a: Garchomp","|-damage|p2a: Garchomp|374/420","|-damage|p1a: Skuntank|359/410|[from] ability: Rough Skin|[of] p2a: Garchomp","|-damage|p1a: Skuntank|291/410|[from] item: Rocky Helmet|[of] p2a: Garchomp","|","|-heal|p1a: Skuntank|316/410|[from] item: Black Sludge","|turn|14","|","|switch|p1a: Gengar|Gengar, M, shiny|261/261","|move|p2a: Garchomp|Dragon Tail|p1a: Gengar","|-damage|p1a: Gengar|134/261","|drag|p1a: Skuntank|Skuntank, M|316/410","|","|-heal|p1a: Skuntank|341/410|[from] item: Black Sludge","|turn|15","|","|move|p2a: Garchomp|Stealth Rock|p1a: Skuntank","|-sidestart|p1: Guard Shadow|move: Stealth Rock","|move|p1a: Skuntank|Poison Jab|p2a: Garchomp","|-resisted|p2a: Garchomp","|-damage|p2a: Garchomp|326/420","|-damage|p1a: Skuntank|290/410|[from] ability: Rough Skin|[of] p2a: Garchomp","|-damage|p1a: Skuntank|222/410|[from] item: Rocky Helmet|[of] p2a: Garchomp","|","|-heal|p1a: Skuntank|247/410|[from] item: Black Sludge","|turn|16","|","|move|p1a: Skuntank|Poison Jab|p2a: Garchomp","|-resisted|p2a: Garchomp","|-damage|p2a: Garchomp|283/420","|-damage|p1a: Skuntank|196/410|[from] ability: Rough Skin|[of] p2a: Garchomp","|-damage|p1a: Skuntank|128/410|[from] item: Rocky Helmet|[of] p2a: Garchomp","|-status|p2a: Garchomp|psn","|move|p2a: Garchomp|Dragon Tail|p1a: Skuntank","|-damage|p1a: Skuntank|0 fnt","|-damage|p2a: Garchomp|178/420 psn|[from] ability: Aftermath|[of] p1a: Skuntank","|faint|p1a: Skuntank","|","|-damage|p2a: Garchomp|126/420 psn|[from] psn","|","|switch|p1a: Venusaur|Venusaur-Mega, M, shiny|142/301","|-damage|p1a: Venusaur|105/301|[from] Stealth Rock","|turn|17","|","|switch|p2a: Dragonite|Dragonite, M|386/386","|move|p1a: Venusaur|Synthesis|p1a: Venusaur","|-heal|p1a: Venusaur|255/301","|","|turn|18","|","|move|p1a: Venusaur|Leech Seed|p2a: Dragonite","|-start|p2a: Dragonite|move: Leech Seed","|move|p2a: Dragonite|Thunder Wave|p1a: Venusaur","|-status|p1a: Venusaur|par","|","|-damage|p2a: Dragonite|338/386|[from] Leech Seed|[of] p1a: Venusaur","|-heal|p1a: Venusaur|301/301 par|[silent]","|turn|19","|","|move|p2a: Dragonite|Heal Bell|p2a: Dragonite","|-cureteam|p2a: Dragonite|[from] move: HealBell","|move|p1a: Venusaur|Sludge Bomb|p2a: Dragonite","|-damage|p2a: Dragonite|202/386","|-status|p2a: Dragonite|psn","|","|-heal|p2a: Dragonite|226/386 psn|[from] item: Leftovers","|-damage|p2a: Dragonite|178/386 psn|[from] Leech Seed|[of] p1a: Venusaur","|-damage|p2a: Dragonite|130/386 psn|[from] psn","|turn|20","|","|switch|p2a: Goodra|Goodra, M|383/383","|move|p1a: Venusaur|Sludge Bomb|p2a: Goodra","|-damage|p2a: Goodra|310/383","|","|turn|21","|","|move|p2a: Goodra|Dragon Pulse|p1a: Venusaur","|-damage|p1a: Venusaur|163/301 par","|move|p1a: Venusaur|Leech Seed|p2a: Goodra|[miss]","|-miss|p1a: Venusaur|p2a: Goodra","|","|turn|22","|","|move|p2a: Goodra|Dragon Pulse|p1a: Venusaur","|-damage|p1a: Venusaur|43/301 par","|cant|p1a: Venusaur|par","|","|turn|23","|","|move|p2a: Goodra|Dragon Pulse|p1a: Venusaur","|-damage|p1a: Venusaur|0 fnt","|faint|p1a: Venusaur","|","|","|switch|p1a: Ariados|Ariados, M, shiny|26/344","|-damage|p1a: Ariados|0 fnt|[from] Stealth Rock","|faint|p1a: Ariados","|","|switch|p1a: Gengar|Gengar, M, shiny|134/261","|-damage|p1a: Gengar|102/261|[from] Stealth Rock","|turn|24","|","|move|p1a: Gengar|Destiny Bond|p1a: Gengar","|-singlemove|p1a: Gengar|Destiny Bond","|move|p2a: Goodra|Dragon Pulse|p1a: Gengar","|-crit|p1a: Gengar","|-damage|p1a: Gengar|0 fnt","|faint|p1a: Gengar","|-activate|p1a: Gengar|Destiny Bond","|faint|p2a: Goodra","|","|","|switch|p2a: Dragonite|Dragonite, M|130/386 psn","|switch|p1a: Vileplume|Vileplume, M|354/354","|-damage|p1a: Vileplume|310/354|[from] Stealth Rock","|turn|25","|","|move|p2a: Dragonite|Thunder Wave|p1a: Vileplume","|-status|p1a: Vileplume|par","|cant|p1a: Vileplume|par","|","|-heal|p2a: Dragonite|154/386 psn|[from] item: Leftovers","|-heal|p1a: Vileplume|332/354 par|[from] item: Black Sludge","|-damage|p2a: Dragonite|106/386 psn|[from] psn","|turn|26","|","|move|p2a: Dragonite|Heal Bell|p2a: Dragonite","|-cureteam|p2a: Dragonite|[from] move: HealBell","|move|p1a: Vileplume|Venoshock|p2a: Dragonite","|-damage|p2a: Dragonite|6/386","|","|-heal|p2a: Dragonite|30/386|[from] item: Leftovers","|-heal|p1a: Vileplume|354/354 par|[from] item: Black Sludge","|turn|27","|","|move|p2a: Dragonite|Roost|p2a: Dragonite","|-heal|p2a: Dragonite|223/386","|move|p1a: Vileplume|Toxic|p2a: Dragonite","|-status|p2a: Dragonite|tox","|","|-heal|p2a: Dragonite|247/386 tox|[from] item: Leftovers","|-damage|p2a: Dragonite|223/386 tox|[from] psn","|turn|28","|","|switch|p2a: Garchomp|Garchomp, M|126/420","|move|p1a: Vileplume|Venoshock|p2a: Garchomp","|-resisted|p2a: Garchomp","|-damage|p2a: Garchomp|65/420","|","|turn|29","|","|move|p2a: Garchomp|Earthquake|p1a: Vileplume","|-damage|p1a: Vileplume|192/354 par","|move|p1a: Vileplume|Giga Drain|p2a: Garchomp","|-damage|p2a: Garchomp|0 fnt","|-heal|p1a: Vileplume|225/354 par|[from] drain|[of] p2a: Garchomp","|faint|p2a: Garchomp","|","|-heal|p1a: Vileplume|247/354 par|[from] item: Black Sludge","|","|switch|p2a: Latias|Latias, F|84/363","|turn|30","|","|move|p2a: Latias|Psychic|p1a: Vileplume","|-supereffective|p1a: Vileplume","|-damage|p1a: Vileplume|17/354 par","|move|p1a: Vileplume|Giga Drain|p2a: Latias","|-resisted|p2a: Latias","|-damage|p2a: Latias|36/363","|-heal|p1a: Vileplume|41/354 par|[from] drain|[of] p2a: Latias","|","|-heal|p1a: Vileplume|63/354 par|[from] item: Black Sludge","|turn|31","|","|move|p2a: Latias|Psychic|p1a: Vileplume","|-supereffective|p1a: Vileplume","|-damage|p1a: Vileplume|0 fnt","|faint|p1a: Vileplume","|","|","|switch|p1a: Toxicroak|Toxicroak, M|308/308","|-damage|p1a: Toxicroak|289/308|[from] Stealth Rock","|turn|32","|","|move|p2a: Latias|Recover|p2a: Latias","|-heal|p2a: Latias|218/363","|move|p1a: Toxicroak|Swords Dance|p1a: Toxicroak","|-boost|p1a: Toxicroak|atk|2","|","|turn|33","|","|move|p1a: Toxicroak|Sucker Punch|p2a: Latias","|-fail|p1a: Toxicroak","|move|p2a: Latias|Reflect|p2a: Latias","|-sidestart|p2: Guard Metalyte|Reflect","|","|turn|34","|","|switch|p2a: Salamence|Salamence, M|394/394","|-ability|p2a: Salamence|Intimidate","|-unboost|p1a: Toxicroak|atk|1","|move|p1a: Toxicroak|Sucker Punch|p2a: Salamence","|-fail|p1a: Toxicroak","|","|turn|35","|","|move|p1a: Toxicroak|Poison Jab|p2a: Salamence","|-damage|p2a: Salamence|310/394","|move|p2a: Salamence|Dragon Claw|p1a: Toxicroak","|-damage|p1a: Toxicroak|112/308","|","|-heal|p2a: Salamence|334/394|[from] item: Leftovers","|turn|36","|","|move|p1a: Toxicroak|Poison Jab|p2a: Salamence","|-damage|p2a: Salamence|250/394","|-status|p2a: Salamence|psn","|move|p2a: Salamence|Dragon Claw|p1a: Toxicroak","|-damage|p1a: Toxicroak|0 fnt","|faint|p1a: Toxicroak","|","|win|Guard Metalyte"],"p1rating":{"entryid":"6072101","serverid":"eos","formatid":"monotype","userid":"guardshadow","username":"Guard Shadow","w":"15","l":20,"t":"0","gxe":39.7,"r":1428.6747265555,"rd":62.451860745121,"sigma":"0","rptime":1438246800,"rpr":1420.4622743736,"rprd":61.63627758477,"rpsigma":"0","acre":1024.9362275079,"lacre":1024.9362275079,"oldacre":"1040"},"p2rating":{"entryid":"7155040","serverid":"eos","formatid":"monotype","userid":"guardmetalyte","username":"Guard Metalyte","w":2,"l":"1","t":"0","gxe":51.2,"r":1478.4422152326,"rd":118.27662447122,"sigma":"0","rptime":1438246800,"rpr":1509.2487025664,"rprd":112.28999124362,"rpsigma":"0","acre":1089.4893556196,"lacre":1089.4893556196,"oldacre":"1060.3531724408"},"endType":"normal"}