{"seed":[15116,50001,35111,65340],"turns":23,"p1":"valkoinen","p2":"Carter_Rules_All","p1team":[{"name":"Tyrantrum","species":"Tyrantrum","item":"choiceband","ability":"Rock Head","moves":["ironhead","headsmash","outrage","earthquake"],"nature":"Adamant","evs":{"hp":0,"atk":252,"def":0,"spa":0,"spd":4,"spe":252},"gender":"M","shiny":true,"ivs":{"hp":31,"atk":31,"def":31,"spa":31,"spd":31,"spe":31}},{"name":"Hydreigon","species":"Hydreigon","item":"choicescarf","ability":"Levitate","moves":["dragonpulse","darkpulse","flashcannon","fireblast"],"nature":"Timid","evs":{"hp":0,"atk":0,"def":0,"spa":252,"spd":4,"spe":252},"gender":"M","ivs":{"hp":31,"atk":31,"def":31,"spa":31,"spd":31,"spe":31}},{"name":"Birb","species":"altaria","item":"altarianite","ability":"Natural Cure","moves":["dragondance","earthquake","roost","frustration"],"nature":"Adamant","evs":{"hp":0,"atk":252,"def":0,"spa":0,"spd":4,"spe":252},"gender":"F","happiness":0,"ivs":{"hp":31,"atk":31,"def":31,"spa":31,"spd":31,"spe":31}},{"name":"Kyurem-Black","species":"Kyurem-Black","item":"choicescarf","ability":"Teravolt","moves":["outrage","fusionbolt","dragonclaw","ironhead"],"nature":"Jolly","evs":{"hp":0,"atk":252,"def":0,"spa":0,"spd":4,"spe":252},"shiny":true,"ivs":{"hp":31,"atk":31,"def":31,"spa":31,"spd":31,"spe":31}},{"name":"Dragalge","species":"Dragalge","item":"assaultvest","ability":"Adaptability","moves":["sludgewave","dragonpulse","focusblast","hiddenpowerground"],"nature":"Modest","evs":{"hp":236,"atk":0,"def":0,"spa":252,"spd":8,"spe":12},"gender":"M","ivs":{"hp":31,"atk":31,"def":31,"spa":30,"spd":30,"spe":31},"shiny":true},{"name":"Garchomp","species":"Garchomp","item":"focussash","ability":"Rough Skin","moves":["swordsdance","earthquake","dragonclaw","fireblast"],"nature":"Naive","evs":{"hp":0,"atk":252,"def":0,"spa":4,"spd":0,"spe":252},"gender":"M","shiny":true,"ivs":{"hp":31,"atk":31,"def":31,"spa":31,"spd":31,"spe":31}}],"p2team":[{"name":"Leavanny","species":"Leavanny","item":"focussash","ability":"Swarm","moves":["fellstinger","xscissor","leafblade","camouflage"],"nature":"Naive","evs":{"hp":4,"atk":252,"def":0,"spa":0,"spd":0,"spe":252},"ivs":{"hp":31,"atk":31,"def":31,"spa":31,"spd":31,"spe":31}},{"name":"Shuckle","species":"Shuckle","item":"leftovers","ability":"Sturdy","moves":["encore","toxic","substitute","infestation"],"nature":"Calm","evs":{"hp":248,"atk":0,"def":0,"spa":8,"spd":252,"spe":0},"ivs":{"hp":31,"atk":31,"def":31,"spa":31,"spd":31,"spe":31}},{"name":"Galvantula","species":"Galvantula","item":"focussash","ability":"Compound Eyes","moves":["thunder","bugbuzz","gigadrain","voltswitch"],"nature":"Timid","evs":{"hp":0,"atk":0,"def":0,"spa":252,"spd":4,"spe":252},"ivs":{"hp":31,"atk":31,"def":31,"spa":31,"spd":31,"spe":31}},{"name":"Pinsir","species":"Pinsir","item":"pinsirite","ability":"Hyper Cutter","moves":["quickattack","thrash","bulldoze","return"],"nature":"Jolly","evs":{"hp":0,"atk":252,"def":0,"spa":0,"spd":4,"spe":252},"shiny":true,"happiness":0,"ivs":{"hp":31,"atk":31,"def":31,"spa":31,"spd":31,"spe":31}},{"name":"Escavalier","species":"Escavalier","item":"airballoon","ability":"Shell Armor","moves":["drillrun","facade","poisonjab","aerialace"],"nature":"Adamant","evs":{"hp":248,"atk":252,"def":0,"spa":0,"spd":8,"spe":0},"ivs":{"hp":31,"atk":31,"def":31,"spa":31,"spd":31,"spe":31}},{"name":"Armaldo","species":"Armaldo","item":"assaultvest","ability":"Swift Swim","moves":["aquajet","earthquake","crosspoison","crushclaw"],"nature":"Adamant","evs":{"hp":0,"atk":252,"def":0,"spa":0,"spd":4,"spe":252},"ivs":{"hp":31,"atk":31,"def":31,"spa":31,"spd":31,"spe":31}}],"log":["|player|p1|valkoinen|260","|player|p2|Carter_Rules_All|101","|gametype|singles","|gen|6","|tier|Monotype","|rated","|rule|Baton Pass Clause: Limit one Baton Passer, can't pass Spe and other stats simultaneously","|rule|Swagger Clause: Swagger is banned","|rule|Same Type Clause: Pokémon in a team must share a type","|clearpoke","|poke|p1|Tyrantrum, M, shiny","|poke|p1|Hydreigon, M","|poke|p1|Altaria, F","|poke|p1|Kyurem-Black, shiny","|poke|p1|Dragalge, M, shiny","|poke|p1|Garchomp, M, shiny","|poke|p2|Leavanny, M","|poke|p2|Shuckle, F","|poke|p2|Galvantula, F","|poke|p2|Pinsir, M, shiny","|poke|p2|Escavalier, F","|poke|p2|Armaldo, M","|rule|Sleep Clause Mod: Limit one foe put to sleep","|rule|Species Clause: Limit one of each Pokémon","|rule|OHKO Clause: OHKO moves are banned","|rule|Moody Clause: Moody is banned","|rule|Evasion Moves Clause: Evasion moves are banned","|rule|Endless Battle Clause: Forcing endless battles is banned","|rule|HP Percentage Mod: HP is shown in percentages","|teampreview","|","|start","|switch|p1a: Hydreigon|Hydreigon, M|325/325","|switch|p2a: Galvantula|Galvantula, F|281/281","|turn|1","|","|move|p1a: Hydreigon|Fire Blast|p2a: Galvantula","|-supereffective|p2a: Galvantula","|-enditem|p2a: Galvantula|Focus Sash","|-damage|p2a: Galvantula|1/281","|move|p2a: Galvantula|Volt Switch|p1a: Hydreigon","|-resisted|p1a: Hydreigon","|-damage|p1a: Hydreigon|268/325","|","|switch|p2a: Armaldo|Armaldo, M|291/291","|","|turn|2","|","|move|p1a: Hydreigon|Fire Blast|p2a: Armaldo","|-crit|p2a: Armaldo","|-damage|p2a: Armaldo|144/291","|move|p2a: Armaldo|Cross Poison|p1a: Hydreigon","|-damage|p1a: Hydreigon|175/325","|","|turn|3","|","|move|p1a: Hydreigon|Fire Blast|p2a: Armaldo","|-damage|p2a: Armaldo|43/291","|move|p2a: Armaldo|Crush Claw|p1a: Hydreigon","|-damage|p1a: Hydreigon|77/325","|","|turn|4","|","|move|p2a: Armaldo|Aqua Jet|p1a: Hydreigon","|-resisted|p1a: Hydreigon","|-damage|p1a: Hydreigon|49/325","|move|p1a: Hydreigon|Fire Blast|p2a: Armaldo","|-damage|p2a: Armaldo|0 fnt","|faint|p2a: Armaldo","|","|","|switch|p2a: Shuckle|Shuckle, F|243/243","|turn|5","|","|move|p1a: Hydreigon|Fire Blast|p2a: Shuckle","|-damage|p2a: Shuckle|195/243","|move|p2a: Shuckle|Encore|p1a: Hydreigon","|-start|p1a: Hydreigon|Encore","|","|-heal|p2a: Shuckle|210/243|[from] item: Leftovers","|turn|6","|","|move|p1a: Hydreigon|Fire Blast|p2a: Shuckle","|-damage|p2a: Shuckle|159/243","|move|p2a: Shuckle|Toxic|p1a: Hydreigon","|-status|p1a: Hydreigon|tox","|","|-heal|p2a: Shuckle|174/243|[from] item: Leftovers","|-damage|p1a: Hydreigon|29/325 tox|[from] psn","|turn|7","|","|move|p1a: Hydreigon|Fire Blast|p2a: Shuckle","|-damage|p2a: Shuckle|128/243","|move|p2a: Shuckle|Substitute|p2a: Shuckle","|-start|p2a: Shuckle|Substitute","|-damage|p2a: Shuckle|68/243","|","|-heal|p2a: Shuckle|83/243|[from] item: Leftovers","|-damage|p1a: Hydreigon|0 fnt|[from] psn","|faint|p1a: Hydreigon","|","|switch|p1a: Garchomp|Garchomp, M, shiny|357/357","|turn|8","|","|move|p1a: Garchomp|Swords Dance|p1a: Garchomp","|-boost|p1a: Garchomp|atk|2","|move|p2a: Shuckle|Toxic|p1a: Garchomp","|-status|p1a: Garchomp|tox","|","|-heal|p2a: Shuckle|98/243|[from] item: Leftovers","|-damage|p1a: Garchomp|335/357 tox|[from] psn","|turn|9","|","|move|p1a: Garchomp|Dragon Claw|p2a: Shuckle","|-end|p2a: Shuckle|Substitute","|move|p2a: Shuckle|Infestation|p1a: Garchomp","|-damage|p1a: Garchomp|326/357 tox","|-damage|p2a: Shuckle|68/243|[from] ability: Rough Skin|[of] p1a: Garchomp","|-activate|p1a: Garchomp|move: Infestation|[of] p2a: Shuckle","|","|-heal|p2a: Shuckle|83/243|[from] item: Leftovers","|-damage|p1a: Garchomp|282/357 tox|[from] psn","|-damage|p1a: Garchomp|238/357 tox|[from] move: Infestation|[partiallytrapped]","|turn|10","|","|move|p1a: Garchomp|Dragon Claw|p2a: Shuckle","|-damage|p2a: Shuckle|0 fnt","|faint|p2a: Shuckle","|","|-damage|p1a: Garchomp|172/357 tox|[from] psn","|","|switch|p2a: Pinsir|Pinsir, M, shiny|271/271","|turn|11","|","|detailschange|p2a: Pinsir|Pinsir-Mega, M, shiny","|-mega|p2a: Pinsir|Pinsir|Pinsirite","|move|p1a: Garchomp|Fire Blast|p2a: Pinsir","|-supereffective|p2a: Pinsir","|-damage|p2a: Pinsir|127/271","|-status|p2a: Pinsir|brn","|move|p2a: Pinsir|Bulldoze|p1a: Garchomp","|-damage|p1a: Garchomp|129/357 tox","|-unboost|p1a: Garchomp|spe|1","|","|-damage|p2a: Pinsir|94/271 brn|[from] brn","|-damage|p1a: Garchomp|41/357 tox|[from] psn","|turn|12","|","|move|p2a: Pinsir|Bulldoze|p1a: Garchomp","|-damage|p1a: Garchomp|0 fnt","|faint|p1a: Garchomp","|","|-damage|p2a: Pinsir|61/271 brn|[from] brn","|","|switch|p1a: Dragalge|Dragalge, M, shiny|330/330","|turn|13","|","|move|p2a: Pinsir|Bulldoze|p1a: Dragalge","|-supereffective|p1a: Dragalge","|-damage|p1a: Dragalge|242/330","|-unboost|p1a: Dragalge|spe|1","|move|p1a: Dragalge|Focus Blast|p2a: Pinsir","|-resisted|p2a: Pinsir","|-damage|p2a: Pinsir|29/271 brn","|","|-damage|p2a: Pinsir|0 fnt|[from] brn","|faint|p2a: Pinsir","|","|switch|p2a: Galvantula|Galvantula, F|1/281","|turn|14","|","|move|p2a: Galvantula|Volt Switch|p1a: Dragalge","|-resisted|p1a: Dragalge","|-damage|p1a: Dragalge|213/330","|","|switch|p2a: Escavalier|Escavalier, F|343/343","|-item|p2a: Escavalier|Air Balloon","|move|p1a: Dragalge|Sludge Wave|p2a: Escavalier","|-immune|p2a: Escavalier|[msg]","|","|turn|15","|","|move|p1a: Dragalge|Focus Blast|p2a: Escavalier|[miss]","|-miss|p1a: Dragalge|p2a: Escavalier","|move|p2a: Escavalier|Drill Run|p1a: Dragalge","|-supereffective|p1a: Dragalge","|-damage|p1a: Dragalge|0 fnt","|faint|p1a: Dragalge","|","|","|switch|p1a: Kyurem-Black|Kyurem-Black, shiny|391/391","|-ability|p1a: Kyurem-Black|Teravolt","|turn|16","|","|move|p1a: Kyurem-Black|Outrage|p2a: Escavalier","|-resisted|p2a: Escavalier","|-damage|p2a: Escavalier|215/343","|-enditem|p2a: Escavalier|Air Balloon","|move|p2a: Escavalier|Drill Run|p1a: Kyurem-Black","|-damage|p1a: Kyurem-Black|287/391","|","|turn|17","|","|move|p1a: Kyurem-Black|Outrage|p2a: Escavalier","|-resisted|p2a: Escavalier","|-damage|p2a: Escavalier|84/343","|move|p2a: Escavalier|Poison Jab|p1a: Kyurem-Black","|-damage|p1a: Kyurem-Black|176/391","|","|turn|18","|","|move|p1a: Kyurem-Black|Outrage|p2a: Escavalier","|-resisted|p2a: Escavalier","|-damage|p2a: Escavalier|0 fnt","|-start|p1a: Kyurem-Black|confusion|[fatigue]","|faint|p2a: Escavalier","|","|","|switch|p2a: Galvantula|Galvantula, F|1/281","|turn|19","|","|switch|p1a: Tyrantrum|Tyrantrum, M, shiny|305/305","|move|p2a: Galvantula|Thunder|p1a: Tyrantrum","|-resisted|p1a: Tyrantrum","|-damage|p1a: Tyrantrum|178/305","|","|turn|20","|","|move|p2a: Galvantula|Giga Drain|p1a: Tyrantrum","|-damage|p1a: Tyrantrum|76/305","|-heal|p2a: Galvantula|52/281|[from] drain|[of] p1a: Tyrantrum","|move|p1a: Tyrantrum|Head Smash|p2a: Galvantula","|-supereffective|p2a: Galvantula","|-damage|p2a: Galvantula|0 fnt","|faint|p2a: Galvantula","|","|","|switch|p2a: Leavanny|Leavanny, M|292/292","|turn|21","|","|move|p2a: Leavanny|Camouflage|p2a: Leavanny","|-start|p2a: Leavanny|typechange|Normal","|move|p1a: Tyrantrum|Head Smash|p2a: Leavanny","|-enditem|p2a: Leavanny|Focus Sash","|-damage|p2a: Leavanny|1/292","|","|turn|22","|","|move|p2a: Leavanny|Leaf Blade|p1a: Tyrantrum","|-damage|p1a: Tyrantrum|0 fnt","|faint|p1a: Tyrantrum","|","|","|switch|p1a: Kyurem-Black|Kyurem-Black, shiny|176/391","|-ability|p1a: Kyurem-Black|Teravolt","|turn|23","|","|move|p1a: Kyurem-Black|Dragon Claw|p2a: Leavanny","|-damage|p2a: Leavanny|0 fnt","|faint|p2a: Leavanny","|","|win|valkoinen"],"p1rating":{"entryid":"7209054","serverid":"eos","formatid":"monotype","userid":"valkoinen","username":"valkoinen","w":5,"l":"14","t":"0","gxe":34,"r":"1332.9760960296","rd":"74.649635028333","sigma":"0","rptime":"1438246800","rpr":1372.4325274963,"rprd":72.330290386239,"rpsigma":"0","acre":1098.2958298128,"lacre":1098.2958298128,"oldacre":"1071.5719354403"},"p2rating":{"entryid":"7271971","serverid":"eos","formatid":"monotype","userid":"carterrulesall","username":"Carter_Rules_All","w":"1","l":2,"t":"0","gxe":44.3,"r":"1500","rd":"130","sigma":"0","rptime":"1438246800","rpr":1454.9510491563,"rprd":111.66712017289,"rpsigma":"0","acre":1026.5421271963,"lacre":1026.5421271963,"oldacre":"1041.3362685591"},"endType":"normal"}