{"seed":[60489,59419,45340,8275],"turns":24,"p1":"Traine✘ Chief","p2":"Sovereign♕Cactus","p1team":[{"name":"Charizard","species":"Charizard","item":"charizarditex","ability":"Solar Power","moves":["dragondance","dragonclaw","flareblitz","earthquake"],"nature":"Adamant","evs":{"hp":144,"atk":252,"def":0,"spa":0,"spd":0,"spe":112},"ivs":{"hp":31,"atk":31,"def":31,"spa":31,"spd":31,"spe":31}},{"name":"Landorus-Therian","species":"Landorus-Therian","item":"choicescarf","ability":"Intimidate","moves":["uturn","earthquake","superpower","stoneedge"],"nature":"Jolly","evs":{"hp":0,"atk":252,"def":0,"spa":0,"spd":4,"spe":252},"ivs":{"hp":31,"atk":31,"def":31,"spa":31,"spd":31,"spe":31}},{"name":"Gyarados","species":"Gyarados","item":"assaultvest","ability":"Intimidate","moves":["dragontail","waterfall","icefang","earthquake"],"nature":"Adamant","evs":{"hp":248,"atk":252,"def":0,"spa":0,"spd":8,"spe":0},"ivs":{"hp":31,"atk":31,"def":31,"spa":31,"spd":31,"spe":31}},{"name":"Skarmory","species":"Skarmory","item":"rockyhelmet","ability":"Sturdy","moves":["stealthrock","spikes","roost","whirlwind"],"nature":"Bold","evs":{"hp":248,"atk":0,"def":252,"spa":0,"spd":8,"spe":0},"ivs":{"hp":31,"atk":31,"def":31,"spa":31,"spd":31,"spe":31}},{"name":"Togekiss","species":"Togekiss","item":"leftovers","ability":"Serene Grace","moves":["nastyplot","airslash","roost","thunderwave"],"nature":"Calm","evs":{"hp":248,"atk":0,"def":0,"spa":8,"spd":252,"spe":0},"ivs":{"hp":31,"atk":31,"def":31,"spa":31,"spd":31,"spe":31}},{"name":"Thundurus","species":"Thundurus","item":"lifeorb","ability":"Prankster","moves":["thunderwave","grassknot","nastyplot","thunderbolt"],"nature":"Timid","evs":{"hp":0,"atk":0,"def":0,"spa":252,"spd":4,"spe":252},"ivs":{"hp":31,"atk":31,"def":31,"spa":31,"spd":31,"spe":31}}],"p2team":[{"name":"Pinsir","species":"Pinsir","item":"pinsirite","ability":"Hyper Cutter","moves":["quickattack","xscissor","closecombat","earthquake"],"nature":"Jolly","evs":{"hp":0,"atk":252,"def":0,"spa":0,"spd":4,"spe":252},"ivs":{"hp":31,"atk":31,"def":31,"spa":31,"spd":31,"spe":31}},{"name":"Genesect-Douse","species":"Genesect-Douse","item":"dousedrive","ability":"Download","moves":["bugbuzz","technoblast","blazekick","ironhead"],"nature":"Hasty","evs":{"hp":0,"atk":4,"def":0,"spa":252,"spd":0,"spe":252},"shiny":true,"ivs":{"hp":31,"atk":31,"def":31,"spa":31,"spd":31,"spe":31}},{"name":"Douchebag","species":"forretress","item":"custapberry","ability":"Sturdy","moves":["explosion","rapidspin","stealthrock","toxicspikes"],"nature":"Brave","evs":{"hp":248,"atk":252,"def":0,"spa":0,"spd":8,"spe":0},"ivs":{"hp":31,"atk":31,"def":31,"spa":31,"spd":31,"spe":0}},{"name":"Heracross","species":"Heracross","item":"flameorb","ability":"Guts","moves":["megahorn","knockoff","rockslide","closecombat"],"nature":"Jolly","evs":{"hp":0,"atk":252,"def":0,"spa":0,"spd":4,"spe":252},"ivs":{"hp":31,"atk":31,"def":31,"spa":31,"spd":31,"spe":31}},{"name":"Vivillon","species":"Vivillon","item":"focussash","ability":"Compound Eyes","moves":["hurricane","quiverdance","substitute","sleeppowder"],"nature":"Modest","evs":{"hp":0,"atk":0,"def":0,"spa":252,"spd":4,"spe":252},"ivs":{"hp":31,"atk":31,"def":31,"spa":31,"spd":31,"spe":31}},{"name":"Scolipede","species":"Scolipede","item":"focussash","ability":"Speed Boost","moves":["batonpass","poisonjab","megahorn","protect"],"nature":"Adamant","evs":{"hp":0,"atk":252,"def":0,"spa":0,"spd":4,"spe":252},"ivs":{"hp":31,"atk":31,"def":31,"spa":31,"spd":31,"spe":31}}],"log":["|player|p1|Traine✘ Chief|127","|player|p2|Sovereign♕Cactus|251","|gametype|singles","|gen|6","|tier|Monotype","|rated","|rule|Baton Pass Clause: Limit one Baton Passer, can't pass Spe and other stats simultaneously","|rule|Swagger Clause: Swagger is banned","|rule|Same Type Clause: Pokémon in a team must share a type","|clearpoke","|poke|p1|Charizard, M","|poke|p1|Landorus-Therian, M","|poke|p1|Gyarados, F","|poke|p1|Skarmory, F","|poke|p1|Togekiss, M","|poke|p1|Thundurus, M","|poke|p2|Pinsir, F","|poke|p2|Genesect-*, shiny","|poke|p2|Forretress, F","|poke|p2|Heracross, M","|poke|p2|Vivillon, M","|poke|p2|Scolipede, F","|rule|Sleep Clause Mod: Limit one foe put to sleep","|rule|Species Clause: Limit one of each Pokémon","|rule|OHKO Clause: OHKO moves are banned","|rule|Moody Clause: Moody is banned","|rule|Evasion Moves Clause: Evasion moves are banned","|rule|Endless Battle Clause: Forcing endless battles is banned","|rule|HP Percentage Mod: HP is shown in percentages","|teampreview","|","|start","|switch|p1a: Skarmory|Skarmory, F|333/333","|switch|p2a: Douchebag|Forretress, F|353/353","|turn|1","|","|move|p2a: Douchebag|Stealth Rock|p1a: Skarmory","|-sidestart|p1: Traine✘ Chief|move: Stealth Rock","|move|p1a: Skarmory|Whirlwind|p2a: Douchebag","|drag|p2a: Pinsir|Pinsir, F|271/271","|","|turn|2","|","|switch|p2a: Genesect-Douse|Genesect-Douse, shiny|283/283","|-boost|p2a: Genesect-Douse|spa|1|[from] ability: Download","|move|p1a: Skarmory|Stealth Rock|p2a: Genesect-Douse","|-sidestart|p2: Sovereign♕Cactus|move: Stealth Rock","|","|turn|3","|","|move|p2a: Genesect-Douse|Iron Head|p1a: Skarmory","|-resisted|p1a: Skarmory","|-damage|p1a: Skarmory|300/333","|-damage|p2a: Genesect-Douse|236/283|[from] item: Rocky Helmet|[of] p1a: Skarmory","|move|p1a: Skarmory|Whirlwind|p2a: Genesect-Douse","|drag|p2a: Vivillon|Vivillon, M|301/301","|-damage|p2a: Vivillon|151/301|[from] Stealth Rock","|","|turn|4","|","|move|p2a: Vivillon|Sleep Powder|p1a: Skarmory","|-status|p1a: Skarmory|slp","|cant|p1a: Skarmory|slp","|","|turn|5","|","|switch|p1a: Togekiss|Togekiss, M|373/373","|-damage|p1a: Togekiss|280/373|[from] Stealth Rock","|move|p2a: Vivillon|Quiver Dance|p2a: Vivillon","|-boost|p2a: Vivillon|spa|1","|-boost|p2a: Vivillon|spd|1","|-boost|p2a: Vivillon|spe|1","|","|-heal|p1a: Togekiss|303/373|[from] item: Leftovers","|turn|6","|","|move|p2a: Vivillon|Hurricane|p1a: Togekiss","|-damage|p1a: Togekiss|146/373","|move|p1a: Togekiss|Thunder Wave|p2a: Vivillon","|-status|p2a: Vivillon|par","|","|-heal|p1a: Togekiss|169/373|[from] item: Leftovers","|turn|7","|","|move|p1a: Togekiss|Air Slash|p2a: Vivillon","|-supereffective|p2a: Vivillon","|-damage|p2a: Vivillon|0 fnt","|faint|p2a: Vivillon","|","|-heal|p1a: Togekiss|192/373|[from] item: Leftovers","|","|switch|p2a: Douchebag|Forretress, F|353/353","|-damage|p2a: Douchebag|309/353|[from] Stealth Rock","|turn|8","|","|move|p1a: Togekiss|Air Slash|p2a: Douchebag","|-damage|p2a: Douchebag|146/353","|move|p2a: Douchebag|Rapid Spin|p1a: Togekiss","|-damage|p1a: Togekiss|171/373","|-sideend|p2: Sovereign♕Cactus|Stealth Rock|[from] move: Rapid Spin|[of] p2a: Douchebag","|","|-heal|p1a: Togekiss|194/373|[from] item: Leftovers","|turn|9","|","|move|p1a: Togekiss|Air Slash|p2a: Douchebag","|-damage|p2a: Douchebag|0 fnt","|faint|p2a: Douchebag","|","|-heal|p1a: Togekiss|217/373|[from] item: Leftovers","|","|switch|p2a: Scolipede|Scolipede, F|261/261","|turn|10","|","|move|p2a: Scolipede|Protect|p2a: Scolipede","|-singleturn|p2a: Scolipede|Protect","|move|p1a: Togekiss|Thunder Wave|p2a: Scolipede","|-activate|p2a: Scolipede|Protect","|","|-heal|p1a: Togekiss|240/373|[from] item: Leftovers","|-boost|p2a: Scolipede|spe|1|[from] ability: Speed Boost","|turn|11","|","|move|p2a: Scolipede|Poison Jab|p1a: Togekiss","|-supereffective|p1a: Togekiss","|-damage|p1a: Togekiss|0 fnt","|faint|p1a: Togekiss","|","|-boost|p2a: Scolipede|spe|1|[from] ability: Speed Boost","|","|switch|p1a: Thundurus|Thundurus, M|299/299","|-damage|p1a: Thundurus|225/299|[from] Stealth Rock","|turn|12","|","|move|p1a: Thundurus|Thunder Wave|p2a: Scolipede","|-status|p2a: Scolipede|par","|move|p2a: Scolipede|Poison Jab|p1a: Thundurus","|-damage|p1a: Thundurus|54/299","|","|-boost|p2a: Scolipede|spe|1|[from] ability: Speed Boost","|turn|13","|","|move|p1a: Thundurus|Thunderbolt|p2a: Scolipede","|-damage|p2a: Scolipede|4/261 par","|-damage|p1a: Thundurus|25/299|[from] item: Life Orb","|move|p2a: Scolipede|Poison Jab|p1a: Thundurus","|-damage|p1a: Thundurus|0 fnt","|faint|p1a: Thundurus","|","|-boost|p2a: Scolipede|spe|1|[from] ability: Speed Boost","|","|switch|p1a: Skarmory|Skarmory, F|300/333 slp","|-damage|p1a: Skarmory|259/333 slp|[from] Stealth Rock","|turn|14","|","|move|p2a: Scolipede|Megahorn|p1a: Skarmory","|-crit|p1a: Skarmory","|-resisted|p1a: Skarmory","|-damage|p1a: Skarmory|221/333 slp","|-damage|p2a: Scolipede|0 fnt|[from] item: Rocky Helmet|[of] p1a: Skarmory","|faint|p2a: Scolipede","|cant|p1a: Skarmory|slp","|","|","|switch|p2a: Genesect-Douse|Genesect-Douse, shiny|236/283","|-boost|p2a: Genesect-Douse|spa|1|[from] ability: Download","|turn|15","|","|move|p2a: Genesect-Douse|Blaze Kick|p1a: Skarmory","|-supereffective|p1a: Skarmory","|-damage|p1a: Skarmory|131/333 slp","|-damage|p2a: Genesect-Douse|189/283|[from] item: Rocky Helmet|[of] p1a: Skarmory","|cant|p1a: Skarmory|slp","|","|turn|16","|","|move|p2a: Genesect-Douse|Techno Blast|p1a: Skarmory","|-damage|p1a: Skarmory|0 fnt","|faint|p1a: Skarmory","|","|","|switch|p1a: Charizard|Charizard, M|333/333","|-damage|p1a: Charizard|167/333|[from] Stealth Rock","|turn|17","|","|detailschange|p1a: Charizard|Charizard-Mega-X, M","|-mega|p1a: Charizard|Charizard|Charizardite X","|move|p2a: Genesect-Douse|Techno Blast|p1a: Charizard","|-damage|p1a: Charizard|0 fnt","|faint|p1a: Charizard","|","|","|switch|p1a: Landorus-Therian|Landorus-Therian, M|319/319","|-damage|p1a: Landorus-Therian|280/319|[from] Stealth Rock","|-ability|p1a: Landorus-Therian|Intimidate","|-unboost|p2a: Genesect-Douse|atk|1","|turn|18","|","|move|p1a: Landorus-Therian|Earthquake|p2a: Genesect-Douse","|-damage|p2a: Genesect-Douse|0 fnt","|faint|p2a: Genesect-Douse","|","|","|switch|p2a: Pinsir|Pinsir, F|271/271","|turn|19","|","|switch|p1a: Gyarados|Gyarados, F|393/393","|-damage|p1a: Gyarados|295/393|[from] Stealth Rock","|-ability|p1a: Gyarados|Intimidate","|-fail|p2a: Pinsir|unboost|Attack|[from] ability: Hyper Cutter|[of] p2a: Pinsir","|detailschange|p2a: Pinsir|Pinsir-Mega, F","|-mega|p2a: Pinsir|Pinsir|Pinsirite","|move|p2a: Pinsir|Quick Attack|p1a: Gyarados","|-damage|p1a: Gyarados|165/393","|","|turn|20","|","|move|p2a: Pinsir|Quick Attack|p1a: Gyarados","|-damage|p1a: Gyarados|26/393","|move|p1a: Gyarados|Ice Fang|p2a: Pinsir","|-supereffective|p2a: Pinsir","|-damage|p2a: Pinsir|131/271","|","|turn|21","|","|move|p2a: Pinsir|Quick Attack|p1a: Gyarados","|-damage|p1a: Gyarados|0 fnt","|faint|p1a: Gyarados","|","|","|switch|p1a: Landorus-Therian|Landorus-Therian, M|280/319","|-damage|p1a: Landorus-Therian|241/319|[from] Stealth Rock","|-ability|p1a: Landorus-Therian|Intimidate","|-unboost|p2a: Pinsir|atk|1","|turn|22","|","|move|p1a: Landorus-Therian|Stone Edge|p2a: Pinsir","|-crit|p2a: Pinsir","|-supereffective|p2a: Pinsir","|-damage|p2a: Pinsir|0 fnt","|faint|p2a: Pinsir","|","|","|switch|p2a: Heracross|Heracross, M|301/301","|turn|23","|","|move|p1a: Landorus-Therian|Stone Edge|p2a: Heracross","|-damage|p2a: Heracross|137/301","|move|p2a: Heracross|Knock Off|p1a: Landorus-Therian","|-damage|p1a: Landorus-Therian|119/319","|-enditem|p1a: Landorus-Therian|Choice Scarf|[from] move: Knock Off|[of] p2a: Heracross","|","|-status|p2a: Heracross|brn|[from] item: Flame Orb","|turn|24","|","|move|p1a: Landorus-Therian|Superpower|p2a: Heracross","|-resisted|p2a: Heracross","|-damage|p2a: Heracross|31/301 brn","|-unboost|p1a: Landorus-Therian|atk|1","|-unboost|p1a: Landorus-Therian|def|1","|move|p2a: Heracross|Rock Slide|p1a: Landorus-Therian","|-damage|p1a: Landorus-Therian|0 fnt","|faint|p1a: Landorus-Therian","|","|win|Sovereign♕Cactus"],"p1rating":{"entryid":"7268014","serverid":"eos","formatid":"monotype","userid":"trainechief","username":"Traine✘ Chief","w":"2","l":2,"t":"0","gxe":46.9,"r":"1500","rd":"130","sigma":"0","rptime":"1438246800","rpr":1475.5633265791,"rprd":106.35733348636,"rpsigma":"0","acre":1052.5620754054,"lacre":1052.5620754054,"oldacre":"1072.9657754873"},"p2rating":{"entryid":"6867552","serverid":"eos","formatid":"monotype","userid":"sovereigncactus","username":"Sovereign♕Cactus","w":32,"l":"41","t":"0","gxe":44.9,"r":"1469.6320520586","rd":"43.526039409511","sigma":"0","rptime":"1438246800","rpr":1461.2440435089,"rprd":41.822493296224,"rpsigma":"0","acre":1108.9370732499,"lacre":1108.9370732499,"oldacre":"1081.9446948839"},"endType":"normal"}