{"seed":[47051,63926,19252,12372],"turns":29,"p1":"A44용의 사용자","p2":"DJ Biggie","p1team":[{"name":"ヌメルゴン","species":"goodra","item":"leftovers","ability":"Sap Sipper","moves":["curse","dragontail","rest","sleeptalk"],"nature":"Careful","evs":{"hp":252,"atk":0,"def":4,"spa":0,"spd":252,"spe":0},"ivs":{"hp":31,"atk":31,"def":31,"spa":31,"spd":31,"spe":31}},{"name":"ボーマンダ","species":"salamence","item":"choicescarf","ability":"Moxie","moves":["outrage","aerialace","steelwing","earthquake"],"nature":"Jolly","evs":{"hp":0,"atk":252,"def":4,"spa":0,"spd":0,"spe":252},"ivs":{"hp":31,"atk":31,"def":31,"spa":31,"spd":31,"spe":31}},{"name":"キュレム","species":"kyuremblack","item":"powerherb","ability":"Teravolt","moves":["freezeshock","fusionbolt","outrage","dracometeor"],"nature":"Naive","evs":{"hp":0,"atk":252,"def":0,"spa":60,"spd":0,"spe":196},"shiny":true,"ivs":{"hp":31,"atk":31,"def":31,"spa":31,"spd":31,"spe":31}},{"name":"サザンドラ","species":"hydreigon","item":"lifeorb","ability":"Levitate","moves":["darkpulse","flamethrower","dracometeor","flashcannon"],"nature":"Timid","evs":{"hp":4,"atk":0,"def":0,"spa":252,"spd":0,"spe":252},"shiny":true,"ivs":{"hp":31,"atk":31,"def":31,"spa":31,"spd":31,"spe":31}},{"name":"ガチゴラス","species":"tyrantrum","item":"focussash","ability":"Rock Head","moves":["stealthrock","headsmash","earthquake","dragondance"],"nature":"Adamant","evs":{"hp":0,"atk":252,"def":4,"spa":0,"spd":0,"spe":252},"ivs":{"hp":31,"atk":31,"def":31,"spa":31,"spd":31,"spe":31}},{"name":"チルタリス","species":"altaria","item":"altarianite","ability":"Natural Cure","moves":["agility","hypervoice","fireblast","hiddenpowerground"],"nature":"Modest","evs":{"hp":0,"atk":0,"def":4,"spa":252,"spd":0,"spe":252},"ivs":{"hp":31,"atk":31,"def":31,"spa":30,"spd":30,"spe":31},"happiness":0}],"p2team":[{"name":"Reuniclus","species":"Reuniclus","item":"leftovers","ability":"Magic Guard","moves":["calmmind","psyshock","focusblast","recover"],"nature":"Bold","evs":{"hp":252,"atk":0,"def":252,"spa":4,"spd":0,"spe":0},"ivs":{"hp":31,"atk":31,"def":31,"spa":31,"spd":31,"spe":31}},{"name":"Meloetta","species":"Meloetta","item":"choicespecs","ability":"Serene Grace","moves":["hypervoice","psychic","focusblast","uturn"],"nature":"Timid","evs":{"hp":0,"atk":0,"def":4,"spa":252,"spd":0,"spe":252},"ivs":{"hp":31,"atk":31,"def":31,"spa":31,"spd":31,"spe":31}},{"name":"Medicham","species":"Medicham","item":"medichamite","ability":"Pure Power","moves":["highjumpkick","zenheadbutt","fakeout","icepunch"],"nature":"Jolly","evs":{"hp":0,"atk":252,"def":4,"spa":0,"spd":0,"spe":252},"ivs":{"hp":31,"atk":31,"def":31,"spa":31,"spd":31,"spe":31}},{"name":"Deoxys-Defense","species":"Deoxys-Defense","item":"leftovers","ability":"Pressure","moves":["spikes","recover","skillswap","toxic"],"nature":"Bold","evs":{"hp":248,"atk":0,"def":252,"spa":0,"spd":8,"spe":0},"ivs":{"hp":31,"atk":31,"def":31,"spa":31,"spd":31,"spe":31}},{"name":"Latios","species":"Latios","item":"lifeorb","ability":"Levitate","moves":["dracometeor","psyshock","earthquake","defog"],"nature":"Timid","evs":{"hp":0,"atk":0,"def":4,"spa":252,"spd":0,"spe":252},"ivs":{"hp":31,"atk":31,"def":31,"spa":31,"spd":31,"spe":31}},{"name":"Jirachi","species":"Jirachi","item":"leftovers","ability":"Serene Grace","moves":["stealthrock","ironhead","uturn","bodyslam"],"nature":"Careful","evs":{"hp":252,"atk":0,"def":0,"spa":0,"spd":176,"spe":80},"ivs":{"hp":31,"atk":31,"def":31,"spa":31,"spd":31,"spe":31}}],"log":["|player|p1|A44용의 사용자|alliancewutang.png","|player|p2|DJ Biggie|109","|gametype|singles","|gen|6","|tier|Monotype","|rated","|rule|Baton Pass Clause: Limit one Baton Passer, can't pass Spe and other stats simultaneously","|rule|Swagger Clause: Swagger is banned","|rule|Same Type Clause: Pokémon in a team must share a type","|clearpoke","|poke|p1|Goodra, F","|poke|p1|Salamence, F","|poke|p1|Kyurem-Black, shiny","|poke|p1|Hydreigon, F, shiny","|poke|p1|Tyrantrum, F","|poke|p1|Altaria, M","|poke|p2|Reuniclus, M","|poke|p2|Meloetta","|poke|p2|Medicham, F","|poke|p2|Deoxys-Defense","|poke|p2|Latios, M","|poke|p2|Jirachi","|rule|Sleep Clause Mod: Limit one foe put to sleep","|rule|Species Clause: Limit one of each Pokémon","|rule|OHKO Clause: OHKO moves are banned","|rule|Moody Clause: Moody is banned","|rule|Evasion Moves Clause: Evasion moves are banned","|rule|Endless Battle Clause: Forcing endless battles is banned","|rule|HP Percentage Mod: HP is shown in percentages","|teampreview","|","|start","|switch|p1a: サザンドラ|Hydreigon, F, shiny|326/326","|switch|p2a: Medicham|Medicham, F|261/261","|turn|1","|","|switch|p1a: チルタリス|Altaria, M|291/291","|detailschange|p2a: Medicham|Medicham-Mega, F","|-mega|p2a: Medicham|Medicham|Medichamite","|move|p2a: Medicham|Fake Out|p1a: チルタリス","|-damage|p1a: チルタリス|199/291","|","|turn|2","|","|detailschange|p1a: チルタリス|Altaria-Mega, M","|-mega|p1a: チルタリス|Altaria|Altarianite","|move|p2a: Medicham|Ice Punch|p1a: チルタリス","|-supereffective|p1a: チルタリス","|-damage|p1a: チルタリス|0 fnt","|faint|p1a: チルタリス","|","|","|switch|p1a: ガチゴラス|Tyrantrum, F|305/305","|turn|3","|","|move|p2a: Medicham|High Jump Kick|p1a: ガチゴラス","|-supereffective|p1a: ガチゴラス","|-enditem|p1a: ガチゴラス|Focus Sash","|-damage|p1a: ガチゴラス|1/305","|move|p1a: ガチゴラス|Head Smash|p2a: Medicham","|-crit|p2a: Medicham","|-resisted|p2a: Medicham","|-damage|p2a: Medicham|11/261","|","|turn|4","|","|move|p2a: Medicham|Ice Punch|p1a: ガチゴラス","|-supereffective|p1a: ガチゴラス","|-damage|p1a: ガチゴラス|0 fnt","|faint|p1a: ガチゴラス","|","|","|switch|p1a: ボーマンダ|Salamence, F|331/331","|turn|5","|","|move|p1a: ボーマンダ|Earthquake|p2a: Medicham","|-crit|p2a: Medicham","|-damage|p2a: Medicham|0 fnt","|faint|p2a: Medicham","|-boost|p1a: ボーマンダ|atk|1|[from] ability: Moxie","|","|","|switch|p2a: Latios|Latios, M|301/301","|turn|6","|","|move|p1a: ボーマンダ|Earthquake|p2a: Latios","|-immune|p2a: Latios|[msg]","|move|p2a: Latios|Draco Meteor|p1a: ボーマンダ","|-supereffective|p1a: ボーマンダ","|-damage|p1a: ボーマンダ|0 fnt","|-unboost|p2a: Latios|spa|2","|-damage|p2a: Latios|271/301|[from] item: Life Orb","|faint|p1a: ボーマンダ","|","|","|switch|p1a: ヌメルゴン|Goodra, F|384/384","|turn|7","|","|switch|p2a: Deoxys-Defense|Deoxys-Defense|303/303","|-ability|p2a: Deoxys-Defense|Pressure","|move|p1a: ヌメルゴン|Curse|p1a: ヌメルゴン","|-boost|p1a: ヌメルゴン|atk|1","|-boost|p1a: ヌメルゴン|def|1","|-unboost|p1a: ヌメルゴン|spe|1","|","|turn|8","|","|move|p2a: Deoxys-Defense|Toxic|p1a: ヌメルゴン","|-status|p1a: ヌメルゴン|tox","|move|p1a: ヌメルゴン|Curse|p1a: ヌメルゴン","|-boost|p1a: ヌメルゴン|atk|1","|-boost|p1a: ヌメルゴン|def|1","|-unboost|p1a: ヌメルゴン|spe|1","|","|-damage|p1a: ヌメルゴン|360/384 tox|[from] psn","|turn|9","|","|move|p2a: Deoxys-Defense|Spikes|p1a: ヌメルゴン","|-sidestart|p1: A44용의 사용자|Spikes","|move|p1a: ヌメルゴン|Curse|p1a: ヌメルゴン","|-boost|p1a: ヌメルゴン|atk|1","|-boost|p1a: ヌメルゴン|def|1","|-unboost|p1a: ヌメルゴン|spe|1","|","|-heal|p1a: ヌメルゴン|384/384 tox|[from] item: Leftovers","|-damage|p1a: ヌメルゴン|336/384 tox|[from] psn","|turn|10","|","|move|p2a: Deoxys-Defense|Spikes|p1a: ヌメルゴン","|-sidestart|p1: A44용의 사용자|Spikes","|move|p1a: ヌメルゴン|Curse|p1a: ヌメルゴン","|-boost|p1a: ヌメルゴン|atk|1","|-boost|p1a: ヌメルゴン|def|1","|-unboost|p1a: ヌメルゴン|spe|1","|","|-heal|p1a: ヌメルゴン|360/384 tox|[from] item: Leftovers","|-damage|p1a: ヌメルゴン|288/384 tox|[from] psn","|turn|11","|","|move|p2a: Deoxys-Defense|Spikes|p1a: ヌメルゴン","|-sidestart|p1: A44용의 사용자|Spikes","|move|p1a: ヌメルゴン|Curse|p1a: ヌメルゴン","|-boost|p1a: ヌメルゴン|atk|1","|-boost|p1a: ヌメルゴン|def|1","|-unboost|p1a: ヌメルゴン|spe|1","|","|-heal|p1a: ヌメルゴン|312/384 tox|[from] item: Leftovers","|-damage|p1a: ヌメルゴン|216/384 tox|[from] psn","|turn|12","|","|switch|p2a: Jirachi|Jirachi|404/404","|move|p1a: ヌメルゴン|Rest|p1a: ヌメルゴン","|-status|p1a: ヌメルゴン|slp","|-heal|p1a: ヌメルゴン|384/384 slp|[silent]","|-status|p1a: ヌメルゴン|slp|[from] move: Rest","|","|turn|13","|","|move|p2a: Jirachi|Stealth Rock|p1a: ヌメルゴン","|-sidestart|p1: A44용의 사용자|move: Stealth Rock","|cant|p1a: ヌメルゴン|slp","|move|p1a: ヌメルゴン|Sleep Talk|p1a: ヌメルゴン","|move|p1a: ヌメルゴン|Dragon Tail|p2a: Jirachi|[from]Sleep Talk","|-resisted|p2a: Jirachi","|-damage|p2a: Jirachi|291/404","|drag|p2a: Latios|Latios, M|271/301","|","|turn|14","|","|move|p2a: Latios|Draco Meteor|p1a: ヌメルゴン","|-supereffective|p1a: ヌメルゴン","|-damage|p1a: ヌメルゴン|54/384 slp","|-unboost|p2a: Latios|spa|2","|-damage|p2a: Latios|241/301|[from] item: Life Orb","|cant|p1a: ヌメルゴン|slp","|move|p1a: ヌメルゴン|Sleep Talk|p1a: ヌメルゴン","|move|p1a: ヌメルゴン|Curse|p1a: ヌメルゴン|[from]Sleep Talk","|-boost|p1a: ヌメルゴン|atk|1","|-boost|p1a: ヌメルゴン|def|1","|-unboost|p1a: ヌメルゴン|spe|1","|","|-heal|p1a: ヌメルゴン|78/384 slp|[from] item: Leftovers","|turn|15","|","|move|p2a: Latios|Psyshock|p1a: ヌメルゴン","|-damage|p1a: ヌメルゴン|49/384 slp","|-damage|p2a: Latios|211/301|[from] item: Life Orb","|-curestatus|p1a: ヌメルゴン|slp","|move|p1a: ヌメルゴン|Rest|p1a: ヌメルゴン","|-status|p1a: ヌメルゴン|slp","|-heal|p1a: ヌメルゴン|384/384 slp|[silent]","|-status|p1a: ヌメルゴン|slp|[from] move: Rest","|","|turn|16","|","|switch|p2a: Meloetta|Meloetta|341/341","|cant|p1a: ヌメルゴン|slp","|move|p1a: ヌメルゴン|Sleep Talk|p1a: ヌメルゴン","|move|p1a: ヌメルゴン|Rest|p1a: ヌメルゴン|[from]Sleep Talk","|-fail|p1a: ヌメルゴン","|","|turn|17","|","|move|p2a: Meloetta|Psychic|p1a: ヌメルゴン","|-damage|p1a: ヌメルゴン|264/384 slp","|cant|p1a: ヌメルゴン|slp","|move|p1a: ヌメルゴン|Sleep Talk|p1a: ヌメルゴン","|move|p1a: ヌメルゴン|Rest|p1a: ヌメルゴン|[from]Sleep Talk","|-fail|p1a: ヌメルゴン","|","|-heal|p1a: ヌメルゴン|288/384 slp|[from] item: Leftovers","|turn|18","|","|move|p2a: Meloetta|Psychic|p1a: ヌメルゴン","|-damage|p1a: ヌメルゴン|153/384 slp","|-curestatus|p1a: ヌメルゴン|slp","|move|p1a: ヌメルゴン|Dragon Tail|p2a: Meloetta","|-damage|p2a: Meloetta|22/341","|drag|p2a: Jirachi|Jirachi|291/404","|","|-heal|p2a: Jirachi|316/404|[from] item: Leftovers","|-heal|p1a: ヌメルゴン|177/384|[from] item: Leftovers","|turn|19","|","|move|p2a: Jirachi|Iron Head|p1a: ヌメルゴン","|-damage|p1a: ヌメルゴン|143/384","|move|p1a: ヌメルゴン|Rest|p1a: ヌメルゴン","|-status|p1a: ヌメルゴン|slp","|-heal|p1a: ヌメルゴン|384/384 slp|[silent]","|-status|p1a: ヌメルゴン|slp|[from] move: Rest","|","|-heal|p2a: Jirachi|341/404|[from] item: Leftovers","|turn|20","|","|switch|p2a: Reuniclus|Reuniclus, M|424/424","|cant|p1a: ヌメルゴン|slp","|move|p1a: ヌメルゴン|Sleep Talk|p1a: ヌメルゴン","|move|p1a: ヌメルゴン|Curse|p1a: ヌメルゴン|[from]Sleep Talk","|","|turn|21","|","|move|p2a: Reuniclus|Calm Mind|p2a: Reuniclus","|-boost|p2a: Reuniclus|spa|1","|-boost|p2a: Reuniclus|spd|1","|cant|p1a: ヌメルゴン|slp","|move|p1a: ヌメルゴン|Sleep Talk|p1a: ヌメルゴン","|move|p1a: ヌメルゴン|Rest|p1a: ヌメルゴン|[from]Sleep Talk","|-fail|p1a: ヌメルゴン","|","|turn|22","|","|move|p2a: Reuniclus|Focus Blast|p1a: ヌメルゴン","|-damage|p1a: ヌメルゴン|287/384 slp","|-curestatus|p1a: ヌメルゴン|slp","|move|p1a: ヌメルゴン|Dragon Tail|p2a: Reuniclus","|-damage|p2a: Reuniclus|172/424","|drag|p2a: Deoxys-Defense|Deoxys-Defense|303/303","|-ability|p2a: Deoxys-Defense|Pressure","|","|-heal|p1a: ヌメルゴン|311/384|[from] item: Leftovers","|turn|23","|","|move|p2a: Deoxys-Defense|Toxic|p1a: ヌメルゴン","|-status|p1a: ヌメルゴン|tox","|move|p1a: ヌメルゴン|Dragon Tail|p2a: Deoxys-Defense","|-damage|p2a: Deoxys-Defense|167/303","|drag|p2a: Meloetta|Meloetta|22/341","|","|-heal|p1a: ヌメルゴン|335/384 tox|[from] item: Leftovers","|-damage|p1a: ヌメルゴン|311/384 tox|[from] psn","|turn|24","|","|move|p2a: Meloetta|Psychic|p1a: ヌメルゴン","|-damage|p1a: ヌメルゴン|173/384 tox","|move|p1a: ヌメルゴン|Rest|p1a: ヌメルゴン","|-status|p1a: ヌメルゴン|slp","|-heal|p1a: ヌメルゴン|384/384 slp|[silent]","|-status|p1a: ヌメルゴン|slp|[from] move: Rest","|","|turn|25","|","|move|p2a: Meloetta|Psychic|p1a: ヌメルゴン","|-damage|p1a: ヌメルゴン|252/384 slp","|cant|p1a: ヌメルゴン|slp","|move|p1a: ヌメルゴン|Sleep Talk|p1a: ヌメルゴン","|move|p1a: ヌメルゴン|Rest|p1a: ヌメルゴン|[from]Sleep Talk","|-fail|p1a: ヌメルゴン","|","|-heal|p1a: ヌメルゴン|276/384 slp|[from] item: Leftovers","|turn|26","|","|move|p2a: Meloetta|Psychic|p1a: ヌメルゴン","|-damage|p1a: ヌメルゴン|140/384 slp","|cant|p1a: ヌメルゴン|slp","|move|p1a: ヌメルゴン|Sleep Talk|p1a: ヌメルゴン","|move|p1a: ヌメルゴン|Dragon Tail|p2a: Meloetta|[from]Sleep Talk","|-damage|p2a: Meloetta|0 fnt","|faint|p2a: Meloetta","|","|-heal|p1a: ヌメルゴン|164/384 slp|[from] item: Leftovers","|","|switch|p2a: Latios|Latios, M|211/301","|turn|27","|","|move|p2a: Latios|Draco Meteor|p1a: ヌメルゴン","|-supereffective|p1a: ヌメルゴン","|-damage|p1a: ヌメルゴン|0 fnt","|-unboost|p2a: Latios|spa|2","|-damage|p2a: Latios|181/301|[from] item: Life Orb","|faint|p1a: ヌメルゴン","|","|","|switch|p1a: サザンドラ|Hydreigon, F, shiny|326/326","|-damage|p1a: サザンドラ|286/326|[from] Stealth Rock","|turn|28","|","|move|p2a: Latios|Draco Meteor|p1a: サザンドラ","|-supereffective|p1a: サザンドラ","|-damage|p1a: サザンドラ|0 fnt","|-unboost|p2a: Latios|spa|2","|-damage|p2a: Latios|151/301|[from] item: Life Orb","|faint|p1a: サザンドラ","|","|","|switch|p1a: キュレム|Kyurem-Black, shiny|391/391","|-damage|p1a: キュレム|294/391|[from] Stealth Rock","|-damage|p1a: キュレム|197/391|[from] Spikes","|-ability|p1a: キュレム|Teravolt","|turn|29","|","|move|p2a: Latios|Draco Meteor|p1a: キュレム","|-supereffective|p1a: キュレム","|-damage|p1a: キュレム|0 fnt","|-unboost|p2a: Latios|spa|2","|-damage|p2a: Latios|121/301|[from] item: Life Orb","|faint|p1a: キュレム","|","|win|DJ Biggie"],"p1rating":{"entryid":"7256554","serverid":"eos","formatid":"monotype","userid":"a44","username":"A44트레이너","w":"21","l":7,"t":"0","gxe":68.9,"r":"1663.5804703725","rd":"70.761400652452","sigma":"0","rptime":"1438246800","rpr":1652.3549494144,"rprd":63.049784125322,"rpsigma":"0","acre":1274.2916401945,"lacre":1274.2916401945,"oldacre":"1302.7856395648"},"p2rating":{"entryid":"7236327","serverid":"eos","formatid":"monotype","userid":"djbiggie","username":"DJ Biggie","w":7,"l":"3","t":"0","gxe":60.3,"r":"1533.7744725796","rd":"92.014299578768","sigma":"0","rptime":"1438246800","rpr":1580.8080829655,"rprd":87.019768216362,"rpsigma":"0","acre":1180.8715320135,"lacre":1180.8715320135,"oldacre":"1145.2540328006"},"endType":"forfeit"}