{"seed":[35000,55595,23657,24406],"turns":25,"p1":"Void Who","p2":"Carnie Wight","p1team":[{"name":"Magnezone","species":"Magnezone","item":"choicescarf","ability":"Sturdy","moves":["flashcannon","voltswitch","hiddenpowerice","triattack"],"nature":"Timid","evs":{"hp":0,"atk":0,"def":0,"spa":252,"spd":4,"spe":252},"ivs":{"hp":31,"atk":30,"def":30,"spa":31,"spd":31,"spe":31}},{"name":"Rotom-Wash","species":"Rotom-Wash","item":"leftovers","ability":"Levitate","moves":["willowisp","hydropump","voltswitch","painsplit"],"nature":"Calm","evs":{"hp":252,"atk":0,"def":0,"spa":4,"spd":252,"spe":0},"ivs":{"hp":31,"atk":31,"def":31,"spa":31,"spd":31,"spe":31}},{"name":"Thundurus","species":"Thundurus","item":"lifeorb","ability":"Prankster","moves":["taunt","knockoff","superpower","voltswitch"],"nature":"Jolly","evs":{"hp":0,"atk":252,"def":0,"spa":0,"spd":4,"spe":252},"ivs":{"hp":31,"atk":31,"def":31,"spa":31,"spd":31,"spe":31}},{"name":"Manectric","species":"Manectric","item":"manectite","ability":"Static","moves":["voltswitch","hiddenpowerice","overheat","thunderbolt"],"nature":"Timid","evs":{"hp":0,"atk":0,"def":0,"spa":252,"spd":4,"spe":252},"ivs":{"hp":31,"atk":30,"def":30,"spa":31,"spd":31,"spe":31}},{"name":"Zapdos","species":"Zapdos","item":"leftovers","ability":"Pressure","moves":["defog","roost","toxic","discharge"],"nature":"Calm","evs":{"hp":252,"atk":0,"def":0,"spa":4,"spd":252,"spe":0},"ivs":{"hp":31,"atk":31,"def":31,"spa":31,"spd":31,"spe":31}},{"name":"Electivire","species":"Electivire","item":"choicescarf","ability":"Vital Spirit","moves":["wildcharge","crosschop","earthquake","icepunch"],"nature":"Jolly","evs":{"hp":0,"atk":252,"def":0,"spa":0,"spd":4,"spe":252},"ivs":{"hp":31,"atk":31,"def":31,"spa":31,"spd":31,"spe":31}}],"p2team":[{"name":"Innocent","species":"jirachi","item":"choicescarf","ability":"Serene Grace","moves":["icepunch","healingwish","uturn","ironhead"],"nature":"Hasty","evs":{"hp":4,"atk":252,"def":0,"spa":0,"spd":0,"spe":252},"shiny":true,"ivs":{"hp":31,"atk":31,"def":31,"spa":31,"spd":31,"spe":31}},{"name":"6 hands weeee!","species":"hoopaunbound","item":"choicescarf","ability":"Magician","moves":["hyperspacehole","hyperspacefury","gunkshot","drainpunch"],"nature":"Hasty","evs":{"hp":0,"atk":252,"def":0,"spa":4,"spd":0,"spe":252},"ivs":{"hp":31,"atk":31,"def":31,"spa":31,"spd":31,"spe":31}},{"name":"Senpai","species":"gardevoir","item":"gardevoirite","ability":"Synchronize","moves":["thunderbolt","psyshock","focusblast","hypervoice"],"nature":"Timid","evs":{"hp":0,"atk":0,"def":0,"spa":252,"spd":8,"spe":248},"ivs":{"hp":31,"atk":31,"def":31,"spa":31,"spd":31,"spe":31}},{"name":"Pinky","species":"latios","item":"choicescarf","ability":"Levitate","moves":["dracometeor","psyshock","icebeam","defog"],"nature":"Modest","evs":{"hp":0,"atk":0,"def":0,"spa":252,"spd":8,"spe":248},"shiny":true,"ivs":{"hp":31,"atk":31,"def":31,"spa":31,"spd":31,"spe":31}},{"name":"Peace","species":"victini","item":"choicescarf","ability":"Victory Star","moves":["vcreate","brickbreak","boltstrike","zenheadbutt"],"nature":"Jolly","evs":{"hp":0,"atk":252,"def":0,"spa":0,"spd":4,"spe":252},"ivs":{"hp":31,"atk":31,"def":31,"spa":31,"spd":31,"spe":31}},{"name":"Celery","species":"celebi","item":"leftovers","ability":"Natural Cure","moves":["synthesis","stealthrock","psychic","energyball"],"nature":"Modest","evs":{"hp":252,"atk":0,"def":0,"spa":252,"spd":4,"spe":0},"ivs":{"hp":31,"atk":31,"def":31,"spa":31,"spd":31,"spe":31}}],"log":["|player|p1|Void Who|voidwho.gif","|player|p2|Carnie Wight|96","|gametype|singles","|gen|6","|tier|Monotype","|rated","|rule|Baton Pass Clause: Limit one Baton Passer, can't pass Spe and other stats simultaneously","|rule|Swagger Clause: Swagger is banned","|rule|Same Type Clause: Pokémon in a team must share a type","|clearpoke","|poke|p1|Magnezone","|poke|p1|Rotom-Wash","|poke|p1|Thundurus, M","|poke|p1|Manectric, M","|poke|p1|Zapdos","|poke|p1|Electivire, M","|poke|p2|Jirachi, shiny","|poke|p2|Hoopa-Unbound","|poke|p2|Gardevoir, M","|poke|p2|Latios, M, shiny","|poke|p2|Victini","|poke|p2|Celebi","|rule|Sleep Clause Mod: Limit one foe put to sleep","|rule|Species Clause: Limit one of each Pokémon","|rule|OHKO Clause: OHKO moves are banned","|rule|Moody Clause: Moody is banned","|rule|Evasion Moves Clause: Evasion moves are banned","|rule|Endless Battle Clause: Forcing endless battles is banned","|rule|HP Percentage Mod: HP is shown in percentages","|teampreview","|","|start","|switch|p1a: Rotom-Wash|Rotom-Wash|304/304","|switch|p2a: Innocent|Jirachi, shiny|342/342","|turn|1","|","|move|p2a: Innocent|Iron Head|p1a: Rotom-Wash","|-resisted|p1a: Rotom-Wash","|-damage|p1a: Rotom-Wash|277/304","|cant|p1a: Rotom-Wash|flinch","|","|-heal|p1a: Rotom-Wash|296/304|[from] item: Leftovers","|turn|2","|","|move|p2a: Innocent|Iron Head|p1a: Rotom-Wash","|-resisted|p1a: Rotom-Wash","|-damage|p1a: Rotom-Wash|267/304","|cant|p1a: Rotom-Wash|flinch","|","|-heal|p1a: Rotom-Wash|286/304|[from] item: Leftovers","|turn|3","|","|move|p2a: Innocent|Iron Head|p1a: Rotom-Wash","|-resisted|p1a: Rotom-Wash","|-damage|p1a: Rotom-Wash|259/304","|cant|p1a: Rotom-Wash|flinch","|","|-heal|p1a: Rotom-Wash|278/304|[from] item: Leftovers","|turn|4","|","|switch|p2a: Celery|Celebi|404/404","|move|p1a: Rotom-Wash|Will-O-Wisp|p2a: Celery","|-status|p2a: Celery|brn","|","|-heal|p1a: Rotom-Wash|297/304|[from] item: Leftovers","|-damage|p2a: Celery|354/404 brn|[from] brn","|turn|5","|","|switch|p2a: Pinky|Latios, M, shiny|301/301","|move|p1a: Rotom-Wash|Volt Switch|p2a: Pinky","|-resisted|p2a: Pinky","|-damage|p2a: Pinky|259/301","|","|switch|p1a: Electivire|Electivire, M|291/291","|","|turn|6","|","|move|p2a: Pinky|Draco Meteor|p1a: Electivire","|-damage|p1a: Electivire|0 fnt","|-unboost|p2a: Pinky|spa|2","|faint|p1a: Electivire","|","|","|switch|p1a: Magnezone|Magnezone|281/281","|turn|7","|","|switch|p2a: Innocent|Jirachi, shiny|342/342","|move|p1a: Magnezone|Volt Switch|p2a: Innocent","|-damage|p2a: Innocent|216/342","|","|switch|p1a: Rotom-Wash|Rotom-Wash|297/304","|","|-heal|p1a: Rotom-Wash|304/304|[from] item: Leftovers","|turn|8","|","|move|p2a: Innocent|U-turn|p1a: Rotom-Wash","|-damage|p1a: Rotom-Wash|238/304","|","|switch|p2a: Celery|Celebi|354/404","|move|p1a: Rotom-Wash|Will-O-Wisp|p2a: Celery","|-status|p2a: Celery|brn","|","|-heal|p2a: Celery|379/404 brn|[from] item: Leftovers","|-heal|p1a: Rotom-Wash|257/304|[from] item: Leftovers","|-damage|p2a: Celery|329/404 brn|[from] brn","|turn|9","|","|switch|p1a: Magnezone|Magnezone|281/281","|move|p2a: Celery|Energy Ball|p1a: Magnezone","|-resisted|p1a: Magnezone","|-damage|p1a: Magnezone|203/281","|","|-heal|p2a: Celery|354/404 brn|[from] item: Leftovers","|-damage|p2a: Celery|304/404 brn|[from] brn","|turn|10","|","|move|p1a: Magnezone|Hidden Power|p2a: Celery","|-supereffective|p2a: Celery","|-damage|p2a: Celery|164/404 brn","|move|p2a: Celery|Stealth Rock|p1a: Magnezone","|-sidestart|p1: Void Who|move: Stealth Rock","|","|-heal|p2a: Celery|189/404 brn|[from] item: Leftovers","|-damage|p2a: Celery|139/404 brn|[from] brn","|turn|11","|","|switch|p2a: Peace|Victini|341/341","|move|p1a: Magnezone|Hidden Power|p2a: Peace","|-resisted|p2a: Peace","|-damage|p2a: Peace|307/341","|","|turn|12","|","|switch|p1a: Rotom-Wash|Rotom-Wash|257/304","|-damage|p1a: Rotom-Wash|219/304|[from] Stealth Rock","|move|p2a: Peace|V-create|p1a: Rotom-Wash","|-resisted|p1a: Rotom-Wash","|-damage|p1a: Rotom-Wash|101/304","|-unboost|p2a: Peace|def|1","|-unboost|p2a: Peace|spd|1","|-unboost|p2a: Peace|spe|1","|","|-heal|p1a: Rotom-Wash|120/304|[from] item: Leftovers","|turn|13","|","|move|p2a: Peace|V-create|p1a: Rotom-Wash","|-resisted|p1a: Rotom-Wash","|-damage|p1a: Rotom-Wash|5/304","|-unboost|p2a: Peace|def|1","|-unboost|p2a: Peace|spd|1","|-unboost|p2a: Peace|spe|1","|move|p1a: Rotom-Wash|Will-O-Wisp|p2a: Peace","|-immune|p2a: Peace|[msg]","|","|-heal|p1a: Rotom-Wash|24/304|[from] item: Leftovers","|turn|14","|","|move|p2a: Peace|V-create|p1a: Rotom-Wash","|-resisted|p1a: Rotom-Wash","|-damage|p1a: Rotom-Wash|0 fnt","|-unboost|p2a: Peace|def|1","|-unboost|p2a: Peace|spd|1","|-unboost|p2a: Peace|spe|1","|faint|p1a: Rotom-Wash","|","|","|switch|p1a: Zapdos|Zapdos|384/384","|-damage|p1a: Zapdos|288/384|[from] Stealth Rock","|-ability|p1a: Zapdos|Pressure","|turn|15","|","|switch|p2a: Pinky|Latios, M, shiny|259/301","|move|p1a: Zapdos|Discharge|p2a: Pinky","|-resisted|p2a: Pinky","|-damage|p2a: Pinky|205/301","|-status|p2a: Pinky|par","|","|-heal|p1a: Zapdos|312/384|[from] item: Leftovers","|turn|16","|","|move|p1a: Zapdos|Defog|p2a: Pinky","|-unboost|p2a: Pinky|evasion|1","|-sideend|p1: Void Who|Stealth Rock|[from] move: Defog|[of] p1a: Zapdos","|move|p2a: Pinky|Ice Beam|p1a: Zapdos","|-supereffective|p1a: Zapdos","|-damage|p1a: Zapdos|114/384","|","|-heal|p1a: Zapdos|138/384|[from] item: Leftovers","|turn|17","|","|switch|p1a: Magnezone|Magnezone|203/281","|move|p2a: Pinky|Ice Beam|p1a: Magnezone","|-resisted|p1a: Magnezone","|-damage|p1a: Magnezone|141/281","|","|turn|18","|","|switch|p2a: Celery|Celebi|139/404","|move|p1a: Magnezone|Volt Switch|p2a: Celery","|-resisted|p2a: Celery","|-damage|p2a: Celery|75/404","|","|switch|p1a: Thundurus|Thundurus, M|299/299","|","|-heal|p2a: Celery|100/404|[from] item: Leftovers","|turn|19","|","|move|p1a: Thundurus|Knock Off|p2a: Celery","|-supereffective|p2a: Celery","|-damage|p2a: Celery|0 fnt","|-enditem|p2a: Celery|Leftovers|[from] move: Knock Off|[of] p1a: Thundurus","|-damage|p1a: Thundurus|270/299|[from] item: Life Orb","|faint|p2a: Celery","|","|","|switch|p2a: Innocent|Jirachi, shiny|216/342","|turn|20","|","|move|p2a: Innocent|Iron Head|p1a: Thundurus","|-resisted|p1a: Thundurus","|-damage|p1a: Thundurus|188/299","|move|p1a: Thundurus|Knock Off|p2a: Innocent","|-supereffective|p2a: Innocent","|-damage|p2a: Innocent|0 fnt","|-enditem|p2a: Innocent|Choice Scarf|[from] move: Knock Off|[of] p1a: Thundurus","|-damage|p1a: Thundurus|159/299|[from] item: Life Orb","|faint|p2a: Innocent","|","|","|switch|p2a: Senpai|Gardevoir, M|277/277","|turn|21","|","|detailschange|p2a: Senpai|Gardevoir-Mega, M","|-mega|p2a: Senpai|Gardevoir|Gardevoirite","|move|p1a: Thundurus|Volt Switch|p2a: Senpai","|-damage|p2a: Senpai|180/277","|-damage|p1a: Thundurus|130/299|[from] item: Life Orb","|","|switch|p1a: Magnezone|Magnezone|141/281","|move|p2a: Senpai|Hyper Voice|p1a: Magnezone","|-resisted|p1a: Magnezone","|-damage|p1a: Magnezone|0 fnt","|faint|p1a: Magnezone","|","|","|switch|p1a: Manectric|Manectric, M|281/281","|turn|22","|","|detailschange|p1a: Manectric|Manectric-Mega, M","|-mega|p1a: Manectric|Manectric|Manectite","|-ability|p1a: Manectric|Intimidate","|-unboost|p2a: Senpai|atk|1","|move|p1a: Manectric|Thunderbolt|p2a: Senpai","|-damage|p2a: Senpai|56/277","|move|p2a: Senpai|Hyper Voice|p1a: Manectric","|-damage|p1a: Manectric|0 fnt","|faint|p1a: Manectric","|","|","|switch|p1a: Thundurus|Thundurus, M|130/299","|turn|23","|","|switch|p2a: Pinky|Latios, M, shiny|205/301 par","|move|p1a: Thundurus|Knock Off|p2a: Pinky","|-supereffective|p2a: Pinky","|-damage|p2a: Pinky|0 fnt","|-enditem|p2a: Pinky|Choice Scarf|[from] move: Knock Off|[of] p1a: Thundurus","|-damage|p1a: Thundurus|101/299|[from] item: Life Orb","|faint|p2a: Pinky","|","|","|switch|p2a: Peace|Victini|307/341","|turn|24","|","|move|p2a: Peace|V-create|p1a: Thundurus","|-damage|p1a: Thundurus|0 fnt","|-unboost|p2a: Peace|def|1","|-unboost|p2a: Peace|spd|1","|-unboost|p2a: Peace|spe|1","|faint|p1a: Thundurus","|","|","|switch|p1a: Zapdos|Zapdos|138/384","|-ability|p1a: Zapdos|Pressure","|turn|25","|","|move|p2a: Peace|V-create|p1a: Zapdos","|-damage|p1a: Zapdos|0 fnt","|-unboost|p2a: Peace|def|1","|-unboost|p2a: Peace|spd|1","|-unboost|p2a: Peace|spe|1","|faint|p1a: Zapdos","|","|win|Carnie Wight"],"p1rating":{"entryid":"6866008","serverid":"eos","formatid":"monotype","userid":"voidwho","username":"Void Who","w":"34","l":14,"t":"0","gxe":67.6,"r":"1631.9485657906","rd":"55.493639583045","sigma":"0","rptime":"1438246800","rpr":1639.9540430554,"rprd":53.311488679798,"rpsigma":"0","acre":1308.0074135315,"lacre":1308.0074135315,"oldacre":"1334.1781536971"},"p2rating":{"entryid":"6265736","serverid":"eos","formatid":"monotype","userid":"carniewight","username":"Carnie Wight","w":50,"l":"39","t":"0","gxe":57.2,"r":"1544.9169887929","rd":"43.982781606516","sigma":"0","rptime":"1438246800","rpr":1554.9897371533,"rprd":43.370228975424,"rpsigma":"0","acre":1256.0847512804,"lacre":1256.0847512804,"oldacre":"1223.3713260734"},"endType":"normal"}