{"seed":[29680,33269,20776,64612],"turns":31,"p1":"Void Wiley","p2":"THE MEGA POLIWRATH","p1team":[{"name":"Tuba","species":"slurpuff","item":"sitrusberry","ability":"Unburden","moves":["bellydrum","drainpunch","playrough","aromatherapy"],"nature":"Jolly","evs":{"hp":4,"atk":252,"def":0,"spa":0,"spd":0,"spe":252},"ivs":{"hp":31,"atk":31,"def":31,"spa":31,"spd":31,"spe":31}},{"name":"Clarinet","species":"azumarill","item":"sitrusberry","ability":"Huge Power","moves":["bellydrum","aquajet","brickbreak","playrough"],"nature":"Adamant","evs":{"hp":252,"atk":252,"def":0,"spa":0,"spd":4,"spe":0},"ivs":{"hp":31,"atk":31,"def":31,"spa":31,"spd":31,"spe":31}},{"name":"Flute","species":"gardevoir","item":"gardevoirite","ability":"Synchronize","moves":["psyshock","hypervoice","energyball","focusblast"],"nature":"Modest","evs":{"hp":248,"atk":0,"def":0,"spa":252,"spd":8,"spe":0},"ivs":{"hp":31,"atk":31,"def":31,"spa":31,"spd":31,"spe":31}},{"name":"Alto","species":"togekiss","item":"choicescarf","ability":"Serene Grace","moves":["airslash","flamethrower","aurasphere","dazzlinggleam"],"nature":"Timid","evs":{"hp":0,"atk":0,"def":0,"spa":252,"spd":4,"spe":252},"ivs":{"hp":31,"atk":31,"def":31,"spa":31,"spd":31,"spe":31}},{"name":"Sax","species":"klefki","item":"lightclay","ability":"Prankster","moves":["thunderwave","lightscreen","reflect","foulplay"],"nature":"Bold","evs":{"hp":248,"atk":0,"def":252,"spa":0,"spd":8,"spe":0},"ivs":{"hp":31,"atk":31,"def":31,"spa":31,"spd":31,"spe":31}},{"name":"Trumpet","species":"sylveon","item":"leftovers","ability":"Pixilate","moves":["hypervoice","wish","protect","calmmind"],"nature":"Calm","evs":{"hp":252,"atk":0,"def":0,"spa":4,"spd":252,"spe":0},"ivs":{"hp":31,"atk":31,"def":31,"spa":31,"spd":31,"spe":31}}],"p2team":[{"name":"Manectric","species":"Manectric","item":"manectite","ability":"Lightning Rod","moves":["thunderbolt","flamethrower","voltswitch","hiddenpowerice"],"nature":"Timid","evs":{"hp":0,"atk":0,"def":0,"spa":252,"spd":4,"spe":252},"ivs":{"hp":31,"atk":30,"def":30,"spa":31,"spd":31,"spe":31},"shiny":true,"happiness":0},{"name":"Spood","species":"galvantula","item":"focussash","ability":"Compound Eyes","moves":["thunderbolt","bugbuzz","energyball","stickyweb"],"nature":"Timid","evs":{"hp":0,"atk":0,"def":0,"spa":252,"spd":4,"spe":252},"shiny":true,"ivs":{"hp":31,"atk":31,"def":31,"spa":31,"spd":31,"spe":31}},{"name":"Heliolisk","species":"Heliolisk","item":"lifeorb","ability":"Dry Skin","moves":["thunderbolt","surf","darkpulse","voltswitch"],"nature":"Timid","evs":{"hp":0,"atk":0,"def":0,"spa":252,"spd":4,"spe":252},"shiny":true,"ivs":{"hp":31,"atk":31,"def":31,"spa":31,"spd":31,"spe":31}},{"name":"Magnezone","species":"Magnezone","item":"choicescarf","ability":"Magnet Pull","moves":["thunderbolt","flashcannon","hiddenpowerfire","signalbeam"],"nature":"Timid","evs":{"hp":0,"atk":0,"def":0,"spa":252,"spd":4,"spe":252},"ivs":{"hp":31,"atk":30,"def":31,"spa":30,"spd":31,"spe":30}},{"name":"Thundurus-Therian","species":"Thundurus-Therian","item":"choicespecs","ability":"Volt Absorb","moves":["sludgewave","voltswitch","psychic","darkpulse"],"nature":"Timid","evs":{"hp":0,"atk":0,"def":0,"spa":252,"spd":4,"spe":252},"ivs":{"hp":31,"atk":31,"def":31,"spa":31,"spd":31,"spe":31}},{"name":"Rotom-Wash","species":"Rotom-Wash","item":"leftovers","ability":"Levitate","moves":["hydropump","thunderbolt","shadowball","willowisp"],"nature":"Modest","evs":{"hp":252,"atk":0,"def":0,"spa":252,"spd":4,"spe":0},"ivs":{"hp":31,"atk":31,"def":31,"spa":31,"spd":31,"spe":31}}],"log":["|player|p1|Void Wiley|voidwiley.png","|player|p2|THE MEGA POLIWRATH|10","|gametype|singles","|gen|6","|tier|Monotype","|rated","|rule|Baton Pass Clause: Limit one Baton Passer, can't pass Spe and other stats simultaneously","|rule|Swagger Clause: Swagger is banned","|rule|Same Type Clause: Pokémon in a team must share a type","|clearpoke","|poke|p1|Slurpuff, M","|poke|p1|Azumarill, M","|poke|p1|Gardevoir, F","|poke|p1|Togekiss, F","|poke|p1|Klefki, F","|poke|p1|Sylveon, M","|poke|p2|Manectric, M, shiny","|poke|p2|Galvantula, F, shiny","|poke|p2|Heliolisk, F, shiny","|poke|p2|Magnezone","|poke|p2|Thundurus-Therian, M","|poke|p2|Rotom-Wash","|rule|Sleep Clause Mod: Limit one foe put to sleep","|rule|Species Clause: Limit one of each Pokémon","|rule|OHKO Clause: OHKO moves are banned","|rule|Moody Clause: Moody is banned","|rule|Evasion Moves Clause: Evasion moves are banned","|rule|Endless Battle Clause: Forcing endless battles is banned","|rule|HP Percentage Mod: HP is shown in percentages","|teampreview","|","|start","|switch|p1a: Sax|Klefki, F|317/317","|switch|p2a: Spood|Galvantula, F, shiny|281/281","|turn|1","|","|switch|p1a: Tuba|Slurpuff, M|306/306","|move|p2a: Spood|Sticky Web|p1a: Tuba","|-sidestart|p1: Void Wiley|move: Sticky Web","|","|turn|2","|","|move|p2a: Spood|Thunderbolt|p1a: Tuba","|-damage|p1a: Tuba|140/306","|-enditem|p1a: Tuba|Sitrus Berry|[eat]","|-heal|p1a: Tuba|216/306|[from] item: Sitrus Berry","|move|p1a: Tuba|Belly Drum|p1a: Tuba","|-damage|p1a: Tuba|63/306","|-setboost|p1a: Tuba|atk|6|[from] move: Belly Drum","|","|turn|3","|","|move|p1a: Tuba|Play Rough|p2a: Spood","|-enditem|p2a: Spood|Focus Sash","|-damage|p2a: Spood|1/281","|move|p2a: Spood|Thunderbolt|p1a: Tuba","|-damage|p1a: Tuba|0 fnt","|faint|p1a: Tuba","|","|","|switch|p1a: Alto|Togekiss, F|311/311","|turn|4","|","|move|p1a: Alto|Air Slash|p2a: Spood","|-damage|p2a: Spood|0 fnt","|faint|p2a: Spood","|","|","|switch|p2a: Magnezone|Magnezone|281/281","|turn|5","|","|switch|p1a: Sax|Klefki, F|317/317","|-activate|p1a: Sax|move: Sticky Web","|-unboost|p1a: Sax|spe|1","|move|p2a: Magnezone|Thunderbolt|p1a: Sax","|-damage|p1a: Sax|146/317","|","|turn|6","|","|move|p1a: Sax|Light Screen|p1a: Sax","|-sidestart|p1: Void Wiley|move: Light Screen","|move|p2a: Magnezone|Thunderbolt|p1a: Sax","|-damage|p1a: Sax|64/317","|","|turn|7","|","|move|p1a: Sax|Reflect|p1a: Sax","|-sidestart|p1: Void Wiley|Reflect","|move|p2a: Magnezone|Thunderbolt|p1a: Sax","|-damage|p1a: Sax|0 fnt","|faint|p1a: Sax","|","|","|switch|p1a: Flute|Gardevoir, F|339/339","|-activate|p1a: Flute|move: Sticky Web","|-unboost|p1a: Flute|spe|1","|turn|8","|","|detailschange|p1a: Flute|Gardevoir-Mega, F","|-mega|p1a: Flute|Gardevoir|Gardevoirite","|move|p2a: Magnezone|Thunderbolt|p1a: Flute","|-damage|p1a: Flute|275/339","|move|p1a: Flute|Focus Blast|p2a: Magnezone","|-supereffective|p2a: Magnezone","|-damage|p2a: Magnezone|0 fnt","|faint|p2a: Magnezone","|","|","|switch|p2a: Heliolisk|Heliolisk, F, shiny|265/265","|turn|9","|","|move|p2a: Heliolisk|Dark Pulse|p1a: Flute","|-damage|p1a: Flute|234/339","|-damage|p2a: Heliolisk|239/265|[from] item: Life Orb","|move|p1a: Flute|Focus Blast|p2a: Heliolisk|[miss]","|-miss|p1a: Flute|p2a: Heliolisk","|","|turn|10","|","|move|p2a: Heliolisk|Dark Pulse|p1a: Flute","|-damage|p1a: Flute|192/339","|-damage|p2a: Heliolisk|213/265|[from] item: Life Orb","|move|p1a: Flute|Focus Blast|p2a: Heliolisk|[miss]","|-miss|p1a: Flute|p2a: Heliolisk","|","|turn|11","|","|move|p2a: Heliolisk|Thunderbolt|p1a: Flute","|-damage|p1a: Flute|122/339","|-status|p1a: Flute|par","|-damage|p2a: Heliolisk|187/265|[from] item: Life Orb","|move|p1a: Flute|Hyper Voice|p2a: Heliolisk","|-damage|p2a: Heliolisk|0 fnt","|faint|p2a: Heliolisk","|","|","|switch|p2a: Thundurus-Therian|Thundurus-Therian, M|299/299","|turn|12","|","|move|p2a: Thundurus-Therian|Sludge Wave|p1a: Flute","|-supereffective|p1a: Flute","|-damage|p1a: Flute|0 fnt","|faint|p1a: Flute","|","|","|switch|p1a: Trumpet|Sylveon, M|394/394","|-activate|p1a: Trumpet|move: Sticky Web","|-unboost|p1a: Trumpet|spe|1","|turn|13","|","|move|p2a: Thundurus-Therian|Sludge Wave|p1a: Trumpet","|-supereffective|p1a: Trumpet","|-damage|p1a: Trumpet|284/394","|move|p1a: Trumpet|Hyper Voice|p2a: Thundurus-Therian","|-damage|p2a: Thundurus-Therian|128/299","|","|-heal|p1a: Trumpet|308/394|[from] item: Leftovers","|-sideend|p1: Void Wiley|move: Light Screen","|turn|14","|","|move|p2a: Thundurus-Therian|Sludge Wave|p1a: Trumpet","|-supereffective|p1a: Trumpet","|-damage|p1a: Trumpet|76/394","|move|p1a: Trumpet|Hyper Voice|p2a: Thundurus-Therian","|-damage|p2a: Thundurus-Therian|0 fnt","|faint|p2a: Thundurus-Therian","|","|-heal|p1a: Trumpet|100/394|[from] item: Leftovers","|-sideend|p1: Void Wiley|Reflect","|","|switch|p2a: Rotom-Wash|Rotom-Wash|304/304","|turn|15","|","|move|p2a: Rotom-Wash|Thunderbolt|p1a: Trumpet","|-damage|p1a: Trumpet|6/394","|-status|p1a: Trumpet|par","|move|p1a: Trumpet|Wish|p1a: Trumpet","|","|-heal|p1a: Trumpet|30/394 par|[from] item: Leftovers","|turn|16","|","|move|p1a: Trumpet|Protect|p1a: Trumpet","|-singleturn|p1a: Trumpet|Protect","|move|p2a: Rotom-Wash|Thunderbolt|p1a: Trumpet","|-activate|p1a: Trumpet|Protect","|","|-heal|p1a: Trumpet|227/394 par|[from] move: Wish|[wisher] Trumpet","|-heal|p1a: Trumpet|251/394 par|[from] item: Leftovers","|turn|17","|","|move|p2a: Rotom-Wash|Thunderbolt|p1a: Trumpet","|-damage|p1a: Trumpet|167/394 par","|cant|p1a: Trumpet|par","|","|-heal|p1a: Trumpet|191/394 par|[from] item: Leftovers","|turn|18","|","|move|p2a: Rotom-Wash|Thunderbolt|p1a: Trumpet","|-damage|p1a: Trumpet|100/394 par","|move|p1a: Trumpet|Wish|p1a: Trumpet","|","|-heal|p1a: Trumpet|124/394 par|[from] item: Leftovers","|turn|19","|","|move|p1a: Trumpet|Protect|p1a: Trumpet","|-singleturn|p1a: Trumpet|Protect","|move|p2a: Rotom-Wash|Thunderbolt|p1a: Trumpet","|-activate|p1a: Trumpet|Protect","|","|-heal|p1a: Trumpet|321/394 par|[from] move: Wish|[wisher] Trumpet","|-heal|p1a: Trumpet|345/394 par|[from] item: Leftovers","|turn|20","|","|move|p2a: Rotom-Wash|Shadow Ball|p1a: Trumpet","|-damage|p1a: Trumpet|289/394 par","|cant|p1a: Trumpet|par","|","|-heal|p1a: Trumpet|313/394 par|[from] item: Leftovers","|turn|21","|","|move|p2a: Rotom-Wash|Will-O-Wisp|p1a: Trumpet","|-fail|p1a: Trumpet","|move|p1a: Trumpet|Wish|p1a: Trumpet","|","|-heal|p1a: Trumpet|337/394 par|[from] item: Leftovers","|turn|22","|","|move|p2a: Rotom-Wash|Will-O-Wisp|p1a: Trumpet","|-fail|p1a: Trumpet","|cant|p1a: Trumpet|par","|","|-heal|p1a: Trumpet|394/394 par|[from] move: Wish|[wisher] Trumpet","|turn|23","|","|move|p2a: Rotom-Wash|Thunderbolt|p1a: Trumpet","|-damage|p1a: Trumpet|294/394 par","|move|p1a: Trumpet|Calm Mind|p1a: Trumpet","|-boost|p1a: Trumpet|spa|1","|-boost|p1a: Trumpet|spd|1","|","|-heal|p1a: Trumpet|318/394 par|[from] item: Leftovers","|turn|24","|","|move|p2a: Rotom-Wash|Thunderbolt|p1a: Trumpet","|-damage|p1a: Trumpet|261/394 par","|cant|p1a: Trumpet|par","|","|-heal|p1a: Trumpet|285/394 par|[from] item: Leftovers","|turn|25","|","|move|p2a: Rotom-Wash|Thunderbolt|p1a: Trumpet","|-damage|p1a: Trumpet|218/394 par","|move|p1a: Trumpet|Wish|p1a: Trumpet","|","|-heal|p1a: Trumpet|242/394 par|[from] item: Leftovers","|turn|26","|","|move|p2a: Rotom-Wash|Thunderbolt|p1a: Trumpet","|-damage|p1a: Trumpet|175/394 par","|move|p1a: Trumpet|Calm Mind|p1a: Trumpet","|-boost|p1a: Trumpet|spa|1","|-boost|p1a: Trumpet|spd|1","|","|-heal|p1a: Trumpet|372/394 par|[from] move: Wish|[wisher] Trumpet","|-heal|p1a: Trumpet|394/394 par|[from] item: Leftovers","|turn|27","|","|move|p2a: Rotom-Wash|Hydro Pump|p1a: Trumpet","|-damage|p1a: Trumpet|343/394 par","|move|p1a: Trumpet|Hyper Voice|p2a: Rotom-Wash","|-damage|p2a: Rotom-Wash|31/304","|","|-heal|p2a: Rotom-Wash|50/304|[from] item: Leftovers","|-heal|p1a: Trumpet|367/394 par|[from] item: Leftovers","|turn|28","|","|move|p2a: Rotom-Wash|Thunderbolt|p1a: Trumpet","|-damage|p1a: Trumpet|321/394 par","|move|p1a: Trumpet|Hyper Voice|p2a: Rotom-Wash","|-damage|p2a: Rotom-Wash|0 fnt","|faint|p2a: Rotom-Wash","|","|-heal|p1a: Trumpet|345/394 par|[from] item: Leftovers","|","|switch|p2a: Manectric|Manectric, M, shiny|281/281","|turn|29","|","|detailschange|p2a: Manectric|Manectric-Mega, M, shiny","|-mega|p2a: Manectric|Manectric|Manectite","|-ability|p2a: Manectric|Intimidate","|-unboost|p1a: Trumpet|atk|1","|move|p2a: Manectric|Hidden Power|p1a: Trumpet","|-damage|p1a: Trumpet|324/394 par","|move|p1a: Trumpet|Wish|p1a: Trumpet","|","|-heal|p1a: Trumpet|348/394 par|[from] item: Leftovers","|turn|30","|","|move|p2a: Manectric|Flamethrower|p1a: Trumpet","|-damage|p1a: Trumpet|316/394 par","|cant|p1a: Trumpet|par","|","|-heal|p1a: Trumpet|394/394 par|[from] move: Wish|[wisher] Trumpet","|turn|31","|","|move|p2a: Manectric|Thunderbolt|p1a: Trumpet","|-crit|p1a: Trumpet","|-damage|p1a: Trumpet|258/394 par","|move|p1a: Trumpet|Hyper Voice|p2a: Manectric","|-damage|p2a: Manectric|0 fnt","|faint|p2a: Manectric","|","|win|Void Wiley"],"p1rating":{"entryid":"5697050","serverid":"eos","formatid":"monotype","userid":"voidwiley","username":"Void Wiley","w":151,"l":"135","t":"0","gxe":54.9,"r":"1539.7205030319","rd":"25.930890478979","sigma":"0","rptime":"1438160400","rpr":1536.7228521162,"rprd":25,"rpsigma":"0","acre":1179.2336175663,"lacre":1179.2336175663,"oldacre":"1159.9289393874"},"p2rating":{"entryid":"7210585","serverid":"eos","formatid":"monotype","userid":"themegapoliwrath","username":"The mega poliwrath","w":"9","l":19,"t":"0","gxe":36.8,"r":"1469.8323748853","rd":"82.442759223733","sigma":"0","rptime":"1438160400","rpr":1396.5315274354,"rprd":61.525056506865,"rpsigma":"0","acre":1062.4505130655,"lacre":1062.4505130655,"oldacre":"1079.3650893933"},"endType":"normal"}