{"seed":[10333,23270,18023,22367],"turns":22,"p1":"Nyan Loki","p2":"Traine X DUDE","p1team":[{"name":"Conkeldurr","species":"Conkeldurr","item":"lifeorb","ability":"Sheer Force","moves":["firepunch","icepunch","brickbreak","thunderpunch"],"nature":"Adamant","evs":{"hp":248,"atk":252,"def":0,"spa":0,"spd":8,"spe":0},"ivs":{"hp":31,"atk":31,"def":31,"spa":31,"spd":31,"spe":31}},{"name":"Infernape","species":"Infernape","item":"lifeorb","ability":"Iron Fist","moves":["stealthrock","fakeout","flareblitz","thunderpunch"],"nature":"Jolly","evs":{"hp":0,"atk":252,"def":0,"spa":0,"spd":4,"spe":252},"ivs":{"hp":31,"atk":31,"def":31,"spa":31,"spd":31,"spe":31}},{"name":"Gallade","species":"Gallade","item":"galladite","ability":"Justified","moves":["drainpunch","zenheadbutt","aerialace","leafblade"],"nature":"Adamant","evs":{"hp":248,"atk":252,"def":0,"spa":0,"spd":8,"spe":0},"ivs":{"hp":31,"atk":31,"def":31,"spa":31,"spd":31,"spe":31}},{"name":"Scrafty","species":"Scrafty","item":"choiceband","ability":"Moxie","moves":["highjumpkick","dragonclaw","knockoff","headsmash"],"nature":"Adamant","evs":{"hp":248,"atk":252,"def":0,"spa":0,"spd":8,"spe":0},"ivs":{"hp":31,"atk":31,"def":31,"spa":31,"spd":31,"spe":31}},{"name":"Poliwrath","species":"Poliwrath","item":"lifeorb","ability":"Water Absorb","moves":["bulkup","poweruppunch","waterfall","brickbreak"],"nature":"Adamant","evs":{"hp":248,"atk":252,"def":0,"spa":0,"spd":8,"spe":0},"ivs":{"hp":31,"atk":31,"def":31,"spa":31,"spd":31,"spe":31}},{"name":"Chesnaught","species":"Chesnaught","item":"choiceband","ability":"Overgrow","moves":["earthquake","drainpunch","ironhead","woodhammer"],"nature":"Adamant","evs":{"hp":248,"atk":252,"def":0,"spa":0,"spd":8,"spe":0},"ivs":{"hp":31,"atk":31,"def":31,"spa":31,"spd":31,"spe":31}}],"p2team":[{"name":"Manectric","species":"Manectric","item":"manectite","ability":"Static","moves":["thunderbolt","hiddenpowerice","flamethrower","voltswitch"],"nature":"Timid","evs":{"hp":0,"atk":0,"def":0,"spa":252,"spd":4,"spe":252},"ivs":{"atk":30,"def":30,"hp":31,"spe":31,"spa":31,"spd":31}},{"name":"Magnezone","species":"Magnezone","item":"choicescarf","ability":"Magnet Pull","moves":["discharge","hiddenpowerfire","flashcannon","voltswitch"],"nature":"Timid","evs":{"hp":0,"atk":0,"def":0,"spa":252,"spd":4,"spe":252},"ivs":{"atk":30,"spa":30,"spe":30,"hp":31,"def":31,"spd":31}},{"name":"Zapdos","species":"Zapdos","item":"leftovers","ability":"Pressure","moves":["thunderbolt","roost","hiddenpowerwater","heatwave"],"nature":"Bold","evs":{"hp":248,"atk":0,"def":176,"spa":68,"spd":0,"spe":16},"ivs":{"atk":30,"def":30,"spa":30,"hp":31,"spe":31,"spd":31}},{"name":"Galvantula","species":"Galvantula","item":"focussash","ability":"Compound Eyes","moves":["stickyweb","thunder","voltswitch","bugbuzz"],"nature":"Timid","evs":{"hp":0,"atk":0,"def":0,"spa":252,"spd":4,"spe":252},"ivs":{"hp":31,"atk":31,"def":31,"spa":31,"spd":31,"spe":31}},{"name":"Rotom-Wash","species":"Rotom-Wash","item":"leftovers","ability":"Levitate","moves":["willowisp","voltswitch","hydropump","thunderbolt"],"nature":"Calm","evs":{"hp":248,"atk":0,"def":0,"spa":8,"spd":252,"spe":0},"ivs":{"hp":31,"atk":31,"def":31,"spa":31,"spd":31,"spe":31}},{"name":"Raikou","species":"Raikou","item":"assaultvest","ability":"Pressure","moves":["aurasphere","hiddenpowergrass","thunderbolt","extrasensory"],"nature":"Rash","evs":{"hp":0,"atk":0,"def":0,"spa":252,"spd":4,"spe":252},"ivs":{"hp":31,"atk":30,"def":31,"spa":30,"spd":31,"spe":31},"shiny":true}],"log":["|player|p1|Nyan Loki|222","|player|p2|Traine X DUDE|248","|gametype|singles","|gen|6","|tier|Monotype","|rated","|rule|Baton Pass Clause: Limit one Baton Passer, can't pass Spe and other stats simultaneously","|rule|Swagger Clause: Swagger is banned","|rule|Same Type Clause: Pokémon in a team must share a type","|clearpoke","|poke|p1|Conkeldurr, F","|poke|p1|Infernape, F","|poke|p1|Gallade, M","|poke|p1|Scrafty, M","|poke|p1|Poliwrath, M","|poke|p1|Chesnaught, F","|poke|p2|Manectric, M","|poke|p2|Magnezone","|poke|p2|Zapdos","|poke|p2|Galvantula, M","|poke|p2|Rotom-Wash","|poke|p2|Raikou, shiny","|rule|Sleep Clause Mod: Limit one foe put to sleep","|rule|Species Clause: Limit one of each Pokémon","|rule|OHKO Clause: OHKO moves are banned","|rule|Moody Clause: Moody is banned","|rule|Evasion Moves Clause: Evasion moves are banned","|rule|Endless Battle Clause: Forcing endless battles is banned","|rule|HP Percentage Mod: HP is shown in percentages","|teampreview","|","|start","|switch|p1a: Infernape|Infernape, F|293/293","|switch|p2a: Magnezone|Magnezone|281/281","|turn|1","|","|move|p1a: Infernape|Fake Out|p2a: Magnezone","|-resisted|p2a: Magnezone","|-damage|p2a: Magnezone|256/281","|-damage|p1a: Infernape|264/293|[from] item: Life Orb","|cant|p2a: Magnezone|flinch","|","|turn|2","|","|move|p2a: Magnezone|Discharge|p1a: Infernape","|-damage|p1a: Infernape|80/293","|-status|p1a: Infernape|par","|move|p1a: Infernape|Stealth Rock|p2a: Magnezone","|-sidestart|p2: Traine X DUDE|move: Stealth Rock","|","|turn|3","|","|move|p2a: Magnezone|Discharge|p1a: Infernape","|-damage|p1a: Infernape|0 fnt","|faint|p1a: Infernape","|","|","|switch|p1a: Chesnaught|Chesnaught, F|379/379","|turn|4","|","|switch|p2a: Manectric|Manectric, M|281/281","|-damage|p2a: Manectric|246/281|[from] Stealth Rock","|move|p1a: Chesnaught|Drain Punch|p2a: Manectric","|-damage|p2a: Manectric|0 fnt","|faint|p2a: Manectric","|","|","|switch|p2a: Magnezone|Magnezone|256/281","|-damage|p2a: Magnezone|239/281|[from] Stealth Rock","|turn|5","|","|move|p2a: Magnezone|Hidden Power|p1a: Chesnaught","|-supereffective|p1a: Chesnaught","|-damage|p1a: Chesnaught|187/379","|move|p1a: Chesnaught|Drain Punch|p2a: Magnezone","|-supereffective|p2a: Magnezone","|-damage|p2a: Magnezone|0 fnt","|-heal|p1a: Chesnaught|307/379|[from] drain|[of] p2a: Magnezone","|faint|p2a: Magnezone","|","|","|switch|p2a: Zapdos|Zapdos|383/383","|-damage|p2a: Zapdos|288/383|[from] Stealth Rock","|-ability|p2a: Zapdos|Pressure","|turn|6","|","|move|p2a: Zapdos|Heat Wave|p1a: Chesnaught","|-supereffective|p1a: Chesnaught","|-damage|p1a: Chesnaught|59/379","|move|p1a: Chesnaught|Drain Punch|p2a: Zapdos","|-crit|p2a: Zapdos","|-resisted|p2a: Zapdos","|-damage|p2a: Zapdos|157/383","|-heal|p1a: Chesnaught|125/379|[from] drain|[of] p2a: Zapdos","|","|-heal|p2a: Zapdos|180/383|[from] item: Leftovers","|turn|7","|","|move|p2a: Zapdos|Heat Wave|p1a: Chesnaught","|-crit|p1a: Chesnaught","|-supereffective|p1a: Chesnaught","|-damage|p1a: Chesnaught|0 fnt","|faint|p1a: Chesnaught","|","|-heal|p2a: Zapdos|203/383|[from] item: Leftovers","|","|switch|p1a: Scrafty|Scrafty, M|333/333","|turn|8","|","|move|p2a: Zapdos|Roost|p2a: Zapdos","|-heal|p2a: Zapdos|383/383","|move|p1a: Scrafty|Head Smash|p2a: Zapdos","|-damage|p2a: Zapdos|192/383","|-damage|p1a: Scrafty|237/333|[from] recoil|[of] p2a: Zapdos","|","|-heal|p2a: Zapdos|215/383|[from] item: Leftovers","|turn|9","|","|move|p2a: Zapdos|Roost|p2a: Zapdos","|-heal|p2a: Zapdos|383/383","|move|p1a: Scrafty|Head Smash|p2a: Zapdos","|-damage|p2a: Zapdos|185/383","|-damage|p1a: Scrafty|138/333|[from] recoil|[of] p2a: Zapdos","|","|-heal|p2a: Zapdos|208/383|[from] item: Leftovers","|turn|10","|","|switch|p1a: Conkeldurr|Conkeldurr, F|413/413","|move|p2a: Zapdos|Roost|p2a: Zapdos","|-heal|p2a: Zapdos|383/383","|","|turn|11","|","|move|p2a: Zapdos|Thunderbolt|p1a: Conkeldurr","|-damage|p1a: Conkeldurr|224/413","|move|p1a: Conkeldurr|Ice Punch|p2a: Zapdos","|-supereffective|p2a: Zapdos","|-damage|p2a: Zapdos|97/383","|","|-heal|p2a: Zapdos|120/383|[from] item: Leftovers","|turn|12","|","|move|p2a: Zapdos|Roost|p2a: Zapdos","|-heal|p2a: Zapdos|312/383","|move|p1a: Conkeldurr|Ice Punch|p2a: Zapdos","|-damage|p2a: Zapdos|152/383","|","|-heal|p2a: Zapdos|175/383|[from] item: Leftovers","|turn|13","|","|move|p2a: Zapdos|Roost|p2a: Zapdos","|-heal|p2a: Zapdos|367/383","|move|p1a: Conkeldurr|Fire Punch|p2a: Zapdos","|-damage|p2a: Zapdos|220/383","|","|-heal|p2a: Zapdos|243/383|[from] item: Leftovers","|turn|14","|","|move|p2a: Zapdos|Thunderbolt|p1a: Conkeldurr","|-crit|p1a: Conkeldurr","|-damage|p1a: Conkeldurr|0 fnt","|faint|p1a: Conkeldurr","|","|-heal|p2a: Zapdos|266/383|[from] item: Leftovers","|","|switch|p1a: Scrafty|Scrafty, M|138/333","|turn|15","|","|move|p2a: Zapdos|Roost|p2a: Zapdos","|-heal|p2a: Zapdos|383/383","|move|p1a: Scrafty|High Jump Kick|p2a: Zapdos|[miss]","|-miss|p1a: Scrafty|p2a: Zapdos","|-damage|p1a: Scrafty|0 fnt|[from] highjumpkick","|faint|p1a: Scrafty","|","|","|switch|p1a: Gallade|Gallade, M|339/339","|turn|16","|","|detailschange|p1a: Gallade|Gallade-Mega, M","|-mega|p1a: Gallade|Gallade|Galladite","|move|p2a: Zapdos|Thunderbolt|p1a: Gallade","|-damage|p1a: Gallade|213/339","|move|p1a: Gallade|Zen Headbutt|p2a: Zapdos","|-damage|p2a: Zapdos|214/383","|","|-heal|p2a: Zapdos|237/383|[from] item: Leftovers","|turn|17","|","|move|p1a: Gallade|Drain Punch|p2a: Zapdos","|-crit|p2a: Zapdos","|-resisted|p2a: Zapdos","|-damage|p2a: Zapdos|119/383","|-heal|p1a: Gallade|272/339|[from] drain|[of] p2a: Zapdos","|move|p2a: Zapdos|Thunderbolt|p1a: Gallade","|-damage|p1a: Gallade|157/339","|","|-heal|p2a: Zapdos|142/383|[from] item: Leftovers","|turn|18","|","|move|p1a: Gallade|Zen Headbutt|p2a: Zapdos","|-crit|p2a: Zapdos","|-damage|p2a: Zapdos|0 fnt","|faint|p2a: Zapdos","|","|","|switch|p2a: Rotom-Wash|Rotom-Wash|303/303","|-damage|p2a: Rotom-Wash|266/303|[from] Stealth Rock","|turn|19","|","|move|p1a: Gallade|Leaf Blade|p2a: Rotom-Wash","|-crit|p2a: Rotom-Wash","|-supereffective|p2a: Rotom-Wash","|-damage|p2a: Rotom-Wash|0 fnt","|faint|p2a: Rotom-Wash","|","|","|switch|p2a: Raikou|Raikou, shiny|321/321","|-damage|p2a: Raikou|281/321|[from] Stealth Rock","|-ability|p2a: Raikou|Pressure","|turn|20","|","|move|p2a: Raikou|Thunderbolt|p1a: Gallade","|-damage|p1a: Gallade|3/339","|move|p1a: Gallade|Drain Punch|p2a: Raikou","|-crit|p2a: Raikou","|-damage|p2a: Raikou|0 fnt","|-heal|p1a: Gallade|144/339|[from] drain|[of] p2a: Raikou","|faint|p2a: Raikou","|","|","|switch|p2a: Galvantula|Galvantula, M|281/281","|-damage|p2a: Galvantula|211/281|[from] Stealth Rock","|turn|21","|","|move|p2a: Galvantula|Thunder|p1a: Gallade","|-damage|p1a: Gallade|0 fnt","|faint|p1a: Gallade","|","|","|switch|p1a: Poliwrath|Poliwrath, M|383/383","|turn|22","|","|move|p2a: Galvantula|Thunder|p1a: Poliwrath","|-supereffective|p1a: Poliwrath","|-damage|p1a: Poliwrath|15/383","|move|p1a: Poliwrath|Waterfall|p2a: Galvantula","|-damage|p2a: Galvantula|0 fnt","|-damage|p1a: Poliwrath|0 fnt|[from] item: Life Orb","|faint|p2a: Galvantula","|faint|p1a: Poliwrath","|","|win|Nyan Loki"],"p1rating":{"entryid":"6540883","serverid":"eos","formatid":"monotype","userid":"nyanloki","username":"Nyan Loki","w":4,"l":"7","t":"0","gxe":43,"r":"1451.7162163683","rd":"127.55093627511","sigma":"0","rptime":"1438246800","rpr":1445.5075252964,"rprd":86.660278762115,"rpsigma":"0","acre":1100.5513663266,"lacre":1100.5513663266,"oldacre":"1074.3370151393"},"p2rating":{"entryid":"7269993","serverid":"eos","formatid":"monotype","userid":"trainexdude","username":"Traine X DUDE","w":"1","l":4,"t":"0","gxe":39.2,"r":"1500","rd":"130","sigma":"0","rptime":"1438246800","rpr":1413.6187238085,"rprd":101.45124678008,"rpsigma":"0","acre":1027.63251483,"lacre":1027.63251483,"oldacre":"1042.5136958854"},"endType":"normal"}