{"seed":[53341,62239,61911,34624],"turns":38,"p1":"Wаrden Arguѕ","p2":"Alliance-C-Control","p1team":[{"name":"Sableye","species":"Sableye","item":"leftovers","ability":"Prankster","moves":["knockoff","willowisp","recover","taunt"],"nature":"Bold","evs":{"hp":228,"atk":0,"def":252,"spa":0,"spd":0,"spe":28},"gender":"M","ivs":{"hp":31,"atk":0,"def":31,"spa":31,"spd":31,"spe":31}},{"name":"Aegislash","species":"Aegislash","item":"weaknesspolicy","ability":"Stance Change","moves":["kingsshield","sacredsword","shadowball","shadowsneak"],"nature":"Lonely","evs":{"hp":0,"atk":252,"def":0,"spa":240,"spd":0,"spe":16},"gender":"M","shiny":true,"ivs":{"hp":31,"atk":31,"def":31,"spa":31,"spd":31,"spe":31}},{"name":"Jellicent","species":"Jellicent","item":"leftovers","ability":"Cursed Body","moves":["toxic","scald","recover","acidarmor"],"nature":"Calm","evs":{"hp":252,"atk":0,"def":0,"spa":0,"spd":252,"spe":4},"gender":"M","ivs":{"hp":31,"atk":0,"def":31,"spa":31,"spd":31,"spe":31},"shiny":true},{"name":"Golurk","species":"Golurk","item":"focussash","ability":"No Guard","moves":["stealthrock","stoneedge","dynamicpunch","curse"],"nature":"Adamant","evs":{"hp":0,"atk":252,"def":0,"spa":0,"spd":4,"spe":252},"shiny":true,"ivs":{"hp":31,"atk":31,"def":31,"spa":31,"spd":31,"spe":31}},{"name":"Chandelure","species":"Chandelure","item":"choicescarf","ability":"Infiltrator","moves":["flamethrower","shadowball","energyball","trick"],"nature":"Modest","evs":{"hp":0,"atk":0,"def":0,"spa":252,"spd":4,"spe":252},"gender":"F","ivs":{"hp":31,"atk":0,"def":31,"spa":31,"spd":31,"spe":31}},{"name":"Gengar","species":"Gengar","item":"focussash","ability":"Levitate","moves":["destinybond","sludgebomb","shadowball","energyball"],"nature":"Timid","evs":{"hp":0,"atk":0,"def":0,"spa":252,"spd":4,"spe":252},"gender":"F","ivs":{"hp":31,"atk":0,"def":31,"spa":31,"spd":31,"spe":31},"shiny":true}],"p2team":[{"name":"Electabuzz","species":"Electabuzz","item":"eviolite","ability":"Vital Spirit","moves":["hiddenpowerfire","focusblast","psychic","rest"],"nature":"Modest","evs":{"hp":248,"atk":0,"def":0,"spa":252,"spd":8,"spe":0},"ivs":{"hp":31,"atk":30,"def":31,"spa":30,"spd":31,"spe":30}},{"name":"Jolteon","species":"Jolteon","item":"airballoon","ability":"Volt Absorb","moves":["batonpass","healbell","wish","hiddenpowerice"],"nature":"Modest","evs":{"hp":0,"atk":0,"def":0,"spa":252,"spd":8,"spe":248},"ivs":{"hp":31,"atk":30,"def":30,"spa":31,"spd":31,"spe":31}},{"name":"Zebstrika","species":"Zebstrika","item":"shucaberry","ability":"Sap Sipper","moves":["substitute","mefirst","flamecharge","facade"],"nature":"Jolly","evs":{"hp":4,"atk":252,"def":0,"spa":0,"spd":0,"spe":252},"happiness":null,"ivs":{"hp":31,"atk":31,"def":31,"spa":31,"spd":31,"spe":31}},{"name":"Zapdos","species":"Zapdos","item":"leftovers","ability":"Pressure","moves":["defog","roost","heatwave","voltswitch"],"nature":"Modest","evs":{"hp":252,"atk":0,"def":0,"spa":252,"spd":4,"spe":0},"ivs":{"hp":31,"atk":31,"def":31,"spa":31,"spd":31,"spe":31}},{"name":"Electivire","species":"Electivire","item":"custapberry","ability":"Vital Spirit","moves":["earthquake","brickbreak","thunderpunch","icepunch"],"nature":"Adamant","evs":{"hp":248,"atk":252,"def":0,"spa":0,"spd":8,"spe":0},"ivs":{"hp":31,"atk":30,"def":30,"spa":31,"spd":31,"spe":31}},{"name":"Rotom-Wash","species":"Rotom-Wash","item":"rockyhelmet","ability":"Levitate","moves":["hydropump","painsplit","willowisp","voltswitch"],"nature":"Bold","evs":{"hp":248,"atk":0,"def":252,"spa":0,"spd":0,"spe":0},"ivs":{"hp":31,"atk":31,"def":31,"spa":31,"spd":31,"spe":31}}],"log":["|player|p1|Wаrden Arguѕ|144","|player|p2|Alliance-C-Control|190","|gametype|singles","|gen|6","|tier|Monotype","|rated","|rule|Baton Pass Clause: Limit one Baton Passer, can't pass Spe and other stats simultaneously","|rule|Swagger Clause: Swagger is banned","|rule|Same Type Clause: Pokémon in a team must share a type","|clearpoke","|poke|p1|Sableye, M","|poke|p1|Aegislash, M, shiny","|poke|p1|Jellicent, M, shiny","|poke|p1|Golurk, shiny","|poke|p1|Chandelure, F","|poke|p1|Gengar, F, shiny","|poke|p2|Electabuzz, M","|poke|p2|Jolteon, F","|poke|p2|Zebstrika, F","|poke|p2|Zapdos","|poke|p2|Electivire, F","|poke|p2|Rotom-Wash","|rule|Sleep Clause Mod: Limit one foe put to sleep","|rule|Species Clause: Limit one of each Pokémon","|rule|OHKO Clause: OHKO moves are banned","|rule|Moody Clause: Moody is banned","|rule|Evasion Moves Clause: Evasion moves are banned","|rule|Endless Battle Clause: Forcing endless battles is banned","|rule|HP Percentage Mod: HP is shown in percentages","|teampreview","|","|start","|switch|p1a: Jellicent|Jellicent, M, shiny|404/404","|switch|p2a: Electivire|Electivire, F|353/353","|turn|1","|","|switch|p1a: Sableye|Sableye, M|298/298","|move|p2a: Electivire|Thunder Punch|p1a: Sableye","|-damage|p1a: Sableye|186/298","|","|-heal|p1a: Sableye|204/298|[from] item: Leftovers","|turn|2","|","|switch|p2a: Electabuzz|Electabuzz, M|333/333","|move|p1a: Sableye|Will-O-Wisp|p2a: Electabuzz","|-status|p2a: Electabuzz|brn","|","|-heal|p1a: Sableye|222/298|[from] item: Leftovers","|-damage|p2a: Electabuzz|292/333 brn|[from] brn","|turn|3","|","|switch|p2a: Jolteon|Jolteon, F|271/271","|-item|p2a: Jolteon|Air Balloon","|switch|p1a: Jellicent|Jellicent, M, shiny|404/404","|","|turn|4","|","|move|p2a: Jolteon|Heal Bell|p2a: Jolteon","|-cureteam|p2a: Jolteon|[from] move: HealBell","|move|p1a: Jellicent|Toxic|p2a: Jolteon","|-status|p2a: Jolteon|tox","|","|-damage|p2a: Jolteon|255/271 tox|[from] psn","|turn|5","|","|move|p2a: Jolteon|Baton Pass|p2a: Jolteon","|","|switch|p2a: Zapdos|Zapdos|384/384","|-ability|p2a: Zapdos|Pressure","|move|p1a: Jellicent|Scald|p2a: Zapdos","|-damage|p2a: Zapdos|300/384","|","|-heal|p2a: Zapdos|324/384|[from] item: Leftovers","|turn|6","|","|move|p2a: Zapdos|Volt Switch|p1a: Jellicent","|-supereffective|p1a: Jellicent","|-damage|p1a: Jellicent|218/404","|","|switch|p2a: Rotom-Wash|Rotom-Wash|303/303","|move|p1a: Jellicent|Toxic|p2a: Rotom-Wash","|-status|p2a: Rotom-Wash|tox","|","|-heal|p1a: Jellicent|243/404|[from] item: Leftovers","|-damage|p2a: Rotom-Wash|285/303 tox|[from] psn","|turn|7","|","|move|p2a: Rotom-Wash|Hydro Pump|p1a: Jellicent","|-resisted|p1a: Jellicent","|-damage|p1a: Jellicent|196/404","|move|p1a: Jellicent|Recover|p1a: Jellicent","|-heal|p1a: Jellicent|398/404","|","|-heal|p1a: Jellicent|404/404|[from] item: Leftovers","|-damage|p2a: Rotom-Wash|249/303 tox|[from] psn","|turn|8","|","|move|p2a: Rotom-Wash|Volt Switch|p1a: Jellicent","|-supereffective|p1a: Jellicent","|-damage|p1a: Jellicent|276/404","|","|switch|p2a: Electivire|Electivire, F|353/353","|move|p1a: Jellicent|Scald|p2a: Electivire","|-damage|p2a: Electivire|256/353","|","|-heal|p1a: Jellicent|301/404|[from] item: Leftovers","|turn|9","|","|switch|p1a: Golurk|Golurk, shiny|319/319","|move|p2a: Electivire|Thunder Punch|p1a: Golurk","|-immune|p1a: Golurk|[msg]","|","|turn|10","|","|move|p2a: Electivire|Ice Punch|p1a: Golurk","|-supereffective|p1a: Golurk","|-damage|p1a: Golurk|101/319","|move|p1a: Golurk|Stealth Rock|p2a: Electivire","|-sidestart|p2: Alliance-C-Control|move: Stealth Rock","|","|turn|11","|","|switch|p1a: Sableye|Sableye, M|222/298","|move|p2a: Electivire|Earthquake|p1a: Sableye","|-damage|p1a: Sableye|108/298","|","|-heal|p1a: Sableye|126/298|[from] item: Leftovers","|turn|12","|","|switch|p2a: Zapdos|Zapdos|324/384","|-damage|p2a: Zapdos|228/384|[from] Stealth Rock","|-ability|p2a: Zapdos|Pressure","|move|p1a: Sableye|Recover|p1a: Sableye","|-heal|p1a: Sableye|275/298","|","|-heal|p2a: Zapdos|252/384|[from] item: Leftovers","|-heal|p1a: Sableye|293/298|[from] item: Leftovers","|turn|13","|","|switch|p1a: Golurk|Golurk, shiny|101/319","|move|p2a: Zapdos|Volt Switch|p1a: Golurk","|-immune|p1a: Golurk|[msg]","|","|-heal|p2a: Zapdos|276/384|[from] item: Leftovers","|turn|14","|","|move|p2a: Zapdos|Heat Wave|p1a: Golurk","|-damage|p1a: Golurk|0 fnt","|faint|p1a: Golurk","|","|-heal|p2a: Zapdos|300/384|[from] item: Leftovers","|","|switch|p1a: Chandelure|Chandelure, F|261/261","|turn|15","|","|move|p1a: Chandelure|Flamethrower|p2a: Zapdos","|-damage|p2a: Zapdos|89/384","|move|p2a: Zapdos|Defog|p1a: Chandelure","|-unboost|p1a: Chandelure|evasion|1","|-sideend|p2: Alliance-C-Control|Stealth Rock|[from] move: Defog|[of] p2a: Zapdos","|","|-heal|p2a: Zapdos|113/384|[from] item: Leftovers","|turn|16","|","|switch|p2a: Electabuzz|Electabuzz, M|292/333","|move|p1a: Chandelure|Flamethrower|p2a: Electabuzz","|-damage|p2a: Electabuzz|142/333","|","|turn|17","|","|move|p1a: Chandelure|Flamethrower|p2a: Electabuzz","|-damage|p2a: Electabuzz|6/333","|move|p2a: Electabuzz|Rest|p2a: Electabuzz","|-fail|p2a: Electabuzz","|","|turn|18","|","|move|p1a: Chandelure|Flamethrower|p2a: Electabuzz","|-damage|p2a: Electabuzz|0 fnt","|faint|p2a: Electabuzz","|","|","|switch|p2a: Rotom-Wash|Rotom-Wash|249/303 tox","|turn|19","|","|switch|p1a: Jellicent|Jellicent, M, shiny|301/404","|move|p2a: Rotom-Wash|Hydro Pump|p1a: Jellicent","|-resisted|p1a: Jellicent","|-damage|p1a: Jellicent|250/404","|","|-heal|p1a: Jellicent|275/404|[from] item: Leftovers","|-damage|p2a: Rotom-Wash|231/303 tox|[from] psn","|turn|20","|","|move|p2a: Rotom-Wash|Volt Switch|p1a: Jellicent","|-crit|p1a: Jellicent","|-supereffective|p1a: Jellicent","|-damage|p1a: Jellicent|93/404","|-start|p2a: Rotom-Wash|Disable|Volt Switch","|","|switch|p2a: Zapdos|Zapdos|113/384","|-ability|p2a: Zapdos|Pressure","|move|p1a: Jellicent|Recover|p1a: Jellicent","|-heal|p1a: Jellicent|295/404","|","|-heal|p2a: Zapdos|137/384|[from] item: Leftovers","|-heal|p1a: Jellicent|320/404|[from] item: Leftovers","|turn|21","|","|move|p2a: Zapdos|Volt Switch|p1a: Jellicent","|-supereffective|p1a: Jellicent","|-damage|p1a: Jellicent|138/404","|","|switch|p2a: Jolteon|Jolteon, F|255/271 tox","|-item|p2a: Jolteon|Air Balloon","|move|p1a: Jellicent|Toxic|p2a: Jolteon","|-fail|p2a: Jolteon|tox","|","|-heal|p1a: Jellicent|163/404|[from] item: Leftovers","|-damage|p2a: Jolteon|239/271 tox|[from] psn","|turn|22","|","|move|p2a: Jolteon|Heal Bell|p2a: Jolteon","|-cureteam|p2a: Jolteon|[from] move: HealBell","|move|p1a: Jellicent|Recover|p1a: Jellicent","|-heal|p1a: Jellicent|365/404","|","|-heal|p1a: Jellicent|390/404|[from] item: Leftovers","|turn|23","|","|move|p2a: Jolteon|Wish|p2a: Jolteon","|move|p1a: Jellicent|Acid Armor|p1a: Jellicent","|-boost|p1a: Jellicent|def|2","|","|-heal|p1a: Jellicent|404/404|[from] item: Leftovers","|turn|24","|","|move|p2a: Jolteon|Baton Pass|p2a: Jolteon","|","|switch|p2a: Zapdos|Zapdos|137/384","|-ability|p2a: Zapdos|Pressure","|move|p1a: Jellicent|Toxic|p2a: Zapdos","|-status|p2a: Zapdos|tox","|","|-heal|p2a: Zapdos|272/384 tox|[from] move: Wish|[wisher] Jolteon","|-heal|p2a: Zapdos|296/384 tox|[from] item: Leftovers","|-damage|p2a: Zapdos|272/384 tox|[from] psn","|turn|25","|","|move|p2a: Zapdos|Volt Switch|p1a: Jellicent","|-supereffective|p1a: Jellicent","|-damage|p1a: Jellicent|210/404","|-start|p2a: Zapdos|Disable|Volt Switch","|","|switch|p2a: Rotom-Wash|Rotom-Wash|231/303","|move|p1a: Jellicent|Scald|p2a: Rotom-Wash","|-resisted|p2a: Rotom-Wash","|-damage|p2a: Rotom-Wash|192/303","|","|-heal|p1a: Jellicent|235/404|[from] item: Leftovers","|turn|26","|","|move|p2a: Rotom-Wash|Will-O-Wisp|p1a: Jellicent|[miss]","|-miss|p2a: Rotom-Wash|p1a: Jellicent","|move|p1a: Jellicent|Recover|p1a: Jellicent","|-heal|p1a: Jellicent|404/404","|","|turn|27","|","|move|p2a: Rotom-Wash|Hydro Pump|p1a: Jellicent","|-resisted|p1a: Jellicent","|-damage|p1a: Jellicent|361/404","|move|p1a: Jellicent|Toxic|p2a: Rotom-Wash","|-status|p2a: Rotom-Wash|tox","|","|-heal|p1a: Jellicent|386/404|[from] item: Leftovers","|-damage|p2a: Rotom-Wash|174/303 tox|[from] psn","|turn|28","|","|switch|p1a: Chandelure|Chandelure, F|261/261","|move|p2a: Rotom-Wash|Will-O-Wisp|p1a: Chandelure","|-immune|p1a: Chandelure|[msg]","|","|-damage|p2a: Rotom-Wash|138/303 tox|[from] psn","|turn|29","|","|switch|p2a: Zebstrika|Zebstrika, F|292/292","|move|p1a: Chandelure|Shadow Ball|p2a: Zebstrika","|-damage|p2a: Zebstrika|33/292","|","|turn|30","|","|move|p1a: Chandelure|Shadow Ball|p2a: Zebstrika","|-damage|p2a: Zebstrika|0 fnt","|faint|p2a: Zebstrika","|","|","|switch|p2a: Electivire|Electivire, F|256/353","|turn|31","|","|switch|p1a: Gengar|Gengar, F, shiny|261/261","|move|p2a: Electivire|Earthquake|p1a: Gengar","|-immune|p1a: Gengar|[msg]","|","|turn|32","|","|move|p1a: Gengar|Sludge Bomb|p2a: Electivire","|-crit|p2a: Electivire","|-damage|p2a: Electivire|0 fnt","|faint|p2a: Electivire","|","|","|switch|p2a: Zapdos|Zapdos|272/384 tox","|-ability|p2a: Zapdos|Pressure","|turn|33","|","|move|p1a: Gengar|Sludge Bomb|p2a: Zapdos","|-damage|p2a: Zapdos|107/384 tox","|move|p2a: Zapdos|Volt Switch|p1a: Gengar","|-damage|p1a: Gengar|78/261","|","|switch|p2a: Jolteon|Jolteon, F|239/271","|-item|p2a: Jolteon|Air Balloon","|","|turn|34","|","|move|p2a: Jolteon|Hidden Power|p1a: Gengar","|-damage|p1a: Gengar|0 fnt","|faint|p1a: Gengar","|","|","|switch|p1a: Chandelure|Chandelure, F|261/261","|turn|35","|","|move|p1a: Chandelure|Shadow Ball|p2a: Jolteon","|-damage|p2a: Jolteon|52/271","|-enditem|p2a: Jolteon|Air Balloon","|move|p2a: Jolteon|Wish|p2a: Jolteon","|","|turn|36","|","|switch|p2a: Zapdos|Zapdos|107/384 tox","|-ability|p2a: Zapdos|Pressure","|move|p1a: Chandelure|Shadow Ball|p2a: Zapdos","|-crit|p2a: Zapdos","|-damage|p2a: Zapdos|0 fnt","|faint|p2a: Zapdos","|","|","|switch|p2a: Rotom-Wash|Rotom-Wash|138/303 tox","|turn|37","|","|move|p1a: Chandelure|Shadow Ball|p2a: Rotom-Wash","|-damage|p2a: Rotom-Wash|0 fnt","|faint|p2a: Rotom-Wash","|","|","|switch|p2a: Jolteon|Jolteon, F|52/271","|turn|38","|","|move|p1a: Chandelure|Shadow Ball|p2a: Jolteon","|-damage|p2a: Jolteon|0 fnt","|faint|p2a: Jolteon","|","|win|Wаrden Arguѕ"],"p1rating":{"entryid":"7252450","serverid":"eos","formatid":"monotype","userid":"wrdenargu","username":"Wаrden Arguѕ","w":40,"l":"7","t":"0","gxe":78.4,"r":"1734.3716784252","rd":"56.692445093201","sigma":"0","rptime":"1438246800","rpr":1745.4197213023,"rprd":51.687600584521,"rpsigma":"0","acre":1418.341116785,"lacre":1418.341116785,"oldacre":"1411.960258899"},"p2rating":{"entryid":"6440455","serverid":"eos","formatid":"monotype","userid":"allianceccontrol","username":"Alliance-C-Control","w":"212","l":281,"t":"0","gxe":41.7,"r":"1435.8579604977","rd":"25","sigma":"0","rptime":"1438246800","rpr":1437.2413390627,"rprd":25,"rpsigma":"0","acre":1115.3011645985,"lacre":1115.3011645985,"oldacre":"1123.277236956"},"endType":"normal"}