{"seed":[50484,24435,18063,32716],"turns":45,"p1":"CTIL-Adin","p2":"CTIL-Raf","p1team":[{"name":"Aerodactyl","species":"Aerodactyl","item":"aerodactylite","ability":"Unnerve","moves":["aerialace","honeclaws","stoneedge","earthquake"],"nature":"Jolly","evs":{"hp":0,"atk":252,"def":0,"spa":0,"spd":4,"spe":252},"ivs":{"hp":31,"atk":31,"def":31,"spa":31,"spd":31,"spe":31}},{"name":"Thundurus","species":"Thundurus","item":"leftovers","ability":"Prankster","moves":["thunderwave","hiddenpowerice","thunderbolt","focusblast"],"nature":"Timid","evs":{"hp":0,"atk":0,"def":0,"spa":252,"spd":4,"spe":252},"ivs":{"hp":31,"atk":30,"def":30,"spa":31,"spd":31,"spe":31}},{"name":"Togekiss","species":"Togekiss","item":"leftovers","ability":"Serene Grace","moves":["thunderwave","airslash","roost","defog"],"nature":"Calm","evs":{"hp":252,"atk":0,"def":0,"spa":4,"spd":252,"spe":0},"ivs":{"hp":31,"atk":31,"def":31,"spa":31,"spd":31,"spe":31}},{"name":"Landorus-Therian","species":"Landorus-Therian","item":"choicescarf","ability":"Intimidate","moves":["uturn","knockoff","stoneedge","earthquake"],"nature":"Jolly","evs":{"hp":0,"atk":252,"def":4,"spa":0,"spd":0,"spe":252},"ivs":{"hp":31,"atk":31,"def":31,"spa":31,"spd":31,"spe":31}},{"name":"Skarmory","species":"Skarmory","item":"rockyhelmet","ability":"Sturdy","moves":["stealthrock","roost","whirlwind","ironhead"],"nature":"Impish","evs":{"hp":248,"atk":0,"def":236,"spa":0,"spd":0,"spe":24},"ivs":{"hp":31,"atk":31,"def":31,"spa":31,"spd":31,"spe":31}},{"name":"Salamence","species":"Salamence","item":"choicescarf","ability":"Intimidate","moves":["dracometeor","flamethrower","hydropump","earthquake"],"nature":"Hasty","evs":{"hp":0,"atk":4,"def":0,"spa":252,"spd":0,"spe":252},"shiny":true,"ivs":{"hp":31,"atk":31,"def":31,"spa":31,"spd":31,"spe":31}}],"p2team":[{"name":"Raiden-Therian","species":"thundurustherian","item":"choicespecs","ability":"Volt Absorb","moves":["thunderbolt","hiddenpowerice","focusblast","psychic"],"nature":"Timid","evs":{"hp":0,"atk":0,"def":0,"spa":252,"spd":4,"spe":252},"ivs":{"hp":31,"atk":30,"def":30,"spa":31,"spd":31,"spe":31}},{"name":"George W.","species":"landorustherian","item":"choicescarf","ability":"Intimidate","moves":["stoneedge","earthquake","knockoff","uturn"],"nature":"Jolly","evs":{"hp":0,"atk":252,"def":0,"spa":0,"spd":4,"spe":252},"ivs":{"hp":31,"atk":31,"def":31,"spa":31,"spd":31,"spe":31}},{"name":"The Holy Spirit","species":"togekiss","item":"leftovers","ability":"Serene Grace","moves":["airslash","healbell","thunderwave","roost"],"nature":"Calm","evs":{"hp":248,"atk":0,"def":0,"spa":8,"spd":252,"spe":0},"gender":"F","ivs":{"hp":31,"atk":31,"def":31,"spa":31,"spd":31,"spe":31}},{"name":"2012","species":"gyarados","item":"gyaradosite","ability":"Intimidate","moves":["dragondance","waterfall","crunch","earthquake"],"nature":"Adamant","evs":{"hp":252,"atk":252,"def":0,"spa":0,"spd":0,"spe":4},"gender":"M","shiny":true,"ivs":{"hp":31,"atk":31,"def":31,"spa":31,"spd":31,"spe":31}},{"name":"Fujin-Therian","species":"tornadustherian","item":"choicescarf","ability":"Regenerator","moves":["heatwave","focusblast","hiddenpowerice","hurricane"],"nature":"Modest","evs":{"hp":4,"atk":0,"def":0,"spa":252,"spd":0,"spe":252},"ivs":{"hp":31,"atk":30,"def":30,"spa":31,"spd":31,"spe":31}},{"name":"Not a scratch...","species":"skarmory","item":"rockyhelmet","ability":"Sturdy","moves":["defog","stealthrock","bravebird","roost"],"nature":"Impish","evs":{"hp":248,"atk":0,"def":236,"spa":0,"spd":0,"spe":24},"gender":"M","ivs":{"hp":31,"atk":31,"def":31,"spa":31,"spd":31,"spe":31}}],"log":["|player|p1|CTIL-Adin|til4adin.png","|player|p2|CTIL-Raf|238","|gametype|singles","|gen|6","|tier|Monotype","|rated","|rule|Baton Pass Clause: Limit one Baton Passer, can't pass Spe and other stats simultaneously","|rule|Swagger Clause: Swagger is banned","|rule|Same Type Clause: Pokémon in a team must share a type","|clearpoke","|poke|p1|Aerodactyl, M","|poke|p1|Thundurus, M","|poke|p1|Togekiss, M","|poke|p1|Landorus-Therian, M","|poke|p1|Skarmory, F","|poke|p1|Salamence, F, shiny","|poke|p2|Thundurus-Therian, M","|poke|p2|Landorus-Therian, M","|poke|p2|Togekiss, F","|poke|p2|Gyarados, M, shiny","|poke|p2|Tornadus-Therian, M","|poke|p2|Skarmory, M","|rule|Sleep Clause Mod: Limit one foe put to sleep","|rule|Species Clause: Limit one of each Pokémon","|rule|OHKO Clause: OHKO moves are banned","|rule|Moody Clause: Moody is banned","|rule|Evasion Moves Clause: Evasion moves are banned","|rule|Endless Battle Clause: Forcing endless battles is banned","|rule|HP Percentage Mod: HP is shown in percentages","|teampreview","|","|start","|switch|p1a: Landorus-Therian|Landorus-Therian, M|319/319","|switch|p2a: Raiden-Therian|Thundurus-Therian, M|299/299","|-ability|p1a: Landorus-Therian|Intimidate","|-unboost|p2a: Raiden-Therian|atk|1","|turn|1","|","|switch|p2a: Not a scratch...|Skarmory, M|333/333","|move|p1a: Landorus-Therian|Stone Edge|p2a: Not a scratch...|[miss]","|-miss|p1a: Landorus-Therian|p2a: Not a scratch...","|","|turn|2","|","|switch|p1a: Togekiss|Togekiss, M|374/374","|move|p2a: Not a scratch...|Stealth Rock|p1a: Togekiss","|-sidestart|p1: CTIL-Adin|move: Stealth Rock","|","|turn|3","|","|switch|p2a: George W.|Landorus-Therian, M|319/319","|-ability|p2a: George W.|Intimidate","|-unboost|p1a: Togekiss|atk|1","|move|p1a: Togekiss|Thunder Wave|p2a: George W.","|-immune|p2a: George W.|[msg]","|","|turn|4","|","|move|p2a: George W.|Stone Edge|p1a: Togekiss|[miss]","|-miss|p2a: George W.|p1a: Togekiss","|move|p1a: Togekiss|Defog|p2a: George W.","|-unboost|p2a: George W.|evasion|1","|-sideend|p1: CTIL-Adin|Stealth Rock|[from] move: Defog|[of] p1a: Togekiss","|","|turn|5","|","|switch|p1a: Skarmory|Skarmory, F|333/333","|move|p2a: George W.|Stone Edge|p1a: Skarmory","|-damage|p1a: Skarmory|263/333","|","|turn|6","|","|switch|p2a: Fujin-Therian|Tornadus-Therian, M|300/300","|move|p1a: Skarmory|Stealth Rock|p2a: Fujin-Therian","|-sidestart|p2: CTIL-Raf|move: Stealth Rock","|","|turn|7","|","|switch|p1a: Togekiss|Togekiss, M|374/374","|move|p2a: Fujin-Therian|Heat Wave|p1a: Togekiss","|-damage|p1a: Togekiss|298/374","|","|-heal|p1a: Togekiss|321/374|[from] item: Leftovers","|turn|8","|","|switch|p2a: George W.|Landorus-Therian, M|319/319","|-damage|p2a: George W.|280/319|[from] Stealth Rock","|-ability|p2a: George W.|Intimidate","|-unboost|p1a: Togekiss|atk|1","|move|p1a: Togekiss|Air Slash|p2a: George W.","|-damage|p2a: George W.|163/319","|","|-heal|p1a: Togekiss|344/374|[from] item: Leftovers","|turn|9","|","|switch|p1a: Skarmory|Skarmory, F|263/333","|move|p2a: George W.|Stone Edge|p1a: Skarmory","|-crit|p1a: Skarmory","|-damage|p1a: Skarmory|150/333","|","|turn|10","|","|switch|p2a: Not a scratch...|Skarmory, M|333/333","|-damage|p2a: Not a scratch...|292/333|[from] Stealth Rock","|move|p1a: Skarmory|Whirlwind|p2a: Not a scratch...","|drag|p2a: Fujin-Therian|Tornadus-Therian, M|300/300","|-damage|p2a: Fujin-Therian|225/300|[from] Stealth Rock","|","|turn|11","|","|move|p2a: Fujin-Therian|Hurricane|p1a: Skarmory","|-resisted|p1a: Skarmory","|-damage|p1a: Skarmory|27/333","|move|p1a: Skarmory|Roost|p1a: Skarmory","|-heal|p1a: Skarmory|194/333","|","|turn|12","|","|move|p2a: Fujin-Therian|Hurricane|p1a: Skarmory|[miss]","|-miss|p2a: Fujin-Therian|p1a: Skarmory","|move|p1a: Skarmory|Roost|p1a: Skarmory","|-heal|p1a: Skarmory|333/333","|","|turn|13","|","|move|p2a: Fujin-Therian|Hurricane|p1a: Skarmory|[miss]","|-miss|p2a: Fujin-Therian|p1a: Skarmory","|move|p1a: Skarmory|Iron Head|p2a: Fujin-Therian","|-damage|p2a: Fujin-Therian|123/300","|","|turn|14","|","|switch|p2a: Not a scratch...|Skarmory, M|292/333","|-damage|p2a: Not a scratch...|251/333|[from] Stealth Rock","|move|p1a: Skarmory|Whirlwind|p2a: Not a scratch...","|drag|p2a: 2012|Gyarados, M, shiny|394/394","|-damage|p2a: 2012|296/394|[from] Stealth Rock","|-ability|p2a: 2012|Intimidate","|-unboost|p1a: Skarmory|atk|1","|","|turn|15","|","|detailschange|p2a: 2012|Gyarados-Mega, M, shiny","|-mega|p2a: 2012|Gyarados|Gyaradosite","|-ability|p2a: 2012|Mold Breaker","|move|p2a: 2012|Dragon Dance|p2a: 2012","|-boost|p2a: 2012|atk|1","|-boost|p2a: 2012|spe|1","|move|p1a: Skarmory|Whirlwind|p2a: 2012","|drag|p2a: Fujin-Therian|Tornadus-Therian, M|223/300","|-damage|p2a: Fujin-Therian|148/300|[from] Stealth Rock","|","|turn|16","|","|switch|p1a: Togekiss|Togekiss, M|344/374","|move|p2a: Fujin-Therian|Heat Wave|p1a: Togekiss","|-damage|p1a: Togekiss|274/374","|","|-heal|p1a: Togekiss|297/374|[from] item: Leftovers","|turn|17","|","|switch|p2a: George W.|Landorus-Therian, M|163/319","|-damage|p2a: George W.|124/319|[from] Stealth Rock","|-ability|p2a: George W.|Intimidate","|-unboost|p1a: Togekiss|atk|1","|move|p1a: Togekiss|Air Slash|p2a: George W.","|-damage|p2a: George W.|4/319","|","|-heal|p1a: Togekiss|320/374|[from] item: Leftovers","|turn|18","|","|switch|p1a: Skarmory|Skarmory, F|333/333","|move|p2a: George W.|U-turn|p1a: Skarmory","|-resisted|p1a: Skarmory","|-damage|p1a: Skarmory|321/333","|-damage|p2a: George W.|0 fnt|[from] item: Rocky Helmet|[of] p1a: Skarmory","|faint|p2a: George W.","|","|","|switch|p2a: Raiden-Therian|Thundurus-Therian, M|299/299","|-damage|p2a: Raiden-Therian|225/299|[from] Stealth Rock","|turn|19","|","|move|p2a: Raiden-Therian|Hidden Power|p1a: Skarmory","|-damage|p1a: Skarmory|172/333","|move|p1a: Skarmory|Whirlwind|p2a: Raiden-Therian","|drag|p2a: The Holy Spirit|Togekiss, F|373/373","|-damage|p2a: The Holy Spirit|280/373|[from] Stealth Rock","|","|-heal|p2a: The Holy Spirit|303/373|[from] item: Leftovers","|turn|20","|","|switch|p1a: Thundurus|Thundurus, M|299/299","|move|p2a: The Holy Spirit|Air Slash|p1a: Thundurus","|-resisted|p1a: Thundurus","|-damage|p1a: Thundurus|242/299","|","|-heal|p1a: Thundurus|260/299|[from] item: Leftovers","|-heal|p2a: The Holy Spirit|326/373|[from] item: Leftovers","|turn|21","|","|switch|p2a: Raiden-Therian|Thundurus-Therian, M|225/299","|-damage|p2a: Raiden-Therian|151/299|[from] Stealth Rock","|move|p1a: Thundurus|Hidden Power|p2a: Raiden-Therian","|-supereffective|p2a: Raiden-Therian","|-damage|p2a: Raiden-Therian|0 fnt","|faint|p2a: Raiden-Therian","|","|-heal|p1a: Thundurus|278/299|[from] item: Leftovers","|","|switch|p2a: Fujin-Therian|Tornadus-Therian, M|248/300","|-damage|p2a: Fujin-Therian|173/300|[from] Stealth Rock","|turn|22","|","|switch|p1a: Togekiss|Togekiss, M|320/374","|move|p2a: Fujin-Therian|Hidden Power|p1a: Togekiss","|-supereffective|p1a: Togekiss","|-damage|p1a: Togekiss|226/374","|","|-heal|p1a: Togekiss|249/374|[from] item: Leftovers","|turn|23","|","|move|p2a: Fujin-Therian|Hidden Power|p1a: Togekiss","|-supereffective|p1a: Togekiss","|-damage|p1a: Togekiss|161/374","|move|p1a: Togekiss|Thunder Wave|p2a: Fujin-Therian","|-status|p2a: Fujin-Therian|par","|","|-heal|p1a: Togekiss|184/374|[from] item: Leftovers","|turn|24","|","|move|p1a: Togekiss|Roost|p1a: Togekiss","|-heal|p1a: Togekiss|371/374","|move|p2a: Fujin-Therian|Hidden Power|p1a: Togekiss","|-damage|p1a: Togekiss|324/374","|","|-heal|p1a: Togekiss|347/374|[from] item: Leftovers","|turn|25","|","|switch|p2a: Not a scratch...|Skarmory, M|251/333","|-damage|p2a: Not a scratch...|210/333|[from] Stealth Rock","|move|p1a: Togekiss|Air Slash|p2a: Not a scratch...","|-resisted|p2a: Not a scratch...","|-damage|p2a: Not a scratch...|146/333","|","|-heal|p1a: Togekiss|370/374|[from] item: Leftovers","|turn|26","|","|move|p1a: Togekiss|Air Slash|p2a: Not a scratch...","|-resisted|p2a: Not a scratch...","|-damage|p2a: Not a scratch...|78/333","|move|p2a: Not a scratch...|Roost|p2a: Not a scratch...","|-heal|p2a: Not a scratch...|245/333","|","|-heal|p1a: Togekiss|374/374|[from] item: Leftovers","|turn|27","|","|switch|p1a: Thundurus|Thundurus, M|278/299","|move|p2a: Not a scratch...|Defog|p1a: Thundurus","|-unboost|p1a: Thundurus|evasion|1","|-sideend|p2: CTIL-Raf|Stealth Rock|[from] move: Defog|[of] p2a: Not a scratch...","|","|-heal|p1a: Thundurus|296/299|[from] item: Leftovers","|turn|28","|","|move|p1a: Thundurus|Thunderbolt|p2a: Not a scratch...","|-supereffective|p2a: Not a scratch...","|-damage|p2a: Not a scratch...|0 fnt","|faint|p2a: Not a scratch...","|","|-heal|p1a: Thundurus|299/299|[from] item: Leftovers","|","|switch|p2a: The Holy Spirit|Togekiss, F|326/373","|turn|29","|","|move|p1a: Thundurus|Thunderbolt|p2a: The Holy Spirit","|-crit|p2a: The Holy Spirit","|-supereffective|p2a: The Holy Spirit","|-damage|p2a: The Holy Spirit|12/373","|move|p2a: The Holy Spirit|Heal Bell|p2a: The Holy Spirit","|-cureteam|p2a: The Holy Spirit|[from] move: HealBell","|","|-heal|p2a: The Holy Spirit|35/373|[from] item: Leftovers","|turn|30","|","|move|p1a: Thundurus|Thunderbolt|p2a: The Holy Spirit","|-supereffective|p2a: The Holy Spirit","|-damage|p2a: The Holy Spirit|0 fnt","|faint|p2a: The Holy Spirit","|","|","|switch|p2a: Fujin-Therian|Tornadus-Therian, M|273/300","|turn|31","|","|switch|p1a: Skarmory|Skarmory, F|172/333","|move|p2a: Fujin-Therian|Hidden Power|p1a: Skarmory","|-damage|p1a: Skarmory|74/333","|","|turn|32","|","|switch|p1a: Togekiss|Togekiss, M|374/374","|move|p2a: Fujin-Therian|Hidden Power|p1a: Togekiss","|-supereffective|p1a: Togekiss","|-damage|p1a: Togekiss|278/374","|","|-heal|p1a: Togekiss|301/374|[from] item: Leftovers","|turn|33","|","|move|p2a: Fujin-Therian|Hidden Power|p1a: Togekiss","|-supereffective|p1a: Togekiss","|-damage|p1a: Togekiss|215/374","|move|p1a: Togekiss|Thunder Wave|p2a: Fujin-Therian","|-status|p2a: Fujin-Therian|par","|","|-heal|p1a: Togekiss|238/374|[from] item: Leftovers","|turn|34","|","|move|p1a: Togekiss|Thunder Wave|p2a: Fujin-Therian","|-fail|p2a: Fujin-Therian|par","|cant|p2a: Fujin-Therian|par","|","|-heal|p1a: Togekiss|261/374|[from] item: Leftovers","|turn|35","|","|move|p1a: Togekiss|Air Slash|p2a: Fujin-Therian","|-damage|p2a: Fujin-Therian|156/300 par","|move|p2a: Fujin-Therian|Hidden Power|p1a: Togekiss","|-supereffective|p1a: Togekiss","|-damage|p1a: Togekiss|171/374","|","|-heal|p1a: Togekiss|194/374|[from] item: Leftovers","|turn|36","|","|move|p1a: Togekiss|Air Slash|p2a: Fujin-Therian","|-damage|p2a: Fujin-Therian|35/300 par","|move|p2a: Fujin-Therian|Hidden Power|p1a: Togekiss","|-supereffective|p1a: Togekiss","|-damage|p1a: Togekiss|102/374","|","|-heal|p1a: Togekiss|125/374|[from] item: Leftovers","|turn|37","|","|move|p1a: Togekiss|Roost|p1a: Togekiss","|-heal|p1a: Togekiss|312/374","|move|p2a: Fujin-Therian|Hidden Power|p1a: Togekiss","|-damage|p1a: Togekiss|264/374","|","|-heal|p1a: Togekiss|287/374|[from] item: Leftovers","|turn|38","|","|move|p1a: Togekiss|Roost|p1a: Togekiss","|-heal|p1a: Togekiss|374/374","|cant|p2a: Fujin-Therian|par","|","|turn|39","|","|move|p1a: Togekiss|Air Slash|p2a: Fujin-Therian|[miss]","|-miss|p1a: Togekiss|p2a: Fujin-Therian","|move|p2a: Fujin-Therian|Hidden Power|p1a: Togekiss","|-supereffective|p1a: Togekiss","|-damage|p1a: Togekiss|276/374","|","|-heal|p1a: Togekiss|299/374|[from] item: Leftovers","|turn|40","|","|move|p1a: Togekiss|Air Slash|p2a: Fujin-Therian","|-damage|p2a: Fujin-Therian|0 fnt","|faint|p2a: Fujin-Therian","|","|-heal|p1a: Togekiss|322/374|[from] item: Leftovers","|","|switch|p2a: 2012|Gyarados-Mega, M, shiny|296/394","|-ability|p2a: 2012|Mold Breaker","|turn|41","|","|move|p2a: 2012|Waterfall|p1a: Togekiss","|-crit|p1a: Togekiss","|-damage|p1a: Togekiss|24/374","|cant|p1a: Togekiss|flinch","|","|-heal|p1a: Togekiss|47/374|[from] item: Leftovers","|turn|42","|","|switch|p1a: Salamence|Salamence, F, shiny|331/331","|-ability|p1a: Salamence|Intimidate","|-unboost|p2a: 2012|atk|1","|move|p2a: 2012|Waterfall|p1a: Salamence","|-resisted|p1a: Salamence","|-damage|p1a: Salamence|246/331","|","|turn|43","|","|move|p1a: Salamence|Draco Meteor|p2a: 2012","|-damage|p2a: 2012|134/394","|-unboost|p1a: Salamence|spa|2","|move|p2a: 2012|Dragon Dance|p2a: 2012","|-boost|p2a: 2012|atk|1","|-boost|p2a: 2012|spe|1","|","|turn|44","|","|switch|p1a: Landorus-Therian|Landorus-Therian, M|319/319","|-ability|p1a: Landorus-Therian|Intimidate","|-unboost|p2a: 2012|atk|1","|move|p2a: 2012|Dragon Dance|p2a: 2012","|-boost|p2a: 2012|atk|1","|-boost|p2a: 2012|spe|1","|","|turn|45","|","|move|p1a: Landorus-Therian|U-turn|p2a: 2012","|-supereffective|p2a: 2012","|-damage|p2a: 2012|0 fnt","|faint|p2a: 2012","|","|win|CTIL-Adin"],"p1rating":{"entryid":"7232824","serverid":"eos","formatid":"monotype","userid":"ctiladin","username":"CTIL-Adin","w":2,"l":"0","t":"0","gxe":61.8,"r":1544.7991079654,"rd":122.83141802352,"sigma":"0","rptime":1438160400,"rpr":1595.8839321509,"rprd":116.65320324297,"rpsigma":"0","acre":1094.3151078536,"lacre":1094.3151078536,"oldacre":"1041.2621133747"},"p2rating":{"entryid":"7111984","serverid":"eos","formatid":"monotype","userid":"ctilraf","username":"CTIL-Raf","w":"31","l":15,"t":"0","gxe":65.5,"r":"1663.0056741948","rd":"54.007424186751","sigma":"0","rptime":"1438160400","rpr":1621.9662596694,"rprd":52.151009851839,"rpsigma":"0","acre":1226.5536890287,"lacre":1226.5536890287,"oldacre":"1265.781670972"},"endType":"normal"}