{"seed":[42306,9737,5757,15096],"turns":23,"p1":"Sovereign♕le7z","p2":"Seductive Weavile","p1team":[{"name":"Heracross","species":"Heracross","item":"choicescarf","ability":"Moxie","moves":["closecombat","megahorn","earthquake","rockslide"],"nature":"Adamant","evs":{"hp":4,"atk":252,"def":0,"spa":0,"spd":0,"spe":252},"gender":"F","shiny":true,"ivs":{"hp":31,"atk":31,"def":31,"spa":31,"spd":31,"spe":31}},{"name":"Beedrill","species":"Beedrill","item":"beedrillite","ability":"Swarm","moves":["defog","uturn","poisonjab","drillrun"],"nature":"Jolly","evs":{"hp":4,"atk":252,"def":0,"spa":0,"spd":0,"spe":252},"gender":"M","shiny":true,"ivs":{"hp":31,"atk":31,"def":31,"spa":31,"spd":31,"spe":31}},{"name":"Yanmega","species":"Yanmega","item":"choicespecs","ability":"Speed Boost","moves":["bugbuzz","airslash","ancientpower","gigadrain"],"nature":"Modest","evs":{"hp":0,"atk":0,"def":0,"spa":252,"spd":0,"spe":252},"gender":"M","shiny":true,"ivs":{"hp":31,"atk":31,"def":31,"spa":31,"spd":31,"spe":31}},{"name":"Scizor","species":"Scizor","item":"lifeorb","ability":"Technician","moves":["bulletpunch","bugbite","brickbreak","pursuit"],"nature":"Adamant","evs":{"hp":252,"atk":252,"def":4,"spa":0,"spd":0,"spe":0},"gender":"M","shiny":true,"ivs":{"hp":31,"atk":31,"def":31,"spa":31,"spd":31,"spe":31}},{"name":"Vivillon","species":"Vivillon","item":"focussash","ability":"Compound Eyes","moves":["sleeppowder","quiverdance","hurricane","bugbuzz"],"nature":"Timid","evs":{"hp":0,"atk":0,"def":0,"spa":252,"spd":0,"spe":252},"gender":"F","shiny":true,"ivs":{"hp":31,"atk":31,"def":31,"spa":31,"spd":31,"spe":31}},{"name":"Shuckle","species":"Shuckle","item":"leftovers","ability":"Contrary","moves":["shellsmash","infestation","toxic","encore"],"nature":"Calm","evs":{"hp":4,"atk":0,"def":252,"spa":0,"spd":252,"spe":0},"gender":"M","shiny":true,"ivs":{"hp":31,"atk":31,"def":31,"spa":31,"spd":31,"spe":31}}],"p2team":[{"name":"Seductive Weavile","species":"weavile","item":"lifeorb","ability":"Pressure","moves":["fakeout","knockoff","iciclecrash","lowkick"],"nature":"Jolly","evs":{"hp":0,"atk":252,"def":0,"spa":0,"spd":4,"spe":252},"ivs":{"hp":31,"atk":31,"def":31,"spa":31,"spd":31,"spe":31}},{"name":"Seductive Sableye","species":"sableye","item":"sablenite","ability":"Prankster","moves":["willowisp","recover","calmmind","darkpulse"],"nature":"Bold","evs":{"hp":248,"atk":0,"def":252,"spa":8,"spd":0,"spe":0},"ivs":{"hp":31,"atk":31,"def":31,"spa":31,"spd":31,"spe":31}},{"name":"Cutting Edge","species":"bisharp","item":"lifeorb","ability":"Defiant","moves":["ironhead","suckerpunch","knockoff","lowsweep"],"nature":"Jolly","evs":{"hp":0,"atk":252,"def":0,"spa":0,"spd":4,"spe":252},"ivs":{"hp":31,"atk":31,"def":31,"spa":31,"spd":31,"spe":31}},{"name":"Schrodinger's Cat","species":"umbreon","item":"leftovers","ability":"Synchronize","moves":["curse","payback","healbell","moonlight"],"nature":"Careful","evs":{"hp":252,"atk":4,"def":0,"spa":0,"spd":252,"spe":0},"ivs":{"hp":31,"atk":31,"def":31,"spa":31,"spd":31,"spe":31}},{"name":"Very Sharpedo","species":"sharpedo","item":"lifeorb","ability":"Speed Boost","moves":["protect","aquajet","hydropump","icebeam"],"nature":"Hasty","evs":{"hp":0,"atk":4,"def":0,"spa":252,"spd":0,"spe":252},"ivs":{"hp":31,"atk":31,"def":31,"spa":31,"spd":31,"spe":31}},{"name":"Highdreigon","species":"hydreigon","item":"choicescarf","ability":"Levitate","moves":["dracometeor","flamethrower","flashcannon","earthpower"],"nature":"Timid","evs":{"hp":0,"atk":0,"def":0,"spa":252,"spd":4,"spe":252},"ivs":{"hp":31,"atk":31,"def":31,"spa":31,"spd":31,"spe":31}}],"log":["|player|p1|Sovereign♕le7z|112","|player|p2|Seductive Weavile|53","|gametype|singles","|gen|6","|tier|Monotype","|rated","|rule|Baton Pass Clause: Limit one Baton Passer, can't pass Spe and other stats simultaneously","|rule|Swagger Clause: Swagger is banned","|rule|Same Type Clause: Pokémon in a team must share a type","|clearpoke","|poke|p1|Heracross, F, shiny","|poke|p1|Beedrill, M, shiny","|poke|p1|Yanmega, M, shiny","|poke|p1|Scizor, M, shiny","|poke|p1|Vivillon, F, shiny","|poke|p1|Shuckle, M, shiny","|poke|p2|Weavile, M","|poke|p2|Sableye, M","|poke|p2|Bisharp, M","|poke|p2|Umbreon, M","|poke|p2|Sharpedo, F","|poke|p2|Hydreigon, M","|rule|Sleep Clause Mod: Limit one foe put to sleep","|rule|Species Clause: Limit one of each Pokémon","|rule|OHKO Clause: OHKO moves are banned","|rule|Moody Clause: Moody is banned","|rule|Evasion Moves Clause: Evasion moves are banned","|rule|Endless Battle Clause: Forcing endless battles is banned","|rule|HP Percentage Mod: HP is shown in percentages","|teampreview","|","|start","|switch|p1a: Yanmega|Yanmega, M, shiny|313/313","|switch|p2a: Seductive Sableye|Sableye, M|303/303","|turn|1","|","|switch|p2a: Cutting Edge|Bisharp, M|271/271","|move|p1a: Yanmega|Bug Buzz|p2a: Cutting Edge","|-damage|p2a: Cutting Edge|0 fnt","|faint|p2a: Cutting Edge","|","|-boost|p1a: Yanmega|spe|1|[from] ability: Speed Boost","|","|switch|p2a: Highdreigon|Hydreigon, M|325/325","|turn|2","|","|move|p2a: Highdreigon|Flamethrower|p1a: Yanmega","|-crit|p1a: Yanmega","|-supereffective|p1a: Yanmega","|-damage|p1a: Yanmega|0 fnt","|faint|p1a: Yanmega","|","|","|switch|p1a: Shuckle|Shuckle, M, shiny|182/182","|turn|3","|","|switch|p2a: Seductive Weavile|Weavile, M|281/281","|-ability|p2a: Seductive Weavile|Pressure","|move|p1a: Shuckle|Shell Smash|p1a: Shuckle","|-unboost|p1a: Shuckle|atk|2","|-unboost|p1a: Shuckle|spa|2","|-unboost|p1a: Shuckle|spe|2","|-boost|p1a: Shuckle|def|1","|-boost|p1a: Shuckle|spd|1","|","|turn|4","|","|move|p2a: Seductive Weavile|Low Kick|p1a: Shuckle","|-damage|p1a: Shuckle|165/182","|-damage|p2a: Seductive Weavile|253/281|[from] item: Life Orb","|move|p1a: Shuckle|Toxic|p2a: Seductive Weavile","|-status|p2a: Seductive Weavile|tox","|","|-heal|p1a: Shuckle|176/182|[from] item: Leftovers","|-damage|p2a: Seductive Weavile|236/281 tox|[from] psn","|turn|5","|","|switch|p2a: Seductive Sableye|Sableye, M|303/303","|move|p1a: Shuckle|Shell Smash|p1a: Shuckle","|-unboost|p1a: Shuckle|atk|2","|-unboost|p1a: Shuckle|spa|2","|-unboost|p1a: Shuckle|spe|2","|-boost|p1a: Shuckle|def|1","|-boost|p1a: Shuckle|spd|1","|","|-heal|p1a: Shuckle|182/182|[from] item: Leftovers","|turn|6","|","|detailschange|p2a: Seductive Sableye|Sableye-Mega, M","|-mega|p2a: Seductive Sableye|Sableye|Sablenite","|move|p2a: Seductive Sableye|Calm Mind|p2a: Seductive Sableye","|-boost|p2a: Seductive Sableye|spa|1","|-boost|p2a: Seductive Sableye|spd|1","|move|p1a: Shuckle|Toxic|p2a: Seductive Sableye","|move|p2a: Seductive Sableye|Toxic|p1a: Shuckle|[from]Magic Bounce","|-status|p1a: Shuckle|tox","|","|-damage|p1a: Shuckle|171/182 tox|[from] psn","|turn|7","|","|move|p2a: Seductive Sableye|Calm Mind|p2a: Seductive Sableye","|-boost|p2a: Seductive Sableye|spa|1","|-boost|p2a: Seductive Sableye|spd|1","|move|p1a: Shuckle|Infestation|p2a: Seductive Sableye","|-damage|p2a: Seductive Sableye|302/303","|-activate|p2a: Seductive Sableye|move: Infestation|[of] p1a: Shuckle","|","|-heal|p1a: Shuckle|182/182 tox|[from] item: Leftovers","|-damage|p1a: Shuckle|160/182 tox|[from] psn","|-damage|p2a: Seductive Sableye|265/303|[from] move: Infestation|[partiallytrapped]","|turn|8","|","|switch|p1a: Vivillon|Vivillon, F, shiny|301/301","|move|p2a: Seductive Sableye|Calm Mind|p2a: Seductive Sableye","|-boost|p2a: Seductive Sableye|spa|1","|-boost|p2a: Seductive Sableye|spd|1","|","|turn|9","|","|move|p1a: Vivillon|Quiver Dance|p1a: Vivillon","|-boost|p1a: Vivillon|spa|1","|-boost|p1a: Vivillon|spd|1","|-boost|p1a: Vivillon|spe|1","|move|p2a: Seductive Sableye|Dark Pulse|p1a: Vivillon","|-damage|p1a: Vivillon|63/301","|","|turn|10","|","|move|p1a: Vivillon|Hurricane|p2a: Seductive Sableye","|-damage|p2a: Seductive Sableye|187/303","|-start|p2a: Seductive Sableye|confusion","|-activate|p2a: Seductive Sableye|confusion","|move|p2a: Seductive Sableye|Dark Pulse|p1a: Vivillon","|-damage|p1a: Vivillon|0 fnt","|faint|p1a: Vivillon","|","|","|switch|p1a: Beedrill|Beedrill, M, shiny|272/272","|turn|11","|","|detailschange|p1a: Beedrill|Beedrill-Mega, M, shiny","|-mega|p1a: Beedrill|Beedrill|Beedrillite","|move|p1a: Beedrill|U-turn|p2a: Seductive Sableye","|-crit|p2a: Seductive Sableye","|-damage|p2a: Seductive Sableye|5/303","|","|switch|p1a: Scizor|Scizor, M, shiny|344/344","|-activate|p2a: Seductive Sableye|confusion","|move|p2a: Seductive Sableye|Will-O-Wisp|p1a: Scizor","|-status|p1a: Scizor|brn","|","|-damage|p1a: Scizor|301/344 brn|[from] brn","|turn|12","|","|move|p1a: Scizor|Bullet Punch|p2a: Seductive Sableye","|-damage|p2a: Seductive Sableye|0 fnt","|-damage|p1a: Scizor|267/344 brn|[from] item: Life Orb","|faint|p2a: Seductive Sableye","|","|-damage|p1a: Scizor|224/344 brn|[from] brn","|","|switch|p2a: Very Sharpedo|Sharpedo, F|281/281","|turn|13","|","|move|p2a: Very Sharpedo|Hydro Pump|p1a: Scizor","|-damage|p1a: Scizor|0 fnt","|-damage|p2a: Very Sharpedo|253/281|[from] item: Life Orb","|faint|p1a: Scizor","|","|-boost|p2a: Very Sharpedo|spe|1|[from] ability: Speed Boost","|","|switch|p1a: Heracross|Heracross, F, shiny|302/302","|turn|14","|","|move|p2a: Very Sharpedo|Hydro Pump|p1a: Heracross","|-damage|p1a: Heracross|78/302","|-damage|p2a: Very Sharpedo|225/281|[from] item: Life Orb","|move|p1a: Heracross|Close Combat|p2a: Very Sharpedo","|-supereffective|p2a: Very Sharpedo","|-damage|p2a: Very Sharpedo|0 fnt","|-unboost|p1a: Heracross|def|1","|-unboost|p1a: Heracross|spd|1","|faint|p2a: Very Sharpedo","|-boost|p1a: Heracross|atk|1|[from] ability: Moxie","|","|","|switch|p2a: Highdreigon|Hydreigon, M|325/325","|turn|15","|","|move|p2a: Highdreigon|Flamethrower|p1a: Heracross","|-supereffective|p1a: Heracross","|-damage|p1a: Heracross|0 fnt","|faint|p1a: Heracross","|","|","|switch|p1a: Shuckle|Shuckle, M, shiny|160/182 tox","|turn|16","|","|switch|p2a: Seductive Weavile|Weavile, M|236/281 tox","|-ability|p2a: Seductive Weavile|Pressure","|move|p1a: Shuckle|Toxic|p2a: Seductive Weavile","|-fail|p2a: Seductive Weavile|tox","|","|-heal|p1a: Shuckle|171/182 tox|[from] item: Leftovers","|-damage|p2a: Seductive Weavile|219/281 tox|[from] psn","|-damage|p1a: Shuckle|160/182 tox|[from] psn","|turn|17","|","|move|p2a: Seductive Weavile|Icicle Crash|p1a: Shuckle","|-damage|p1a: Shuckle|81/182 tox","|-damage|p2a: Seductive Weavile|191/281 tox|[from] item: Life Orb","|cant|p1a: Shuckle|flinch","|","|-heal|p1a: Shuckle|92/182 tox|[from] item: Leftovers","|-damage|p2a: Seductive Weavile|157/281 tox|[from] psn","|-damage|p1a: Shuckle|70/182 tox|[from] psn","|turn|18","|","|move|p2a: Seductive Weavile|Icicle Crash|p1a: Shuckle","|-crit|p1a: Shuckle","|-damage|p1a: Shuckle|0 fnt","|-damage|p2a: Seductive Weavile|129/281 tox|[from] item: Life Orb","|faint|p1a: Shuckle","|","|-damage|p2a: Seductive Weavile|78/281 tox|[from] psn","|","|switch|p1a: Beedrill|Beedrill-Mega, M, shiny|272/272","|turn|19","|","|switch|p2a: Schrodinger's Cat|Umbreon, M|394/394","|move|p1a: Beedrill|U-turn|p2a: Schrodinger's Cat","|-supereffective|p2a: Schrodinger's Cat","|-damage|p2a: Schrodinger's Cat|30/394","|","|-heal|p2a: Schrodinger's Cat|54/394|[from] item: Leftovers","|turn|20","|","|move|p1a: Beedrill|U-turn|p2a: Schrodinger's Cat","|-supereffective|p2a: Schrodinger's Cat","|-damage|p2a: Schrodinger's Cat|0 fnt","|faint|p2a: Schrodinger's Cat","|","|","|switch|p2a: Seductive Weavile|Weavile, M|78/281 tox","|-ability|p2a: Seductive Weavile|Pressure","|turn|21","|","|move|p2a: Seductive Weavile|Fake Out|p1a: Beedrill","|-damage|p1a: Beedrill|156/272","|-damage|p2a: Seductive Weavile|50/281 tox|[from] item: Life Orb","|cant|p1a: Beedrill|flinch","|","|-damage|p2a: Seductive Weavile|33/281 tox|[from] psn","|turn|22","|","|move|p1a: Beedrill|U-turn|p2a: Seductive Weavile","|-supereffective|p2a: Seductive Weavile","|-damage|p2a: Seductive Weavile|0 fnt","|faint|p2a: Seductive Weavile","|","|","|switch|p2a: Highdreigon|Hydreigon, M|325/325","|turn|23","|","|move|p2a: Highdreigon|Flamethrower|p1a: Beedrill","|-supereffective|p1a: Beedrill","|-damage|p1a: Beedrill|0 fnt","|faint|p1a: Beedrill","|","|win|Seductive Weavile"],"p1rating":{"entryid":"7260953","serverid":"eos","formatid":"monotype","userid":"sovereignle7z","username":"Sovereign♕le7z","w":"1","l":1,"t":"0","gxe":48.8,"r":"1500","rd":"130","sigma":"0","rptime":"1438160400","rpr":1490.3286615649,"rprd":116.72384058267,"rpsigma":"0","acre":1032.6485073296,"lacre":1032.6485073296,"oldacre":"1045.704390217"},"p2rating":{"entryid":"7250734","serverid":"eos","formatid":"monotype","userid":"seductiveweavile","username":"Seductive Weavile","w":5,"l":"0","t":"0","gxe":67,"r":"1500","rd":"130","sigma":"0","rptime":"1438160400","rpr":1638.6091955001,"rprd":102.49686908672,"rpsigma":"0","acre":1144.7598664901,"lacre":1144.7598664901,"oldacre":"1125.3956232269"},"endType":"normal"}