{"seed":[1498,52579,18724,60392],"turns":26,"p1":"messiahblue","p2":"Cryѕtal Cash","p1team":[{"name":"Staraptor","species":"Staraptor","item":"choicescarf","ability":"Reckless","moves":["bravebird","closecombat","pursuit","doubleedge"],"nature":"Serious","evs":{"hp":0,"atk":252,"def":0,"spa":0,"spd":4,"spe":252},"ivs":{"hp":31,"atk":31,"def":31,"spa":31,"spd":31,"spe":31}},{"name":"Scyther","species":"Scyther","item":"eviolite","ability":"Technician","moves":["swordsdance","quickattack","aerialace","pursuit"],"nature":"Jolly","evs":{"hp":0,"atk":252,"def":0,"spa":0,"spd":4,"spe":252},"ivs":{"hp":31,"atk":31,"def":31,"spa":31,"spd":31,"spe":31}},{"name":"Landorus","species":"Landorus","item":"choicespecs","ability":"Sheer Force","moves":["earthpower","psychic","sludgebomb","hiddenpowerflying"],"nature":"Timid","evs":{"hp":4,"atk":0,"def":0,"spa":252,"spd":0,"spe":252},"ivs":{"hp":30,"atk":30,"def":30,"spa":30,"spd":30,"spe":31}},{"name":"Thundurus-Therian","species":"Thundurus-Therian","item":"choicescarf","ability":"Volt Absorb","moves":["discharge","darkpulse","flashcannon","hiddenpowerground"],"nature":"Modest","evs":{"hp":0,"atk":0,"def":0,"spa":252,"spd":4,"spe":252},"ivs":{"hp":31,"atk":31,"def":31,"spa":30,"spd":30,"spe":31}},{"name":"Skarmory","species":"Skarmory","item":"leftovers","ability":"Sturdy","moves":["roost","stealthrock","ironhead","whirlwind"],"nature":"Impish","evs":{"hp":156,"atk":100,"def":0,"spa":0,"spd":252,"spe":0},"ivs":{"hp":31,"atk":31,"def":31,"spa":31,"spd":31,"spe":31}},{"name":"Altaria","species":"Altaria","item":"altarianite","ability":"Cloud Nine","moves":["dragondance","return","dragonclaw","earthquake"],"nature":"Adamant","evs":{"hp":0,"atk":252,"def":0,"spa":0,"spd":4,"spe":252},"ivs":{"hp":31,"atk":31,"def":31,"spa":31,"spd":31,"spe":31}}],"p2team":[{"name":"Azumarill","species":"Azumarill","item":"assaultvest","ability":"Huge Power","moves":["poweruppunch","aquajet","playrough","waterfall"],"nature":"Adamant","evs":{"hp":248,"atk":252,"def":0,"spa":0,"spd":8,"spe":0},"ivs":{"hp":31,"atk":31,"def":31,"spa":31,"spd":31,"spe":31}},{"name":"Sylveon","species":"Sylveon","item":"choicespecs","ability":"Pixilate","moves":["hypervoice","shadowball","hiddenpowerfire","psyshock"],"nature":"Modest","evs":{"hp":240,"atk":0,"def":0,"spa":252,"spd":0,"spe":16},"ivs":{"hp":31,"atk":30,"def":31,"spa":30,"spd":31,"spe":30}},{"name":"Klefki","species":"Klefki","item":"lightclay","ability":"Prankster","moves":["reflect","lightscreen","thunderwave","foulplay"],"nature":"Bold","evs":{"hp":248,"atk":0,"def":252,"spa":0,"spd":8,"spe":0},"ivs":{"hp":31,"atk":31,"def":31,"spa":31,"spd":31,"spe":31}},{"name":"Toge Kiss Deez Nut","species":"togekiss","item":"leftovers","ability":"Serene Grace","moves":["thunderwave","airslash","nastyplot","roost"],"nature":"Modest","evs":{"hp":0,"atk":0,"def":4,"spa":252,"spd":0,"spe":252},"ivs":{"hp":31,"atk":31,"def":31,"spa":31,"spd":31,"spe":31}},{"name":"Granbull","species":"Granbull","item":"leftovers","ability":"Intimidate","moves":["playrough","healbell","earthquake","thunderwave"],"nature":"Relaxed","evs":{"hp":4,"atk":252,"def":252,"spa":0,"spd":0,"spe":0},"ivs":{"hp":31,"atk":31,"def":31,"spa":31,"spd":31,"spe":31}},{"name":"Gardevoir","species":"Gardevoir","item":"gardevoirite","ability":"Synchronize","moves":["hypervoice","thunderbolt","energyball","moonblast"],"nature":"Timid","evs":{"hp":0,"atk":0,"def":0,"spa":252,"spd":4,"spe":252},"ivs":{"hp":31,"atk":31,"def":31,"spa":31,"spd":31,"spe":31}}],"log":["|player|p1|messiahblue|281","|player|p2|Cryѕtal Cash|158","|gametype|singles","|gen|6","|tier|Monotype","|rated","|rule|Baton Pass Clause: Limit one Baton Passer, can't pass Spe and other stats simultaneously","|rule|Swagger Clause: Swagger is banned","|rule|Same Type Clause: Pokémon in a team must share a type","|clearpoke","|poke|p1|Staraptor, F","|poke|p1|Scyther, F","|poke|p1|Landorus, M","|poke|p1|Thundurus-Therian, M","|poke|p1|Skarmory, M","|poke|p1|Altaria, F","|poke|p2|Azumarill, M","|poke|p2|Sylveon, M","|poke|p2|Klefki, F","|poke|p2|Togekiss, M","|poke|p2|Granbull, F","|poke|p2|Gardevoir, F","|rule|Sleep Clause Mod: Limit one foe put to sleep","|rule|Species Clause: Limit one of each Pokémon","|rule|OHKO Clause: OHKO moves are banned","|rule|Moody Clause: Moody is banned","|rule|Evasion Moves Clause: Evasion moves are banned","|rule|Endless Battle Clause: Forcing endless battles is banned","|rule|HP Percentage Mod: HP is shown in percentages","|teampreview","|","|start","|switch|p1a: Skarmory|Skarmory, M|310/310","|switch|p2a: Toge Kiss Deez Nut|Togekiss, M|311/311","|turn|1","|","|move|p2a: Toge Kiss Deez Nut|Thunder Wave|p1a: Skarmory","|-status|p1a: Skarmory|par","|move|p1a: Skarmory|Stealth Rock|p2a: Toge Kiss Deez Nut","|-sidestart|p2: Cryѕtal Cash|move: Stealth Rock","|","|turn|2","|","|move|p2a: Toge Kiss Deez Nut|Nasty Plot|p2a: Toge Kiss Deez Nut","|-boost|p2a: Toge Kiss Deez Nut|spa|2","|move|p1a: Skarmory|Iron Head|p2a: Toge Kiss Deez Nut","|-supereffective|p2a: Toge Kiss Deez Nut","|-damage|p2a: Toge Kiss Deez Nut|119/311","|","|-heal|p2a: Toge Kiss Deez Nut|138/311|[from] item: Leftovers","|turn|3","|","|move|p2a: Toge Kiss Deez Nut|Roost|p2a: Toge Kiss Deez Nut","|-heal|p2a: Toge Kiss Deez Nut|294/311","|move|p1a: Skarmory|Iron Head|p2a: Toge Kiss Deez Nut","|-supereffective|p2a: Toge Kiss Deez Nut","|-damage|p2a: Toge Kiss Deez Nut|106/311","|","|-heal|p2a: Toge Kiss Deez Nut|125/311|[from] item: Leftovers","|turn|4","|","|move|p2a: Toge Kiss Deez Nut|Roost|p2a: Toge Kiss Deez Nut","|-heal|p2a: Toge Kiss Deez Nut|281/311","|move|p1a: Skarmory|Whirlwind|p2a: Toge Kiss Deez Nut","|drag|p2a: Azumarill|Azumarill, M|403/403","|-damage|p2a: Azumarill|353/403|[from] Stealth Rock","|","|turn|5","|","|move|p2a: Azumarill|Power-Up Punch|p1a: Skarmory","|-damage|p1a: Skarmory|268/310 par","|-boost|p2a: Azumarill|atk|1","|move|p1a: Skarmory|Whirlwind|p2a: Azumarill","|drag|p2a: Gardevoir|Gardevoir, F|277/277","|-damage|p2a: Gardevoir|243/277|[from] Stealth Rock","|","|-heal|p1a: Skarmory|287/310 par|[from] item: Leftovers","|turn|6","|","|detailschange|p2a: Gardevoir|Gardevoir-Mega, F","|-mega|p2a: Gardevoir|Gardevoir|Gardevoirite","|move|p2a: Gardevoir|Thunderbolt|p1a: Skarmory","|-supereffective|p1a: Skarmory","|-damage|p1a: Skarmory|53/310 par","|cant|p1a: Skarmory|par","|","|-heal|p1a: Skarmory|72/310 par|[from] item: Leftovers","|turn|7","|","|move|p2a: Gardevoir|Thunderbolt|p1a: Skarmory","|-supereffective|p1a: Skarmory","|-damage|p1a: Skarmory|0 fnt","|faint|p1a: Skarmory","|","|","|switch|p1a: Landorus|Landorus, M|319/319","|turn|8","|","|move|p1a: Landorus|Sludge Bomb|p2a: Gardevoir","|-supereffective|p2a: Gardevoir","|-damage|p2a: Gardevoir|0 fnt","|faint|p2a: Gardevoir","|","|","|switch|p2a: Klefki|Klefki, F|317/317","|-damage|p2a: Klefki|298/317|[from] Stealth Rock","|turn|9","|","|switch|p1a: Thundurus-Therian|Thundurus-Therian, M|299/299","|move|p2a: Klefki|Light Screen|p2a: Klefki","|-sidestart|p2: Cryѕtal Cash|move: Light Screen","|","|turn|10","|","|move|p2a: Klefki|Reflect|p2a: Klefki","|-sidestart|p2: Cryѕtal Cash|Reflect","|move|p1a: Thundurus-Therian|Hidden Power|p2a: Klefki","|-supereffective|p2a: Klefki","|-damage|p2a: Klefki|201/317","|","|turn|11","|","|move|p1a: Thundurus-Therian|Hidden Power|p2a: Klefki","|-supereffective|p2a: Klefki","|-damage|p2a: Klefki|114/317","|move|p2a: Klefki|Foul Play|p1a: Thundurus-Therian","|-damage|p1a: Thundurus-Therian|208/299","|","|turn|12","|","|switch|p2a: Azumarill|Azumarill, M|353/403","|-damage|p2a: Azumarill|303/403|[from] Stealth Rock","|move|p1a: Thundurus-Therian|Hidden Power|p2a: Azumarill","|-damage|p2a: Azumarill|272/403","|","|turn|13","|","|switch|p1a: Scyther|Scyther, F|281/281","|switch|p2a: Sylveon|Sylveon, M|391/391","|-damage|p2a: Sylveon|343/391|[from] Stealth Rock","|","|turn|14","|","|move|p1a: Scyther|Swords Dance|p1a: Scyther","|-boost|p1a: Scyther|atk|2","|move|p2a: Sylveon|Hidden Power|p1a: Scyther","|-supereffective|p1a: Scyther","|-damage|p1a: Scyther|109/281","|","|turn|15","|","|move|p1a: Scyther|Aerial Ace|p2a: Sylveon","|-damage|p2a: Sylveon|127/391","|move|p2a: Sylveon|Hidden Power|p1a: Scyther","|-supereffective|p1a: Scyther","|-damage|p1a: Scyther|0 fnt","|faint|p1a: Scyther","|","|","|switch|p1a: Landorus|Landorus, M|319/319","|turn|16","|","|switch|p2a: Toge Kiss Deez Nut|Togekiss, M|281/311","|-damage|p2a: Toge Kiss Deez Nut|204/311|[from] Stealth Rock","|move|p1a: Landorus|Earth Power|p2a: Toge Kiss Deez Nut","|-immune|p2a: Toge Kiss Deez Nut|[msg]","|","|-heal|p2a: Toge Kiss Deez Nut|223/311|[from] item: Leftovers","|-sideend|p2: Cryѕtal Cash|move: Light Screen","|turn|17","|","|switch|p1a: Thundurus-Therian|Thundurus-Therian, M|208/299","|move|p2a: Toge Kiss Deez Nut|Air Slash|p1a: Thundurus-Therian","|-resisted|p1a: Thundurus-Therian","|-damage|p1a: Thundurus-Therian|124/299","|","|-heal|p2a: Toge Kiss Deez Nut|242/311|[from] item: Leftovers","|-sideend|p2: Cryѕtal Cash|Reflect","|turn|18","|","|switch|p2a: Granbull|Granbull, F|322/322","|-damage|p2a: Granbull|282/322|[from] Stealth Rock","|-ability|p2a: Granbull|Intimidate","|-unboost|p1a: Thundurus-Therian|atk|1","|move|p1a: Thundurus-Therian|Discharge|p2a: Granbull","|-damage|p2a: Granbull|11/322","|","|-heal|p2a: Granbull|31/322|[from] item: Leftovers","|turn|19","|","|move|p1a: Thundurus-Therian|Discharge|p2a: Granbull","|-crit|p2a: Granbull","|-damage|p2a: Granbull|0 fnt","|faint|p2a: Granbull","|","|","|switch|p2a: Sylveon|Sylveon, M|127/391","|-damage|p2a: Sylveon|79/391|[from] Stealth Rock","|turn|20","|","|move|p1a: Thundurus-Therian|Discharge|p2a: Sylveon","|-damage|p2a: Sylveon|0 fnt","|faint|p2a: Sylveon","|","|","|switch|p2a: Klefki|Klefki, F|114/317","|-damage|p2a: Klefki|95/317|[from] Stealth Rock","|turn|21","|","|move|p2a: Klefki|Light Screen|p2a: Klefki","|-sidestart|p2: Cryѕtal Cash|move: Light Screen","|move|p1a: Thundurus-Therian|Discharge|p2a: Klefki","|-damage|p2a: Klefki|3/317","|","|turn|22","|","|move|p1a: Thundurus-Therian|Discharge|p2a: Klefki","|-damage|p2a: Klefki|0 fnt","|faint|p2a: Klefki","|","|","|switch|p2a: Toge Kiss Deez Nut|Togekiss, M|242/311","|-damage|p2a: Toge Kiss Deez Nut|165/311|[from] Stealth Rock","|turn|23","|","|move|p1a: Thundurus-Therian|Discharge|p2a: Toge Kiss Deez Nut","|-supereffective|p2a: Toge Kiss Deez Nut","|-damage|p2a: Toge Kiss Deez Nut|8/311","|move|p2a: Toge Kiss Deez Nut|Air Slash|p1a: Thundurus-Therian","|-resisted|p1a: Thundurus-Therian","|-damage|p1a: Thundurus-Therian|39/299","|","|-heal|p2a: Toge Kiss Deez Nut|27/311|[from] item: Leftovers","|turn|24","|","|move|p1a: Thundurus-Therian|Discharge|p2a: Toge Kiss Deez Nut","|-supereffective|p2a: Toge Kiss Deez Nut","|-damage|p2a: Toge Kiss Deez Nut|0 fnt","|faint|p2a: Toge Kiss Deez Nut","|","|","|switch|p2a: Azumarill|Azumarill, M|272/403","|-damage|p2a: Azumarill|222/403|[from] Stealth Rock","|turn|25","|","|move|p2a: Azumarill|Aqua Jet|p1a: Thundurus-Therian","|-damage|p1a: Thundurus-Therian|0 fnt","|faint|p1a: Thundurus-Therian","|","|","|switch|p1a: Staraptor|Staraptor, F|311/311","|turn|26","|","|move|p1a: Staraptor|Brave Bird|p2a: Azumarill","|-damage|p2a: Azumarill|0 fnt","|-damage|p1a: Staraptor|238/311|[from] recoil|[of] p2a: Azumarill","|faint|p2a: Azumarill","|","|win|messiahblue"],"p1rating":{"entryid":"5890266","serverid":"eos","formatid":"monotype","userid":"messiahblue","username":"messiahblue","w":8,"l":"11","t":"0","gxe":45.6,"r":"1426.2184403408","rd":"85.408395248881","sigma":"0","rptime":"1438246800","rpr":1465.5306850839,"rprd":81.160468044691,"rpsigma":"0","acre":1110.8110399809,"lacre":1110.8110399809,"oldacre":"1079.6727276175"},"p2rating":{"entryid":"7232943","serverid":"eos","formatid":"monotype","userid":"crytalcash","username":"Cryѕtal Cash","w":"6","l":9,"t":"0","gxe":44.2,"r":"1469.5877745556","rd":"82.490150504112","sigma":"0","rptime":"1438246800","rpr":1455.1299024088,"rprd":76.988690581409,"rpsigma":"0","acre":1090.3404267963,"lacre":1090.3404267963,"oldacre":"1118.0938328886"},"endType":"normal"}