{"seed":[51426,62234,35548,58660],"turns":34,"p1":"KGBeast","p2":"MrNyanNyanz","p1team":[{"name":"Skarmory","species":"Skarmory","item":"rockyhelmet","ability":"Sturdy","moves":["defog","ironhead","whirlwind","roost"],"nature":"Impish","evs":{"hp":252,"atk":0,"def":252,"spa":0,"spd":0,"spe":4},"ivs":{"hp":31,"atk":31,"def":31,"spa":31,"spd":31,"spe":31}},{"name":"Gyarados","species":"Gyarados","item":"gyaradosite","ability":"Intimidate","moves":["dragondance","crunch","sleeptalk","rest"],"nature":"Careful","evs":{"hp":252,"atk":0,"def":94,"spa":0,"spd":62,"spe":100},"happiness":0,"ivs":{"hp":31,"atk":31,"def":31,"spa":31,"spd":31,"spe":31}},{"name":"Gliscor","species":"Gliscor","item":"toxicorb","ability":"Poison Heal","moves":["stealthrock","toxic","earthquake","roost"],"nature":"Impish","evs":{"hp":252,"atk":0,"def":252,"spa":0,"spd":0,"spe":4},"ivs":{"hp":31,"atk":31,"def":31,"spa":31,"spd":31,"spe":31}},{"name":"Articuno","species":"Articuno","item":"leftovers","ability":"Pressure","moves":["freezedry","healbell","toxic","roost"],"nature":"Calm","evs":{"hp":252,"atk":0,"def":0,"spa":0,"spd":252,"spe":4},"ivs":{"hp":31,"atk":0,"def":31,"spa":31,"spd":31,"spe":31}},{"name":"Landorus","species":"Landorus","item":"lifeorb","ability":"Sheer Force","moves":["earthpower","sludgewave","psychic","rockslide"],"nature":"Timid","evs":{"hp":0,"atk":0,"def":4,"spa":252,"spd":0,"spe":252},"ivs":{"hp":31,"atk":31,"def":30,"spa":31,"spd":31,"spe":31}},{"name":"Honchkrow","species":"Honchkrow","item":"lifeorb","ability":"Moxie","moves":["suckerpunch","bravebird","heatwave","superpower"],"nature":"Naughty","evs":{"hp":0,"atk":252,"def":0,"spa":4,"spd":0,"spe":252},"ivs":{"hp":31,"atk":31,"def":31,"spa":31,"spd":31,"spe":31}}],"p2team":[{"name":"DragonLord","species":"kyuremblack","item":"choicescarf","ability":"Teravolt","moves":["fly","outrage","fusionbolt","ironhead"],"nature":"Jolly","evs":{"hp":0,"atk":252,"def":0,"spa":0,"spd":4,"spe":252},"ivs":{"hp":31,"atk":31,"def":31,"spa":31,"spd":31,"spe":31}},{"name":"Blu","species":"latios","item":"latiosite","ability":"Levitate","moves":["dragondance","earthquake","dragonclaw","zenheadbutt"],"nature":"Adamant","evs":{"hp":0,"atk":252,"def":0,"spa":0,"spd":4,"spe":252},"ivs":{"hp":31,"atk":31,"def":31,"spa":31,"spd":31,"spe":31}},{"name":"Fish","species":"garchomp","item":"rockyhelmet","ability":"Rough Skin","moves":["earthquake","fireblast","stoneedge","stealthrock"],"nature":"Rash","evs":{"hp":252,"atk":0,"def":252,"spa":4,"spd":0,"spe":0},"ivs":{"hp":31,"atk":31,"def":31,"spa":31,"spd":31,"spe":31}},{"name":"BabyWings","species":"dragonite","item":"weaknesspolicy","ability":"Multiscale","moves":["hurricane","agility","dracometeor","icebeam"],"nature":"Modest","evs":{"hp":252,"atk":0,"def":0,"spa":252,"spd":0,"spe":4},"ivs":{"hp":31,"atk":31,"def":31,"spa":31,"spd":31,"spe":31}},{"name":"Slow?!","species":"goodra","item":"damprock","ability":"Hydration","moves":["rest","curse","dragontail","raindance"],"nature":"Careful","evs":{"hp":248,"atk":8,"def":0,"spa":0,"spd":252,"spe":0},"ivs":{"hp":31,"atk":31,"def":31,"spa":31,"spd":31,"spe":31}},{"name":"Palkia-Fish Form","species":"kingdra","item":"razorclaw","ability":"Swift Swim","moves":["dracometeor","focusenergy","scald","flashcannon"],"nature":"Modest","evs":{"hp":0,"atk":0,"def":0,"spa":252,"spd":4,"spe":252},"ivs":{"hp":31,"atk":31,"def":31,"spa":31,"spd":31,"spe":31}}],"log":["|player|p1|KGBeast|kgbeast.png","|player|p2|MrNyanNyanz|mrnyannyanz.png","|gametype|singles","|gen|6","|tier|Monotype","|rated","|rule|Baton Pass Clause: Limit one Baton Passer, can't pass Spe and other stats simultaneously","|rule|Swagger Clause: Swagger is banned","|rule|Same Type Clause: Pokémon in a team must share a type","|clearpoke","|poke|p1|Skarmory, F","|poke|p1|Gyarados, M","|poke|p1|Gliscor, M","|poke|p1|Articuno","|poke|p1|Landorus, M","|poke|p1|Honchkrow, F","|poke|p2|Kyurem-Black","|poke|p2|Latios, M","|poke|p2|Garchomp, F","|poke|p2|Dragonite, F","|poke|p2|Goodra, M","|poke|p2|Kingdra, M","|rule|Sleep Clause Mod: Limit one foe put to sleep","|rule|Species Clause: Limit one of each Pokémon","|rule|OHKO Clause: OHKO moves are banned","|rule|Moody Clause: Moody is banned","|rule|Evasion Moves Clause: Evasion moves are banned","|rule|Endless Battle Clause: Forcing endless battles is banned","|rule|HP Percentage Mod: HP is shown in percentages","|teampreview","|","|start","|switch|p1a: Gliscor|Gliscor, M|354/354","|switch|p2a: DragonLord|Kyurem-Black|391/391","|-ability|p2a: DragonLord|Teravolt","|turn|1","|","|switch|p2a: Palkia-Fish Form|Kingdra, M|291/291","|switch|p1a: Articuno|Articuno|384/384","|-ability|p1a: Articuno|Pressure","|","|turn|2","|","|switch|p2a: DragonLord|Kyurem-Black|391/391","|-ability|p2a: DragonLord|Teravolt","|move|p1a: Articuno|Freeze-Dry|p2a: DragonLord","|-damage|p2a: DragonLord|304/391","|","|turn|3","|","|switch|p1a: Skarmory|Skarmory, F|334/334","|move|p2a: DragonLord|Iron Head|p1a: Skarmory","|-resisted|p1a: Skarmory","|-damage|p1a: Skarmory|304/334","|-damage|p2a: DragonLord|239/391|[from] item: Rocky Helmet|[of] p1a: Skarmory","|","|turn|4","|","|switch|p2a: Fish|Garchomp, F|420/420","|move|p1a: Skarmory|Iron Head|p2a: Fish","|-damage|p2a: Fish|353/420","|-damage|p1a: Skarmory|263/334|[from] ability: Rough Skin|[of] p2a: Fish","|-damage|p1a: Skarmory|208/334|[from] item: Rocky Helmet|[of] p2a: Fish","|","|turn|5","|","|move|p2a: Fish|Stone Edge|p1a: Skarmory","|-crit|p1a: Skarmory","|-damage|p1a: Skarmory|129/334","|move|p1a: Skarmory|Roost|p1a: Skarmory","|-heal|p1a: Skarmory|296/334","|","|turn|6","|","|move|p2a: Fish|Stealth Rock|p1a: Skarmory","|-sidestart|p1: KGBeast|move: Stealth Rock","|move|p1a: Skarmory|Whirlwind|p2a: Fish","|drag|p2a: Blu|Latios, M|301/301","|","|turn|7","|","|switch|p2a: Fish|Garchomp, F|353/420","|move|p1a: Skarmory|Defog|p2a: Fish","|-unboost|p2a: Fish|evasion|1","|-sideend|p1: KGBeast|Stealth Rock|[from] move: Defog|[of] p1a: Skarmory","|","|turn|8","|","|move|p2a: Fish|Stone Edge|p1a: Skarmory","|-damage|p1a: Skarmory|235/334","|move|p1a: Skarmory|Defog|p2a: Fish","|-unboost|p2a: Fish|evasion|1","|","|turn|9","|","|move|p2a: Fish|Stealth Rock|p1a: Skarmory","|-sidestart|p1: KGBeast|move: Stealth Rock","|move|p1a: Skarmory|Roost|p1a: Skarmory","|-heal|p1a: Skarmory|334/334","|","|turn|10","|","|move|p2a: Fish|Fire Blast|p1a: Skarmory","|-supereffective|p1a: Skarmory","|-damage|p1a: Skarmory|112/334","|move|p1a: Skarmory|Defog|p2a: Fish","|-unboost|p2a: Fish|evasion|1","|-sideend|p1: KGBeast|Stealth Rock|[from] move: Defog|[of] p1a: Skarmory","|","|turn|11","|","|move|p2a: Fish|Fire Blast|p1a: Skarmory","|-supereffective|p1a: Skarmory","|-damage|p1a: Skarmory|0 fnt","|faint|p1a: Skarmory","|","|","|switch|p1a: Landorus|Landorus, M|319/319","|turn|12","|","|switch|p2a: Slow?!|Goodra, M|383/383","|move|p1a: Landorus|Earth Power|p2a: Slow?!","|-damage|p2a: Slow?!|254/383","|","|turn|13","|","|switch|p1a: Articuno|Articuno|384/384","|-ability|p1a: Articuno|Pressure","|move|p2a: Slow?!|Rain Dance|p2a: Slow?!","|-weather|RainDance","|","|-weather|RainDance|[upkeep]","|turn|14","|","|move|p1a: Articuno|Freeze-Dry|p2a: Slow?!","|-supereffective|p2a: Slow?!","|-damage|p2a: Slow?!|162/383","|move|p2a: Slow?!|Dragon Tail|p1a: Articuno","|-damage|p1a: Articuno|312/384","|drag|p1a: Gyarados|Gyarados, M|394/394","|-ability|p1a: Gyarados|Intimidate","|-unboost|p2a: Slow?!|atk|1","|","|-weather|RainDance|[upkeep]","|turn|15","|","|switch|p1a: Gliscor|Gliscor, M|354/354","|move|p2a: Slow?!|Dragon Tail|p1a: Gliscor","|-damage|p1a: Gliscor|323/354","|drag|p1a: Honchkrow|Honchkrow, F|341/341","|","|-weather|RainDance|[upkeep]","|turn|16","|","|move|p1a: Honchkrow|Brave Bird|p2a: Slow?!","|-damage|p2a: Slow?!|0 fnt","|-damage|p1a: Honchkrow|288/341|[from] recoil|[of] p2a: Slow?!","|-damage|p1a: Honchkrow|254/341|[from] item: Life Orb","|faint|p2a: Slow?!","|-boost|p1a: Honchkrow|atk|1|[from] ability: Moxie","|","|-weather|RainDance|[upkeep]","|","|switch|p2a: BabyWings|Dragonite, F|386/386","|turn|17","|","|move|p1a: Honchkrow|Brave Bird|p2a: BabyWings","|-damage|p2a: BabyWings|173/386","|-damage|p1a: Honchkrow|184/341|[from] recoil|[of] p2a: BabyWings","|-damage|p1a: Honchkrow|150/341|[from] item: Life Orb","|move|p2a: BabyWings|Hurricane|p1a: Honchkrow","|-damage|p1a: Honchkrow|0 fnt","|faint|p1a: Honchkrow","|","|-weather|RainDance|[upkeep]","|","|switch|p1a: Articuno|Articuno|312/384","|-ability|p1a: Articuno|Pressure","|turn|18","|","|switch|p2a: DragonLord|Kyurem-Black|239/391","|-ability|p2a: DragonLord|Teravolt","|move|p1a: Articuno|Toxic|p2a: DragonLord","|-status|p2a: DragonLord|tox","|","|-weather|RainDance|[upkeep]","|-heal|p1a: Articuno|336/384|[from] item: Leftovers","|-damage|p2a: DragonLord|215/391 tox|[from] psn","|turn|19","|","|switch|p1a: Gliscor|Gliscor, M|323/354","|move|p2a: DragonLord|Iron Head|p1a: Gliscor","|-damage|p1a: Gliscor|246/354","|","|-weather|RainDance|[upkeep]","|-damage|p2a: DragonLord|167/391 tox|[from] psn","|-status|p1a: Gliscor|tox|[from] item: Toxic Orb","|turn|20","|","|switch|p2a: Palkia-Fish Form|Kingdra, M|291/291","|move|p1a: Gliscor|Stealth Rock|p2a: Palkia-Fish Form","|-sidestart|p2: MrNyanNyanz|move: Stealth Rock","|","|-weather|none","|-heal|p1a: Gliscor|290/354 tox|[from] ability: Poison Heal","|turn|21","|","|switch|p1a: Articuno|Articuno|336/384","|-ability|p1a: Articuno|Pressure","|move|p2a: Palkia-Fish Form|Scald|p1a: Articuno","|-damage|p1a: Articuno|261/384","|","|-heal|p1a: Articuno|285/384|[from] item: Leftovers","|turn|22","|","|move|p2a: Palkia-Fish Form|Flash Cannon|p1a: Articuno","|-supereffective|p1a: Articuno","|-damage|p1a: Articuno|185/384","|-unboost|p1a: Articuno|spd|1","|move|p1a: Articuno|Freeze-Dry|p2a: Palkia-Fish Form","|-supereffective|p2a: Palkia-Fish Form","|-damage|p2a: Palkia-Fish Form|0 fnt","|faint|p2a: Palkia-Fish Form","|","|-heal|p1a: Articuno|209/384|[from] item: Leftovers","|","|switch|p2a: BabyWings|Dragonite, F|173/386","|-damage|p2a: BabyWings|77/386|[from] Stealth Rock","|turn|23","|","|switch|p1a: Gyarados|Gyarados, M|394/394","|-ability|p1a: Gyarados|Intimidate","|-unboost|p2a: BabyWings|atk|1","|move|p2a: BabyWings|Draco Meteor|p1a: Gyarados","|-damage|p1a: Gyarados|213/394","|-unboost|p2a: BabyWings|spa|2","|","|turn|24","|","|switch|p1a: Articuno|Articuno|209/384","|-ability|p1a: Articuno|Pressure","|switch|p2a: Fish|Garchomp, F|353/420","|-damage|p2a: Fish|327/420|[from] Stealth Rock","|","|-heal|p1a: Articuno|233/384|[from] item: Leftovers","|turn|25","|","|switch|p2a: DragonLord|Kyurem-Black|167/391 tox","|-damage|p2a: DragonLord|70/391 tox|[from] Stealth Rock","|-ability|p2a: DragonLord|Teravolt","|switch|p1a: Landorus|Landorus, M|319/319","|","|-damage|p2a: DragonLord|46/391 tox|[from] psn","|turn|26","|","|switch|p1a: Gliscor|Gliscor, M|290/354 tox","|move|p2a: DragonLord|Outrage|p1a: Gliscor","|-damage|p1a: Gliscor|121/354 tox","|","|-damage|p2a: DragonLord|0 fnt|[from] psn","|-heal|p1a: Gliscor|165/354 tox|[from] ability: Poison Heal","|faint|p2a: DragonLord","|","|switch|p2a: Blu|Latios, M|301/301","|-damage|p2a: Blu|264/301|[from] Stealth Rock","|turn|27","|","|switch|p1a: Gyarados|Gyarados, M|213/394","|-ability|p1a: Gyarados|Intimidate","|-unboost|p2a: Blu|atk|1","|detailschange|p2a: Blu|Latios-Mega, M","|-mega|p2a: Blu|Latios|Latiosite","|move|p2a: Blu|Dragon Dance|p2a: Blu","|-boost|p2a: Blu|atk|1","|-boost|p2a: Blu|spe|1","|","|turn|28","|","|detailschange|p1a: Gyarados|Gyarados-Mega, M","|-mega|p1a: Gyarados|Gyarados|Gyaradosite","|-ability|p1a: Gyarados|Mold Breaker","|move|p2a: Blu|Dragon Claw|p1a: Gyarados","|-damage|p1a: Gyarados|77/394","|move|p1a: Gyarados|Crunch|p2a: Blu","|-supereffective|p2a: Blu","|-damage|p2a: Blu|6/301","|","|turn|29","|","|move|p2a: Blu|Dragon Claw|p1a: Gyarados","|-damage|p1a: Gyarados|0 fnt","|faint|p1a: Gyarados","|","|","|switch|p1a: Gliscor|Gliscor, M|165/354 tox","|turn|30","|","|move|p2a: Blu|Zen Headbutt|p1a: Gliscor","|-damage|p1a: Gliscor|66/354 tox","|move|p1a: Gliscor|Roost|p1a: Gliscor","|-heal|p1a: Gliscor|243/354 tox","|","|-heal|p1a: Gliscor|287/354 tox|[from] ability: Poison Heal","|turn|31","|","|move|p2a: Blu|Zen Headbutt|p1a: Gliscor","|-damage|p1a: Gliscor|188/354 tox","|move|p1a: Gliscor|Toxic|p2a: Blu","|-status|p2a: Blu|tox","|","|-damage|p2a: Blu|0 fnt|[from] psn","|-heal|p1a: Gliscor|232/354 tox|[from] ability: Poison Heal","|faint|p2a: Blu","|","|switch|p2a: BabyWings|Dragonite, F|77/386","|-damage|p2a: BabyWings|0 fnt|[from] Stealth Rock","|faint|p2a: BabyWings","|","|switch|p2a: Fish|Garchomp, F|327/420","|-damage|p2a: Fish|301/420|[from] Stealth Rock","|turn|32","|","|move|p2a: Fish|Stone Edge|p1a: Gliscor","|-damage|p1a: Gliscor|166/354 tox","|move|p1a: Gliscor|Toxic|p2a: Fish","|-status|p2a: Fish|tox","|","|-damage|p2a: Fish|275/420 tox|[from] psn","|-heal|p1a: Gliscor|210/354 tox|[from] ability: Poison Heal","|turn|33","|","|switch|p1a: Landorus|Landorus, M|319/319","|move|p2a: Fish|Fire Blast|p1a: Landorus","|-damage|p1a: Landorus|232/319","|","|-damage|p2a: Fish|223/420 tox|[from] psn","|turn|34","|","|move|p1a: Landorus|Earth Power|p2a: Fish","|-damage|p2a: Fish|0 fnt","|faint|p2a: Fish","|","|win|KGBeast"],"p1rating":{"entryid":"6349485","serverid":"eos","formatid":"monotype","userid":"kgbeast","username":"KGBeast","w":31,"l":"10","t":"0","gxe":72.2,"r":"1676.7347519259","rd":"61.497016497998","sigma":"0","rptime":"1438246800","rpr":1682.6220718775,"rprd":60.758039359767,"rpsigma":"0","acre":1308.1107187125,"lacre":1308.1107187125,"oldacre":"1292.3953150606"},"p2rating":{"entryid":"6703862","serverid":"eos","formatid":"monotype","userid":"mrnyannyanz","username":"MrNyanNyanz","w":"19","l":15,"t":"0","gxe":52.4,"r":"1511.5245525948","rd":"60.726910452447","sigma":"0","rptime":"1438246800","rpr":1518.4041543835,"rprd":59.201830629628,"rpsigma":"0","acre":1141.1705113133,"lacre":1141.1705113133,"oldacre":"1156.8859149652"},"endType":"normal"}