{"seed":[50355,15414,334,12632],"turns":40,"p1":"Cryѕtal Cash","p2":"Guard Wanderer","p1team":[{"name":"Azumarill","species":"Azumarill","item":"assaultvest","ability":"Huge Power","moves":["poweruppunch","aquajet","playrough","waterfall"],"nature":"Adamant","evs":{"hp":248,"atk":252,"def":0,"spa":0,"spd":8,"spe":0},"gender":"F","shiny":true,"ivs":{"hp":31,"atk":31,"def":31,"spa":31,"spd":31,"spe":31}},{"name":"Sylveon","species":"Sylveon","item":"choicespecs","ability":"Pixilate","moves":["hypervoice","shadowball","hiddenpowerfire","psyshock"],"nature":"Modest","evs":{"hp":240,"atk":0,"def":0,"spa":252,"spd":0,"spe":16},"gender":"F","ivs":{"hp":31,"atk":30,"def":31,"spa":30,"spd":31,"spe":30},"shiny":true},{"name":"Klefki","species":"Klefki","item":"lightclay","ability":"Prankster","moves":["reflect","lightscreen","thunderwave","foulplay"],"nature":"Bold","evs":{"hp":248,"atk":0,"def":252,"spa":0,"spd":8,"spe":0},"gender":"F","shiny":true,"ivs":{"hp":31,"atk":31,"def":31,"spa":31,"spd":31,"spe":31}},{"name":"Toge Kiss Deez Nut","species":"togekiss","item":"leftovers","ability":"Serene Grace","moves":["thunderwave","airslash","nastyplot","roost"],"nature":"Modest","evs":{"hp":0,"atk":0,"def":4,"spa":252,"spd":0,"spe":252},"gender":"F","shiny":true,"ivs":{"hp":31,"atk":31,"def":31,"spa":31,"spd":31,"spe":31}},{"name":"Granbull","species":"Granbull","item":"leftovers","ability":"Intimidate","moves":["playrough","healbell","earthquake","thunderwave"],"nature":"Relaxed","evs":{"hp":4,"atk":252,"def":252,"spa":0,"spd":0,"spe":0},"gender":"F","shiny":true,"ivs":{"hp":31,"atk":31,"def":31,"spa":31,"spd":31,"spe":31}},{"name":"Gardevoir","species":"Gardevoir","item":"gardevoirite","ability":"Synchronize","moves":["hypervoice","thunderbolt","energyball","moonblast"],"nature":"Timid","evs":{"hp":0,"atk":0,"def":0,"spa":252,"spd":4,"spe":252},"gender":"F","shiny":true,"ivs":{"hp":31,"atk":31,"def":31,"spa":31,"spd":31,"spe":31}}],"p2team":[{"name":"Weezing","species":"Weezing","item":"sitrusberry","ability":"Levitate","moves":["toxicspikes","willowisp","memento","thief"],"nature":"Careful","evs":{"hp":248,"atk":0,"def":8,"spa":0,"spd":252,"spe":0},"shiny":true,"ivs":{"hp":31,"atk":31,"def":31,"spa":31,"spd":31,"spe":31}},{"name":"Skuntank","species":"Skuntank","item":"","ability":"Aftermath","moves":["snatch","thief","suckerpunch","poisonjab"],"nature":"Adamant","evs":{"hp":248,"atk":252,"def":0,"spa":0,"spd":8,"spe":0},"shiny":true,"ivs":{"hp":31,"atk":31,"def":31,"spa":31,"spd":31,"spe":31}},{"name":"Amoonguss","species":"Amoonguss","item":"blacksludge","ability":"Regenerator","moves":["spore","gigadrain","gastroacid","stunspore"],"nature":"Calm","evs":{"hp":252,"atk":0,"def":0,"spa":4,"spd":252,"spe":0},"ivs":{"hp":31,"atk":31,"def":31,"spa":31,"spd":31,"spe":31}},{"name":"Golbat","species":"Golbat","item":"eviolite","ability":"Infiltrator","moves":["superfang","confuseray","roost","venomdrench"],"nature":"Calm","evs":{"hp":248,"atk":0,"def":8,"spa":0,"spd":252,"spe":0},"shiny":true,"ivs":{"hp":31,"atk":31,"def":31,"spa":31,"spd":31,"spe":31}},{"name":"Tentacruel","species":"Tentacruel","item":"assaultvest","ability":"Liquid Ooze","moves":["scald","acidspray","gigadrain","hex"],"nature":"Timid","evs":{"hp":4,"atk":0,"def":0,"spa":252,"spd":0,"spe":252},"shiny":true,"ivs":{"hp":31,"atk":31,"def":31,"spa":31,"spd":31,"spe":31}},{"name":"Muk","species":"Muk","item":"leftovers","ability":"Poison Touch","moves":["curse","shadowsneak","firepunch","venomdrench"],"nature":"Adamant","evs":{"hp":252,"atk":252,"def":0,"spa":0,"spd":4,"spe":0},"shiny":true,"ivs":{"hp":31,"atk":31,"def":31,"spa":31,"spd":31,"spe":31}}],"log":["|player|p1|Cryѕtal Cash|158","|player|p2|Guard Wanderer|235","|gametype|singles","|gen|6","|tier|Monotype","|rated","|rule|Baton Pass Clause: Limit one Baton Passer, can't pass Spe and other stats simultaneously","|rule|Swagger Clause: Swagger is banned","|rule|Same Type Clause: Pokémon in a team must share a type","|clearpoke","|poke|p1|Azumarill, F, shiny","|poke|p1|Sylveon, F, shiny","|poke|p1|Klefki, F, shiny","|poke|p1|Togekiss, F, shiny","|poke|p1|Granbull, F, shiny","|poke|p1|Gardevoir, F, shiny","|poke|p2|Weezing, M, shiny","|poke|p2|Skuntank, M, shiny","|poke|p2|Amoonguss, M","|poke|p2|Golbat, F, shiny","|poke|p2|Tentacruel, M, shiny","|poke|p2|Muk, F, shiny","|rule|Sleep Clause Mod: Limit one foe put to sleep","|rule|Species Clause: Limit one of each Pokémon","|rule|OHKO Clause: OHKO moves are banned","|rule|Moody Clause: Moody is banned","|rule|Evasion Moves Clause: Evasion moves are banned","|rule|Endless Battle Clause: Forcing endless battles is banned","|rule|HP Percentage Mod: HP is shown in percentages","|teampreview","|","|start","|switch|p1a: Klefki|Klefki, F, shiny|317/317","|switch|p2a: Weezing|Weezing, M, shiny|333/333","|turn|1","|","|move|p1a: Klefki|Reflect|p1a: Klefki","|-sidestart|p1: Cryѕtal Cash|Reflect","|move|p2a: Weezing|Toxic Spikes|p1a: Klefki","|-sidestart|p1: Cryѕtal Cash|move: Toxic Spikes","|","|turn|2","|","|move|p1a: Klefki|Thunder Wave|p2a: Weezing","|-status|p2a: Weezing|par","|move|p2a: Weezing|Will-O-Wisp|p1a: Klefki","|-status|p1a: Klefki|brn","|","|-damage|p1a: Klefki|278/317 brn|[from] brn","|turn|3","|","|move|p1a: Klefki|Light Screen|p1a: Klefki","|-sidestart|p1: Cryѕtal Cash|move: Light Screen","|move|p2a: Weezing|Toxic Spikes|p1a: Klefki","|-sidestart|p1: Cryѕtal Cash|move: Toxic Spikes","|","|-damage|p1a: Klefki|239/317 brn|[from] brn","|turn|4","|","|switch|p1a: Toge Kiss Deez Nut|Togekiss, F, shiny|311/311","|cant|p2a: Weezing|par","|","|turn|5","|","|move|p1a: Toge Kiss Deez Nut|Nasty Plot|p1a: Toge Kiss Deez Nut","|-boost|p1a: Toge Kiss Deez Nut|spa|2","|move|p2a: Weezing|Will-O-Wisp|p1a: Toge Kiss Deez Nut","|-status|p1a: Toge Kiss Deez Nut|brn","|","|-damage|p1a: Toge Kiss Deez Nut|273/311 brn|[from] brn","|turn|6","|","|move|p1a: Toge Kiss Deez Nut|Air Slash|p2a: Weezing|[miss]","|-miss|p1a: Toge Kiss Deez Nut|p2a: Weezing","|move|p2a: Weezing|Thief|p1a: Toge Kiss Deez Nut","|-resisted|p1a: Toge Kiss Deez Nut","|-damage|p1a: Toge Kiss Deez Nut|263/311 brn","|","|-heal|p1a: Toge Kiss Deez Nut|282/311 brn|[from] item: Leftovers","|-damage|p1a: Toge Kiss Deez Nut|244/311 brn|[from] brn","|turn|7","|","|move|p1a: Toge Kiss Deez Nut|Air Slash|p2a: Weezing","|-damage|p2a: Weezing|102/333 par","|-enditem|p2a: Weezing|Sitrus Berry|[eat]","|-heal|p2a: Weezing|185/333 par|[from] item: Sitrus Berry","|cant|p2a: Weezing|flinch","|","|-heal|p1a: Toge Kiss Deez Nut|263/311 brn|[from] item: Leftovers","|-damage|p1a: Toge Kiss Deez Nut|225/311 brn|[from] brn","|turn|8","|","|move|p1a: Toge Kiss Deez Nut|Air Slash|p2a: Weezing","|-damage|p2a: Weezing|0 fnt","|faint|p2a: Weezing","|","|-heal|p1a: Toge Kiss Deez Nut|244/311 brn|[from] item: Leftovers","|-damage|p1a: Toge Kiss Deez Nut|206/311 brn|[from] brn","|-sideend|p1: Cryѕtal Cash|Reflect","|","|switch|p2a: Golbat|Golbat, F, shiny|353/353","|turn|9","|","|move|p1a: Toge Kiss Deez Nut|Air Slash|p2a: Golbat","|-damage|p2a: Golbat|197/353","|move|p2a: Golbat|Confuse Ray|p1a: Toge Kiss Deez Nut","|-start|p1a: Toge Kiss Deez Nut|confusion","|","|-heal|p1a: Toge Kiss Deez Nut|225/311 brn|[from] item: Leftovers","|-damage|p1a: Toge Kiss Deez Nut|187/311 brn|[from] brn","|turn|10","|","|-activate|p1a: Toge Kiss Deez Nut|confusion","|-damage|p1a: Toge Kiss Deez Nut|179/311 brn|[from] confusion","|move|p2a: Golbat|Super Fang|p1a: Toge Kiss Deez Nut","|-damage|p1a: Toge Kiss Deez Nut|90/311 brn","|","|-heal|p1a: Toge Kiss Deez Nut|109/311 brn|[from] item: Leftovers","|-damage|p1a: Toge Kiss Deez Nut|71/311 brn|[from] brn","|-sideend|p1: Cryѕtal Cash|move: Light Screen","|turn|11","|","|-activate|p1a: Toge Kiss Deez Nut|confusion","|move|p1a: Toge Kiss Deez Nut|Roost|p1a: Toge Kiss Deez Nut","|-heal|p1a: Toge Kiss Deez Nut|227/311 brn","|move|p2a: Golbat|Roost|p2a: Golbat","|-heal|p2a: Golbat|353/353","|","|-heal|p1a: Toge Kiss Deez Nut|246/311 brn|[from] item: Leftovers","|-damage|p1a: Toge Kiss Deez Nut|208/311 brn|[from] brn","|turn|12","|","|-activate|p1a: Toge Kiss Deez Nut|confusion","|move|p1a: Toge Kiss Deez Nut|Thunder Wave|p2a: Golbat","|-status|p2a: Golbat|par","|cant|p2a: Golbat|par","|","|-heal|p1a: Toge Kiss Deez Nut|227/311 brn|[from] item: Leftovers","|-damage|p1a: Toge Kiss Deez Nut|189/311 brn|[from] brn","|turn|13","|","|-end|p1a: Toge Kiss Deez Nut|confusion","|move|p1a: Toge Kiss Deez Nut|Air Slash|p2a: Golbat","|-damage|p2a: Golbat|193/353 par","|cant|p2a: Golbat|flinch","|","|-heal|p1a: Toge Kiss Deez Nut|208/311 brn|[from] item: Leftovers","|-damage|p1a: Toge Kiss Deez Nut|170/311 brn|[from] brn","|turn|14","|","|move|p1a: Toge Kiss Deez Nut|Air Slash|p2a: Golbat","|-damage|p2a: Golbat|25/353 par","|cant|p2a: Golbat|flinch","|","|-heal|p1a: Toge Kiss Deez Nut|189/311 brn|[from] item: Leftovers","|-damage|p1a: Toge Kiss Deez Nut|151/311 brn|[from] brn","|turn|15","|","|move|p1a: Toge Kiss Deez Nut|Air Slash|p2a: Golbat","|-damage|p2a: Golbat|0 fnt","|faint|p2a: Golbat","|","|-heal|p1a: Toge Kiss Deez Nut|170/311 brn|[from] item: Leftovers","|-damage|p1a: Toge Kiss Deez Nut|132/311 brn|[from] brn","|","|switch|p2a: Skuntank|Skuntank, M, shiny|409/409","|turn|16","|","|move|p1a: Toge Kiss Deez Nut|Roost|p1a: Toge Kiss Deez Nut","|-heal|p1a: Toge Kiss Deez Nut|288/311 brn","|move|p2a: Skuntank|Poison Jab|p1a: Toge Kiss Deez Nut","|-supereffective|p1a: Toge Kiss Deez Nut","|-damage|p1a: Toge Kiss Deez Nut|52/311 brn","|","|-heal|p1a: Toge Kiss Deez Nut|71/311 brn|[from] item: Leftovers","|-damage|p1a: Toge Kiss Deez Nut|33/311 brn|[from] brn","|turn|17","|","|move|p2a: Skuntank|Snatch|p2a: Skuntank","|-singleturn|p2a: Skuntank|Snatch","|move|p1a: Toge Kiss Deez Nut|Roost|p1a: Toge Kiss Deez Nut","|-activate|p2a: Skuntank|Snatch|[of] p1a: Toge Kiss Deez Nut","|move|p2a: Skuntank|Roost|p2a: Skuntank|[from]Snatch","|-fail|p2a: Skuntank","|","|-heal|p1a: Toge Kiss Deez Nut|52/311 brn|[from] item: Leftovers","|-damage|p1a: Toge Kiss Deez Nut|14/311 brn|[from] brn","|turn|18","|","|move|p2a: Skuntank|Snatch|p2a: Skuntank","|-singleturn|p2a: Skuntank|Snatch","|move|p1a: Toge Kiss Deez Nut|Roost|p1a: Toge Kiss Deez Nut","|-activate|p2a: Skuntank|Snatch|[of] p1a: Toge Kiss Deez Nut","|move|p2a: Skuntank|Roost|p2a: Skuntank|[from]Snatch","|-fail|p2a: Skuntank","|","|-heal|p1a: Toge Kiss Deez Nut|33/311 brn|[from] item: Leftovers","|-damage|p1a: Toge Kiss Deez Nut|0 fnt|[from] brn","|faint|p1a: Toge Kiss Deez Nut","|","|switch|p1a: Klefki|Klefki, F, shiny|239/317 brn","|turn|19","|","|switch|p2a: Muk|Muk, F, shiny|414/414","|switch|p1a: Granbull|Granbull, F, shiny|322/322","|-status|p1a: Granbull|tox","|-ability|p1a: Granbull|Intimidate","|-unboost|p2a: Muk|atk|1","|","|-damage|p1a: Granbull|302/322 tox|[from] psn","|turn|20","|","|move|p2a: Muk|Curse|p2a: Muk","|-boost|p2a: Muk|atk|1","|-boost|p2a: Muk|def|1","|-unboost|p2a: Muk|spe|1","|move|p1a: Granbull|Heal Bell|p1a: Granbull","|-cureteam|p1a: Granbull|[from] move: HealBell","|","|-heal|p1a: Granbull|322/322|[from] item: Leftovers","|turn|21","|","|move|p1a: Granbull|Thunder Wave|p2a: Muk","|-status|p2a: Muk|par","|move|p2a: Muk|Curse|p2a: Muk","|-boost|p2a: Muk|atk|1","|-boost|p2a: Muk|def|1","|-unboost|p2a: Muk|spe|1","|","|turn|22","|","|switch|p1a: Klefki|Klefki, F, shiny|239/317","|move|p2a: Muk|Curse|p2a: Muk","|-boost|p2a: Muk|atk|1","|-boost|p2a: Muk|def|1","|-unboost|p2a: Muk|spe|1","|","|turn|23","|","|move|p1a: Klefki|Foul Play|p2a: Muk","|-damage|p2a: Muk|296/414 par","|cant|p2a: Muk|par","|","|-heal|p2a: Muk|321/414 par|[from] item: Leftovers","|turn|24","|","|move|p1a: Klefki|Light Screen|p1a: Klefki","|-sidestart|p1: Cryѕtal Cash|move: Light Screen","|cant|p2a: Muk|par","|","|-heal|p2a: Muk|346/414 par|[from] item: Leftovers","|turn|25","|","|move|p1a: Klefki|Foul Play|p2a: Muk","|-damage|p2a: Muk|243/414 par","|move|p2a: Muk|Fire Punch|p1a: Klefki","|-supereffective|p1a: Klefki","|-damage|p1a: Klefki|0 fnt","|faint|p1a: Klefki","|","|-heal|p2a: Muk|268/414 par|[from] item: Leftovers","|","|switch|p1a: Granbull|Granbull, F, shiny|322/322","|-status|p1a: Granbull|tox","|-ability|p1a: Granbull|Intimidate","|-unboost|p2a: Muk|atk|1","|turn|26","|","|move|p1a: Granbull|Earthquake|p2a: Muk","|-supereffective|p2a: Muk","|-damage|p2a: Muk|154/414 par","|move|p2a: Muk|Fire Punch|p1a: Granbull","|-damage|p1a: Granbull|218/322 tox","|","|-heal|p1a: Granbull|238/322 tox|[from] item: Leftovers","|-heal|p2a: Muk|179/414 par|[from] item: Leftovers","|-damage|p1a: Granbull|218/322 tox|[from] psn","|turn|27","|","|move|p1a: Granbull|Earthquake|p2a: Muk","|-supereffective|p2a: Muk","|-damage|p2a: Muk|61/414 par","|cant|p2a: Muk|par","|","|-heal|p1a: Granbull|238/322 tox|[from] item: Leftovers","|-heal|p2a: Muk|86/414 par|[from] item: Leftovers","|-damage|p1a: Granbull|198/322 tox|[from] psn","|turn|28","|","|move|p1a: Granbull|Earthquake|p2a: Muk","|-supereffective|p2a: Muk","|-damage|p2a: Muk|0 fnt","|faint|p2a: Muk","|","|-heal|p1a: Granbull|218/322 tox|[from] item: Leftovers","|-damage|p1a: Granbull|158/322 tox|[from] psn","|","|switch|p2a: Amoonguss|Amoonguss, M|432/432","|turn|29","|","|switch|p1a: Sylveon|Sylveon, F, shiny|391/391","|-status|p1a: Sylveon|tox","|move|p2a: Amoonguss|Giga Drain|p1a: Sylveon","|-damage|p1a: Sylveon|362/391 tox","|","|-damage|p1a: Sylveon|338/391 tox|[from] psn","|turn|30","|","|move|p1a: Sylveon|Psyshock|p2a: Amoonguss","|-supereffective|p2a: Amoonguss","|-damage|p2a: Amoonguss|80/432","|move|p2a: Amoonguss|Gastro Acid|p1a: Sylveon","|-endability|p1a: Sylveon","|","|-heal|p2a: Amoonguss|107/432|[from] item: Black Sludge","|-damage|p1a: Sylveon|290/391 tox|[from] psn","|turn|31","|","|switch|p2a: Skuntank|Skuntank, M, shiny|409/409","|move|p1a: Sylveon|Psyshock|p2a: Skuntank","|-immune|p2a: Skuntank|[msg]","|","|-damage|p1a: Sylveon|218/391 tox|[from] psn","|-sideend|p1: Cryѕtal Cash|move: Light Screen","|turn|32","|","|switch|p1a: Granbull|Granbull, F, shiny|158/322 tox","|-ability|p1a: Granbull|Intimidate","|-unboost|p2a: Skuntank|atk|1","|move|p2a: Skuntank|Snatch|p2a: Skuntank","|-singleturn|p2a: Skuntank|Snatch","|","|-heal|p1a: Granbull|178/322 tox|[from] item: Leftovers","|-damage|p1a: Granbull|158/322 tox|[from] psn","|turn|33","|","|switch|p2a: Amoonguss|Amoonguss, M|251/432","|move|p1a: Granbull|Heal Bell|p1a: Granbull","|-cureteam|p1a: Granbull|[from] move: HealBell","|","|-heal|p1a: Granbull|178/322|[from] item: Leftovers","|-heal|p2a: Amoonguss|278/432|[from] item: Black Sludge","|turn|34","|","|switch|p1a: Gardevoir|Gardevoir, F, shiny|277/277","|-status|p1a: Gardevoir|tox","|move|p2a: Amoonguss|Spore|p1a: Gardevoir","|-fail|p1a: Gardevoir","|","|-heal|p2a: Amoonguss|305/432|[from] item: Black Sludge","|-damage|p1a: Gardevoir|260/277 tox|[from] psn","|turn|35","|","|detailschange|p1a: Gardevoir|Gardevoir-Mega, F, shiny","|-mega|p1a: Gardevoir|Gardevoir|Gardevoirite","|move|p1a: Gardevoir|Thunderbolt|p2a: Amoonguss","|-resisted|p2a: Amoonguss","|-damage|p2a: Amoonguss|253/432","|-status|p2a: Amoonguss|par","|move|p2a: Amoonguss|Gastro Acid|p1a: Gardevoir","|-endability|p1a: Gardevoir","|","|-heal|p2a: Amoonguss|280/432 par|[from] item: Black Sludge","|-damage|p1a: Gardevoir|226/277 tox|[from] psn","|turn|36","|","|switch|p2a: Skuntank|Skuntank, M, shiny|409/409","|move|p1a: Gardevoir|Hyper Voice|p2a: Skuntank","|-crit|p2a: Skuntank","|-damage|p2a: Skuntank|110/409","|","|-damage|p1a: Gardevoir|175/277 tox|[from] psn","|turn|37","|","|move|p2a: Skuntank|Sucker Punch|p1a: Gardevoir","|-damage|p1a: Gardevoir|3/277 tox","|move|p1a: Gardevoir|Hyper Voice|p2a: Skuntank","|-damage|p2a: Skuntank|0 fnt","|faint|p2a: Skuntank","|","|-damage|p1a: Gardevoir|0 fnt|[from] psn","|faint|p1a: Gardevoir","|","|switch|p2a: Tentacruel|Tentacruel, M, shiny|302/302","|switch|p1a: Sylveon|Sylveon, F, shiny|218/391","|-status|p1a: Sylveon|tox","|turn|38","|","|move|p2a: Tentacruel|Acid Spray|p1a: Sylveon","|-supereffective|p1a: Sylveon","|-damage|p1a: Sylveon|132/391 tox","|-unboost|p1a: Sylveon|spd|2","|move|p1a: Sylveon|Psyshock|p2a: Tentacruel","|-supereffective|p2a: Tentacruel","|-damage|p2a: Tentacruel|0 fnt","|faint|p2a: Tentacruel","|","|-damage|p1a: Sylveon|108/391 tox|[from] psn","|","|switch|p2a: Amoonguss|Amoonguss, M|424/432 par","|turn|39","|","|move|p1a: Sylveon|Psyshock|p2a: Amoonguss","|-supereffective|p2a: Amoonguss","|-damage|p2a: Amoonguss|52/432 par","|cant|p2a: Amoonguss|par","|","|-heal|p2a: Amoonguss|79/432 par|[from] item: Black Sludge","|-damage|p1a: Sylveon|60/391 tox|[from] psn","|turn|40","|","|move|p1a: Sylveon|Psyshock|p2a: Amoonguss","|-supereffective|p2a: Amoonguss","|-damage|p2a: Amoonguss|0 fnt","|faint|p2a: Amoonguss","|","|win|Cryѕtal Cash"],"p1rating":{"entryid":"7232943","serverid":"eos","formatid":"monotype","userid":"crytalcash","username":"Cryѕtal Cash","w":8,"l":"10","t":"0","gxe":45.9,"r":"1469.5877745556","rd":"82.490150504112","sigma":"0","rptime":"1438246800","rpr":1468.702416872,"rprd":72.048423056565,"rpsigma":"0","acre":1112.0770254946,"lacre":1112.0770254946,"oldacre":"1083.52612105"},"p2rating":{"entryid":"6731189","serverid":"eos","formatid":"monotype","userid":"guardwanderer","username":"Guard Wanderer","w":"64","l":91,"t":"0","gxe":39,"r":"1416.4548063964","rd":"32.384035050339","sigma":"0","rptime":"1438246800","rpr":1415.839098139,"rprd":31.772192531435,"rpsigma":"0","acre":1071.6453982647,"lacre":1071.6453982647,"oldacre":"1097.1900241495"},"endType":"normal"}