{"seed":[59395,55313,54817,34239],"turns":19,"p1":"GL♅Akuma","p2":"Seductive Weavile","p1team":[{"name":"Charetard","species":"charizard","item":"charizarditex","ability":"Blaze","moves":["dragondance","dragonclaw","earthquake","firepunch"],"nature":"Adamant","evs":{"hp":0,"atk":252,"def":0,"spa":0,"spd":4,"spe":252},"ivs":{"hp":31,"atk":31,"def":31,"spa":31,"spd":31,"spe":31}},{"name":"Magma","species":"heatran","item":"airballoon","ability":"Flash Fire","moves":["lavaplume","toxic","stealthrock","flashcannon"],"nature":"Calm","evs":{"hp":248,"atk":0,"def":0,"spa":8,"spd":252,"spe":0},"ivs":{"hp":31,"atk":31,"def":31,"spa":31,"spd":31,"spe":31}},{"name":"Infernape","species":"Infernape","item":"focussash","ability":"Iron Fist","moves":["closecombat","machpunch","thunderpunch","firepunch"],"nature":"Jolly","evs":{"hp":0,"atk":252,"def":0,"spa":0,"spd":4,"spe":252},"ivs":{"hp":31,"atk":31,"def":31,"spa":31,"spd":31,"spe":31}},{"name":"Eightales","species":"ninetales","item":"lifeorb","ability":"Drought","moves":["energyball","flamethrower","nastyplot","psyshock"],"nature":"Timid","evs":{"hp":0,"atk":0,"def":0,"spa":252,"spd":4,"spe":252},"ivs":{"hp":31,"atk":31,"def":31,"spa":31,"spd":31,"spe":31}},{"name":"Microwave","species":"rotomheat","item":"choicescarf","ability":"Levitate","moves":["voltswitch","thunderbolt","overheat","painsplit"],"nature":"Timid","evs":{"hp":0,"atk":0,"def":0,"spa":252,"spd":4,"spe":252},"ivs":{"hp":31,"atk":31,"def":31,"spa":31,"spd":31,"spe":31}},{"name":"V for Victini","species":"victini","item":"choicescarf","ability":"Victory Star","moves":["vcreate","boltstrike","zenheadbutt","brickbreak"],"nature":"Jolly","evs":{"hp":0,"atk":252,"def":0,"spa":0,"spd":4,"spe":252},"ivs":{"hp":31,"atk":31,"def":31,"spa":31,"spd":31,"spe":31}}],"p2team":[{"name":"Seductive Weavile","species":"weavile","item":"lifeorb","ability":"Pressure","moves":["fakeout","knockoff","iciclecrash","lowkick"],"nature":"Jolly","evs":{"hp":0,"atk":252,"def":0,"spa":0,"spd":4,"spe":252},"ivs":{"hp":31,"atk":31,"def":31,"spa":31,"spd":31,"spe":31}},{"name":"Seductive Sableye","species":"sableye","item":"sablenite","ability":"Prankster","moves":["willowisp","recover","calmmind","darkpulse"],"nature":"Bold","evs":{"hp":248,"atk":0,"def":252,"spa":8,"spd":0,"spe":0},"ivs":{"hp":31,"atk":31,"def":31,"spa":31,"spd":31,"spe":31}},{"name":"Cutting Edge","species":"bisharp","item":"lifeorb","ability":"Defiant","moves":["ironhead","suckerpunch","knockoff","lowsweep"],"nature":"Jolly","evs":{"hp":0,"atk":252,"def":0,"spa":0,"spd":4,"spe":252},"ivs":{"hp":31,"atk":31,"def":31,"spa":31,"spd":31,"spe":31}},{"name":"Schrodinger's Cat","species":"umbreon","item":"leftovers","ability":"Synchronize","moves":["curse","payback","healbell","moonlight"],"nature":"Careful","evs":{"hp":252,"atk":4,"def":0,"spa":0,"spd":252,"spe":0},"ivs":{"hp":31,"atk":31,"def":31,"spa":31,"spd":31,"spe":31}},{"name":"Very Sharpedo","species":"sharpedo","item":"lifeorb","ability":"Speed Boost","moves":["protect","aquajet","hydropump","icebeam"],"nature":"Hasty","evs":{"hp":0,"atk":4,"def":0,"spa":252,"spd":0,"spe":252},"ivs":{"hp":31,"atk":31,"def":31,"spa":31,"spd":31,"spe":31}},{"name":"Highdreigon","species":"hydreigon","item":"choicescarf","ability":"Levitate","moves":["dracometeor","flamethrower","flashcannon","earthpower"],"nature":"Timid","evs":{"hp":0,"atk":0,"def":0,"spa":252,"spd":4,"spe":252},"ivs":{"hp":31,"atk":31,"def":31,"spa":31,"spd":31,"spe":31}}],"log":["|player|p1|GL♅Akuma|145","|player|p2|Seductive Weavile|53","|gametype|singles","|gen|6","|tier|Monotype","|rated","|rule|Baton Pass Clause: Limit one Baton Passer, can't pass Spe and other stats simultaneously","|rule|Swagger Clause: Swagger is banned","|rule|Same Type Clause: Pokémon in a team must share a type","|clearpoke","|poke|p1|Charizard, F","|poke|p1|Heatran, M","|poke|p1|Infernape, M","|poke|p1|Ninetales, M","|poke|p1|Rotom-Heat","|poke|p1|Victini","|poke|p2|Weavile, F","|poke|p2|Sableye, M","|poke|p2|Bisharp, M","|poke|p2|Umbreon, M","|poke|p2|Sharpedo, M","|poke|p2|Hydreigon, M","|rule|Sleep Clause Mod: Limit one foe put to sleep","|rule|Species Clause: Limit one of each Pokémon","|rule|OHKO Clause: OHKO moves are banned","|rule|Moody Clause: Moody is banned","|rule|Evasion Moves Clause: Evasion moves are banned","|rule|Endless Battle Clause: Forcing endless battles is banned","|rule|HP Percentage Mod: HP is shown in percentages","|teampreview","|","|start","|switch|p1a: Charetard|Charizard, F|297/297","|switch|p2a: Seductive Weavile|Weavile, F|281/281","|-ability|p2a: Seductive Weavile|Pressure","|turn|1","|","|detailschange|p1a: Charetard|Charizard-Mega-X, F","|-mega|p1a: Charetard|Charizard|Charizardite X","|move|p2a: Seductive Weavile|Fake Out|p1a: Charetard","|-damage|p1a: Charetard|246/297","|-damage|p2a: Seductive Weavile|253/281|[from] item: Life Orb","|cant|p1a: Charetard|flinch","|","|turn|2","|","|move|p2a: Seductive Weavile|Icicle Crash|p1a: Charetard","|-crit|p1a: Charetard","|-damage|p1a: Charetard|0 fnt","|-damage|p2a: Seductive Weavile|225/281|[from] item: Life Orb","|faint|p1a: Charetard","|","|","|switch|p1a: Infernape|Infernape, M|293/293","|turn|3","|","|move|p2a: Seductive Weavile|Knock Off|p1a: Infernape","|-resisted|p1a: Infernape","|-damage|p1a: Infernape|145/293","|-enditem|p1a: Infernape|Focus Sash|[from] move: Knock Off|[of] p2a: Seductive Weavile","|-damage|p2a: Seductive Weavile|197/281|[from] item: Life Orb","|move|p1a: Infernape|Fire Punch|p2a: Seductive Weavile","|-supereffective|p2a: Seductive Weavile","|-damage|p2a: Seductive Weavile|0 fnt","|faint|p2a: Seductive Weavile","|","|","|switch|p2a: Very Sharpedo|Sharpedo, M|281/281","|turn|4","|","|move|p2a: Very Sharpedo|Aqua Jet|p1a: Infernape","|-supereffective|p1a: Infernape","|-damage|p1a: Infernape|0 fnt","|-damage|p2a: Very Sharpedo|253/281|[from] item: Life Orb","|faint|p1a: Infernape","|","|-boost|p2a: Very Sharpedo|spe|1|[from] ability: Speed Boost","|","|switch|p1a: Magma|Heatran, M|385/385","|-item|p1a: Magma|Air Balloon","|turn|5","|","|move|p2a: Very Sharpedo|Hydro Pump|p1a: Magma","|-supereffective|p1a: Magma","|-damage|p1a: Magma|78/385","|-enditem|p1a: Magma|Air Balloon","|-damage|p2a: Very Sharpedo|225/281|[from] item: Life Orb","|move|p1a: Magma|Toxic|p2a: Very Sharpedo","|-status|p2a: Very Sharpedo|tox","|","|-damage|p2a: Very Sharpedo|208/281 tox|[from] psn","|-boost|p2a: Very Sharpedo|spe|1|[from] ability: Speed Boost","|turn|6","|","|move|p2a: Very Sharpedo|Hydro Pump|p1a: Magma|[miss]","|-miss|p2a: Very Sharpedo|p1a: Magma","|move|p1a: Magma|Flash Cannon|p2a: Very Sharpedo","|-resisted|p2a: Very Sharpedo","|-damage|p2a: Very Sharpedo|94/281 tox","|","|-damage|p2a: Very Sharpedo|60/281 tox|[from] psn","|-boost|p2a: Very Sharpedo|spe|1|[from] ability: Speed Boost","|turn|7","|","|move|p2a: Very Sharpedo|Hydro Pump|p1a: Magma","|-supereffective|p1a: Magma","|-damage|p1a: Magma|0 fnt","|-damage|p2a: Very Sharpedo|32/281 tox|[from] item: Life Orb","|faint|p1a: Magma","|","|-damage|p2a: Very Sharpedo|0 fnt|[from] psn","|faint|p2a: Very Sharpedo","|","|switch|p1a: V for Victini|Victini|341/341","|switch|p2a: Schrodinger's Cat|Umbreon, M|394/394","|turn|8","|","|move|p1a: V for Victini|V-create|p2a: Schrodinger's Cat","|-damage|p2a: Schrodinger's Cat|136/394","|-unboost|p1a: V for Victini|def|1","|-unboost|p1a: V for Victini|spd|1","|-unboost|p1a: V for Victini|spe|1","|move|p2a: Schrodinger's Cat|Payback|p1a: V for Victini","|-supereffective|p1a: V for Victini","|-damage|p1a: V for Victini|89/341","|","|-heal|p2a: Schrodinger's Cat|160/394|[from] item: Leftovers","|turn|9","|","|switch|p2a: Highdreigon|Hydreigon, M|325/325","|move|p1a: V for Victini|V-create|p2a: Highdreigon","|-resisted|p2a: Highdreigon","|-damage|p2a: Highdreigon|184/325","|-unboost|p1a: V for Victini|def|1","|-unboost|p1a: V for Victini|spd|1","|-unboost|p1a: V for Victini|spe|1","|","|turn|10","|","|switch|p1a: Eightales|Ninetales, M|287/287","|-weather|SunnyDay","|move|p2a: Highdreigon|Draco Meteor|p1a: Eightales|[miss]","|-miss|p2a: Highdreigon|p1a: Eightales","|","|-weather|SunnyDay|[upkeep]","|turn|11","|","|move|p2a: Highdreigon|Draco Meteor|p1a: Eightales","|-damage|p1a: Eightales|55/287","|-unboost|p2a: Highdreigon|spa|2","|move|p1a: Eightales|Nasty Plot|p1a: Eightales","|-boost|p1a: Eightales|spa|2","|","|-weather|SunnyDay|[upkeep]","|turn|12","|","|move|p2a: Highdreigon|Draco Meteor|p1a: Eightales","|-crit|p1a: Eightales","|-damage|p1a: Eightales|0 fnt","|-unboost|p2a: Highdreigon|spa|2","|faint|p1a: Eightales","|","|-weather|SunnyDay|[upkeep]","|","|switch|p1a: Microwave|Rotom-Heat|241/241","|turn|13","|","|move|p2a: Highdreigon|Draco Meteor|p1a: Microwave","|-damage|p1a: Microwave|166/241","|-unboost|p2a: Highdreigon|spa|2","|move|p1a: Microwave|Volt Switch|p2a: Highdreigon","|-resisted|p2a: Highdreigon","|-damage|p2a: Highdreigon|130/325","|","|switch|p1a: V for Victini|Victini|89/341","|","|-weather|SunnyDay|[upkeep]","|turn|14","|","|move|p1a: V for Victini|V-create|p2a: Highdreigon","|-resisted|p2a: Highdreigon","|-damage|p2a: Highdreigon|0 fnt","|-unboost|p1a: V for Victini|def|1","|-unboost|p1a: V for Victini|spd|1","|-unboost|p1a: V for Victini|spe|1","|faint|p2a: Highdreigon","|","|-weather|none","|","|switch|p2a: Cutting Edge|Bisharp, M|271/271","|turn|15","|","|switch|p1a: Microwave|Rotom-Heat|166/241","|move|p2a: Cutting Edge|Sucker Punch|p1a: Microwave","|-fail|p2a: Cutting Edge","|","|turn|16","|","|move|p2a: Cutting Edge|Sucker Punch|p1a: Microwave","|-fail|p2a: Cutting Edge","|move|p1a: Microwave|Pain Split|p2a: Cutting Edge","|-sethp|p2a: Cutting Edge|218/271|p1a: Microwave|218/241|[from] move: Pain Split","|","|turn|17","|","|switch|p1a: V for Victini|Victini|89/341","|move|p2a: Cutting Edge|Knock Off|p1a: V for Victini","|-supereffective|p1a: V for Victini","|-damage|p1a: V for Victini|0 fnt","|-enditem|p1a: V for Victini|Choice Scarf|[from] move: Knock Off|[of] p2a: Cutting Edge","|-damage|p2a: Cutting Edge|191/271|[from] item: Life Orb","|faint|p1a: V for Victini","|","|","|switch|p1a: Microwave|Rotom-Heat|218/241","|turn|18","|","|move|p1a: Microwave|Overheat|p2a: Cutting Edge|[miss]","|-miss|p1a: Microwave|p2a: Cutting Edge","|move|p2a: Cutting Edge|Knock Off|p1a: Microwave","|-damage|p1a: Microwave|23/241","|-enditem|p1a: Microwave|Choice Scarf|[from] move: Knock Off|[of] p2a: Cutting Edge","|-damage|p2a: Cutting Edge|164/271|[from] item: Life Orb","|","|turn|19","|","|move|p2a: Cutting Edge|Sucker Punch|p1a: Microwave","|-damage|p1a: Microwave|0 fnt","|-damage|p2a: Cutting Edge|137/271|[from] item: Life Orb","|faint|p1a: Microwave","|","|win|Seductive Weavile"],"p1rating":{"entryid":"6735374","serverid":"eos","formatid":"monotype","userid":"glakuma","username":"GL♅Akuma","w":"34","l":45,"t":"0","gxe":44.7,"r":"1458.8524133097","rd":"41.932760054097","sigma":"0","rptime":"1438160400","rpr":1459.848230088,"rprd":41.426324389135,"rpsigma":"0","acre":1131.3149434527,"lacre":1131.3149434527,"oldacre":"1160.5265703141"},"p2rating":{"entryid":"7250734","serverid":"eos","formatid":"monotype","userid":"seductiveweavile","username":"Seductive Weavile","w":6,"l":"2","t":"0","gxe":60.3,"r":"1500","rd":"130","sigma":"0","rptime":"1438160400","rpr":1581.7098124742,"rprd":92.032144589798,"rpsigma":"0","acre":1130.6441007979,"lacre":1130.6441007979,"oldacre":"1101.4324739365"},"endType":"normal"}