{"seed":[30591,34232,54281,64433],"turns":27,"p1":"Yung draco","p2":"samuelwade223","p1team":[{"name":"Altaria","species":"Altaria","item":"altarianite","ability":"Natural Cure","moves":["refresh","dragondance","roost","return"],"nature":"Adamant","evs":{"hp":0,"atk":252,"def":0,"spa":0,"spd":96,"spe":160},"ivs":{"hp":31,"atk":31,"def":31,"spa":31,"spd":31,"spe":31}},{"name":"Garchomp","species":"Garchomp","item":"rockyhelmet","ability":"Rough Skin","moves":["stealthrock","dragontail","fireblast","earthquake"],"nature":"Serious","evs":{"hp":144,"atk":16,"def":252,"spa":0,"spd":0,"spe":96},"ivs":{"hp":31,"atk":31,"def":31,"spa":31,"spd":31,"spe":31}},{"name":"Goodra","species":"Goodra","item":"assaultvest","ability":"Gooey","moves":["sludgewave","dragonpulse","thunderbolt","flamethrower"],"nature":"Calm","evs":{"hp":248,"atk":0,"def":0,"spa":8,"spd":252,"spe":0},"ivs":{"hp":31,"atk":31,"def":31,"spa":31,"spd":31,"spe":31}},{"name":"Kyurem-Black","species":"Kyurem-Black","item":"choicescarf","ability":"Teravolt","moves":["ironhead","icebeam","fusionbolt","outrage"],"nature":"Naive","evs":{"hp":0,"atk":252,"def":0,"spa":4,"spd":0,"spe":252},"ivs":{"hp":31,"atk":31,"def":31,"spa":31,"spd":31,"spe":31}},{"name":"Kingdra","species":"Kingdra","item":"scopelens","ability":"Sniper","moves":["focusenergy","agility","dracometeor","surf"],"nature":"Timid","evs":{"hp":0,"atk":0,"def":0,"spa":252,"spd":4,"spe":252},"ivs":{"hp":31,"atk":31,"def":31,"spa":31,"spd":31,"spe":31}},{"name":"Dragonite","species":"Dragonite","item":"weaknesspolicy","ability":"Multiscale","moves":["roost","earthquake","dragonclaw","dragondance"],"nature":"Jolly","evs":{"hp":0,"atk":252,"def":0,"spa":0,"spd":4,"spe":252},"ivs":{"hp":31,"atk":31,"def":31,"spa":31,"spd":31,"spe":31}}],"p2team":[{"name":"Ferrothorn","species":"Ferrothorn","item":"rockyhelmet","ability":"Iron Barbs","moves":["leechseed","protect","stealthrock","powerwhip"],"nature":"Sassy","evs":{"hp":252,"atk":0,"def":0,"spa":0,"spd":252,"spe":4},"shiny":true,"ivs":{"hp":31,"atk":31,"def":31,"spa":31,"spd":31,"spe":31}},{"name":"Skarmory","species":"Skarmory","item":"leftovers","ability":"Keen Eye","moves":["bravebird","spikes","whirlwind","roost"],"nature":"Impish","evs":{"hp":252,"atk":4,"def":252,"spa":0,"spd":0,"spe":0},"shiny":true,"ivs":{"hp":31,"atk":31,"def":31,"spa":31,"spd":31,"spe":31}},{"name":"Scizor","species":"Scizor","item":"scizorite","ability":"Technician","moves":["swordsdance","bulletpunch","bugbite","superpower"],"nature":"Adamant","evs":{"hp":96,"atk":252,"def":40,"spa":0,"spd":116,"spe":4},"shiny":true,"ivs":{"hp":31,"atk":31,"def":31,"spa":31,"spd":31,"spe":31}},{"name":"Metagross","species":"Metagross","item":"lifeorb","ability":"Clear Body","moves":["zenheadbutt","meteormash","earthquake","bulletpunch"],"nature":"Adamant","evs":{"hp":160,"atk":252,"def":0,"spa":0,"spd":0,"spe":96},"shiny":true,"ivs":{"hp":31,"atk":31,"def":31,"spa":31,"spd":31,"spe":31}},{"name":"Heatran","species":"Heatran","item":"choicescarf","ability":"Flash Fire","moves":["hiddenpowergrass","fireblast","earthpower","dragonpulse"],"nature":"Modest","evs":{"hp":4,"atk":0,"def":0,"spa":252,"spd":0,"spe":252},"ivs":{"hp":31,"atk":30,"def":31,"spa":30,"spd":31,"spe":31},"shiny":true},{"name":"Bisharp","species":"Bisharp","item":"lifeorb","ability":"Inner Focus","moves":["aerialace","nightslash","suckerpunch","ironhead"],"nature":"Jolly","evs":{"hp":4,"atk":252,"def":0,"spa":0,"spd":0,"spe":252},"shiny":true,"ivs":{"hp":31,"atk":31,"def":31,"spa":31,"spd":31,"spe":31}}],"log":["|player|p1|Yung draco|143","|player|p2|samuelwade223|161","|gametype|singles","|gen|6","|tier|Monotype","|rated","|rule|Baton Pass Clause: Limit one Baton Passer, can't pass Spe and other stats simultaneously","|rule|Swagger Clause: Swagger is banned","|rule|Same Type Clause: Pokémon in a team must share a type","|clearpoke","|poke|p1|Altaria, F","|poke|p1|Garchomp, M","|poke|p1|Goodra, F","|poke|p1|Kyurem-Black","|poke|p1|Kingdra, F","|poke|p1|Dragonite, F","|poke|p2|Ferrothorn, F, shiny","|poke|p2|Skarmory, M, shiny","|poke|p2|Scizor, F, shiny","|poke|p2|Metagross, shiny","|poke|p2|Heatran, M, shiny","|poke|p2|Bisharp, M, shiny","|rule|Sleep Clause Mod: Limit one foe put to sleep","|rule|Species Clause: Limit one of each Pokémon","|rule|OHKO Clause: OHKO moves are banned","|rule|Moody Clause: Moody is banned","|rule|Evasion Moves Clause: Evasion moves are banned","|rule|Endless Battle Clause: Forcing endless battles is banned","|rule|HP Percentage Mod: HP is shown in percentages","|teampreview","|","|start","|switch|p1a: Garchomp|Garchomp, M|393/393","|switch|p2a: Ferrothorn|Ferrothorn, F, shiny|352/352","|turn|1","|","|move|p1a: Garchomp|Fire Blast|p2a: Ferrothorn|[miss]","|-miss|p1a: Garchomp|p2a: Ferrothorn","|move|p2a: Ferrothorn|Leech Seed|p1a: Garchomp","|-start|p1a: Garchomp|move: Leech Seed","|","|-damage|p1a: Garchomp|344/393|[from] Leech Seed|[of] p2a: Ferrothorn","|turn|2","|","|move|p2a: Ferrothorn|Stealth Rock|p1a: Garchomp","|-sidestart|p1: Yung draco|move: Stealth Rock","|move|p1a: Garchomp|Dragon Tail|p2a: Ferrothorn","|-resisted|p2a: Ferrothorn","|-damage|p2a: Ferrothorn|315/352","|-damage|p1a: Garchomp|295/393|[from] ability: Iron Barbs|[of] p2a: Ferrothorn","|-damage|p1a: Garchomp|230/393|[from] item: Rocky Helmet|[of] p2a: Ferrothorn","|drag|p2a: Heatran|Heatran, M, shiny|324/324","|","|-damage|p1a: Garchomp|181/393|[from] Leech Seed|[of] p2a: Heatran","|turn|3","|","|move|p2a: Heatran|Dragon Pulse|p1a: Garchomp","|-supereffective|p1a: Garchomp","|-damage|p1a: Garchomp|0 fnt","|faint|p1a: Garchomp","|","|","|switch|p1a: Goodra|Goodra, F|383/383","|-damage|p1a: Goodra|336/383|[from] Stealth Rock","|turn|4","|","|move|p2a: Heatran|Dragon Pulse|p1a: Goodra","|-supereffective|p1a: Goodra","|-damage|p1a: Goodra|250/383","|move|p1a: Goodra|Thunderbolt|p2a: Heatran","|-damage|p2a: Heatran|247/324","|","|turn|5","|","|switch|p2a: Ferrothorn|Ferrothorn, F, shiny|315/352","|move|p1a: Goodra|Thunderbolt|p2a: Ferrothorn","|-resisted|p2a: Ferrothorn","|-damage|p2a: Ferrothorn|290/352","|","|turn|6","|","|move|p1a: Goodra|Flamethrower|p2a: Ferrothorn","|-supereffective|p2a: Ferrothorn","|-damage|p2a: Ferrothorn|98/352","|-status|p2a: Ferrothorn|brn","|move|p2a: Ferrothorn|Leech Seed|p1a: Goodra","|-start|p1a: Goodra|move: Leech Seed","|","|-damage|p1a: Goodra|203/383|[from] Leech Seed|[of] p2a: Ferrothorn","|-heal|p2a: Ferrothorn|145/352 brn|[silent]","|-damage|p2a: Ferrothorn|101/352 brn|[from] brn","|turn|7","|","|switch|p1a: Dragonite|Dragonite, F|323/323","|-damage|p1a: Dragonite|243/323|[from] Stealth Rock","|move|p2a: Ferrothorn|Power Whip|p1a: Dragonite","|-resisted|p1a: Dragonite","|-damage|p1a: Dragonite|226/323","|","|-damage|p2a: Ferrothorn|57/352 brn|[from] brn","|turn|8","|","|move|p1a: Dragonite|Roost|p1a: Dragonite","|-heal|p1a: Dragonite|323/323","|move|p2a: Ferrothorn|Leech Seed|p1a: Dragonite","|-start|p1a: Dragonite|move: Leech Seed","|","|-damage|p1a: Dragonite|283/323|[from] Leech Seed|[of] p2a: Ferrothorn","|-heal|p2a: Ferrothorn|97/352 brn|[silent]","|-damage|p2a: Ferrothorn|53/352 brn|[from] brn","|turn|9","|","|move|p2a: Ferrothorn|Protect|p2a: Ferrothorn","|-singleturn|p2a: Ferrothorn|Protect","|move|p1a: Dragonite|Dragon Dance|p1a: Dragonite","|-boost|p1a: Dragonite|atk|1","|-boost|p1a: Dragonite|spe|1","|","|-damage|p1a: Dragonite|243/323|[from] Leech Seed|[of] p2a: Ferrothorn","|-heal|p2a: Ferrothorn|93/352 brn|[silent]","|-damage|p2a: Ferrothorn|49/352 brn|[from] brn","|turn|10","|","|move|p1a: Dragonite|Earthquake|p2a: Ferrothorn","|-damage|p2a: Ferrothorn|0 fnt","|faint|p2a: Ferrothorn","|","|","|switch|p2a: Skarmory|Skarmory, M, shiny|334/334","|turn|11","|","|switch|p1a: Goodra|Goodra, F|203/383","|-damage|p1a: Goodra|156/383|[from] Stealth Rock","|move|p2a: Skarmory|Spikes|p1a: Goodra","|-sidestart|p1: Yung draco|Spikes","|","|turn|12","|","|move|p1a: Goodra|Thunderbolt|p2a: Skarmory","|-supereffective|p2a: Skarmory","|-damage|p2a: Skarmory|142/334","|move|p2a: Skarmory|Whirlwind|p1a: Goodra","|drag|p1a: Kyurem-Black|Kyurem-Black|391/391","|-damage|p1a: Kyurem-Black|343/391|[from] Spikes","|-damage|p1a: Kyurem-Black|246/391|[from] Stealth Rock","|-ability|p1a: Kyurem-Black|Teravolt","|","|-heal|p2a: Skarmory|162/334|[from] item: Leftovers","|turn|13","|","|move|p1a: Kyurem-Black|Fusion Bolt|p2a: Skarmory","|-supereffective|p2a: Skarmory","|-damage|p2a: Skarmory|6/334","|move|p2a: Skarmory|Spikes|p1a: Kyurem-Black","|-sidestart|p1: Yung draco|Spikes","|","|-heal|p2a: Skarmory|26/334|[from] item: Leftovers","|turn|14","|","|move|p1a: Kyurem-Black|Fusion Bolt|p2a: Skarmory","|-supereffective|p2a: Skarmory","|-damage|p2a: Skarmory|0 fnt","|faint|p2a: Skarmory","|","|","|switch|p2a: Scizor|Scizor, F, shiny|305/305","|turn|15","|","|detailschange|p2a: Scizor|Scizor-Mega, F, shiny","|-mega|p2a: Scizor|Scizor|Scizorite","|move|p2a: Scizor|Bullet Punch|p1a: Kyurem-Black","|-supereffective|p1a: Kyurem-Black","|-damage|p1a: Kyurem-Black|0 fnt","|faint|p1a: Kyurem-Black","|","|","|switch|p1a: Dragonite|Dragonite, F|243/323","|-damage|p1a: Dragonite|163/323|[from] Stealth Rock","|turn|16","|","|move|p2a: Scizor|Bullet Punch|p1a: Dragonite","|-damage|p1a: Dragonite|30/323","|move|p1a: Dragonite|Earthquake|p2a: Scizor","|-damage|p2a: Scizor|214/305","|","|turn|17","|","|move|p2a: Scizor|Bullet Punch|p1a: Dragonite","|-damage|p1a: Dragonite|0 fnt","|faint|p1a: Dragonite","|","|","|switch|p1a: Kingdra|Kingdra, F|291/291","|-damage|p1a: Kingdra|243/291|[from] Spikes","|-damage|p1a: Kingdra|207/291|[from] Stealth Rock","|turn|18","|","|move|p1a: Kingdra|Surf|p2a: Scizor","|-crit|p2a: Scizor","|-damage|p2a: Scizor|0 fnt","|faint|p2a: Scizor","|","|","|switch|p2a: Bisharp|Bisharp, M, shiny|272/272","|turn|19","|","|move|p1a: Kingdra|Surf|p2a: Bisharp","|-damage|p2a: Bisharp|95/272","|move|p2a: Bisharp|Night Slash|p1a: Kingdra","|-damage|p1a: Kingdra|32/291","|-damage|p2a: Bisharp|68/272|[from] item: Life Orb","|","|turn|20","|","|move|p2a: Bisharp|Sucker Punch|p1a: Kingdra","|-fail|p2a: Bisharp","|move|p1a: Kingdra|Agility|p1a: Kingdra","|-boost|p1a: Kingdra|spe|2","|","|turn|21","|","|move|p2a: Bisharp|Sucker Punch|p1a: Kingdra","|-fail|p2a: Bisharp","|move|p1a: Kingdra|Focus Energy|p1a: Kingdra","|-start|p1a: Kingdra|move: Focus Energy","|","|turn|22","|","|move|p2a: Bisharp|Sucker Punch|p1a: Kingdra","|-fail|p2a: Bisharp","|move|p1a: Kingdra|Agility|p1a: Kingdra","|-boost|p1a: Kingdra|spe|2","|","|turn|23","|","|move|p2a: Bisharp|Sucker Punch|p1a: Kingdra","|-fail|p2a: Bisharp","|move|p1a: Kingdra|Agility|p1a: Kingdra","|-boost|p1a: Kingdra|spe|2","|","|turn|24","|","|move|p1a: Kingdra|Agility|p1a: Kingdra","|-fail|p1a: Kingdra","|move|p2a: Bisharp|Night Slash|p1a: Kingdra","|-damage|p1a: Kingdra|0 fnt","|-damage|p2a: Bisharp|41/272|[from] item: Life Orb","|faint|p1a: Kingdra","|","|","|switch|p1a: Goodra|Goodra, F|156/383","|-damage|p1a: Goodra|109/383|[from] Stealth Rock","|-damage|p1a: Goodra|46/383|[from] Spikes","|turn|25","|","|move|p2a: Bisharp|Sucker Punch|p1a: Goodra","|-damage|p1a: Goodra|0 fnt","|-unboost|p2a: Bisharp|spe|1","|-damage|p2a: Bisharp|14/272|[from] item: Life Orb","|faint|p1a: Goodra","|","|","|switch|p1a: Altaria|Altaria, F|291/291","|-damage|p1a: Altaria|219/291|[from] Stealth Rock","|turn|26","|","|detailschange|p1a: Altaria|Altaria-Mega, F","|-mega|p1a: Altaria|Altaria|Altarianite","|move|p2a: Bisharp|Sucker Punch|p1a: Altaria","|-resisted|p1a: Altaria","|-damage|p1a: Altaria|141/291","|-damage|p2a: Bisharp|0 fnt|[from] item: Life Orb","|faint|p2a: Bisharp","|move|p1a: Altaria|Return|p2: Bisharp|[notarget]","|-notarget","|","|","|switch|p2a: Metagross|Metagross, shiny|341/341","|turn|27","|","|move|p1a: Altaria|Return|p2a: Metagross","|-resisted|p2a: Metagross","|-damage|p2a: Metagross|248/341","|move|p2a: Metagross|Meteor Mash|p1a: Altaria","|-supereffective|p1a: Altaria","|-damage|p1a: Altaria|0 fnt","|-damage|p2a: Metagross|214/341|[from] item: Life Orb","|faint|p1a: Altaria","|","|win|samuelwade223"],"p1rating":{"entryid":"6653831","serverid":"eos","formatid":"monotype","userid":"yungdraco","username":"Yung draco - ⓦⓐⓘⓣ","w":"7","l":2,"t":"0","gxe":60.7,"r":"1537.9980476167","rd":"116.06120485007","sigma":"0","rptime":"1438246800","rpr":1585.0282543604,"rprd":93.390768801063,"rpsigma":"0","acre":1152.8863549124,"lacre":1152.8863549124,"oldacre":"1188.5702484061"},"p2rating":{"entryid":"7061762","serverid":"eos","formatid":"monotype","userid":"samuelwade223","username":"samuelwade223","w":8,"l":"18","t":"0","gxe":36,"r":1373.6113993116,"rd":66.095934867074,"sigma":"0","rptime":1438246800,"rpr":1389.9010939128,"rprd":65.242673404942,"rpsigma":"0","acre":1080.6014377339,"lacre":1080.6014377339,"oldacre":"1029.9113229098"},"endType":"normal"}