{"seed":[9912,54728,33683,56142],"turns":27,"p1":"Recruiter♕Kingdra","p2":"Adviser♕Boo","p1team":[{"name":"Smeargle","species":"Smeargle","item":"focussash","ability":"Own Tempo","moves":["darkvoid","stealthrock","stickyweb","transform"],"nature":"Timid","evs":{"hp":252,"atk":0,"def":4,"spa":0,"spd":0,"spe":252},"shiny":true,"ivs":{"hp":31,"atk":31,"def":31,"spa":31,"spd":31,"spe":31}},{"name":"Lopunny","species":"Lopunny","item":"lopunnite","ability":"Cute Charm","moves":["fakeout","quickattack","drainpunch","return"],"nature":"Jolly","evs":{"hp":4,"atk":252,"def":0,"spa":0,"spd":0,"spe":252},"shiny":true,"ivs":{"hp":31,"atk":31,"def":31,"spa":31,"spd":31,"spe":31}},{"name":"Meloetta","species":"Meloetta","item":"leftovers","ability":"Serene Grace","moves":["hypervoice","calmmind","dazzlinggleam","psyshock"],"nature":"","evs":{"hp":252,"atk":0,"def":0,"spa":4,"spd":252,"spe":0},"ivs":{"hp":31,"atk":31,"def":31,"spa":31,"spd":31,"spe":31}},{"name":"Ditto","species":"Ditto","item":"choicescarf","ability":"Imposter","moves":["transform"],"nature":"","evs":{"hp":252,"atk":4,"def":0,"spa":0,"spd":0,"spe":252},"shiny":true,"ivs":{"hp":31,"atk":31,"def":31,"spa":31,"spd":31,"spe":31}},{"name":"Diggersby","species":"Diggersby","item":"lifeorb","ability":"Huge Power","moves":["return","earthquake","quickattack","firepunch"],"nature":"Adamant","evs":{"hp":4,"atk":252,"def":0,"spa":0,"spd":0,"spe":252},"shiny":true,"ivs":{"hp":31,"atk":31,"def":31,"spa":31,"spd":31,"spe":31}},{"name":"Porygon-Z","species":"Porygon-Z","item":"focussash","ability":"Adaptability","moves":["triattack","icebeam","hiddenpowerfire","nastyplot"],"nature":"Modest","evs":{"hp":0,"atk":0,"def":4,"spa":252,"spd":0,"spe":252},"ivs":{"hp":31,"atk":30,"def":31,"spa":30,"spd":31,"spe":30},"shiny":true}],"p2team":[{"name":"Charizard","species":"Charizard","item":"charizarditex","ability":"Blaze","moves":["dragondance","firepunch","dragonclaw","shadowclaw"],"nature":"Lonely","evs":{"hp":0,"atk":252,"def":0,"spa":4,"spd":0,"spe":252},"ivs":{"hp":31,"atk":31,"def":31,"spa":31,"spd":31,"spe":31}},{"name":"Ninetales","species":"Ninetales","item":"heatrock","ability":"Drought","moves":["solarbeam","flamethrower","willowisp","calmmind"],"nature":"Timid","evs":{"hp":0,"atk":0,"def":0,"spa":252,"spd":4,"spe":252},"ivs":{"hp":31,"atk":31,"def":31,"spa":31,"spd":31,"spe":31}},{"name":"Chandelure","species":"Chandelure","item":"choicescarf","ability":"Infiltrator","moves":["shadowball","solarbeam","flamethrower","darkpulse"],"nature":"Timid","evs":{"hp":0,"atk":0,"def":0,"spa":252,"spd":4,"spe":252},"ivs":{"hp":31,"atk":31,"def":31,"spa":31,"spd":31,"spe":31}},{"name":"Darmanitan","species":"Darmanitan","item":"lifeorb","ability":"Sheer Force","moves":["firepunch","rockslide","earthquake","uturn"],"nature":"Jolly","evs":{"hp":0,"atk":252,"def":0,"spa":0,"spd":4,"spe":252},"ivs":{"hp":31,"atk":31,"def":31,"spa":31,"spd":31,"spe":31}},{"name":"Volcarona","species":"Volcarona","item":"leftovers","ability":"Flame Body","moves":["quiverdance","roost","bugbuzz","flamethrower"],"nature":"Bold","evs":{"hp":252,"atk":0,"def":204,"spa":0,"spd":0,"spe":52},"ivs":{"hp":31,"atk":31,"def":31,"spa":31,"spd":31,"spe":31}},{"name":"Torkoal","species":"Torkoal","item":"leftovers","ability":"Shell Armor","moves":["stealthrock","lavaplume","toxic","rapidspin"],"nature":"Bold","evs":{"hp":248,"atk":0,"def":232,"spa":0,"spd":28,"spe":0},"ivs":{"hp":31,"atk":31,"def":31,"spa":31,"spd":31,"spe":31}}],"log":["|player|p1|Recruiter♕Kingdra|3","|player|p2|Adviser♕Boo|3","|gametype|singles","|gen|6","|tier|Monotype","|rated","|rule|Baton Pass Clause: Limit one Baton Passer, can't pass Spe and other stats simultaneously","|rule|Swagger Clause: Swagger is banned","|rule|Same Type Clause: Pokémon in a team must share a type","|clearpoke","|poke|p1|Smeargle, F, shiny","|poke|p1|Lopunny, F, shiny","|poke|p1|Meloetta","|poke|p1|Ditto, shiny","|poke|p1|Diggersby, F, shiny","|poke|p1|Porygon-Z, shiny","|poke|p2|Charizard, F","|poke|p2|Ninetales, M","|poke|p2|Chandelure, F","|poke|p2|Darmanitan, M","|poke|p2|Volcarona, M","|poke|p2|Torkoal, M","|rule|Sleep Clause Mod: Limit one foe put to sleep","|rule|Species Clause: Limit one of each Pokémon","|rule|OHKO Clause: OHKO moves are banned","|rule|Moody Clause: Moody is banned","|rule|Evasion Moves Clause: Evasion moves are banned","|rule|Endless Battle Clause: Forcing endless battles is banned","|rule|HP Percentage Mod: HP is shown in percentages","|teampreview","|","|start","|switch|p1a: Smeargle|Smeargle, F, shiny|314/314","|switch|p2a: Torkoal|Torkoal, M|343/343","|turn|1","|","|move|p1a: Smeargle|Dark Void|p2a: Torkoal","|-status|p2a: Torkoal|slp","|cant|p2a: Torkoal|slp","|","|turn|2","|","|switch|p1a: Porygon-Z|Porygon-Z, shiny|311/311","|cant|p2a: Torkoal|slp","|","|turn|3","|","|switch|p2a: Chandelure|Chandelure, F|261/261","|move|p1a: Porygon-Z|Nasty Plot|p1a: Porygon-Z","|-boost|p1a: Porygon-Z|spa|2","|","|turn|4","|","|move|p2a: Chandelure|Flamethrower|p1a: Porygon-Z","|-damage|p1a: Porygon-Z|71/311","|move|p1a: Porygon-Z|Ice Beam|p2a: Chandelure","|-resisted|p2a: Chandelure","|-damage|p2a: Chandelure|120/261","|","|turn|5","|","|move|p2a: Chandelure|Flamethrower|p1a: Porygon-Z","|-damage|p1a: Porygon-Z|0 fnt","|faint|p1a: Porygon-Z","|","|","|switch|p1a: Lopunny|Lopunny, F, shiny|272/272","|turn|6","|","|detailschange|p1a: Lopunny|Lopunny-Mega, F, shiny","|-mega|p1a: Lopunny|Lopunny|Lopunnite","|move|p1a: Lopunny|Fake Out|p2a: Chandelure","|-damage|p2a: Chandelure|38/261","|cant|p2a: Chandelure|flinch","|","|turn|7","|","|move|p1a: Lopunny|Quick Attack|p2a: Chandelure","|-damage|p2a: Chandelure|0 fnt","|faint|p2a: Chandelure","|","|","|switch|p2a: Torkoal|Torkoal, M|343/343 slp","|turn|8","|","|switch|p1a: Meloetta|Meloetta|404/404","|cant|p2a: Torkoal|slp","|","|turn|9","|","|move|p1a: Meloetta|Calm Mind|p1a: Meloetta","|-boost|p1a: Meloetta|spa|1","|-boost|p1a: Meloetta|spd|1","|-curestatus|p2a: Torkoal|slp","|move|p2a: Torkoal|Toxic|p1a: Meloetta","|-status|p1a: Meloetta|tox","|","|-damage|p1a: Meloetta|379/404 tox|[from] psn","|turn|10","|","|switch|p2a: Darmanitan|Darmanitan, M|351/351","|move|p1a: Meloetta|Hyper Voice|p2a: Darmanitan","|-crit|p2a: Darmanitan","|-damage|p2a: Darmanitan|0 fnt","|faint|p2a: Darmanitan","|","|-heal|p1a: Meloetta|404/404 tox|[from] item: Leftovers","|-damage|p1a: Meloetta|354/404 tox|[from] psn","|","|switch|p2a: Volcarona|Volcarona, M|374/374","|turn|11","|","|move|p2a: Volcarona|Quiver Dance|p2a: Volcarona","|-boost|p2a: Volcarona|spa|1","|-boost|p2a: Volcarona|spd|1","|-boost|p2a: Volcarona|spe|1","|move|p1a: Meloetta|Psyshock|p2a: Volcarona","|-damage|p2a: Volcarona|187/374","|","|-heal|p2a: Volcarona|210/374|[from] item: Leftovers","|-heal|p1a: Meloetta|379/404 tox|[from] item: Leftovers","|-damage|p1a: Meloetta|304/404 tox|[from] psn","|turn|12","|","|move|p2a: Volcarona|Bug Buzz|p1a: Meloetta","|-supereffective|p1a: Meloetta","|-damage|p1a: Meloetta|110/404 tox","|move|p1a: Meloetta|Psyshock|p2a: Volcarona","|-damage|p2a: Volcarona|42/374","|","|-heal|p2a: Volcarona|65/374|[from] item: Leftovers","|-heal|p1a: Meloetta|135/404 tox|[from] item: Leftovers","|-damage|p1a: Meloetta|35/404 tox|[from] psn","|turn|13","|","|move|p2a: Volcarona|Roost|p2a: Volcarona","|-heal|p2a: Volcarona|252/374","|move|p1a: Meloetta|Psyshock|p2a: Volcarona","|-damage|p2a: Volcarona|77/374","|","|-heal|p2a: Volcarona|100/374|[from] item: Leftovers","|-heal|p1a: Meloetta|60/404 tox|[from] item: Leftovers","|-damage|p1a: Meloetta|0 fnt|[from] psn","|faint|p1a: Meloetta","|","|switch|p1a: Lopunny|Lopunny-Mega, F, shiny|272/272","|turn|14","|","|move|p1a: Lopunny|Fake Out|p2a: Volcarona","|-damage|p2a: Volcarona|33/374","|-status|p1a: Lopunny|brn","|cant|p2a: Volcarona|flinch","|","|-heal|p2a: Volcarona|56/374|[from] item: Leftovers","|-damage|p1a: Lopunny|238/272 brn|[from] brn","|turn|15","|","|move|p1a: Lopunny|Quick Attack|p2a: Volcarona","|-damage|p2a: Volcarona|22/374","|move|p2a: Volcarona|Roost|p2a: Volcarona","|-heal|p2a: Volcarona|209/374","|","|-heal|p2a: Volcarona|232/374|[from] item: Leftovers","|-damage|p1a: Lopunny|204/272 brn|[from] brn","|turn|16","|","|move|p1a: Lopunny|Return|p2a: Volcarona","|-damage|p2a: Volcarona|133/374","|move|p2a: Volcarona|Roost|p2a: Volcarona","|-heal|p2a: Volcarona|320/374","|","|-heal|p2a: Volcarona|343/374|[from] item: Leftovers","|-damage|p1a: Lopunny|170/272 brn|[from] brn","|turn|17","|","|move|p1a: Lopunny|Return|p2a: Volcarona","|-damage|p2a: Volcarona|256/374","|move|p2a: Volcarona|Flamethrower|p1a: Lopunny","|-damage|p1a: Lopunny|0 fnt","|faint|p1a: Lopunny","|","|-heal|p2a: Volcarona|279/374|[from] item: Leftovers","|","|switch|p1a: Ditto|Ditto, shiny|300/300","|-transform|p1a: Ditto|p2a: Volcarona","|turn|18","|","|move|p1a: Ditto|Bug Buzz|p2a: Volcarona","|-resisted|p2a: Volcarona","|-damage|p2a: Volcarona|215/374","|move|p2a: Volcarona|Quiver Dance|p2a: Volcarona","|-boost|p2a: Volcarona|spa|1","|-boost|p2a: Volcarona|spd|1","|-boost|p2a: Volcarona|spe|1","|","|-heal|p2a: Volcarona|238/374|[from] item: Leftovers","|turn|19","|","|switch|p1a: Smeargle|Smeargle, F, shiny|314/314","|move|p2a: Volcarona|Flamethrower|p1a: Smeargle","|-enditem|p1a: Smeargle|Focus Sash","|-damage|p1a: Smeargle|1/314","|","|-heal|p2a: Volcarona|261/374|[from] item: Leftovers","|turn|20","|","|move|p2a: Volcarona|Flamethrower|p1a: Smeargle","|-damage|p1a: Smeargle|0 fnt","|faint|p1a: Smeargle","|","|-heal|p2a: Volcarona|284/374|[from] item: Leftovers","|","|switch|p1a: Ditto|Ditto, shiny|300/300","|-transform|p1a: Ditto|p2a: Volcarona","|turn|21","|","|move|p1a: Ditto|Flamethrower|p2a: Volcarona","|-damage|p2a: Volcarona|146/374","|move|p2a: Volcarona|Quiver Dance|p2a: Volcarona","|-boost|p2a: Volcarona|spa|1","|-boost|p2a: Volcarona|spd|1","|-boost|p2a: Volcarona|spe|1","|","|-heal|p2a: Volcarona|169/374|[from] item: Leftovers","|turn|22","|","|switch|p1a: Diggersby|Diggersby, F, shiny|312/312","|move|p2a: Volcarona|Roost|p2a: Volcarona","|-heal|p2a: Volcarona|356/374","|","|-heal|p2a: Volcarona|374/374|[from] item: Leftovers","|turn|23","|","|move|p2a: Volcarona|Flamethrower|p1a: Diggersby","|-damage|p1a: Diggersby|0 fnt","|faint|p1a: Diggersby","|","|","|switch|p1a: Ditto|Ditto, shiny|300/300","|-transform|p1a: Ditto|p2a: Volcarona","|turn|24","|","|move|p1a: Ditto|Flamethrower|p2a: Volcarona","|-damage|p2a: Volcarona|244/374","|move|p2a: Volcarona|Quiver Dance|p2a: Volcarona","|-boost|p2a: Volcarona|spa|1","|-boost|p2a: Volcarona|spd|1","|-boost|p2a: Volcarona|spe|1","|","|-heal|p2a: Volcarona|267/374|[from] item: Leftovers","|turn|25","|","|move|p1a: Ditto|Flamethrower|p2a: Volcarona","|-damage|p2a: Volcarona|165/374","|move|p2a: Volcarona|Quiver Dance|p2a: Volcarona","|-boost|p2a: Volcarona|spa|1","|-boost|p2a: Volcarona|spd|1","|-boost|p2a: Volcarona|spe|1","|","|-heal|p2a: Volcarona|188/374|[from] item: Leftovers","|turn|26","|","|move|p1a: Ditto|Flamethrower|p2a: Volcarona","|-damage|p2a: Volcarona|89/374","|move|p2a: Volcarona|Roost|p2a: Volcarona","|-heal|p2a: Volcarona|276/374","|","|-heal|p2a: Volcarona|299/374|[from] item: Leftovers","|turn|27","|","|move|p1a: Ditto|Flamethrower|p2a: Volcarona","|-damage|p2a: Volcarona|206/374","|move|p2a: Volcarona|Flamethrower|p1a: Ditto","|-crit|p1a: Ditto","|-damage|p1a: Ditto|0 fnt","|faint|p1a: Ditto","|","|win|Adviser♕Boo"],"p1rating":{"entryid":"7080447","serverid":"eos","formatid":"monotype","userid":"recruiterkingdra","username":"Recruiter♕Kingdra","w":"52","l":51,"t":"0","gxe":51.5,"r":"1518.0551194766","rd":"37.689556928638","sigma":"0","rptime":"1438246800","rpr":1511.1005445633,"rprd":37.299120412028,"rpsigma":"0","acre":1038.641358784,"lacre":1038.641358784,"oldacre":"1048.1859355225"},"p2rating":{"entryid":"7083956","serverid":"eos","formatid":"monotype","userid":"adviserboo","username":"Adviser♕Boo","w":69,"l":"39","t":"0","gxe":62.2,"r":"1598.7812125998","rd":"36.82735512897","sigma":"0","rptime":"1438246800","rpr":1594.0276419773,"rprd":36.14243727936,"rpsigma":"0","acre":1228.6916249635,"lacre":1228.6916249635,"oldacre":"1214.8411526238"},"endType":"normal"}