{"seed":[39360,35957,54835,30076],"turns":23,"p1":"Professor♅ Nyx","p2":"Wаrden Arguѕ","p1team":[{"name":"Tyranitar","species":"Tyranitar","item":"assaultvest","ability":"Sand Stream","moves":["stoneedge","earthquake","crunch","fireblast"],"nature":"Lonely","evs":{"hp":248,"atk":252,"def":0,"spa":8,"spd":0,"spe":0},"ivs":{"hp":31,"atk":31,"def":31,"spa":31,"spd":31,"spe":31}},{"name":"Aggron","species":"Aggron","item":"aggronite","ability":"Sturdy","moves":["curse","sleeptalk","rest","heavyslam"],"nature":"Careful","evs":{"hp":252,"atk":4,"def":56,"spa":0,"spd":196,"spe":0},"ivs":{"hp":31,"atk":31,"def":31,"spa":31,"spd":31,"spe":31}},{"name":"Terrakion","species":"Terrakion","item":"choicescarf","ability":"Justified","moves":["closecombat","stoneedge","earthquake","poisonjab"],"nature":"Jolly","evs":{"hp":4,"atk":252,"def":0,"spa":0,"spd":0,"spe":252},"ivs":{"hp":31,"atk":31,"def":31,"spa":31,"spd":31,"spe":31}},{"name":"Cradily","species":"Cradily","item":"leftovers","ability":"Storm Drain","moves":["stockpile","toxic","gigadrain","recover"],"nature":"Calm","gender":"F","evs":{"hp":0,"atk":0,"def":0,"spa":0,"spd":0,"spe":0},"ivs":{"hp":31,"atk":31,"def":31,"spa":31,"spd":31,"spe":31}},{"name":"Shuckle","species":"Shuckle","item":"leftovers","ability":"Sturdy","moves":["toxic","encore","stickyweb","stealthrock"],"nature":"Bold","evs":{"hp":252,"atk":0,"def":252,"spa":0,"spd":4,"spe":0},"ivs":{"hp":31,"atk":31,"def":31,"spa":31,"spd":31,"spe":31}},{"name":"Lord Helix","species":"omastar","item":"focussash","ability":"Weak Armor","moves":["shellsmash","surf","icebeam","hiddenpowergrass"],"nature":"Timid","evs":{"hp":0,"atk":0,"def":4,"spa":252,"spd":0,"spe":252},"ivs":{"hp":31,"atk":30,"def":31,"spa":30,"spd":31,"spe":31}}],"p2team":[{"name":"Sableye","species":"Sableye","item":"leftovers","ability":"Prankster","moves":["knockoff","willowisp","recover","taunt"],"nature":"Bold","evs":{"hp":228,"atk":0,"def":252,"spa":0,"spd":0,"spe":28},"gender":"M","ivs":{"hp":31,"atk":0,"def":31,"spa":31,"spd":31,"spe":31}},{"name":"Aegislash","species":"Aegislash","item":"weaknesspolicy","ability":"Stance Change","moves":["kingsshield","sacredsword","shadowball","shadowsneak"],"nature":"Lonely","evs":{"hp":0,"atk":252,"def":0,"spa":240,"spd":0,"spe":16},"gender":"M","shiny":true,"ivs":{"hp":31,"atk":31,"def":31,"spa":31,"spd":31,"spe":31}},{"name":"Jellicent","species":"Jellicent","item":"leftovers","ability":"Cursed Body","moves":["toxic","scald","recover","acidarmor"],"nature":"Calm","evs":{"hp":252,"atk":0,"def":0,"spa":0,"spd":252,"spe":4},"gender":"M","ivs":{"hp":31,"atk":0,"def":31,"spa":31,"spd":31,"spe":31},"shiny":true},{"name":"Golurk","species":"Golurk","item":"focussash","ability":"No Guard","moves":["stealthrock","stoneedge","dynamicpunch","curse"],"nature":"Adamant","evs":{"hp":0,"atk":252,"def":0,"spa":0,"spd":4,"spe":252},"shiny":true,"ivs":{"hp":31,"atk":31,"def":31,"spa":31,"spd":31,"spe":31}},{"name":"Chandelure","species":"Chandelure","item":"choicescarf","ability":"Infiltrator","moves":["flamethrower","shadowball","energyball","trick"],"nature":"Modest","evs":{"hp":0,"atk":0,"def":0,"spa":252,"spd":4,"spe":252},"gender":"F","ivs":{"hp":31,"atk":0,"def":31,"spa":31,"spd":31,"spe":31}},{"name":"Gengar","species":"Gengar","item":"focussash","ability":"Levitate","moves":["destinybond","sludgebomb","shadowball","energyball"],"nature":"Timid","evs":{"hp":0,"atk":0,"def":0,"spa":252,"spd":4,"spe":252},"gender":"F","ivs":{"hp":31,"atk":0,"def":31,"spa":31,"spd":31,"spe":31},"shiny":true}],"log":["|player|p1|Professor♅ Nyx|132","|player|p2|Wаrden Arguѕ|144","|gametype|singles","|gen|6","|tier|Monotype","|rated","|rule|Baton Pass Clause: Limit one Baton Passer, can't pass Spe and other stats simultaneously","|rule|Swagger Clause: Swagger is banned","|rule|Same Type Clause: Pokémon in a team must share a type","|clearpoke","|poke|p1|Tyranitar, M","|poke|p1|Aggron, F","|poke|p1|Terrakion","|poke|p1|Cradily, F","|poke|p1|Shuckle, M","|poke|p1|Omastar, M","|poke|p2|Sableye, M","|poke|p2|Aegislash, M, shiny","|poke|p2|Jellicent, M, shiny","|poke|p2|Golurk, shiny","|poke|p2|Chandelure, F","|poke|p2|Gengar, F, shiny","|rule|Sleep Clause Mod: Limit one foe put to sleep","|rule|Species Clause: Limit one of each Pokémon","|rule|OHKO Clause: OHKO moves are banned","|rule|Moody Clause: Moody is banned","|rule|Evasion Moves Clause: Evasion moves are banned","|rule|Endless Battle Clause: Forcing endless battles is banned","|rule|HP Percentage Mod: HP is shown in percentages","|teampreview","|","|start","|switch|p1a: Lord Helix|Omastar, M|281/281","|switch|p2a: Sableye|Sableye, M|298/298","|turn|1","|","|switch|p2a: Jellicent|Jellicent, M, shiny|404/404","|move|p1a: Lord Helix|Shell Smash|p1a: Lord Helix","|-boost|p1a: Lord Helix|atk|2","|-boost|p1a: Lord Helix|spa|2","|-boost|p1a: Lord Helix|spe|2","|-unboost|p1a: Lord Helix|def|1","|-unboost|p1a: Lord Helix|spd|1","|","|turn|2","|","|move|p1a: Lord Helix|Hidden Power|p2a: Jellicent","|-supereffective|p2a: Jellicent","|-damage|p2a: Jellicent|212/404","|-start|p1a: Lord Helix|Disable|Hidden Power","|move|p2a: Jellicent|Toxic|p1a: Lord Helix","|-status|p1a: Lord Helix|tox","|","|-heal|p2a: Jellicent|237/404|[from] item: Leftovers","|-damage|p1a: Lord Helix|264/281 tox|[from] psn","|turn|3","|","|move|p1a: Lord Helix|Shell Smash|p1a: Lord Helix","|-boost|p1a: Lord Helix|atk|2","|-boost|p1a: Lord Helix|spa|2","|-boost|p1a: Lord Helix|spe|2","|-unboost|p1a: Lord Helix|def|1","|-unboost|p1a: Lord Helix|spd|1","|move|p2a: Jellicent|Scald|p1a: Lord Helix","|-damage|p1a: Lord Helix|45/281 tox","|","|-heal|p2a: Jellicent|262/404|[from] item: Leftovers","|-damage|p1a: Lord Helix|11/281 tox|[from] psn","|turn|4","|","|move|p1a: Lord Helix|Ice Beam|p2a: Jellicent","|-resisted|p2a: Jellicent","|-damage|p2a: Jellicent|166/404","|move|p2a: Jellicent|Recover|p2a: Jellicent","|-heal|p2a: Jellicent|368/404","|","|-heal|p2a: Jellicent|393/404|[from] item: Leftovers","|-damage|p1a: Lord Helix|0 fnt|[from] psn","|faint|p1a: Lord Helix","|","|switch|p1a: Aggron|Aggron, F|344/344","|turn|5","|","|detailschange|p1a: Aggron|Aggron-Mega, F","|-mega|p1a: Aggron|Aggron|Aggronite","|move|p2a: Jellicent|Scald|p1a: Aggron","|-damage|p1a: Aggron|271/344","|move|p1a: Aggron|Curse|p1a: Aggron","|-boost|p1a: Aggron|atk|1","|-boost|p1a: Aggron|def|1","|-unboost|p1a: Aggron|spe|1","|","|-heal|p2a: Jellicent|404/404|[from] item: Leftovers","|turn|6","|","|switch|p2a: Golurk|Golurk, shiny|319/319","|move|p1a: Aggron|Curse|p1a: Aggron","|-boost|p1a: Aggron|atk|1","|-boost|p1a: Aggron|def|1","|-unboost|p1a: Aggron|spe|1","|","|turn|7","|","|move|p2a: Golurk|Dynamic Punch|p1a: Aggron","|-supereffective|p1a: Aggron","|-damage|p1a: Aggron|226/344","|-start|p1a: Aggron|confusion","|-activate|p1a: Aggron|confusion","|-damage|p1a: Aggron|206/344|[from] confusion","|","|turn|8","|","|move|p2a: Golurk|Stealth Rock|p1a: Aggron","|-sidestart|p1: Professor♅ Nyx|move: Stealth Rock","|-activate|p1a: Aggron|confusion","|move|p1a: Aggron|Rest|p1a: Aggron","|-status|p1a: Aggron|slp","|-heal|p1a: Aggron|344/344 slp|[silent]","|-status|p1a: Aggron|slp|[from] move: Rest","|","|turn|9","|","|switch|p2a: Chandelure|Chandelure, F|261/261","|cant|p1a: Aggron|slp","|-activate|p1a: Aggron|confusion","|-damage|p1a: Aggron|324/344 slp|[from] confusion","|","|turn|10","|","|switch|p1a: Tyranitar|Tyranitar, M|403/403","|-damage|p1a: Tyranitar|353/403|[from] Stealth Rock","|-weather|Sandstorm","|move|p2a: Chandelure|Flamethrower|p1a: Tyranitar","|-resisted|p1a: Tyranitar","|-damage|p1a: Tyranitar|314/403","|","|-weather|Sandstorm|[upkeep]","|-damage|p2a: Chandelure|245/261|[from] sandstorm","|turn|11","|","|switch|p2a: Golurk|Golurk, shiny|319/319","|move|p1a: Tyranitar|Crunch|p2a: Golurk","|-supereffective|p2a: Golurk","|-enditem|p2a: Golurk|Focus Sash","|-damage|p2a: Golurk|1/319","|","|-weather|Sandstorm|[upkeep]","|turn|12","|","|switch|p1a: Shuckle|Shuckle, M|244/244","|-damage|p1a: Shuckle|183/244|[from] Stealth Rock","|move|p2a: Golurk|Dynamic Punch|p1a: Shuckle","|-damage|p1a: Shuckle|131/244","|-start|p1a: Shuckle|confusion","|","|-weather|Sandstorm|[upkeep]","|-heal|p1a: Shuckle|146/244|[from] item: Leftovers","|turn|13","|","|move|p2a: Golurk|Stone Edge|p1a: Shuckle","|-supereffective|p1a: Shuckle","|-damage|p1a: Shuckle|54/244","|-activate|p1a: Shuckle|confusion","|-damage|p1a: Shuckle|51/244|[from] confusion","|","|-weather|Sandstorm|[upkeep]","|-heal|p1a: Shuckle|66/244|[from] item: Leftovers","|turn|14","|","|move|p2a: Golurk|Stone Edge|p1a: Shuckle","|-supereffective|p1a: Shuckle","|-damage|p1a: Shuckle|0 fnt","|faint|p1a: Shuckle","|","|-weather|none","|","|switch|p1a: Terrakion|Terrakion|324/324","|-damage|p1a: Terrakion|304/324|[from] Stealth Rock","|turn|15","|","|switch|p2a: Aegislash|Aegislash, M, shiny|261/261","|move|p1a: Terrakion|Poison Jab|p2a: Aegislash","|-immune|p2a: Aegislash|[msg]","|","|turn|16","|","|switch|p1a: Tyranitar|Tyranitar, M|314/403","|-damage|p1a: Tyranitar|264/403|[from] Stealth Rock","|-weather|Sandstorm","|-formechange|p2a: Aegislash|Aegislash-Blade","|move|p2a: Aegislash|Shadow Ball|p1a: Tyranitar","|-resisted|p1a: Tyranitar","|-damage|p1a: Tyranitar|230/403","|","|-weather|Sandstorm|[upkeep]","|turn|17","|","|move|p2a: Aegislash|Sacred Sword|p1a: Tyranitar","|-supereffective|p1a: Tyranitar","|-damage|p1a: Tyranitar|0 fnt","|faint|p1a: Tyranitar","|","|-weather|Sandstorm|[upkeep]","|","|switch|p1a: Terrakion|Terrakion|304/324","|-damage|p1a: Terrakion|284/324|[from] Stealth Rock","|turn|18","|","|-formechange|p2a: Aegislash|Aegislash","|move|p2a: Aegislash|King's Shield|p2a: Aegislash","|-singleturn|p2a: Aegislash|Protect","|move|p1a: Terrakion|Earthquake|p2a: Aegislash","|-activate|p2a: Aegislash|Protect","|","|-weather|Sandstorm|[upkeep]","|turn|19","|","|move|p1a: Terrakion|Earthquake|p2a: Aegislash","|-supereffective|p2a: Aegislash","|-damage|p2a: Aegislash|81/261","|-enditem|p2a: Aegislash|Weakness Policy","|-boost|p2a: Aegislash|atk|2|[from] item: Weakness Policy","|-boost|p2a: Aegislash|spa|2|[from] item: Weakness Policy","|-formechange|p2a: Aegislash|Aegislash-Blade","|move|p2a: Aegislash|Sacred Sword|p1a: Terrakion","|-supereffective|p1a: Terrakion","|-damage|p1a: Terrakion|0 fnt","|faint|p1a: Terrakion","|","|-weather|Sandstorm|[upkeep]","|","|switch|p1a: Aggron|Aggron-Mega, F|324/344 slp","|-damage|p1a: Aggron|303/344 slp|[from] Stealth Rock","|turn|20","|","|move|p2a: Aegislash|Shadow Ball|p1a: Aggron","|-damage|p1a: Aggron|14/344 slp","|cant|p1a: Aggron|slp","|move|p1a: Aggron|Sleep Talk|p1a: Aggron","|move|p1a: Aggron|Heavy Slam|p2a: Aegislash|[from]Sleep Talk","|-resisted|p2a: Aegislash","|-damage|p2a: Aegislash|0 fnt","|faint|p2a: Aegislash","|","|-weather|none","|","|switch|p2a: Golurk|Golurk, shiny|1/319","|turn|21","|","|move|p2a: Golurk|Dynamic Punch|p1a: Aggron","|-supereffective|p1a: Aggron","|-damage|p1a: Aggron|0 fnt","|faint|p1a: Aggron","|","|","|switch|p1a: Cradily|Cradily, F|313/313","|-damage|p1a: Cradily|274/313|[from] Stealth Rock","|turn|22","|","|move|p2a: Golurk|Dynamic Punch|p1a: Cradily","|-supereffective|p1a: Cradily","|-damage|p1a: Cradily|10/313","|-start|p1a: Cradily|confusion","|-activate|p1a: Cradily|confusion","|move|p1a: Cradily|Giga Drain|p2a: Golurk","|-supereffective|p2a: Golurk","|-damage|p2a: Golurk|0 fnt","|-heal|p1a: Cradily|11/313|[from] drain|[of] p2a: Golurk","|faint|p2a: Golurk","|","|-heal|p1a: Cradily|30/313|[from] item: Leftovers","|","|switch|p2a: Gengar|Gengar, F, shiny|261/261","|turn|23","|","|move|p2a: Gengar|Sludge Bomb|p1a: Cradily","|-damage|p1a: Cradily|0 fnt","|faint|p1a: Cradily","|","|win|Wаrden Arguѕ"],"p1rating":{"entryid":"6674868","serverid":"eos","formatid":"monotype","userid":"professornyx","username":"Professor ♅ ☯ Nyx","w":"50","l":39,"t":"0","gxe":54.7,"r":"1539.550271867","rd":"40.982097521263","sigma":"0","rptime":"1438246800","rpr":1535.5345588121,"rprd":40.265611054974,"rpsigma":"0","acre":1158.9429626104,"lacre":1158.9429626104,"oldacre":"1169.6565571131"},"p2rating":{"entryid":"7252450","serverid":"eos","formatid":"monotype","userid":"wrdenargu","username":"Wаrden Arguѕ","w":38,"l":"7","t":"0","gxe":77.9,"r":"1734.3716784252","rd":"56.692445093201","sigma":"0","rptime":"1438246800","rpr":1739.0925085891,"rprd":52.44053149022,"rpsigma":"0","acre":1403.9502687687,"lacre":1403.9502687687,"oldacre":"1395.3793931665"},"endType":"normal"}