{"seed":[57632,28933,29866,31213],"turns":29,"p1":"Metalyte","p2":"Guard Wanderer","p1team":[{"name":"Beedrill","species":"Beedrill","item":"beedrillite","ability":"Swarm","moves":["protect","uturn","poisonjab","knockoff"],"nature":"Jolly","evs":{"hp":0,"atk":252,"def":0,"spa":0,"spd":4,"spe":252},"ivs":{"hp":31,"atk":31,"def":31,"spa":31,"spd":31,"spe":31}},{"name":"Amoonguss","species":"Amoonguss","item":"blacksludge","ability":"Regenerator","moves":["spore","foulplay","gigadrain","synthesis"],"nature":"Calm","evs":{"hp":252,"atk":0,"def":0,"spa":4,"spd":252,"spe":0},"ivs":{"hp":31,"atk":31,"def":31,"spa":31,"spd":31,"spe":31}},{"name":"Golbat","species":"Golbat","item":"eviolite","ability":"Inner Focus","moves":["roost","defog","whirlwind","toxic"],"nature":"Bold","evs":{"hp":252,"atk":0,"def":252,"spa":0,"spd":5,"spe":0},"ivs":{"hp":31,"atk":31,"def":31,"spa":31,"spd":31,"spe":31}},{"name":"Nidoking","species":"Nidoking","item":"lifeorb","ability":"Sheer Force","moves":["sludgewave","earthpower","icebeam","thunderbolt"],"nature":"Timid","evs":{"hp":0,"atk":0,"def":0,"spa":252,"spd":4,"spe":252},"ivs":{"hp":31,"atk":31,"def":31,"spa":31,"spd":31,"spe":31}},{"name":"Gengar","species":"Gengar","item":"choicescarf","ability":"Levitate","moves":["shadowball","sludgewave","focusblast","darkpulse"],"nature":"Timid","evs":{"hp":0,"atk":0,"def":0,"spa":252,"spd":4,"spe":252},"ivs":{"hp":31,"atk":31,"def":31,"spa":31,"spd":31,"spe":31}},{"name":"Dragalge","species":"Dragalge","item":"choicespecs","ability":"Adaptability","moves":["dracometeor","sludgewave","focusblast","shadowball"],"nature":"Modest","evs":{"hp":248,"atk":0,"def":0,"spa":252,"spd":8,"spe":0},"ivs":{"hp":31,"atk":31,"def":31,"spa":31,"spd":31,"spe":31}}],"p2team":[{"name":"Weezing","species":"Weezing","item":"sitrusberry","ability":"Levitate","moves":["toxicspikes","willowisp","memento","thief"],"nature":"Careful","evs":{"hp":248,"atk":8,"def":0,"spa":0,"spd":252,"spe":0},"ivs":{"hp":31,"atk":31,"def":31,"spa":31,"spd":31,"spe":31}},{"name":"Tentacruel","species":"Tentacruel","item":"assaultvest","ability":"Liquid Ooze","moves":["scald","acidspray","gigadrain","hex"],"nature":"Timid","evs":{"hp":0,"atk":0,"def":4,"spa":252,"spd":0,"spe":252},"ivs":{"hp":31,"atk":31,"def":31,"spa":31,"spd":31,"spe":31}},{"name":"Skuntank","species":"Skuntank","item":"","ability":"Stench","moves":["snatch","thief","suckerpunch","poisonjab"],"nature":"Adamant","evs":{"hp":248,"atk":252,"def":0,"spa":0,"spd":8,"spe":0},"ivs":{"hp":31,"atk":31,"def":31,"spa":31,"spd":31,"spe":31}},{"name":"Crobat","species":"Crobat","item":"whiteherb","ability":"Infiltrator","moves":["curse","acrobatics","roost","venomdrench"],"nature":"Jolly","evs":{"hp":248,"atk":8,"def":0,"spa":0,"spd":0,"spe":252},"ivs":{"hp":31,"atk":31,"def":31,"spa":31,"spd":31,"spe":31}},{"name":"Gengar","species":"Gengar","item":"choicescarf","ability":"Levitate","moves":["trick","destinybond","venoshock","hex"],"nature":"Timid","evs":{"hp":0,"atk":0,"def":0,"spa":252,"spd":4,"spe":252},"ivs":{"hp":31,"atk":31,"def":31,"spa":31,"spd":31,"spe":31}},{"name":"Amoonguss","species":"Amoonguss","item":"blacksludge","ability":"Regenerator","moves":["spore","gigadrain","gastroacid","stunspore"],"nature":"Calm","evs":{"hp":248,"atk":0,"def":0,"spa":8,"spd":252,"spe":0},"shiny":true,"ivs":{"hp":31,"atk":31,"def":31,"spa":31,"spd":31,"spe":31}}],"log":["|player|p1|Metalyte|165","|player|p2|Guard Wanderer|235","|gametype|singles","|gen|6","|tier|Monotype","|rated","|rule|Baton Pass Clause: Limit one Baton Passer, can't pass Spe and other stats simultaneously","|rule|Swagger Clause: Swagger is banned","|rule|Same Type Clause: Pokémon in a team must share a type","|clearpoke","|poke|p1|Beedrill, M","|poke|p1|Amoonguss, F","|poke|p1|Golbat, F","|poke|p1|Nidoking, M","|poke|p1|Gengar, M","|poke|p1|Dragalge, F","|poke|p2|Weezing, M","|poke|p2|Tentacruel, M","|poke|p2|Skuntank, M","|poke|p2|Crobat, F","|poke|p2|Gengar, F","|poke|p2|Amoonguss, F, shiny","|rule|Sleep Clause Mod: Limit one foe put to sleep","|rule|Species Clause: Limit one of each Pokémon","|rule|OHKO Clause: OHKO moves are banned","|rule|Moody Clause: Moody is banned","|rule|Evasion Moves Clause: Evasion moves are banned","|rule|Endless Battle Clause: Forcing endless battles is banned","|rule|HP Percentage Mod: HP is shown in percentages","|teampreview","|","|start","|switch|p1a: Beedrill|Beedrill, M|271/271","|switch|p2a: Crobat|Crobat, F|373/373","|turn|1","|","|detailschange|p1a: Beedrill|Beedrill-Mega, M","|-mega|p1a: Beedrill|Beedrill|Beedrillite","|move|p1a: Beedrill|Protect|p1a: Beedrill","|-singleturn|p1a: Beedrill|Protect","|move|p2a: Crobat|Curse|p2a: Crobat","|-boost|p2a: Crobat|atk|1","|-boost|p2a: Crobat|def|1","|-unboost|p2a: Crobat|spe|1","|-enditem|p2a: Crobat|White Herb","|-restoreboost|p2a: Crobat|[silent]","|","|turn|2","|","|move|p1a: Beedrill|U-turn|p2a: Crobat","|-resisted|p2a: Crobat","|-damage|p2a: Crobat|337/373","|","|switch|p1a: Dragalge|Dragalge, F|333/333","|move|p2a: Crobat|Acrobatics|p1a: Dragalge","|-damage|p1a: Dragalge|146/333","|","|turn|3","|","|move|p2a: Crobat|Acrobatics|p1a: Dragalge","|-damage|p1a: Dragalge|0 fnt","|faint|p1a: Dragalge","|","|","|switch|p1a: Golbat|Golbat, F|354/354","|turn|4","|","|move|p2a: Crobat|Acrobatics|p1a: Golbat","|-damage|p1a: Golbat|246/354","|move|p1a: Golbat|Whirlwind|p2a: Crobat","|drag|p2a: Amoonguss|Amoonguss, F, shiny|431/431","|","|turn|5","|","|switch|p1a: Amoonguss|Amoonguss, F|432/432","|move|p2a: Amoonguss|Spore|p1a: Amoonguss","|-immune|p1a: Amoonguss|[msg]","|","|turn|6","|","|move|p2a: Amoonguss|Gastro Acid|p1a: Amoonguss","|-endability|p1a: Amoonguss","|move|p1a: Amoonguss|Foul Play|p2a: Amoonguss","|-damage|p2a: Amoonguss|358/431","|","|-heal|p2a: Amoonguss|384/431|[from] item: Black Sludge","|turn|7","|","|switch|p2a: Weezing|Weezing, M|333/333","|move|p1a: Amoonguss|Foul Play|p2a: Weezing","|-damage|p2a: Weezing|272/333","|","|turn|8","|","|switch|p1a: Nidoking|Nidoking, M|303/303","|move|p2a: Weezing|Will-O-Wisp|p1a: Nidoking","|-status|p1a: Nidoking|brn","|","|-damage|p1a: Nidoking|266/303 brn|[from] brn","|turn|9","|","|move|p1a: Nidoking|Ice Beam|p2a: Weezing","|-damage|p2a: Weezing|147/333","|-enditem|p2a: Weezing|Sitrus Berry|[eat]","|-heal|p2a: Weezing|230/333|[from] item: Sitrus Berry","|move|p2a: Weezing|Thief|p1a: Nidoking","|-damage|p1a: Nidoking|210/303 brn","|-item|p2a: Weezing|Life Orb|[from] move: Thief|[of] p1a: Nidoking","|-damage|p2a: Weezing|197/333|[from] item: Life Orb","|","|-damage|p1a: Nidoking|173/303 brn|[from] brn","|turn|10","|","|switch|p2a: Tentacruel|Tentacruel, M|301/301","|move|p1a: Nidoking|Thunderbolt|p2a: Tentacruel","|-supereffective|p2a: Tentacruel","|-damage|p2a: Tentacruel|191/301","|","|-damage|p1a: Nidoking|136/303 brn|[from] brn","|turn|11","|","|move|p2a: Tentacruel|Scald|p1a: Nidoking","|-supereffective|p1a: Nidoking","|-damage|p1a: Nidoking|0 fnt","|faint|p1a: Nidoking","|","|","|switch|p1a: Beedrill|Beedrill-Mega, M|271/271","|turn|12","|","|switch|p2a: Crobat|Crobat, F|337/373","|move|p1a: Beedrill|Knock Off|p2a: Crobat","|-damage|p2a: Crobat|224/373","|","|turn|13","|","|move|p1a: Beedrill|U-turn|p2a: Crobat","|-resisted|p2a: Crobat","|-damage|p2a: Crobat|172/373","|","|switch|p1a: Golbat|Golbat, F|246/354","|move|p2a: Crobat|Acrobatics|p1a: Golbat","|-damage|p1a: Golbat|174/354","|","|turn|14","|","|move|p2a: Crobat|Roost|p2a: Crobat","|-heal|p2a: Crobat|359/373","|move|p1a: Golbat|Roost|p1a: Golbat","|-heal|p1a: Golbat|351/354","|","|turn|15","|","|switch|p2a: Skuntank|Skuntank, M|409/409","|move|p1a: Golbat|Whirlwind|p2a: Skuntank","|drag|p2a: Tentacruel|Tentacruel, M|191/301","|","|turn|16","|","|switch|p1a: Amoonguss|Amoonguss, F|432/432","|move|p2a: Tentacruel|Scald|p1a: Amoonguss","|-resisted|p1a: Amoonguss","|-damage|p1a: Amoonguss|390/432","|","|-heal|p1a: Amoonguss|417/432|[from] item: Black Sludge","|turn|17","|","|move|p2a: Tentacruel|Scald|p1a: Amoonguss","|-resisted|p1a: Amoonguss","|-damage|p1a: Amoonguss|372/432","|-status|p1a: Amoonguss|brn","|move|p1a: Amoonguss|Spore|p2a: Tentacruel","|-status|p2a: Tentacruel|slp","|","|-heal|p1a: Amoonguss|399/432 brn|[from] item: Black Sludge","|-damage|p1a: Amoonguss|345/432 brn|[from] brn","|turn|18","|","|switch|p2a: Crobat|Crobat, F|359/373","|switch|p1a: Gengar|Gengar, M|261/261","|","|turn|19","|","|move|p1a: Gengar|Shadow Ball|p2a: Crobat","|-damage|p2a: Crobat|187/373","|move|p2a: Crobat|Acrobatics|p1a: Gengar","|-damage|p1a: Gengar|75/261","|","|turn|20","|","|move|p1a: Gengar|Shadow Ball|p2a: Crobat","|-damage|p2a: Crobat|4/373","|move|p2a: Crobat|Acrobatics|p1a: Gengar","|-damage|p1a: Gengar|0 fnt","|faint|p1a: Gengar","|","|","|switch|p1a: Beedrill|Beedrill-Mega, M|271/271","|turn|21","|","|switch|p2a: Weezing|Weezing, M|197/333","|move|p1a: Beedrill|U-turn|p2a: Weezing","|-resisted|p2a: Weezing","|-damage|p2a: Weezing|117/333","|","|switch|p1a: Golbat|Golbat, F|351/354","|","|turn|22","|","|move|p2a: Weezing|Will-O-Wisp|p1a: Golbat","|-status|p1a: Golbat|brn","|move|p1a: Golbat|Whirlwind|p2a: Weezing","|drag|p2a: Gengar|Gengar, F|261/261","|","|-damage|p1a: Golbat|307/354 brn|[from] brn","|turn|23","|","|switch|p1a: Amoonguss|Amoonguss, F|432/432 brn","|move|p2a: Gengar|Hex|p1a: Amoonguss","|-damage|p1a: Amoonguss|222/432 brn","|","|-heal|p1a: Amoonguss|249/432 brn|[from] item: Black Sludge","|-damage|p1a: Amoonguss|195/432 brn|[from] brn","|turn|24","|","|move|p2a: Gengar|Hex|p1a: Amoonguss","|-damage|p1a: Amoonguss|14/432 brn","|move|p1a: Amoonguss|Foul Play|p2a: Gengar","|-supereffective|p2a: Gengar","|-damage|p2a: Gengar|187/261","|","|-heal|p1a: Amoonguss|41/432 brn|[from] item: Black Sludge","|-damage|p1a: Amoonguss|0 fnt|[from] brn","|faint|p1a: Amoonguss","|","|switch|p1a: Beedrill|Beedrill-Mega, M|271/271","|turn|25","|","|move|p2a: Gengar|Hex|p1a: Beedrill","|-damage|p1a: Beedrill|130/271","|move|p1a: Beedrill|Knock Off|p2a: Gengar","|-supereffective|p2a: Gengar","|-damage|p2a: Gengar|0 fnt","|-enditem|p2a: Gengar|Choice Scarf|[from] move: Knock Off|[of] p1a: Beedrill","|faint|p2a: Gengar","|","|","|switch|p2a: Weezing|Weezing, M|117/333","|turn|26","|","|move|p1a: Beedrill|Knock Off|p2a: Weezing","|-damage|p2a: Weezing|12/333","|-enditem|p2a: Weezing|Life Orb|[from] move: Knock Off|[of] p1a: Beedrill","|move|p2a: Weezing|Will-O-Wisp|p1a: Beedrill","|-status|p1a: Beedrill|brn","|","|-damage|p1a: Beedrill|97/271 brn|[from] brn","|turn|27","|","|move|p1a: Beedrill|Poison Jab|p2a: Weezing","|-resisted|p2a: Weezing","|-damage|p2a: Weezing|0 fnt","|faint|p2a: Weezing","|","|-damage|p1a: Beedrill|64/271 brn|[from] brn","|","|switch|p2a: Skuntank|Skuntank, M|409/409","|turn|28","|","|move|p2a: Skuntank|Sucker Punch|p1a: Beedrill","|-damage|p1a: Beedrill|0 fnt","|faint|p1a: Beedrill","|","|","|switch|p1a: Golbat|Golbat, F|307/354 brn","|turn|29","|","|win|Guard Wanderer"],"p1rating":{"entryid":"6571486","serverid":"eos","formatid":"monotype","userid":"metalyte","username":"Metalyte","w":"19","l":16,"t":"0","gxe":50.1,"r":"1515.225955562","rd":"63.377478648679","sigma":"0","rptime":"1438246800","rpr":1500.9904274365,"rprd":62.434703022658,"rpsigma":"0","acre":1095.4480020963,"lacre":1095.4480020963,"oldacre":"1125.0305263841"},"p2rating":{"entryid":"6731189","serverid":"eos","formatid":"monotype","userid":"guardwanderer","username":"Guard Wanderer","w":64,"l":"90","t":"0","gxe":39.3,"r":"1416.4548063964","rd":"32.384035050339","sigma":"0","rptime":"1438246800","rpr":1418.2507921368,"rprd":31.894542714507,"rpsigma":"0","acre":1097.1900241495,"lacre":1097.1900241495,"oldacre":"1060.6172535395"},"endType":"forfeit"}