{"seed":[13952,27938,55060,10497],"turns":27,"p1":"Cryѕtal Cash","p2":"Sovereign♕Cactus","p1team":[{"name":"Azumarill","species":"Azumarill","item":"assaultvest","ability":"Huge Power","moves":["poweruppunch","aquajet","playrough","waterfall"],"nature":"Adamant","evs":{"hp":248,"atk":252,"def":0,"spa":0,"spd":8,"spe":0},"gender":"F","shiny":true,"ivs":{"hp":31,"atk":31,"def":31,"spa":31,"spd":31,"spe":31}},{"name":"Sylveon","species":"Sylveon","item":"choicespecs","ability":"Pixilate","moves":["hypervoice","shadowball","hiddenpowerfire","psyshock"],"nature":"Modest","evs":{"hp":240,"atk":0,"def":0,"spa":252,"spd":0,"spe":16},"gender":"F","ivs":{"hp":31,"atk":30,"def":31,"spa":30,"spd":31,"spe":30},"shiny":true},{"name":"Klefki","species":"Klefki","item":"lightclay","ability":"Prankster","moves":["reflect","lightscreen","thunderwave","foulplay"],"nature":"Bold","evs":{"hp":248,"atk":0,"def":252,"spa":0,"spd":8,"spe":0},"gender":"F","shiny":true,"ivs":{"hp":31,"atk":31,"def":31,"spa":31,"spd":31,"spe":31}},{"name":"Toge Kiss Deez Nut","species":"togekiss","item":"leftovers","ability":"Serene Grace","moves":["thunderwave","airslash","nastyplot","roost"],"nature":"Modest","evs":{"hp":0,"atk":0,"def":4,"spa":252,"spd":0,"spe":252},"gender":"F","shiny":true,"ivs":{"hp":31,"atk":31,"def":31,"spa":31,"spd":31,"spe":31}},{"name":"Granbull","species":"Granbull","item":"leftovers","ability":"Intimidate","moves":["playrough","healbell","earthquake","thunderwave"],"nature":"Relaxed","evs":{"hp":4,"atk":252,"def":252,"spa":0,"spd":0,"spe":0},"gender":"F","shiny":true,"ivs":{"hp":31,"atk":31,"def":31,"spa":31,"spd":31,"spe":31}},{"name":"Gardevoir","species":"Gardevoir","item":"gardevoirite","ability":"Synchronize","moves":["hypervoice","thunderbolt","energyball","moonblast"],"nature":"Timid","evs":{"hp":0,"atk":0,"def":0,"spa":252,"spd":4,"spe":252},"gender":"F","shiny":true,"ivs":{"hp":31,"atk":31,"def":31,"spa":31,"spd":31,"spe":31}}],"p2team":[{"name":"Pinsir","species":"Pinsir","item":"pinsirite","ability":"Hyper Cutter","moves":["quickattack","xscissor","closecombat","earthquake"],"nature":"Jolly","evs":{"hp":0,"atk":252,"def":0,"spa":0,"spd":4,"spe":252},"ivs":{"hp":31,"atk":31,"def":31,"spa":31,"spd":31,"spe":31}},{"name":"Genesect-Douse","species":"Genesect-Douse","item":"dousedrive","ability":"Download","moves":["bugbuzz","technoblast","blazekick","shiftgear"],"nature":"Hasty","evs":{"hp":0,"atk":4,"def":0,"spa":252,"spd":0,"spe":252},"shiny":true,"ivs":{"hp":31,"atk":31,"def":31,"spa":31,"spd":31,"spe":31}},{"name":"Forretress","species":"Forretress","item":"custapberry","ability":"Sturdy","moves":["explosion","rapidspin","stealthrock","toxicspikes"],"nature":"Brave","evs":{"hp":248,"atk":252,"def":0,"spa":0,"spd":8,"spe":0},"ivs":{"hp":31,"atk":31,"def":31,"spa":31,"spd":31,"spe":0}},{"name":"Heracross","species":"Heracross","item":"flameorb","ability":"Guts","moves":["megahorn","knockoff","rockslide","closecombat"],"nature":"Jolly","evs":{"hp":0,"atk":252,"def":0,"spa":0,"spd":4,"spe":252},"ivs":{"hp":31,"atk":31,"def":31,"spa":31,"spd":31,"spe":31}},{"name":"Vivillon","species":"Vivillon","item":"focussash","ability":"Compound Eyes","moves":["hurricane","quiverdance","substitute","sleeppowder"],"nature":"Modest","evs":{"hp":0,"atk":0,"def":0,"spa":252,"spd":4,"spe":252},"ivs":{"hp":31,"atk":31,"def":31,"spa":31,"spd":31,"spe":31}},{"name":"Scolipede","species":"Scolipede","item":"focussash","ability":"Speed Boost","moves":["batonpass","poisonjab","megahorn","protect"],"nature":"Adamant","evs":{"hp":0,"atk":252,"def":0,"spa":0,"spd":4,"spe":252},"ivs":{"hp":31,"atk":31,"def":31,"spa":31,"spd":31,"spe":31}}],"log":["|player|p1|Cryѕtal Cash|158","|player|p2|Sovereign♕Cactus|251","|gametype|singles","|gen|6","|tier|Monotype","|rated","|rule|Baton Pass Clause: Limit one Baton Passer, can't pass Spe and other stats simultaneously","|rule|Swagger Clause: Swagger is banned","|rule|Same Type Clause: Pokémon in a team must share a type","|clearpoke","|poke|p1|Azumarill, F, shiny","|poke|p1|Sylveon, F, shiny","|poke|p1|Klefki, F, shiny","|poke|p1|Togekiss, F, shiny","|poke|p1|Granbull, F, shiny","|poke|p1|Gardevoir, F, shiny","|poke|p2|Pinsir, M","|poke|p2|Genesect-*, shiny","|poke|p2|Forretress, M","|poke|p2|Heracross, F","|poke|p2|Vivillon, M","|poke|p2|Scolipede, M","|rule|Sleep Clause Mod: Limit one foe put to sleep","|rule|Species Clause: Limit one of each Pokémon","|rule|OHKO Clause: OHKO moves are banned","|rule|Moody Clause: Moody is banned","|rule|Evasion Moves Clause: Evasion moves are banned","|rule|Endless Battle Clause: Forcing endless battles is banned","|rule|HP Percentage Mod: HP is shown in percentages","|teampreview","|","|start","|switch|p1a: Sylveon|Sylveon, F, shiny|391/391","|switch|p2a: Forretress|Forretress, M|353/353","|turn|1","|","|move|p1a: Sylveon|Hidden Power|p2a: Forretress","|-supereffective|p2a: Forretress","|-activate|p2a: Forretress|Sturdy","|-damage|p2a: Forretress|1/353","|move|p2a: Forretress|Toxic Spikes|p1a: Sylveon","|-sidestart|p1: Cryѕtal Cash|move: Toxic Spikes","|","|turn|2","|-enditem|p2a: Forretress|Custap Berry|[eat]","|-activate|p2a: Forretress|Custap Berry","|","|move|p2a: Forretress|Explosion|p1a: Sylveon","|-damage|p1a: Sylveon|41/391","|faint|p2a: Forretress","|move|p1a: Sylveon|Hidden Power|p2: Forretress|[notarget]","|-notarget","|","|","|switch|p2a: Scolipede|Scolipede, M|261/261","|turn|3","|","|move|p2a: Scolipede|Protect|p2a: Scolipede","|-singleturn|p2a: Scolipede|Protect","|move|p1a: Sylveon|Hidden Power|p2a: Scolipede","|-activate|p2a: Scolipede|Protect","|","|-boost|p2a: Scolipede|spe|1|[from] ability: Speed Boost","|turn|4","|","|move|p2a: Scolipede|Poison Jab|p1a: Sylveon","|-supereffective|p1a: Sylveon","|-damage|p1a: Sylveon|0 fnt","|faint|p1a: Sylveon","|","|-boost|p2a: Scolipede|spe|1|[from] ability: Speed Boost","|","|switch|p1a: Gardevoir|Gardevoir, F, shiny|277/277","|-status|p1a: Gardevoir|psn","|turn|5","|","|detailschange|p1a: Gardevoir|Gardevoir-Mega, F, shiny","|-mega|p1a: Gardevoir|Gardevoir|Gardevoirite","|move|p2a: Scolipede|Baton Pass|p2a: Scolipede","|","|switch|p2a: Genesect-Douse|Genesect-Douse, shiny|283/283","|-boost|p2a: Genesect-Douse|atk|1|[from] ability: Download","|move|p1a: Gardevoir|Hyper Voice|p2a: Genesect-Douse","|-resisted|p2a: Genesect-Douse","|-damage|p2a: Genesect-Douse|155/283","|","|-damage|p1a: Gardevoir|243/277 psn|[from] psn","|turn|6","|","|move|p2a: Genesect-Douse|Blaze Kick|p1a: Gardevoir","|-damage|p1a: Gardevoir|74/277 psn","|move|p1a: Gardevoir|Thunderbolt|p2a: Genesect-Douse","|-damage|p2a: Genesect-Douse|21/283","|","|-damage|p1a: Gardevoir|40/277 psn|[from] psn","|turn|7","|","|switch|p1a: Granbull|Granbull, F, shiny|322/322","|-status|p1a: Granbull|psn","|-ability|p1a: Granbull|Intimidate","|-unboost|p2a: Genesect-Douse|atk|1","|move|p2a: Genesect-Douse|Blaze Kick|p1a: Granbull","|-damage|p1a: Granbull|249/322 psn","|","|-heal|p1a: Granbull|269/322 psn|[from] item: Leftovers","|-damage|p1a: Granbull|229/322 psn|[from] psn","|turn|8","|","|move|p2a: Genesect-Douse|Techno Blast|p1a: Granbull","|-damage|p1a: Granbull|31/322 psn","|move|p1a: Granbull|Heal Bell|p1a: Granbull","|-cureteam|p1a: Granbull|[from] move: HealBell","|","|-heal|p1a: Granbull|51/322|[from] item: Leftovers","|turn|9","|","|move|p2a: Genesect-Douse|Techno Blast|p1a: Granbull","|-crit|p1a: Granbull","|-damage|p1a: Granbull|0 fnt","|faint|p1a: Granbull","|","|","|switch|p1a: Klefki|Klefki, F, shiny|317/317","|turn|10","|","|move|p1a: Klefki|Light Screen|p1a: Klefki","|-sidestart|p1: Cryѕtal Cash|move: Light Screen","|move|p2a: Genesect-Douse|Shift Gear|p2a: Genesect-Douse","|-boost|p2a: Genesect-Douse|atk|1","|-boost|p2a: Genesect-Douse|spe|2","|","|turn|11","|","|move|p1a: Klefki|Reflect|p1a: Klefki","|-sidestart|p1: Cryѕtal Cash|Reflect","|move|p2a: Genesect-Douse|Blaze Kick|p1a: Klefki","|-supereffective|p1a: Klefki","|-damage|p1a: Klefki|234/317","|","|turn|12","|","|move|p2a: Genesect-Douse|Shift Gear|p2a: Genesect-Douse","|-boost|p2a: Genesect-Douse|atk|1","|-boost|p2a: Genesect-Douse|spe|2","|move|p1a: Klefki|Foul Play|p2a: Genesect-Douse","|-damage|p2a: Genesect-Douse|0 fnt","|faint|p2a: Genesect-Douse","|","|","|switch|p2a: Vivillon|Vivillon, M|301/301","|turn|13","|","|move|p1a: Klefki|Thunder Wave|p2a: Vivillon","|-status|p2a: Vivillon|par","|move|p2a: Vivillon|Sleep Powder|p1a: Klefki","|-status|p1a: Klefki|slp","|","|turn|14","|","|switch|p1a: Toge Kiss Deez Nut|Togekiss, F, shiny|311/311","|move|p2a: Vivillon|Quiver Dance|p2a: Vivillon","|-boost|p2a: Vivillon|spa|1","|-boost|p2a: Vivillon|spd|1","|-boost|p2a: Vivillon|spe|1","|","|turn|15","|","|move|p1a: Toge Kiss Deez Nut|Air Slash|p2a: Vivillon","|-supereffective|p2a: Vivillon","|-enditem|p2a: Vivillon|Focus Sash","|-damage|p2a: Vivillon|1/301 par","|move|p2a: Vivillon|Hurricane|p1a: Toge Kiss Deez Nut","|-damage|p1a: Toge Kiss Deez Nut|200/311","|","|-heal|p1a: Toge Kiss Deez Nut|219/311|[from] item: Leftovers","|turn|16","|","|move|p1a: Toge Kiss Deez Nut|Air Slash|p2a: Vivillon","|-supereffective|p2a: Vivillon","|-damage|p2a: Vivillon|0 fnt","|faint|p2a: Vivillon","|","|-heal|p1a: Toge Kiss Deez Nut|238/311|[from] item: Leftovers","|","|switch|p2a: Scolipede|Scolipede, M|261/261","|turn|17","|","|move|p2a: Scolipede|Protect|p2a: Scolipede","|-singleturn|p2a: Scolipede|Protect","|move|p1a: Toge Kiss Deez Nut|Air Slash|p2a: Scolipede","|-activate|p2a: Scolipede|Protect","|","|-heal|p1a: Toge Kiss Deez Nut|257/311|[from] item: Leftovers","|-sideend|p1: Cryѕtal Cash|move: Light Screen","|-boost|p2a: Scolipede|spe|1|[from] ability: Speed Boost","|turn|18","|","|move|p2a: Scolipede|Poison Jab|p1a: Toge Kiss Deez Nut","|-supereffective|p1a: Toge Kiss Deez Nut","|-damage|p1a: Toge Kiss Deez Nut|124/311","|-status|p1a: Toge Kiss Deez Nut|psn","|move|p1a: Toge Kiss Deez Nut|Air Slash|p2a: Scolipede","|-supereffective|p2a: Scolipede","|-enditem|p2a: Scolipede|Focus Sash","|-damage|p2a: Scolipede|1/261","|","|-heal|p1a: Toge Kiss Deez Nut|143/311 psn|[from] item: Leftovers","|-damage|p1a: Toge Kiss Deez Nut|105/311 psn|[from] psn","|-sideend|p1: Cryѕtal Cash|Reflect","|-boost|p2a: Scolipede|spe|1|[from] ability: Speed Boost","|turn|19","|","|move|p2a: Scolipede|Poison Jab|p1a: Toge Kiss Deez Nut","|-supereffective|p1a: Toge Kiss Deez Nut","|-damage|p1a: Toge Kiss Deez Nut|0 fnt","|faint|p1a: Toge Kiss Deez Nut","|","|-boost|p2a: Scolipede|spe|1|[from] ability: Speed Boost","|","|switch|p1a: Klefki|Klefki, F, shiny|234/317 slp","|turn|20","|","|cant|p1a: Klefki|slp","|move|p2a: Scolipede|Megahorn|p1a: Klefki","|-resisted|p1a: Klefki","|-damage|p1a: Klefki|198/317 slp","|","|-boost|p2a: Scolipede|spe|1|[from] ability: Speed Boost","|turn|21","|","|-curestatus|p1a: Klefki|slp","|move|p1a: Klefki|Reflect|p1a: Klefki","|-sidestart|p1: Cryѕtal Cash|Reflect","|move|p2a: Scolipede|Baton Pass|p2a: Scolipede","|","|switch|p2a: Heracross|Heracross, F|301/301","|","|-status|p2a: Heracross|brn|[from] item: Flame Orb","|turn|22","|","|move|p1a: Klefki|Light Screen|p1a: Klefki","|-sidestart|p1: Cryѕtal Cash|move: Light Screen","|move|p2a: Heracross|Close Combat|p1a: Klefki","|-damage|p1a: Klefki|87/317","|-unboost|p2a: Heracross|def|1","|-unboost|p2a: Heracross|spd|1","|","|-damage|p2a: Heracross|264/301 brn|[from] brn","|turn|23","|","|move|p2a: Heracross|Close Combat|p1a: Klefki","|-damage|p1a: Klefki|0 fnt","|-unboost|p2a: Heracross|def|1","|-unboost|p2a: Heracross|spd|1","|faint|p1a: Klefki","|","|-damage|p2a: Heracross|227/301 brn|[from] brn","|","|switch|p1a: Azumarill|Azumarill, F, shiny|403/403","|-status|p1a: Azumarill|psn","|turn|24","|","|move|p2a: Heracross|Knock Off|p1a: Azumarill","|-crit|p1a: Azumarill","|-resisted|p1a: Azumarill","|-damage|p1a: Azumarill|243/403 psn","|-enditem|p1a: Azumarill|Assault Vest|[from] move: Knock Off|[of] p2a: Heracross","|move|p1a: Azumarill|Play Rough|p2a: Heracross","|-supereffective|p2a: Heracross","|-damage|p2a: Heracross|0 fnt","|faint|p2a: Heracross","|","|-damage|p1a: Azumarill|193/403 psn|[from] psn","|","|switch|p2a: Pinsir|Pinsir, M|271/271","|turn|25","|","|detailschange|p2a: Pinsir|Pinsir-Mega, M","|-mega|p2a: Pinsir|Pinsir|Pinsirite","|move|p2a: Pinsir|Quick Attack|p1a: Azumarill","|-damage|p1a: Azumarill|126/403 psn","|move|p1a: Azumarill|Play Rough|p2a: Pinsir","|-damage|p2a: Pinsir|103/271","|-unboost|p2a: Pinsir|atk|1","|","|-damage|p1a: Azumarill|76/403 psn|[from] psn","|turn|26","|","|move|p2a: Pinsir|Quick Attack|p1a: Azumarill","|-damage|p1a: Azumarill|32/403 psn","|move|p1a: Azumarill|Aqua Jet|p2a: Pinsir","|-damage|p2a: Pinsir|31/271","|","|-damage|p1a: Azumarill|0 fnt|[from] psn","|faint|p1a: Azumarill","|","|switch|p1a: Gardevoir|Gardevoir-Mega, F, shiny|40/277","|-status|p1a: Gardevoir|psn","|turn|27","|","|move|p2a: Pinsir|Quick Attack|p1a: Gardevoir","|-damage|p1a: Gardevoir|0 fnt","|faint|p1a: Gardevoir","|","|win|Sovereign♕Cactus"],"p1rating":{"entryid":"7232943","serverid":"eos","formatid":"monotype","userid":"crytalcash","username":"Cryѕtal Cash","w":"7","l":10,"t":"0","gxe":44.2,"r":"1469.5877745556","rd":"82.490150504112","sigma":"0","rptime":"1438246800","rpr":1455.4976805228,"rprd":73.59484866282,"rpsigma":"0","acre":1083.52612105,"lacre":1083.52612105,"oldacre":"1113.6691188195"},"p2rating":{"entryid":"6867552","serverid":"eos","formatid":"monotype","userid":"sovereigncactus","username":"Sovereign♕Cactus","w":31,"l":"41","t":"0","gxe":44.2,"r":"1469.6320520586","rd":"43.526039409511","sigma":"0","rptime":"1438246800","rpr":1456.0478868422,"rprd":42.082138237397,"rpsigma":"0","acre":1081.9446948839,"lacre":1081.9446948839,"oldacre":"1041.1600160923"},"endType":"normal"}