{"seed":[9526,7041,15681,17484],"turns":18,"p1":"Yung draco","p2":"SovereignAltair","p1team":[{"name":"Altaria","species":"Altaria","item":"altarianite","ability":"Natural Cure","moves":["refresh","dragondance","roost","return"],"nature":"Adamant","evs":{"hp":0,"atk":252,"def":0,"spa":0,"spd":96,"spe":160},"ivs":{"hp":31,"atk":31,"def":31,"spa":31,"spd":31,"spe":31}},{"name":"Garchomp","species":"Garchomp","item":"rockyhelmet","ability":"Rough Skin","moves":["stealthrock","dragontail","fireblast","earthquake"],"nature":"Serious","evs":{"hp":144,"atk":16,"def":252,"spa":0,"spd":0,"spe":96},"ivs":{"hp":31,"atk":31,"def":31,"spa":31,"spd":31,"spe":31}},{"name":"Goodra","species":"Goodra","item":"assaultvest","ability":"Gooey","moves":["sludgewave","dragonpulse","thunderbolt","flamethrower"],"nature":"Calm","evs":{"hp":248,"atk":0,"def":0,"spa":8,"spd":252,"spe":0},"ivs":{"hp":31,"atk":31,"def":31,"spa":31,"spd":31,"spe":31}},{"name":"Kyurem-Black","species":"Kyurem-Black","item":"assaultvest","ability":"Teravolt","moves":["ironhead","icebeam","fusionbolt","outrage"],"nature":"Serious","evs":{"hp":0,"atk":216,"def":0,"spa":8,"spd":32,"spe":252},"ivs":{"hp":31,"atk":31,"def":31,"spa":31,"spd":31,"spe":31}},{"name":"Kingdra","species":"Kingdra","item":"scopelens","ability":"Sniper","moves":["focusenergy","agility","dracometeor","surf"],"nature":"Timid","evs":{"hp":0,"atk":0,"def":0,"spa":252,"spd":4,"spe":252},"ivs":{"hp":31,"atk":31,"def":31,"spa":31,"spd":31,"spe":31}},{"name":"Dragonite","species":"Dragonite","item":"weaknesspolicy","ability":"Multiscale","moves":["roost","earthquake","dragonclaw","dragondance"],"nature":"Jolly","evs":{"hp":0,"atk":252,"def":0,"spa":0,"spd":4,"spe":252},"ivs":{"hp":31,"atk":31,"def":31,"spa":31,"spd":31,"spe":31}}],"p2team":[{"name":"Weavile","species":"Weavile","item":"lifeorb","ability":"Pressure","moves":["iciclecrash","knockoff","iceshard","lowkick"],"nature":"Jolly","evs":{"hp":0,"atk":252,"def":4,"spa":0,"spd":0,"spe":252},"ivs":{"hp":31,"atk":31,"def":31,"spa":31,"spd":31,"spe":31}},{"name":"Hydreigon","species":"Hydreigon","item":"lifeorb","ability":"Levitate","moves":["flashcannon","darkpulse","fireblast","roost"],"nature":"Timid","evs":{"hp":0,"atk":4,"def":0,"spa":252,"spd":0,"spe":252},"ivs":{"hp":31,"atk":31,"def":31,"spa":31,"spd":31,"spe":31}},{"name":"Bisharp","species":"Bisharp","item":"blackglasses","ability":"Defiant","moves":["knockoff","ironhead","suckerpunch","pursuit"],"nature":"Adamant","evs":{"hp":0,"atk":252,"def":0,"spa":0,"spd":52,"spe":204},"ivs":{"hp":31,"atk":31,"def":31,"spa":31,"spd":31,"spe":31}},{"name":"Sharpedo","species":"Sharpedo","item":"sharpedonite","ability":"Speed Boost","moves":["protect","crunch","waterfall","poisonjab"],"nature":"Jolly","evs":{"hp":0,"atk":252,"def":4,"spa":0,"spd":0,"spe":252},"ivs":{"hp":31,"atk":31,"def":31,"spa":31,"spd":31,"spe":31}},{"name":"Mandibuzz","species":"Mandibuzz","item":"leftovers","ability":"Overcoat","moves":["foulplay","roost","toxic","defog"],"nature":"Bold","evs":{"hp":248,"atk":0,"def":136,"spa":0,"spd":108,"spe":16},"ivs":{"hp":31,"atk":31,"def":31,"spa":31,"spd":31,"spe":31}},{"name":"The Dark Magician","species":"hoopaunbound","item":"lifeorb","ability":"Magician","moves":["firepunch","hyperspacefury","gunkshot","zenheadbutt"],"nature":"Jolly","evs":{"hp":4,"atk":252,"def":0,"spa":0,"spd":0,"spe":252},"ivs":{"hp":31,"atk":31,"def":31,"spa":31,"spd":31,"spe":31}}],"log":["|player|p1|Yung draco|143","|player|p2|SovereignAltair|265","|gametype|singles","|gen|6","|tier|Monotype","|rated","|rule|Baton Pass Clause: Limit one Baton Passer, can't pass Spe and other stats simultaneously","|rule|Swagger Clause: Swagger is banned","|rule|Same Type Clause: Pokémon in a team must share a type","|clearpoke","|poke|p1|Altaria, M","|poke|p1|Garchomp, M","|poke|p1|Goodra, M","|poke|p1|Kyurem-Black","|poke|p1|Kingdra, M","|poke|p1|Dragonite, M","|poke|p2|Weavile, M","|poke|p2|Hydreigon, F","|poke|p2|Bisharp, F","|poke|p2|Sharpedo, F","|poke|p2|Mandibuzz, F","|poke|p2|Hoopa-Unbound","|rule|Sleep Clause Mod: Limit one foe put to sleep","|rule|Species Clause: Limit one of each Pokémon","|rule|OHKO Clause: OHKO moves are banned","|rule|Moody Clause: Moody is banned","|rule|Evasion Moves Clause: Evasion moves are banned","|rule|Endless Battle Clause: Forcing endless battles is banned","|rule|HP Percentage Mod: HP is shown in percentages","|teampreview","|","|start","|switch|p1a: Kyurem-Black|Kyurem-Black|391/391","|switch|p2a: Weavile|Weavile, M|281/281","|-ability|p2a: Weavile|Pressure","|-ability|p1a: Kyurem-Black|Teravolt","|turn|1","|","|move|p2a: Weavile|Low Kick|p1a: Kyurem-Black","|-crit|p1a: Kyurem-Black","|-supereffective|p1a: Kyurem-Black","|-damage|p1a: Kyurem-Black|0 fnt","|-damage|p2a: Weavile|253/281|[from] item: Life Orb","|faint|p1a: Kyurem-Black","|","|","|switch|p1a: Dragonite|Dragonite, M|323/323","|turn|2","|","|move|p2a: Weavile|Icicle Crash|p1a: Dragonite","|-supereffective|p1a: Dragonite","|-damage|p1a: Dragonite|0 fnt","|-damage|p2a: Weavile|225/281|[from] item: Life Orb","|faint|p1a: Dragonite","|","|","|switch|p1a: Kingdra|Kingdra, M|291/291","|turn|3","|","|move|p2a: Weavile|Icicle Crash|p1a: Kingdra","|-damage|p1a: Kingdra|87/291","|-damage|p2a: Weavile|197/281|[from] item: Life Orb","|move|p1a: Kingdra|Surf|p2a: Weavile","|-damage|p2a: Weavile|61/281","|","|turn|4","|","|move|p2a: Weavile|Knock Off|p1a: Kingdra","|-damage|p1a: Kingdra|0 fnt","|-enditem|p1a: Kingdra|Scope Lens|[from] move: Knock Off|[of] p2a: Weavile","|-damage|p2a: Weavile|33/281|[from] item: Life Orb","|faint|p1a: Kingdra","|","|","|switch|p1a: Garchomp|Garchomp, M|393/393","|turn|5","|","|move|p2a: Weavile|Icicle Crash|p1a: Garchomp|[miss]","|-miss|p2a: Weavile|p1a: Garchomp","|move|p1a: Garchomp|Earthquake|p2a: Weavile","|-damage|p2a: Weavile|0 fnt","|faint|p2a: Weavile","|","|","|switch|p2a: Sharpedo|Sharpedo, F|281/281","|turn|6","|","|move|p2a: Sharpedo|Protect|p2a: Sharpedo","|-singleturn|p2a: Sharpedo|Protect","|move|p1a: Garchomp|Stealth Rock|p2a: Sharpedo","|-sidestart|p2: SovereignAltair|move: Stealth Rock","|","|-boost|p2a: Sharpedo|spe|1|[from] ability: Speed Boost","|turn|7","|","|move|p2a: Sharpedo|Waterfall|p1a: Garchomp","|-damage|p1a: Garchomp|279/393","|-damage|p2a: Sharpedo|246/281|[from] ability: Rough Skin|[of] p1a: Garchomp","|-damage|p2a: Sharpedo|200/281|[from] item: Rocky Helmet|[of] p1a: Garchomp","|move|p1a: Garchomp|Dragon Tail|p2a: Sharpedo","|-damage|p2a: Sharpedo|19/281","|drag|p2a: Bisharp|Bisharp, F|271/271","|-damage|p2a: Bisharp|255/271|[from] Stealth Rock","|","|turn|8","|","|move|p1a: Garchomp|Earthquake|p2a: Bisharp","|-supereffective|p2a: Bisharp","|-damage|p2a: Bisharp|0 fnt","|faint|p2a: Bisharp","|","|","|switch|p2a: Mandibuzz|Mandibuzz, F|423/423","|-damage|p2a: Mandibuzz|318/423|[from] Stealth Rock","|turn|9","|","|move|p2a: Mandibuzz|Toxic|p1a: Garchomp","|-status|p1a: Garchomp|tox","|move|p1a: Garchomp|Dragon Tail|p2a: Mandibuzz","|-damage|p2a: Mandibuzz|252/423","|drag|p2a: Sharpedo|Sharpedo, F|19/281","|-damage|p2a: Sharpedo|0 fnt|[from] Stealth Rock","|faint|p2a: Sharpedo","|","|-damage|p1a: Garchomp|255/393 tox|[from] psn","|","|switch|p2a: Hydreigon|Hydreigon, F|325/325","|-damage|p2a: Hydreigon|285/325|[from] Stealth Rock","|turn|10","|","|move|p2a: Hydreigon|Dark Pulse|p1a: Garchomp","|-damage|p1a: Garchomp|55/393 tox","|-damage|p2a: Hydreigon|253/325|[from] item: Life Orb","|move|p1a: Garchomp|Dragon Tail|p2a: Hydreigon","|-supereffective|p2a: Hydreigon","|-damage|p2a: Hydreigon|47/325","|drag|p2a: The Dark Magician|Hoopa-Unbound|302/302","|-damage|p2a: The Dark Magician|265/302|[from] Stealth Rock","|","|-damage|p1a: Garchomp|7/393 tox|[from] psn","|turn|11","|","|move|p2a: The Dark Magician|Fire Punch|p1a: Garchomp","|-resisted|p1a: Garchomp","|-damage|p1a: Garchomp|0 fnt","|-damage|p2a: The Dark Magician|228/302|[from] ability: Rough Skin|[of] p1a: Garchomp","|-damage|p2a: The Dark Magician|178/302|[from] item: Rocky Helmet|[of] p1a: Garchomp","|-damage|p2a: The Dark Magician|148/302|[from] item: Life Orb","|faint|p1a: Garchomp","|","|","|switch|p1a: Goodra|Goodra, M|383/383","|turn|12","|","|move|p2a: The Dark Magician|Hyperspace Fury|p1a: Goodra","|-damage|p1a: Goodra|13/383","|-unboost|p2a: The Dark Magician|def|1","|-damage|p2a: The Dark Magician|118/302|[from] item: Life Orb","|move|p1a: Goodra|Dragon Pulse|p2a: The Dark Magician","|-damage|p2a: The Dark Magician|25/302","|","|turn|13","|","|move|p2a: The Dark Magician|Zen Headbutt|p1a: Goodra","|-damage|p1a: Goodra|0 fnt","|-unboost|p2a: The Dark Magician|spe|1","|-damage|p2a: The Dark Magician|0 fnt|[from] item: Life Orb","|faint|p1a: Goodra","|faint|p2a: The Dark Magician","|","|","|switch|p1a: Altaria|Altaria, M|291/291","|switch|p2a: Mandibuzz|Mandibuzz, F|252/423","|-damage|p2a: Mandibuzz|147/423|[from] Stealth Rock","|turn|14","|","|detailschange|p1a: Altaria|Altaria-Mega, M","|-mega|p1a: Altaria|Altaria|Altarianite","|move|p1a: Altaria|Dragon Dance|p1a: Altaria","|-boost|p1a: Altaria|atk|1","|-boost|p1a: Altaria|spe|1","|move|p2a: Mandibuzz|Toxic|p1a: Altaria","|-status|p1a: Altaria|tox","|","|-heal|p2a: Mandibuzz|173/423|[from] item: Leftovers","|-damage|p1a: Altaria|273/291 tox|[from] psn","|turn|15","|","|move|p1a: Altaria|Dragon Dance|p1a: Altaria","|-boost|p1a: Altaria|atk|1","|-boost|p1a: Altaria|spe|1","|move|p2a: Mandibuzz|Roost|p2a: Mandibuzz","|-heal|p2a: Mandibuzz|385/423","|","|-heal|p2a: Mandibuzz|411/423|[from] item: Leftovers","|-damage|p1a: Altaria|237/291 tox|[from] psn","|turn|16","|","|move|p1a: Altaria|Refresh|p1a: Altaria","|-curestatus|p1a: Altaria|tox","|move|p2a: Mandibuzz|Roost|p2a: Mandibuzz","|-heal|p2a: Mandibuzz|423/423","|","|turn|17","|","|move|p1a: Altaria|Return|p2a: Mandibuzz","|-supereffective|p2a: Mandibuzz","|-damage|p2a: Mandibuzz|0 fnt","|faint|p2a: Mandibuzz","|","|","|switch|p2a: Hydreigon|Hydreigon, F|47/325","|-damage|p2a: Hydreigon|7/325|[from] Stealth Rock","|turn|18","|","|move|p1a: Altaria|Return|p2a: Hydreigon","|-crit|p2a: Hydreigon","|-supereffective|p2a: Hydreigon","|-damage|p2a: Hydreigon|0 fnt","|faint|p2a: Hydreigon","|","|win|Yung draco"],"p1rating":{"entryid":"6653831","serverid":"eos","formatid":"monotype","userid":"yungdraco","username":"Yung draco - ⓦⓐⓘⓣ","w":3,"l":"1","t":"0","gxe":58.1,"r":"1537.9980476167","rd":116.06120485007,"sigma":"0","rptime":1438246800,"rpr":1564.5238034084,"rprd":110.67108341154,"rpsigma":"0","acre":1109.3812088201,"lacre":1109.3812088201,"oldacre":"1080.6966095438"},"p2rating":{"entryid":"7245784","serverid":"eos","formatid":"monotype","userid":"sovereignaltair","username":"SovereignAltair","w":"7","l":9,"t":"0","gxe":44.8,"r":"1456.1879606082","rd":"78.42101768077","sigma":"0","rptime":"1438246800","rpr":1459.5916213832,"rprd":74.993835318086,"rpsigma":"0","acre":1066.2811913279,"lacre":1066.2811913279,"oldacre":"1090.5272728374"},"endType":"normal"}