{"seed":[59550,12875,7239,30189],"turns":26,"p1":"Metalyte","p2":"Rustic Espeon","p1team":[{"name":"Salamence","species":"Salamence","item":"leftovers","ability":"Intimidate","moves":["wish","protect","dragonclaw","defog"],"nature":"Impish","evs":{"hp":252,"atk":0,"def":252,"spa":0,"spd":0,"spe":4},"ivs":{"hp":31,"atk":31,"def":31,"spa":31,"spd":31,"spe":31}},{"name":"Goodra","species":"Goodra","item":"assaultvest","ability":"Hydration","moves":["dragonpulse","thunderbolt","icebeam","flamethrower"],"nature":"Modest","evs":{"hp":248,"atk":0,"def":0,"spa":252,"spd":8,"spe":0},"ivs":{"hp":31,"atk":31,"def":31,"spa":31,"spd":31,"spe":31}},{"name":"Dragonite","species":"Dragonite","item":"leftovers","ability":"Inner Focus","moves":["roost","dragonclaw","healbell","thunderwave"],"nature":"Bold","evs":{"hp":252,"atk":0,"def":128,"spa":0,"spd":128,"spe":0},"ivs":{"hp":31,"atk":31,"def":31,"spa":31,"spd":31,"spe":31}},{"name":"Kyurem-Black","species":"Kyurem-Black","item":"leftovers","ability":"Teravolt","moves":["roost","outrage","fusionbolt","ironhead"],"nature":"Adamant","evs":{"hp":252,"atk":252,"def":0,"spa":0,"spd":4,"spe":0},"ivs":{"hp":31,"atk":31,"def":31,"spa":31,"spd":31,"spe":31}},{"name":"Latias","species":"Latias","item":"lightclay","ability":"Levitate","moves":["reflect","lightscreen","recover","psychic"],"nature":"Timid","evs":{"hp":248,"atk":0,"def":0,"spa":8,"spd":0,"spe":252},"ivs":{"hp":31,"atk":31,"def":31,"spa":31,"spd":31,"spe":31}},{"name":"Garchomp","species":"Garchomp","item":"rockyhelmet","ability":"Rough Skin","moves":["stealthrock","dragontail","toxic","earthquake"],"nature":"Impish","evs":{"hp":252,"atk":0,"def":252,"spa":0,"spd":0,"spe":0},"ivs":{"hp":31,"atk":31,"def":31,"spa":31,"spd":31,"spe":31}}],"p2team":[{"name":"Torkoal","species":"Torkoal","item":"leftovers","ability":"White Smoke","moves":["rapidspin","lavaplume","stealthrock","yawn"],"nature":"Bold","evs":{"hp":252,"atk":0,"def":252,"spa":4,"spd":0,"spe":0},"ivs":{"hp":31,"atk":31,"def":31,"spa":31,"spd":31,"spe":31}},{"name":"Entei","species":"Entei","item":"choiceband","ability":"Pressure","moves":["stoneedge","sacredfire","bulldoze","ironhead"],"nature":"Jolly","evs":{"hp":4,"atk":252,"def":0,"spa":0,"spd":0,"spe":252},"ivs":{"hp":31,"atk":31,"def":31,"spa":31,"spd":31,"spe":31}},{"name":"Victini","species":"Victini","item":"choicescarf","ability":"Victory Star","moves":["boltstrike","blueflare","vcreate","uturn"],"nature":"Hasty","evs":{"hp":0,"atk":252,"def":0,"spa":4,"spd":0,"spe":252},"ivs":{"hp":31,"atk":31,"def":31,"spa":31,"spd":31,"spe":31}},{"name":"Charizard","species":"Charizard","item":"charizarditex","ability":"Blaze","moves":["dragondance","flareblitz","earthquake","dragonclaw"],"nature":"Adamant","evs":{"hp":0,"atk":252,"def":0,"spa":0,"spd":4,"spe":252},"ivs":{"hp":31,"atk":31,"def":31,"spa":31,"spd":31,"spe":31}},{"name":"Ninetales","species":"Ninetales","item":"choicespecs","ability":"Drought","moves":["overheat","solarbeam","psyshock","fireblast"],"nature":"Timid","evs":{"hp":0,"atk":0,"def":0,"spa":252,"spd":4,"spe":252},"ivs":{"hp":31,"atk":31,"def":31,"spa":31,"spd":31,"spe":31}},{"name":"Arcanine","species":"Arcanine","item":"rockyhelmet","ability":"Intimidate","moves":["flareblitz","extremespeed","wildcharge","closecombat"],"nature":"Lonely","evs":{"hp":248,"atk":252,"def":0,"spa":8,"spd":0,"spe":0},"ivs":{"hp":31,"atk":31,"def":31,"spa":31,"spd":31,"spe":31}}],"log":["|player|p1|Metalyte|165","|player|p2|Rustic Espeon|70","|gametype|singles","|gen|6","|tier|Monotype","|rated","|rule|Baton Pass Clause: Limit one Baton Passer, can't pass Spe and other stats simultaneously","|rule|Swagger Clause: Swagger is banned","|rule|Same Type Clause: Pokémon in a team must share a type","|clearpoke","|poke|p1|Salamence, M","|poke|p1|Goodra, F","|poke|p1|Dragonite, M","|poke|p1|Kyurem-Black","|poke|p1|Latias, F","|poke|p1|Garchomp, F","|poke|p2|Torkoal, M","|poke|p2|Entei","|poke|p2|Victini","|poke|p2|Charizard, F","|poke|p2|Ninetales, M","|poke|p2|Arcanine, F","|rule|Sleep Clause Mod: Limit one foe put to sleep","|rule|Species Clause: Limit one of each Pokémon","|rule|OHKO Clause: OHKO moves are banned","|rule|Moody Clause: Moody is banned","|rule|Evasion Moves Clause: Evasion moves are banned","|rule|Endless Battle Clause: Forcing endless battles is banned","|rule|HP Percentage Mod: HP is shown in percentages","|teampreview","|","|start","|switch|p1a: Garchomp|Garchomp, F|420/420","|switch|p2a: Torkoal|Torkoal, M|344/344","|turn|1","|","|move|p1a: Garchomp|Toxic|p2a: Torkoal","|-status|p2a: Torkoal|tox","|move|p2a: Torkoal|Yawn|p1a: Garchomp","|-start|p1a: Garchomp|move: Yawn|[of] p2a: Torkoal","|","|-damage|p2a: Torkoal|323/344 tox|[from] psn","|turn|2","|","|move|p1a: Garchomp|Stealth Rock|p2a: Torkoal","|-sidestart|p2: Rustic Espeon|move: Stealth Rock","|move|p2a: Torkoal|Stealth Rock|p1a: Garchomp","|-sidestart|p1: Metalyte|move: Stealth Rock","|","|-end|p1a: Garchomp|move: Yawn|[silent]","|-status|p1a: Garchomp|slp","|-heal|p2a: Torkoal|344/344 tox|[from] item: Leftovers","|-damage|p2a: Torkoal|302/344 tox|[from] psn","|turn|3","|","|switch|p1a: Salamence|Salamence, M|394/394","|-damage|p1a: Salamence|296/394|[from] Stealth Rock","|-ability|p1a: Salamence|Intimidate","|-fail|p2a: Torkoal|unboost|[from] ability: White Smoke|[of] p2a: Torkoal","|move|p2a: Torkoal|Rapid Spin|p1a: Salamence","|-damage|p1a: Salamence|286/394","|-sideend|p2: Rustic Espeon|Stealth Rock|[from] move: Rapid Spin|[of] p2a: Torkoal","|","|-heal|p1a: Salamence|310/394|[from] item: Leftovers","|-heal|p2a: Torkoal|323/344 tox|[from] item: Leftovers","|-damage|p2a: Torkoal|260/344 tox|[from] psn","|turn|4","|","|switch|p2a: Arcanine|Arcanine, F|383/383","|-ability|p2a: Arcanine|Intimidate","|-unboost|p1a: Salamence|atk|1","|move|p1a: Salamence|Defog|p2a: Arcanine","|-unboost|p2a: Arcanine|evasion|1","|-sideend|p1: Metalyte|Stealth Rock|[from] move: Defog|[of] p1a: Salamence","|","|-heal|p1a: Salamence|334/394|[from] item: Leftovers","|turn|5","|","|switch|p1a: Dragonite|Dragonite, M|386/386","|switch|p2a: Torkoal|Torkoal, M|260/344 tox","|","|-heal|p2a: Torkoal|281/344 tox|[from] item: Leftovers","|-damage|p2a: Torkoal|260/344 tox|[from] psn","|turn|6","|","|move|p1a: Dragonite|Heal Bell|p1a: Dragonite","|-cureteam|p1a: Dragonite|[from] move: HealBell","|move|p2a: Torkoal|Yawn|p1a: Dragonite","|-start|p1a: Dragonite|move: Yawn|[of] p2a: Torkoal","|","|-heal|p2a: Torkoal|281/344 tox|[from] item: Leftovers","|-damage|p2a: Torkoal|239/344 tox|[from] psn","|turn|7","|","|switch|p1a: Garchomp|Garchomp, F|420/420","|move|p2a: Torkoal|Stealth Rock|p1a: Garchomp","|-sidestart|p1: Metalyte|move: Stealth Rock","|","|-heal|p2a: Torkoal|260/344 tox|[from] item: Leftovers","|-damage|p2a: Torkoal|197/344 tox|[from] psn","|turn|8","|","|switch|p2a: Charizard|Charizard, F|297/297","|move|p1a: Garchomp|Earthquake|p2a: Charizard","|-immune|p2a: Charizard|[msg]","|","|turn|9","|","|detailschange|p2a: Charizard|Charizard-Mega-X, F","|-mega|p2a: Charizard|Charizard|Charizardite X","|move|p2a: Charizard|Dragon Dance|p2a: Charizard","|-boost|p2a: Charizard|atk|1","|-boost|p2a: Charizard|spe|1","|move|p1a: Garchomp|Stealth Rock|p2a: Charizard","|-sidestart|p2: Rustic Espeon|move: Stealth Rock","|","|turn|10","|","|switch|p1a: Salamence|Salamence, M|334/394","|-damage|p1a: Salamence|236/394|[from] Stealth Rock","|-ability|p1a: Salamence|Intimidate","|-unboost|p2a: Charizard|atk|1","|move|p2a: Charizard|Dragon Claw|p1a: Salamence","|-supereffective|p1a: Salamence","|-damage|p1a: Salamence|0 fnt","|faint|p1a: Salamence","|","|","|switch|p1a: Dragonite|Dragonite, M|386/386","|-damage|p1a: Dragonite|290/386|[from] Stealth Rock","|turn|11","|","|move|p2a: Charizard|Dragon Claw|p1a: Dragonite","|-supereffective|p1a: Dragonite","|-damage|p1a: Dragonite|0 fnt","|faint|p1a: Dragonite","|","|","|switch|p1a: Garchomp|Garchomp, F|420/420","|-damage|p1a: Garchomp|394/420|[from] Stealth Rock","|turn|12","|","|move|p2a: Charizard|Dragon Claw|p1a: Garchomp","|-supereffective|p1a: Garchomp","|-damage|p1a: Garchomp|76/420","|-damage|p2a: Charizard|260/297|[from] ability: Rough Skin|[of] p1a: Garchomp","|-damage|p2a: Charizard|211/297|[from] item: Rocky Helmet|[of] p1a: Garchomp","|move|p1a: Garchomp|Earthquake|p2a: Charizard","|-supereffective|p2a: Charizard","|-damage|p2a: Charizard|0 fnt","|faint|p2a: Charizard","|","|","|switch|p2a: Victini|Victini|341/341","|-damage|p2a: Victini|256/341|[from] Stealth Rock","|turn|13","|","|move|p2a: Victini|U-turn|p1a: Garchomp","|-damage|p1a: Garchomp|20/420","|-damage|p2a: Victini|214/341|[from] ability: Rough Skin|[of] p1a: Garchomp","|-damage|p2a: Victini|158/341|[from] item: Rocky Helmet|[of] p1a: Garchomp","|","|switch|p2a: Ninetales|Ninetales, M|287/287","|-damage|p2a: Ninetales|216/287|[from] Stealth Rock","|-weather|SunnyDay","|move|p1a: Garchomp|Dragon Tail|p2a: Ninetales|[miss]","|-miss|p1a: Garchomp|p2a: Ninetales","|","|-weather|SunnyDay|[upkeep]","|turn|14","|","|move|p2a: Ninetales|Psyshock|p1a: Garchomp","|-damage|p1a: Garchomp|0 fnt","|faint|p1a: Garchomp","|","|-weather|SunnyDay|[upkeep]","|","|switch|p1a: Latias|Latias, F|363/363","|-damage|p1a: Latias|318/363|[from] Stealth Rock","|turn|15","|","|switch|p2a: Arcanine|Arcanine, F|383/383","|-damage|p2a: Arcanine|288/383|[from] Stealth Rock","|-ability|p2a: Arcanine|Intimidate","|-unboost|p1a: Latias|atk|1","|move|p1a: Latias|Psychic|p2a: Arcanine","|-damage|p2a: Arcanine|147/383","|","|-weather|SunnyDay|[upkeep]","|turn|16","|","|move|p2a: Arcanine|Extreme Speed|p1a: Latias","|-crit|p1a: Latias","|-damage|p1a: Latias|163/363","|move|p1a: Latias|Reflect|p1a: Latias","|-sidestart|p1: Metalyte|Reflect","|","|-weather|SunnyDay|[upkeep]","|turn|17","|","|move|p2a: Arcanine|Extreme Speed|p1a: Latias","|-damage|p1a: Latias|112/363","|move|p1a: Latias|Recover|p1a: Latias","|-heal|p1a: Latias|294/363","|","|-weather|none","|turn|18","|","|switch|p1a: Kyurem-Black|Kyurem-Black|454/454","|-damage|p1a: Kyurem-Black|341/454|[from] Stealth Rock","|-ability|p1a: Kyurem-Black|Teravolt","|switch|p2a: Torkoal|Torkoal, M|197/344 tox","|-damage|p2a: Torkoal|111/344 tox|[from] Stealth Rock","|","|-heal|p1a: Kyurem-Black|369/454|[from] item: Leftovers","|-heal|p2a: Torkoal|132/344 tox|[from] item: Leftovers","|-damage|p2a: Torkoal|111/344 tox|[from] psn","|turn|19","|","|move|p1a: Kyurem-Black|Outrage|p2a: Torkoal","|-damage|p2a: Torkoal|0 fnt","|faint|p2a: Torkoal","|","|-heal|p1a: Kyurem-Black|397/454|[from] item: Leftovers","|","|switch|p2a: Arcanine|Arcanine, F|147/383","|-damage|p2a: Arcanine|52/383|[from] Stealth Rock","|-ability|p2a: Arcanine|Intimidate","|-unboost|p1a: Kyurem-Black|atk|1","|turn|20","|","|move|p1a: Kyurem-Black|Outrage|p2a: Arcanine","|-damage|p2a: Arcanine|0 fnt","|-damage|p1a: Kyurem-Black|322/454|[from] item: Rocky Helmet|[of] p2a: Arcanine","|faint|p2a: Arcanine","|","|-heal|p1a: Kyurem-Black|350/454|[from] item: Leftovers","|","|switch|p2a: Entei|Entei|372/372","|-damage|p2a: Entei|279/372|[from] Stealth Rock","|-ability|p2a: Entei|Pressure","|turn|21","|","|move|p2a: Entei|Iron Head|p1a: Kyurem-Black","|-crit|p1a: Kyurem-Black","|-supereffective|p1a: Kyurem-Black","|-damage|p1a: Kyurem-Black|0 fnt","|faint|p1a: Kyurem-Black","|","|","|switch|p1a: Goodra|Goodra, F|383/383","|-damage|p1a: Goodra|336/383|[from] Stealth Rock","|turn|22","|","|move|p2a: Entei|Iron Head|p1a: Goodra","|-damage|p1a: Goodra|244/383","|move|p1a: Goodra|Dragon Pulse|p2a: Entei","|-damage|p2a: Entei|102/372","|","|turn|23","|","|switch|p2a: Ninetales|Ninetales, M|216/287","|-damage|p2a: Ninetales|145/287|[from] Stealth Rock","|-weather|SunnyDay","|move|p1a: Goodra|Dragon Pulse|p2a: Ninetales","|-damage|p2a: Ninetales|0 fnt","|faint|p2a: Ninetales","|","|-weather|SunnyDay|[upkeep]","|-sideend|p1: Metalyte|Reflect","|","|switch|p2a: Victini|Victini|158/341","|-damage|p2a: Victini|73/341|[from] Stealth Rock","|turn|24","|","|switch|p1a: Latias|Latias, F|294/363","|-damage|p1a: Latias|249/363|[from] Stealth Rock","|move|p2a: Victini|V-create|p1a: Latias","|-resisted|p1a: Latias","|-damage|p1a: Latias|30/363","|-unboost|p2a: Victini|def|1","|-unboost|p2a: Victini|spd|1","|-unboost|p2a: Victini|spe|1","|","|-weather|SunnyDay|[upkeep]","|turn|25","|","|move|p1a: Latias|Reflect|p1a: Latias","|-sidestart|p1: Metalyte|Reflect","|move|p2a: Victini|V-create|p1a: Latias","|-resisted|p1a: Latias","|-damage|p1a: Latias|0 fnt","|-unboost|p2a: Victini|def|1","|-unboost|p2a: Victini|spd|1","|-unboost|p2a: Victini|spe|1","|faint|p1a: Latias","|","|-weather|SunnyDay|[upkeep]","|","|switch|p1a: Goodra|Goodra, F|244/383","|-damage|p1a: Goodra|197/383|[from] Stealth Rock","|turn|26","|","|move|p2a: Victini|V-create|p1a: Goodra","|-crit|p1a: Goodra","|-resisted|p1a: Goodra","|-damage|p1a: Goodra|0 fnt","|-unboost|p2a: Victini|def|1","|-unboost|p2a: Victini|spd|1","|-unboost|p2a: Victini|spe|1","|faint|p1a: Goodra","|","|win|Rustic Espeon"],"p1rating":{"entryid":"6571486","serverid":"eos","formatid":"monotype","userid":"metalyte","username":"Metalyte","w":"27","l":20,"t":"0","gxe":53.9,"r":"1515.225955562","rd":"63.377478648679","sigma":"0","rptime":"1438246800","rpr":1529.580251724,"rprd":54.056065375225,"rpsigma":"0","acre":1185.22473737,"lacre":1185.22473737,"oldacre":"1216.5580853125"},"p2rating":{"entryid":"7202561","serverid":"eos","formatid":"monotype","userid":"rusticespeon","username":"Rustic Espeon","w":6,"l":"1","t":"0","gxe":65.7,"r":"1646.9026623856","rd":"102.891150892","sigma":"0","rptime":"1438246800","rpr":1627.026212089,"rprd":96.716382564994,"rpsigma":"0","acre":1157.9152856641,"lacre":1157.9152856641,"oldacre":"1126.5819377216"},"endType":"normal"}