{"seed":[57228,50727,9243,25211],"turns":18,"p1":"Nyan Loki","p2":"SovereignAltair","p1team":[{"name":"Conkeldurr","species":"Conkeldurr","item":"lifeorb","ability":"Sheer Force","moves":["firepunch","icepunch","brickbreak","thunderpunch"],"nature":"Adamant","evs":{"hp":248,"atk":252,"def":0,"spa":0,"spd":8,"spe":0},"ivs":{"hp":31,"atk":31,"def":31,"spa":31,"spd":31,"spe":31}},{"name":"Infernape","species":"Infernape","item":"lifeorb","ability":"Iron Fist","moves":["stealthrock","fakeout","flareblitz","thunderpunch"],"nature":"Jolly","evs":{"hp":0,"atk":252,"def":0,"spa":0,"spd":4,"spe":252},"ivs":{"hp":31,"atk":31,"def":31,"spa":31,"spd":31,"spe":31}},{"name":"Gallade","species":"Gallade","item":"galladite","ability":"Justified","moves":["drainpunch","zenheadbutt","aerialace","leafblade"],"nature":"Adamant","evs":{"hp":248,"atk":252,"def":0,"spa":0,"spd":8,"spe":0},"ivs":{"hp":31,"atk":31,"def":31,"spa":31,"spd":31,"spe":31}},{"name":"Scrafty","species":"Scrafty","item":"choiceband","ability":"Moxie","moves":["highjumpkick","dragonclaw","knockoff","headsmash"],"nature":"Adamant","evs":{"hp":248,"atk":252,"def":0,"spa":0,"spd":8,"spe":0},"ivs":{"hp":31,"atk":31,"def":31,"spa":31,"spd":31,"spe":31}},{"name":"Poliwrath","species":"Poliwrath","item":"lifeorb","ability":"Water Absorb","moves":["bulkup","poweruppunch","waterfall","brickbreak"],"nature":"Adamant","evs":{"hp":248,"atk":252,"def":0,"spa":0,"spd":8,"spe":0},"ivs":{"hp":31,"atk":31,"def":31,"spa":31,"spd":31,"spe":31}},{"name":"Chesnaught","species":"Chesnaught","item":"choiceband","ability":"Overgrow","moves":["earthquake","drainpunch","ironhead","woodhammer"],"nature":"Adamant","evs":{"hp":248,"atk":252,"def":0,"spa":0,"spd":8,"spe":0},"ivs":{"hp":31,"atk":31,"def":31,"spa":31,"spd":31,"spe":31}}],"p2team":[{"name":"Weavile","species":"Weavile","item":"lifeorb","ability":"Pressure","moves":["iciclecrash","knockoff","iceshard","lowkick"],"nature":"Jolly","evs":{"hp":0,"atk":252,"def":4,"spa":0,"spd":0,"spe":252},"ivs":{"hp":31,"atk":31,"def":31,"spa":31,"spd":31,"spe":31}},{"name":"Hydreigon","species":"Hydreigon","item":"lifeorb","ability":"Levitate","moves":["flashcannon","darkpulse","fireblast","roost"],"nature":"Timid","evs":{"hp":0,"atk":4,"def":0,"spa":252,"spd":0,"spe":252},"ivs":{"hp":31,"atk":31,"def":31,"spa":31,"spd":31,"spe":31}},{"name":"Bisharp","species":"Bisharp","item":"blackglasses","ability":"Defiant","moves":["knockoff","ironhead","suckerpunch","pursuit"],"nature":"Adamant","evs":{"hp":0,"atk":252,"def":0,"spa":0,"spd":52,"spe":204},"ivs":{"hp":31,"atk":31,"def":31,"spa":31,"spd":31,"spe":31}},{"name":"Sharpedo","species":"Sharpedo","item":"sharpedonite","ability":"Speed Boost","moves":["protect","crunch","waterfall","poisonjab"],"nature":"Jolly","evs":{"hp":0,"atk":252,"def":4,"spa":0,"spd":0,"spe":252},"ivs":{"hp":31,"atk":31,"def":31,"spa":31,"spd":31,"spe":31}},{"name":"Mandibuzz","species":"Mandibuzz","item":"leftovers","ability":"Overcoat","moves":["foulplay","roost","toxic","defog"],"nature":"Bold","evs":{"hp":248,"atk":0,"def":136,"spa":0,"spd":108,"spe":16},"ivs":{"hp":31,"atk":31,"def":31,"spa":31,"spd":31,"spe":31}},{"name":"The Dark Magician","species":"hoopaunbound","item":"lifeorb","ability":"Magician","moves":["firepunch","hyperspacefury","gunkshot","zenheadbutt"],"nature":"Jolly","evs":{"hp":4,"atk":252,"def":0,"spa":0,"spd":0,"spe":252},"ivs":{"hp":31,"atk":31,"def":31,"spa":31,"spd":31,"spe":31}}],"log":["|player|p1|Nyan Loki|222","|player|p2|SovereignAltair|265","|gametype|singles","|gen|6","|tier|Monotype","|rated","|rule|Baton Pass Clause: Limit one Baton Passer, can't pass Spe and other stats simultaneously","|rule|Swagger Clause: Swagger is banned","|rule|Same Type Clause: Pokémon in a team must share a type","|clearpoke","|poke|p1|Conkeldurr, M","|poke|p1|Infernape, M","|poke|p1|Gallade, M","|poke|p1|Scrafty, F","|poke|p1|Poliwrath, F","|poke|p1|Chesnaught, F","|poke|p2|Weavile, F","|poke|p2|Hydreigon, M","|poke|p2|Bisharp, M","|poke|p2|Sharpedo, M","|poke|p2|Mandibuzz, F","|poke|p2|Hoopa-Unbound","|rule|Sleep Clause Mod: Limit one foe put to sleep","|rule|Species Clause: Limit one of each Pokémon","|rule|OHKO Clause: OHKO moves are banned","|rule|Moody Clause: Moody is banned","|rule|Evasion Moves Clause: Evasion moves are banned","|rule|Endless Battle Clause: Forcing endless battles is banned","|rule|HP Percentage Mod: HP is shown in percentages","|teampreview","|","|start","|switch|p1a: Infernape|Infernape, M|293/293","|switch|p2a: The Dark Magician|Hoopa-Unbound|302/302","|turn|1","|","|move|p1a: Infernape|Fake Out|p2a: The Dark Magician","|-damage|p2a: The Dark Magician|221/302","|-damage|p1a: Infernape|264/293|[from] item: Life Orb","|cant|p2a: The Dark Magician|flinch","|","|turn|2","|","|move|p1a: Infernape|Stealth Rock|p2a: The Dark Magician","|-sidestart|p2: SovereignAltair|move: Stealth Rock","|move|p2a: The Dark Magician|Zen Headbutt|p1a: Infernape","|-supereffective|p1a: Infernape","|-damage|p1a: Infernape|0 fnt","|-damage|p2a: The Dark Magician|191/302|[from] item: Life Orb","|faint|p1a: Infernape","|","|","|switch|p1a: Gallade|Gallade, M|339/339","|turn|3","|","|detailschange|p1a: Gallade|Gallade-Mega, M","|-mega|p1a: Gallade|Gallade|Galladite","|move|p2a: The Dark Magician|Gunk Shot|p1a: Gallade","|-damage|p1a: Gallade|95/339","|-damage|p2a: The Dark Magician|161/302|[from] item: Life Orb","|move|p1a: Gallade|Drain Punch|p2a: The Dark Magician","|-damage|p2a: The Dark Magician|0 fnt","|-heal|p1a: Gallade|176/339|[from] drain|[of] p2a: The Dark Magician","|faint|p2a: The Dark Magician","|","|","|switch|p2a: Bisharp|Bisharp, M|271/271","|-damage|p2a: Bisharp|255/271|[from] Stealth Rock","|turn|4","|","|move|p2a: Bisharp|Sucker Punch|p1a: Gallade","|-damage|p1a: Gallade|0 fnt","|faint|p1a: Gallade","|","|","|switch|p1a: Poliwrath|Poliwrath, F|383/383","|turn|5","|","|move|p2a: Bisharp|Knock Off|p1a: Poliwrath","|-resisted|p1a: Poliwrath","|-damage|p1a: Poliwrath|266/383","|-enditem|p1a: Poliwrath|Life Orb|[from] move: Knock Off|[of] p2a: Bisharp","|move|p1a: Poliwrath|Power-Up Punch|p2a: Bisharp","|-supereffective|p2a: Bisharp","|-damage|p2a: Bisharp|0 fnt","|-boost|p1a: Poliwrath|atk|1","|faint|p2a: Bisharp","|","|","|switch|p2a: Mandibuzz|Mandibuzz, F|423/423","|-damage|p2a: Mandibuzz|318/423|[from] Stealth Rock","|turn|6","|","|move|p2a: Mandibuzz|Toxic|p1a: Poliwrath","|-status|p1a: Poliwrath|tox","|move|p1a: Poliwrath|Power-Up Punch|p2a: Mandibuzz","|-damage|p2a: Mandibuzz|248/423","|-boost|p1a: Poliwrath|atk|1","|","|-heal|p2a: Mandibuzz|274/423|[from] item: Leftovers","|-damage|p1a: Poliwrath|243/383 tox|[from] psn","|turn|7","|","|move|p2a: Mandibuzz|Roost|p2a: Mandibuzz","|-heal|p2a: Mandibuzz|423/423","|move|p1a: Poliwrath|Power-Up Punch|p2a: Mandibuzz","|-supereffective|p2a: Mandibuzz","|-damage|p2a: Mandibuzz|235/423","|-boost|p1a: Poliwrath|atk|1","|","|-heal|p2a: Mandibuzz|261/423|[from] item: Leftovers","|-damage|p1a: Poliwrath|197/383 tox|[from] psn","|turn|8","|","|move|p2a: Mandibuzz|Foul Play|p1a: Poliwrath","|-resisted|p1a: Poliwrath","|-damage|p1a: Poliwrath|0 fnt","|faint|p1a: Poliwrath","|","|-heal|p2a: Mandibuzz|287/423|[from] item: Leftovers","|","|switch|p1a: Scrafty|Scrafty, F|333/333","|turn|9","|","|move|p2a: Mandibuzz|Toxic|p1a: Scrafty","|-status|p1a: Scrafty|tox","|move|p1a: Scrafty|Head Smash|p2a: Mandibuzz|[miss]","|-miss|p1a: Scrafty|p2a: Mandibuzz","|","|-heal|p2a: Mandibuzz|313/423|[from] item: Leftovers","|-damage|p1a: Scrafty|313/333 tox|[from] psn","|turn|10","|","|move|p2a: Mandibuzz|Roost|p2a: Mandibuzz","|-heal|p2a: Mandibuzz|423/423","|move|p1a: Scrafty|Head Smash|p2a: Mandibuzz","|-damage|p2a: Mandibuzz|244/423","|-damage|p1a: Scrafty|223/333 tox|[from] recoil|[of] p2a: Mandibuzz","|","|-heal|p2a: Mandibuzz|270/423|[from] item: Leftovers","|-damage|p1a: Scrafty|183/333 tox|[from] psn","|turn|11","|","|move|p2a: Mandibuzz|Roost|p2a: Mandibuzz","|-heal|p2a: Mandibuzz|423/423","|move|p1a: Scrafty|Head Smash|p2a: Mandibuzz","|-damage|p2a: Mandibuzz|252/423","|-damage|p1a: Scrafty|97/333 tox|[from] recoil|[of] p2a: Mandibuzz","|","|-heal|p2a: Mandibuzz|278/423|[from] item: Leftovers","|-damage|p1a: Scrafty|37/333 tox|[from] psn","|turn|12","|","|move|p2a: Mandibuzz|Roost|p2a: Mandibuzz","|-heal|p2a: Mandibuzz|423/423","|move|p1a: Scrafty|Head Smash|p2a: Mandibuzz","|-damage|p2a: Mandibuzz|236/423","|-damage|p1a: Scrafty|0 fnt|[from] recoil|[of] p2a: Mandibuzz","|faint|p1a: Scrafty","|","|-heal|p2a: Mandibuzz|262/423|[from] item: Leftovers","|","|switch|p1a: Conkeldurr|Conkeldurr, M|413/413","|turn|13","|","|move|p2a: Mandibuzz|Toxic|p1a: Conkeldurr","|-status|p1a: Conkeldurr|tox","|move|p1a: Conkeldurr|Ice Punch|p2a: Mandibuzz","|-supereffective|p2a: Mandibuzz","|-damage|p2a: Mandibuzz|0 fnt","|faint|p2a: Mandibuzz","|","|-damage|p1a: Conkeldurr|388/413 tox|[from] psn","|","|switch|p2a: Sharpedo|Sharpedo, M|281/281","|-damage|p2a: Sharpedo|246/281|[from] Stealth Rock","|turn|14","|","|move|p2a: Sharpedo|Protect|p2a: Sharpedo","|-singleturn|p2a: Sharpedo|Protect","|move|p1a: Conkeldurr|Brick Break|p2a: Sharpedo","|-activate|p2a: Sharpedo|Protect","|","|-damage|p1a: Conkeldurr|338/413 tox|[from] psn","|-boost|p2a: Sharpedo|spe|1|[from] ability: Speed Boost","|turn|15","|","|detailschange|p2a: Sharpedo|Sharpedo-Mega, M","|-mega|p2a: Sharpedo|Sharpedo|Sharpedonite","|move|p2a: Sharpedo|Waterfall|p1a: Conkeldurr","|-damage|p1a: Conkeldurr|184/413 tox","|move|p1a: Conkeldurr|Brick Break|p2a: Sharpedo","|-supereffective|p2a: Sharpedo","|-damage|p2a: Sharpedo|0 fnt","|-damage|p1a: Conkeldurr|143/413 tox|[from] item: Life Orb","|faint|p2a: Sharpedo","|","|-damage|p1a: Conkeldurr|68/413 tox|[from] psn","|","|switch|p2a: Weavile|Weavile, F|281/281","|-damage|p2a: Weavile|211/281|[from] Stealth Rock","|-ability|p2a: Weavile|Pressure","|turn|16","|","|move|p2a: Weavile|Ice Shard|p1a: Conkeldurr","|-damage|p1a: Conkeldurr|0 fnt","|-damage|p2a: Weavile|183/281|[from] item: Life Orb","|faint|p1a: Conkeldurr","|","|","|switch|p1a: Chesnaught|Chesnaught, F|379/379","|turn|17","|","|move|p2a: Weavile|Knock Off|p1a: Chesnaught","|-resisted|p1a: Chesnaught","|-damage|p1a: Chesnaught|289/379","|-enditem|p1a: Chesnaught|Choice Band|[from] move: Knock Off|[of] p2a: Weavile","|-damage|p2a: Weavile|155/281|[from] item: Life Orb","|move|p1a: Chesnaught|Drain Punch|p2a: Weavile","|-supereffective|p2a: Weavile","|-damage|p2a: Weavile|0 fnt","|-heal|p1a: Chesnaught|367/379|[from] drain|[of] p2a: Weavile","|faint|p2a: Weavile","|","|","|switch|p2a: Hydreigon|Hydreigon, M|325/325","|-damage|p2a: Hydreigon|285/325|[from] Stealth Rock","|turn|18","|","|move|p2a: Hydreigon|Fire Blast|p1a: Chesnaught","|-supereffective|p1a: Chesnaught","|-damage|p1a: Chesnaught|0 fnt","|-damage|p2a: Hydreigon|253/325|[from] item: Life Orb","|faint|p1a: Chesnaught","|","|win|SovereignAltair"],"p1rating":{"entryid":"6540883","serverid":"eos","formatid":"monotype","userid":"nyanloki","username":"Nyan Loki","w":"1","l":3,"t":"0","gxe":40.9,"r":"1451.7162163683","rd":"127.55093627511","sigma":"0","rptime":"1438246800","rpr":1427.7474477625,"rprd":109.12353746352,"rpsigma":"0","acre":1019.0279960767,"lacre":1019.0279960767,"oldacre":"1034.5254837647"},"p2rating":{"entryid":"7245784","serverid":"eos","formatid":"monotype","userid":"sovereignaltair","username":"SovereignAltair","w":8,"l":"11","t":"0","gxe":42.6,"r":"1456.1879606082","rd":"78.42101768077","sigma":"0","rptime":"1438246800","rpr":1442.4282232383,"rprd":70.85010850541,"rpsigma":"0","acre":1063.899790009,"lacre":1063.899790009,"oldacre":"1027.2303280619"},"endType":"normal"}