{"seed":[59627,44946,17731,1111],"turns":20,"p1":"Carter_Rules_All","p2":"Traine✘ Chief","p1team":[{"name":"Leavanny","species":"Leavanny","item":"focussash","ability":"Swarm","moves":["fellstinger","xscissor","leafblade","camouflage"],"nature":"Naive","evs":{"hp":4,"atk":252,"def":0,"spa":0,"spd":0,"spe":252},"ivs":{"hp":31,"atk":31,"def":31,"spa":31,"spd":31,"spe":31}},{"name":"Shuckle","species":"Shuckle","item":"leftovers","ability":"Sturdy","moves":["encore","toxic","substitute","infestation"],"nature":"Calm","evs":{"hp":248,"atk":0,"def":0,"spa":8,"spd":252,"spe":0},"ivs":{"hp":31,"atk":31,"def":31,"spa":31,"spd":31,"spe":31}},{"name":"Galvantula","species":"Galvantula","item":"focussash","ability":"Compound Eyes","moves":["thunder","bugbuzz","gigadrain","voltswitch"],"nature":"Timid","evs":{"hp":0,"atk":0,"def":0,"spa":252,"spd":4,"spe":252},"ivs":{"hp":31,"atk":31,"def":31,"spa":31,"spd":31,"spe":31}},{"name":"Pinsir","species":"Pinsir","item":"pinsirite","ability":"Hyper Cutter","moves":["quickattack","thrash","bulldoze","return"],"nature":"Jolly","evs":{"hp":0,"atk":252,"def":0,"spa":0,"spd":4,"spe":252},"shiny":true,"happiness":0,"ivs":{"hp":31,"atk":31,"def":31,"spa":31,"spd":31,"spe":31}},{"name":"Escavalier","species":"Escavalier","item":"airballoon","ability":"Shell Armor","moves":["drillrun","facade","poisonjab","aerialace"],"nature":"Adamant","evs":{"hp":248,"atk":252,"def":0,"spa":0,"spd":8,"spe":0},"ivs":{"hp":31,"atk":31,"def":31,"spa":31,"spd":31,"spe":31}},{"name":"Armaldo","species":"Armaldo","item":"assaultvest","ability":"Swift Swim","moves":["aquajet","earthquake","crosspoison","crushclaw"],"nature":"Adamant","evs":{"hp":0,"atk":252,"def":0,"spa":0,"spd":4,"spe":252},"ivs":{"hp":31,"atk":31,"def":31,"spa":31,"spd":31,"spe":31}}],"p2team":[{"name":"Venusaur","species":"Venusaur","item":"venusaurite","ability":"Chlorophyll","moves":["sleeppowder","gigadrain","leechseed","toxic"],"nature":"Calm","evs":{"hp":248,"atk":0,"def":152,"spa":8,"spd":100,"spe":0},"ivs":{"hp":31,"atk":31,"def":31,"spa":31,"spd":31,"spe":31}},{"name":"Nidoking","species":"Nidoking","item":"lifeorb","ability":"Sheer Force","moves":["sludgewave","earthpower","superfang","thunderbolt"],"nature":"Timid","evs":{"hp":0,"atk":0,"def":0,"spa":252,"spd":4,"spe":252},"ivs":{"hp":31,"atk":31,"def":31,"spa":31,"spd":31,"spe":31}},{"name":"Gengar","species":"Gengar","item":"focussash","ability":"Levitate","moves":["destinybond","sludgewave","suckerpunch","shadowball"],"nature":"Hasty","evs":{"hp":0,"atk":4,"def":0,"spa":252,"spd":0,"spe":252},"ivs":{"hp":31,"atk":31,"def":31,"spa":31,"spd":31,"spe":31}},{"name":"Amoonguss","species":"Amoonguss","item":"rockyhelmet","ability":"Regenerator","moves":["spore","foulplay","sludgebomb","gigadrain"],"nature":"Modest","evs":{"hp":248,"atk":0,"def":0,"spa":252,"spd":8,"spe":0},"ivs":{"hp":31,"atk":31,"def":31,"spa":31,"spd":31,"spe":31}},{"name":"Tentacruel","species":"Tentacruel","item":"leftovers","ability":"Liquid Ooze","moves":["rapidspin","scald","toxicspikes","icebeam"],"nature":"Timid","evs":{"hp":0,"atk":0,"def":0,"spa":252,"spd":4,"spe":252},"ivs":{"hp":31,"atk":31,"def":31,"spa":31,"spd":31,"spe":31}},{"name":"Toxicroak","species":"Toxicroak","item":"leftovers","ability":"Dry Skin","moves":["bulkup","suckerpunch","drainpunch","poisonjab"],"nature":"Adamant","evs":{"hp":248,"atk":252,"def":0,"spa":0,"spd":8,"spe":0},"ivs":{"hp":31,"atk":31,"def":31,"spa":31,"spd":31,"spe":31}}],"log":["|player|p1|Carter_Rules_All|101","|player|p2|Traine✘ Chief|127","|gametype|singles","|gen|6","|tier|Monotype","|rated","|rule|Baton Pass Clause: Limit one Baton Passer, can't pass Spe and other stats simultaneously","|rule|Swagger Clause: Swagger is banned","|rule|Same Type Clause: Pokémon in a team must share a type","|clearpoke","|poke|p1|Leavanny, F","|poke|p1|Shuckle, M","|poke|p1|Galvantula, M","|poke|p1|Pinsir, M, shiny","|poke|p1|Escavalier, M","|poke|p1|Armaldo, F","|poke|p2|Venusaur, M","|poke|p2|Nidoking, M","|poke|p2|Gengar, F","|poke|p2|Amoonguss, M","|poke|p2|Tentacruel, M","|poke|p2|Toxicroak, M","|rule|Sleep Clause Mod: Limit one foe put to sleep","|rule|Species Clause: Limit one of each Pokémon","|rule|OHKO Clause: OHKO moves are banned","|rule|Moody Clause: Moody is banned","|rule|Evasion Moves Clause: Evasion moves are banned","|rule|Endless Battle Clause: Forcing endless battles is banned","|rule|HP Percentage Mod: HP is shown in percentages","|teampreview","|","|start","|switch|p1a: Shuckle|Shuckle, M|243/243","|switch|p2a: Tentacruel|Tentacruel, M|301/301","|turn|1","|","|move|p2a: Tentacruel|Scald|p1a: Shuckle","|-supereffective|p1a: Shuckle","|-damage|p1a: Shuckle|165/243","|move|p1a: Shuckle|Encore|p2a: Tentacruel","|-start|p2a: Tentacruel|Encore","|","|-heal|p1a: Shuckle|180/243|[from] item: Leftovers","|turn|2","|","|switch|p1a: Armaldo|Armaldo, F|291/291","|move|p2a: Tentacruel|Scald|p1a: Armaldo","|-supereffective|p1a: Armaldo","|-damage|p1a: Armaldo|135/291","|","|turn|3","|","|switch|p1a: Galvantula|Galvantula, M|281/281","|move|p2a: Tentacruel|Scald|p1a: Galvantula","|-damage|p1a: Galvantula|124/281","|-status|p1a: Galvantula|brn","|","|-damage|p1a: Galvantula|89/281 brn|[from] brn","|turn|4","|","|move|p1a: Galvantula|Giga Drain|p2a: Tentacruel","|-damage|p2a: Tentacruel|241/301","|-damage|p1a: Galvantula|59/281 brn|[from] ability: Liquid Ooze|[of] p2a: Tentacruel","|move|p2a: Tentacruel|Scald|p1a: Galvantula","|-damage|p1a: Galvantula|0 fnt","|faint|p1a: Galvantula","|","|-heal|p2a: Tentacruel|259/301|[from] item: Leftovers","|-end|p2a: Tentacruel|Encore","|","|switch|p1a: Leavanny|Leavanny, F|292/292","|turn|5","|","|move|p2a: Tentacruel|Toxic Spikes|p1a: Leavanny","|-sidestart|p1: Carter_Rules_All|move: Toxic Spikes","|move|p1a: Leavanny|Leaf Blade|p2a: Tentacruel","|-damage|p2a: Tentacruel|75/301","|","|-heal|p2a: Tentacruel|93/301|[from] item: Leftovers","|turn|6","|","|move|p2a: Tentacruel|Toxic Spikes|p1a: Leavanny","|-sidestart|p1: Carter_Rules_All|move: Toxic Spikes","|move|p1a: Leavanny|X-Scissor|p2a: Tentacruel","|-resisted|p2a: Tentacruel","|-damage|p2a: Tentacruel|9/301","|","|-heal|p2a: Tentacruel|27/301|[from] item: Leftovers","|turn|7","|","|move|p2a: Tentacruel|Ice Beam|p1a: Leavanny","|-crit|p1a: Leavanny","|-supereffective|p1a: Leavanny","|-enditem|p1a: Leavanny|Focus Sash","|-damage|p1a: Leavanny|1/292","|-status|p1a: Leavanny|frz","|cant|p1a: Leavanny|frz","|","|-heal|p2a: Tentacruel|45/301|[from] item: Leftovers","|turn|8","|","|move|p2a: Tentacruel|Scald|p1a: Leavanny","|-resisted|p1a: Leavanny","|-damage|p1a: Leavanny|0 fnt","|faint|p1a: Leavanny","|","|-heal|p2a: Tentacruel|63/301|[from] item: Leftovers","|","|switch|p1a: Escavalier|Escavalier, M|343/343","|-item|p1a: Escavalier|Air Balloon","|turn|9","|","|move|p2a: Tentacruel|Scald|p1a: Escavalier","|-damage|p1a: Escavalier|250/343","|-enditem|p1a: Escavalier|Air Balloon","|move|p1a: Escavalier|Aerial Ace|p2a: Tentacruel","|-damage|p2a: Tentacruel|0 fnt","|faint|p2a: Tentacruel","|","|","|switch|p2a: Amoonguss|Amoonguss, M|431/431","|turn|10","|","|move|p2a: Amoonguss|Giga Drain|p1a: Escavalier","|-resisted|p1a: Escavalier","|-damage|p1a: Escavalier|226/343","|move|p1a: Escavalier|Aerial Ace|p2a: Amoonguss","|-supereffective|p2a: Amoonguss","|-damage|p2a: Amoonguss|217/431","|-damage|p1a: Escavalier|169/343|[from] item: Rocky Helmet|[of] p2a: Amoonguss","|","|turn|11","|","|switch|p1a: Armaldo|Armaldo, F|135/291","|-status|p1a: Armaldo|tox","|move|p2a: Amoonguss|Giga Drain|p1a: Armaldo","|-damage|p1a: Armaldo|45/291 tox","|-heal|p2a: Amoonguss|262/431|[from] drain|[of] p1a: Armaldo","|","|-damage|p1a: Armaldo|27/291 tox|[from] psn","|turn|12","|","|move|p1a: Armaldo|Crush Claw|p2a: Amoonguss","|-damage|p2a: Amoonguss|143/431","|-damage|p1a: Armaldo|0 fnt|[from] item: Rocky Helmet|[of] p2a: Amoonguss","|faint|p1a: Armaldo","|move|p2a: Amoonguss|Giga Drain|p1: Armaldo|[notarget]","|-notarget","|","|","|switch|p1a: Pinsir|Pinsir, M, shiny|271/271","|-status|p1a: Pinsir|tox","|turn|13","|","|switch|p2a: Venusaur|Venusaur, M|363/363","|detailschange|p1a: Pinsir|Pinsir-Mega, M, shiny","|-mega|p1a: Pinsir|Pinsir|Pinsirite","|move|p1a: Pinsir|Thrash|p2a: Venusaur","|-supereffective|p2a: Venusaur","|-damage|p2a: Venusaur|0 fnt","|faint|p2a: Venusaur","|","|-damage|p1a: Pinsir|255/271 tox|[from] psn","|","|switch|p2a: Gengar|Gengar, F|261/261","|turn|14","|","|move|p2a: Gengar|Destiny Bond|p2a: Gengar","|-singlemove|p2a: Gengar|Destiny Bond","|move|p1a: Pinsir|Thrash|p2a: Gengar","|-enditem|p2a: Gengar|Focus Sash","|-damage|p2a: Gengar|1/261","|-start|p1a: Pinsir|confusion|[fatigue]","|","|-damage|p1a: Pinsir|223/271 tox|[from] psn","|turn|15","|","|move|p2a: Gengar|Shadow Ball|p1a: Pinsir","|-damage|p1a: Pinsir|75/271 tox","|-unboost|p1a: Pinsir|spd|1","|-activate|p1a: Pinsir|confusion","|-damage|p1a: Pinsir|26/271 tox|[from] confusion","|","|-damage|p1a: Pinsir|0 fnt|[from] psn","|faint|p1a: Pinsir","|","|switch|p1a: Escavalier|Escavalier, M|169/343","|turn|16","|","|switch|p1a: Shuckle|Shuckle, M|180/243","|-status|p1a: Shuckle|tox","|move|p2a: Gengar|Destiny Bond|p2a: Gengar","|-singlemove|p2a: Gengar|Destiny Bond","|","|-heal|p1a: Shuckle|195/243 tox|[from] item: Leftovers","|-damage|p1a: Shuckle|180/243 tox|[from] psn","|turn|17","|","|move|p2a: Gengar|Shadow Ball|p1a: Shuckle","|-damage|p1a: Shuckle|120/243 tox","|move|p1a: Shuckle|Encore|p2a: Gengar","|-start|p2a: Gengar|Encore","|","|-heal|p1a: Shuckle|135/243 tox|[from] item: Leftovers","|-damage|p1a: Shuckle|105/243 tox|[from] psn","|turn|18","|","|move|p2a: Gengar|Shadow Ball|p1a: Shuckle","|-damage|p1a: Shuckle|50/243 tox","|move|p1a: Shuckle|Infestation|p2a: Gengar","|-resisted|p2a: Gengar","|-damage|p2a: Gengar|0 fnt","|faint|p2a: Gengar","|","|-heal|p1a: Shuckle|65/243 tox|[from] item: Leftovers","|-damage|p1a: Shuckle|20/243 tox|[from] psn","|","|switch|p2a: Toxicroak|Toxicroak, M|369/369","|turn|19","|","|move|p2a: Toxicroak|Bulk Up|p2a: Toxicroak","|-boost|p2a: Toxicroak|atk|1","|-boost|p2a: Toxicroak|def|1","|move|p1a: Shuckle|Infestation|p2a: Toxicroak","|-resisted|p2a: Toxicroak","|-damage|p2a: Toxicroak|367/369","|-activate|p2a: Toxicroak|move: Infestation|[of] p1a: Shuckle","|","|-heal|p2a: Toxicroak|369/369|[from] item: Leftovers","|-heal|p1a: Shuckle|35/243 tox|[from] item: Leftovers","|-damage|p1a: Shuckle|0 fnt|[from] psn","|faint|p1a: Shuckle","|","|switch|p1a: Escavalier|Escavalier, M|169/343","|turn|20","|","|move|p2a: Toxicroak|Drain Punch|p1a: Escavalier","|-damage|p1a: Escavalier|0 fnt","|faint|p1a: Escavalier","|","|win|Traine✘ Chief"],"p1rating":{"entryid":"7271971","serverid":"eos","formatid":"monotype","userid":"carterrulesall","username":"Carter_Rules_All","w":"1","l":1,"t":"0","gxe":50.7,"r":"1500","rd":"130","sigma":"0","rptime":"1438246800","rpr":1505.5553157838,"rprd":116.36931479153,"rpsigma":"0","acre":1041.3362685591,"lacre":1041.3362685591,"oldacre":"1054.6930350356"},"p2rating":{"entryid":"7268014","serverid":"eos","formatid":"monotype","userid":"trainechief","username":"Traine✘ Chief","w":7,"l":"3","t":"0","gxe":57.2,"r":"1500","rd":"130","sigma":"0","rptime":"1438246800","rpr":1556.245300364,"rprd":87.261426348426,"rpsigma":"0","acre":1167.8327159013,"lacre":1167.8327159013,"oldacre":"1149.489495583"},"endType":"normal"}