{"seed":[13158,55830,51882,11576],"turns":21,"p1":"Alliance - Mxy","p2":"Sovereign♕Cactus","p1team":[{"name":"3 Eyes","species":"jirachi","item":"choicescarf","ability":"Serene Grace","moves":["ironhead","playrough","icepunch","healingwish"],"nature":"Adamant","evs":{"hp":0,"atk":252,"def":0,"spa":0,"spd":4,"spe":252},"ivs":{"hp":31,"atk":31,"def":31,"spa":31,"spd":31,"spe":31}},{"name":"Other sets viable?","species":"klefki","item":"lightclay","ability":"Prankster","moves":["reflect","lightscreen","thunderwave","spikes"],"nature":"Careful","evs":{"hp":248,"atk":0,"def":248,"spa":0,"spd":12,"spe":0},"ivs":{"hp":31,"atk":31,"def":31,"spa":31,"spd":31,"spe":31}},{"name":"CODNAME: Ghast","species":"doublade","item":"eviolite","ability":"No Guard","moves":["gyroball","sacredsword","shadowsneak","swordsdance"],"nature":"Relaxed","evs":{"hp":248,"atk":0,"def":196,"spa":0,"spd":64,"spe":0},"ivs":{"hp":31,"atk":31,"def":31,"spa":31,"spd":31,"spe":0}},{"name":"HOTSTUFF","species":"heatran","item":"leftovers","ability":"Flash Fire","moves":["stealthrock","roar","earthpower","lavaplume"],"nature":"Calm","evs":{"hp":248,"atk":0,"def":0,"spa":0,"spd":252,"spe":8},"ivs":{"hp":31,"atk":0,"def":31,"spa":31,"spd":31,"spe":31}},{"name":"Danzor-Jango","species":"scizor","item":"scizorite","ability":"Technician","moves":["bulletpunch","knockoff","roost","swordsdance"],"nature":"Adamant","evs":{"hp":160,"atk":200,"def":100,"spa":0,"spd":20,"spe":28},"ivs":{"hp":31,"atk":31,"def":31,"spa":31,"spd":31,"spe":31}},{"name":"CODNAME: Durant","species":"durant","item":"widelens","ability":"Hustle","moves":["superpower","xscissor","stoneedge","thunderfang"],"nature":"Jolly","evs":{"hp":0,"atk":252,"def":0,"spa":0,"spd":4,"spe":252},"ivs":{"hp":31,"atk":31,"def":31,"spa":31,"spd":31,"spe":31}}],"p2team":[{"name":"Pinsir","species":"Pinsir","item":"pinsirite","ability":"Hyper Cutter","moves":["quickattack","xscissor","closecombat","earthquake"],"nature":"Jolly","evs":{"hp":0,"atk":252,"def":0,"spa":0,"spd":4,"spe":252},"ivs":{"hp":31,"atk":31,"def":31,"spa":31,"spd":31,"spe":31}},{"name":"Genesect-Douse","species":"Genesect-Douse","item":"dousedrive","ability":"Download","moves":["bugbuzz","technoblast","blazekick","shiftgear"],"nature":"Hasty","evs":{"hp":0,"atk":4,"def":0,"spa":252,"spd":0,"spe":252},"shiny":true,"ivs":{"hp":31,"atk":31,"def":31,"spa":31,"spd":31,"spe":31}},{"name":"Scizor","species":"Scizor","item":"lifeorb","ability":"Technician","moves":["bulletpunch","superpower","swordsdance","bugbite"],"nature":"Adamant","evs":{"hp":248,"atk":252,"def":0,"spa":0,"spd":8,"spe":0},"ivs":{"hp":31,"atk":31,"def":31,"spa":31,"spd":31,"spe":31}},{"name":"Galvantula","species":"Galvantula","item":"focussash","ability":"Swarm","moves":["bugbuzz","thunder","voltswitch","stickyweb"],"nature":"Timid","evs":{"hp":0,"atk":0,"def":0,"spa":252,"spd":4,"spe":252},"ivs":{"hp":31,"atk":31,"def":31,"spa":31,"spd":31,"spe":31}},{"name":"Vivillon","species":"Vivillon","item":"focussash","ability":"Compound Eyes","moves":["hurricane","quiverdance","substitute","sleeppowder"],"nature":"Modest","evs":{"hp":0,"atk":0,"def":0,"spa":252,"spd":4,"spe":252},"ivs":{"hp":31,"atk":31,"def":31,"spa":31,"spd":31,"spe":31}},{"name":"Shuckle","species":"Shuckle","item":"sitrusberry","ability":"Contrary","moves":["encore","stickyweb","stealthrock","infestation"],"nature":"Calm","evs":{"hp":252,"atk":0,"def":0,"spa":4,"spd":252,"spe":0},"ivs":{"hp":31,"atk":31,"def":31,"spa":31,"spd":31,"spe":31}}],"log":["|player|p1|Alliance - Mxy|270","|player|p2|Sovereign♕Cactus|251","|gametype|singles","|gen|6","|tier|Monotype","|rated","|rule|Baton Pass Clause: Limit one Baton Passer, can't pass Spe and other stats simultaneously","|rule|Swagger Clause: Swagger is banned","|rule|Same Type Clause: Pokémon in a team must share a type","|clearpoke","|poke|p1|Jirachi","|poke|p1|Klefki, F","|poke|p1|Doublade, F","|poke|p1|Heatran, F","|poke|p1|Scizor, M","|poke|p1|Durant, M","|poke|p2|Pinsir, M","|poke|p2|Genesect-*, shiny","|poke|p2|Scizor, F","|poke|p2|Galvantula, F","|poke|p2|Vivillon, F","|poke|p2|Shuckle, M","|rule|Sleep Clause Mod: Limit one foe put to sleep","|rule|Species Clause: Limit one of each Pokémon","|rule|OHKO Clause: OHKO moves are banned","|rule|Moody Clause: Moody is banned","|rule|Evasion Moves Clause: Evasion moves are banned","|rule|Endless Battle Clause: Forcing endless battles is banned","|rule|HP Percentage Mod: HP is shown in percentages","|teampreview","|","|start","|switch|p1a: HOTSTUFF|Heatran, F|385/385","|switch|p2a: Shuckle|Shuckle, M|244/244","|turn|1","|","|move|p1a: HOTSTUFF|Stealth Rock|p2a: Shuckle","|-sidestart|p2: Sovereign♕Cactus|move: Stealth Rock","|move|p2a: Shuckle|Sticky Web|p1a: HOTSTUFF","|-sidestart|p1: Alliance - Mxy|move: Sticky Web","|","|turn|2","|","|move|p2a: Shuckle|Encore|p1a: HOTSTUFF","|-start|p1a: HOTSTUFF|Encore","|move|p1a: HOTSTUFF|Stealth Rock|p2a: Shuckle","|-fail|p2a: Shuckle","|","|turn|3","|","|switch|p1a: Danzor-Jango|Scizor, M|321/321","|-activate|p1a: Danzor-Jango|move: Sticky Web","|-unboost|p1a: Danzor-Jango|spe|1","|move|p2a: Shuckle|Stealth Rock|p1a: Danzor-Jango","|-sidestart|p1: Alliance - Mxy|move: Stealth Rock","|","|turn|4","|","|detailschange|p1a: Danzor-Jango|Scizor-Mega, M","|-mega|p1a: Danzor-Jango|Scizor|Scizorite","|move|p1a: Danzor-Jango|Bullet Punch|p2a: Shuckle","|-supereffective|p2a: Shuckle","|-damage|p2a: Shuckle|130/244","|move|p2a: Shuckle|Encore|p1a: Danzor-Jango","|-start|p1a: Danzor-Jango|Encore","|","|turn|5","|","|switch|p2a: Genesect-Douse|Genesect-Douse, shiny|283/283","|-damage|p2a: Genesect-Douse|248/283|[from] Stealth Rock","|-boost|p2a: Genesect-Douse|spa|1|[from] ability: Download","|move|p1a: Danzor-Jango|Bullet Punch|p2a: Genesect-Douse","|-resisted|p2a: Genesect-Douse","|-damage|p2a: Genesect-Douse|171/283","|","|turn|6","|","|switch|p1a: HOTSTUFF|Heatran, F|385/385","|-activate|p1a: HOTSTUFF|move: Sticky Web","|-unboost|p1a: HOTSTUFF|spe|1","|-damage|p1a: HOTSTUFF|337/385|[from] Stealth Rock","|move|p2a: Genesect-Douse|Blaze Kick|p1a: HOTSTUFF","|-start|p1a: HOTSTUFF|ability: Flash Fire","|","|-heal|p1a: HOTSTUFF|361/385|[from] item: Leftovers","|turn|7","|","|move|p2a: Genesect-Douse|Techno Blast|p1a: HOTSTUFF","|-crit|p1a: HOTSTUFF","|-supereffective|p1a: HOTSTUFF","|-damage|p1a: HOTSTUFF|0 fnt","|faint|p1a: HOTSTUFF","|","|","|switch|p1a: Other sets viable?|Klefki, F|317/317","|-damage|p1a: Other sets viable?|298/317|[from] Stealth Rock","|-activate|p1a: Other sets viable?|move: Sticky Web","|-unboost|p1a: Other sets viable?|spe|1","|turn|8","|","|move|p1a: Other sets viable?|Light Screen|p1a: Other sets viable?","|-sidestart|p1: Alliance - Mxy|move: Light Screen","|move|p2a: Genesect-Douse|Blaze Kick|p1a: Other sets viable?","|-supereffective|p1a: Other sets viable?","|-damage|p1a: Other sets viable?|170/317","|","|turn|9","|","|move|p1a: Other sets viable?|Thunder Wave|p2a: Genesect-Douse","|-status|p2a: Genesect-Douse|par","|cant|p2a: Genesect-Douse|par","|","|turn|10","|","|move|p1a: Other sets viable?|Reflect|p1a: Other sets viable?","|-sidestart|p1: Alliance - Mxy|Reflect","|cant|p2a: Genesect-Douse|par","|","|turn|11","|","|move|p1a: Other sets viable?|Spikes|p2a: Genesect-Douse","|-sidestart|p2: Sovereign♕Cactus|Spikes","|move|p2a: Genesect-Douse|Shift Gear|p2a: Genesect-Douse","|-boost|p2a: Genesect-Douse|atk|1","|-boost|p2a: Genesect-Douse|spe|2","|","|turn|12","|","|move|p1a: Other sets viable?|Spikes|p2a: Genesect-Douse","|-sidestart|p2: Sovereign♕Cactus|Spikes","|move|p2a: Genesect-Douse|Blaze Kick|p1a: Other sets viable?","|-supereffective|p1a: Other sets viable?","|-damage|p1a: Other sets viable?|69/317","|","|turn|13","|","|move|p1a: Other sets viable?|Spikes|p2a: Genesect-Douse","|-sidestart|p2: Sovereign♕Cactus|Spikes","|move|p2a: Genesect-Douse|Blaze Kick|p1a: Other sets viable?","|-supereffective|p1a: Other sets viable?","|-damage|p1a: Other sets viable?|0 fnt","|faint|p1a: Other sets viable?","|","|","|switch|p1a: CODNAME: Ghast|Doublade, F|321/321","|-activate|p1a: CODNAME: Ghast|move: Sticky Web","|-unboost|p1a: CODNAME: Ghast|spe|1","|-damage|p1a: CODNAME: Ghast|301/321|[from] Stealth Rock","|turn|14","|","|move|p2a: Genesect-Douse|Blaze Kick|p1a: CODNAME: Ghast","|-crit|p1a: CODNAME: Ghast","|-supereffective|p1a: CODNAME: Ghast","|-damage|p1a: CODNAME: Ghast|159/321","|move|p1a: CODNAME: Ghast|Swords Dance|p1a: CODNAME: Ghast","|-boost|p1a: CODNAME: Ghast|atk|2","|","|turn|15","|","|move|p1a: CODNAME: Ghast|Shadow Sneak|p2a: Genesect-Douse","|-damage|p2a: Genesect-Douse|62/283 par","|move|p2a: Genesect-Douse|Blaze Kick|p1a: CODNAME: Ghast","|-supereffective|p1a: CODNAME: Ghast","|-damage|p1a: CODNAME: Ghast|115/321","|-status|p1a: CODNAME: Ghast|brn","|","|-damage|p1a: CODNAME: Ghast|75/321 brn|[from] brn","|-sideend|p1: Alliance - Mxy|move: Light Screen","|turn|16","|","|move|p1a: CODNAME: Ghast|Shadow Sneak|p2a: Genesect-Douse","|-damage|p2a: Genesect-Douse|3/283 par","|move|p2a: Genesect-Douse|Blaze Kick|p1a: CODNAME: Ghast","|-supereffective|p1a: CODNAME: Ghast","|-damage|p1a: CODNAME: Ghast|30/321 brn","|","|-damage|p1a: CODNAME: Ghast|0 fnt|[from] brn","|faint|p1a: CODNAME: Ghast","|","|switch|p1a: Danzor-Jango|Scizor-Mega, M|321/321","|-damage|p1a: Danzor-Jango|281/321|[from] Stealth Rock","|-activate|p1a: Danzor-Jango|move: Sticky Web","|-unboost|p1a: Danzor-Jango|spe|1","|turn|17","|","|move|p1a: Danzor-Jango|Bullet Punch|p2a: Genesect-Douse","|-resisted|p2a: Genesect-Douse","|-damage|p2a: Genesect-Douse|0 fnt","|faint|p2a: Genesect-Douse","|","|-sideend|p1: Alliance - Mxy|Reflect","|","|switch|p2a: Scizor|Scizor, F|343/343","|-damage|p2a: Scizor|258/343|[from] Spikes","|-damage|p2a: Scizor|216/343|[from] Stealth Rock","|turn|18","|","|move|p2a: Scizor|Superpower|p1a: Danzor-Jango","|-damage|p1a: Danzor-Jango|130/321","|-unboost|p2a: Scizor|atk|1","|-unboost|p2a: Scizor|def|1","|-damage|p2a: Scizor|182/343|[from] item: Life Orb","|move|p1a: Danzor-Jango|Swords Dance|p1a: Danzor-Jango","|-boost|p1a: Danzor-Jango|atk|2","|","|turn|19","|","|move|p2a: Scizor|Superpower|p1a: Danzor-Jango","|-damage|p1a: Danzor-Jango|34/321","|-unboost|p2a: Scizor|atk|1","|-unboost|p2a: Scizor|def|1","|-damage|p2a: Scizor|148/343|[from] item: Life Orb","|move|p1a: Danzor-Jango|Roost|p1a: Danzor-Jango","|-heal|p1a: Danzor-Jango|195/321","|","|turn|20","|","|move|p2a: Scizor|Superpower|p1a: Danzor-Jango","|-damage|p1a: Danzor-Jango|125/321","|-unboost|p2a: Scizor|atk|1","|-unboost|p2a: Scizor|def|1","|-damage|p2a: Scizor|114/343|[from] item: Life Orb","|move|p1a: Danzor-Jango|Swords Dance|p1a: Danzor-Jango","|-boost|p1a: Danzor-Jango|atk|2","|","|turn|21","|","|win|Alliance - Mxy"],"p1rating":{"entryid":"6690851","serverid":"eos","formatid":"monotype","userid":"alliancemxy","username":"Alliance - Mxy","w":47,"l":"19","t":"0","gxe":69.8,"r":"1651.0291653747","rd":"46.234645933286","sigma":"0","rptime":"1438246800","rpr":1659.051121404,"rprd":45.556198066281,"rpsigma":"0","acre":1374.8802925629,"lacre":1374.8802925629,"oldacre":"1368.4838326886"},"p2rating":{"entryid":"6867552","serverid":"eos","formatid":"monotype","userid":"sovereigncactus","username":"Sovereign♕Cactus","w":"30","l":39,"t":"0","gxe":45,"r":"1469.6320520586","rd":"43.526039409511","sigma":"0","rptime":"1438246800","rpr":1461.7050225295,"rprd":42.98460522214,"rpsigma":"0","acre":1073.2549206378,"lacre":1073.2549206378,"oldacre":"1080.3056915789"},"endType":"forfeit"}