{"seed":[57693,19376,48262,44512],"turns":25,"p1":"Emg Prof Gen3rox","p2":"Queen of Llamas","p1team":[{"name":"Loki","species":"sableye","item":"sablenite","ability":"Prankster","moves":["recover","willowisp","calmmind","darkpulse"],"nature":"Bold","evs":{"hp":252,"atk":0,"def":252,"spa":4,"spd":0,"spe":0},"ivs":{"hp":31,"atk":0,"def":31,"spa":31,"spd":31,"spe":31}},{"name":"Sharknado","species":"sharpedo","item":"focussash","ability":"Speed Boost","moves":["protect","taunt","destinybond","waterfall"],"nature":"Jolly","evs":{"hp":248,"atk":8,"def":0,"spa":0,"spd":0,"spe":252},"shiny":true,"ivs":{"hp":31,"atk":31,"def":31,"spa":31,"spd":31,"spe":31}},{"name":"I'm Slow","species":"hydreigon","item":"choicescarf","ability":"Levitate","moves":["dracometeor","darkpulse","flashcannon","flamethrower"],"nature":"Timid","evs":{"hp":0,"atk":0,"def":0,"spa":252,"spd":4,"spe":252},"shiny":true,"ivs":{"hp":31,"atk":31,"def":31,"spa":31,"spd":31,"spe":31}},{"name":"Exodia","species":"hoopaunbound","item":"focussash","ability":"Magician","moves":["hyperspacefury","hyperspacehole","firepunch","shadowball"],"nature":"Mild","evs":{"hp":248,"atk":8,"def":0,"spa":252,"spd":0,"spe":0},"ivs":{"hp":31,"atk":31,"def":31,"spa":31,"spd":31,"spe":31}},{"name":"Bishop","species":"bisharp","item":"lifeorb","ability":"Defiant","moves":["swordsdance","knockoff","ironhead","suckerpunch"],"nature":"Jolly","evs":{"hp":0,"atk":252,"def":0,"spa":0,"spd":4,"spe":252},"shiny":true,"ivs":{"hp":31,"atk":31,"def":31,"spa":31,"spd":31,"spe":31}},{"name":"Pebbles","species":"mandibuzz","item":"leftovers","ability":"Overcoat","moves":["defog","toxic","foulplay","roost"],"nature":"Bold","evs":{"hp":252,"atk":0,"def":252,"spa":0,"spd":4,"spe":0},"shiny":true,"ivs":{"hp":31,"atk":31,"def":31,"spa":31,"spd":31,"spe":31}}],"p2team":[{"name":"Squert Squert","species":"genesectdouse","item":"dousedrive","ability":"Download","moves":["extremespeed","technoblast","honeclaws","bugbuzz"],"nature":"Hasty","evs":{"hp":0,"atk":4,"def":0,"spa":252,"spd":0,"spe":252},"shiny":true,"ivs":{"hp":31,"atk":31,"def":31,"spa":31,"spd":31,"spe":31}},{"name":"Pinsir","species":"Pinsir","item":"pinsirite","ability":"Hyper Cutter","moves":["quickattack","stealthrock","xscissor","swordsdance"],"nature":"Jolly","evs":{"hp":0,"atk":252,"def":0,"spa":0,"spd":4,"spe":252},"shiny":true,"ivs":{"hp":31,"atk":31,"def":31,"spa":31,"spd":31,"spe":31}},{"name":"Heracross","species":"Heracross","item":"choicescarf","ability":"Moxie","moves":["earthquake","megahorn","closecombat","stoneedge"],"nature":"Jolly","evs":{"hp":0,"atk":252,"def":0,"spa":0,"spd":4,"spe":252},"shiny":true,"ivs":{"hp":31,"atk":31,"def":31,"spa":31,"spd":31,"spe":31}},{"name":"Armando","species":"armaldo","item":"laxincense","ability":"Battle Armor","moves":["aquatail","rockpolish","rapidspin","earthquake"],"nature":"Jolly","evs":{"hp":0,"atk":252,"def":0,"spa":0,"spd":4,"spe":252},"shiny":true,"ivs":{"hp":31,"atk":31,"def":31,"spa":31,"spd":31,"spe":31}},{"name":"Scizor","species":"Scizor","item":"choiceband","ability":"Technician","moves":["bulletpunch","bugbite","aerialace","ironhead"],"nature":"Naive","evs":{"hp":248,"atk":0,"def":0,"spa":8,"spd":0,"spe":252},"shiny":true,"ivs":{"hp":31,"atk":31,"def":31,"spa":31,"spd":31,"spe":31}},{"name":"Volcarona","species":"Volcarona","item":"leftovers","ability":"Flame Body","moves":["fierydance","gigadrain","quiverdance","bugbuzz"],"nature":"Timid","evs":{"hp":0,"atk":0,"def":0,"spa":252,"spd":4,"spe":252},"ivs":{"hp":31,"atk":31,"def":31,"spa":31,"spd":31,"spe":31}}],"log":["|player|p1|Emg Prof Gen3rox|290","|player|p2|Queen of Llamas|209","|gametype|singles","|gen|6","|tier|Monotype","|rated","|rule|Baton Pass Clause: Limit one Baton Passer, can't pass Spe and other stats simultaneously","|rule|Swagger Clause: Swagger is banned","|rule|Same Type Clause: Pokémon in a team must share a type","|clearpoke","|poke|p1|Sableye, M","|poke|p1|Sharpedo, F, shiny","|poke|p1|Hydreigon, M, shiny","|poke|p1|Hoopa-Unbound","|poke|p1|Bisharp, M, shiny","|poke|p1|Mandibuzz, F, shiny","|poke|p2|Genesect-*, shiny","|poke|p2|Pinsir, F, shiny","|poke|p2|Heracross, F, shiny","|poke|p2|Armaldo, M, shiny","|poke|p2|Scizor, M, shiny","|poke|p2|Volcarona, M","|rule|Sleep Clause Mod: Limit one foe put to sleep","|rule|Species Clause: Limit one of each Pokémon","|rule|OHKO Clause: OHKO moves are banned","|rule|Moody Clause: Moody is banned","|rule|Evasion Moves Clause: Evasion moves are banned","|rule|Endless Battle Clause: Forcing endless battles is banned","|rule|HP Percentage Mod: HP is shown in percentages","|teampreview","|","|start","|switch|p1a: Loki|Sableye, M|304/304","|switch|p2a: Squert Squert|Genesect-Douse, shiny|283/283","|-boost|p2a: Squert Squert|spa|1|[from] ability: Download","|turn|1","|","|detailschange|p1a: Loki|Sableye-Mega, M","|-mega|p1a: Loki|Sableye|Sablenite","|move|p1a: Loki|Will-O-Wisp|p2a: Squert Squert","|-status|p2a: Squert Squert|brn","|move|p2a: Squert Squert|Techno Blast|p1a: Loki","|-damage|p1a: Loki|114/304","|","|-damage|p2a: Squert Squert|248/283 brn|[from] brn","|turn|2","|","|switch|p1a: Sharknado|Sharpedo, F, shiny|343/343","|move|p2a: Squert Squert|Techno Blast|p1a: Sharknado","|-resisted|p1a: Sharknado","|-damage|p1a: Sharknado|149/343","|","|-damage|p2a: Squert Squert|213/283 brn|[from] brn","|turn|3","|","|move|p1a: Sharknado|Protect|p1a: Sharknado","|-singleturn|p1a: Sharknado|Protect","|move|p2a: Squert Squert|Bug Buzz|p1a: Sharknado","|-activate|p1a: Sharknado|Protect","|","|-damage|p2a: Squert Squert|178/283 brn|[from] brn","|-boost|p1a: Sharknado|spe|1|[from] ability: Speed Boost","|turn|4","|","|move|p1a: Sharknado|Destiny Bond|p1a: Sharknado","|-singlemove|p1a: Sharknado|Destiny Bond","|move|p2a: Squert Squert|Hone Claws|p2a: Squert Squert","|-boost|p2a: Squert Squert|atk|1","|-boost|p2a: Squert Squert|accuracy|1","|","|-damage|p2a: Squert Squert|143/283 brn|[from] brn","|-boost|p1a: Sharknado|spe|1|[from] ability: Speed Boost","|turn|5","|","|move|p1a: Sharknado|Protect|p1a: Sharknado","|-singleturn|p1a: Sharknado|Protect","|move|p2a: Squert Squert|Bug Buzz|p1a: Sharknado","|-activate|p1a: Sharknado|Protect","|","|-damage|p2a: Squert Squert|108/283 brn|[from] brn","|-boost|p1a: Sharknado|spe|1|[from] ability: Speed Boost","|turn|6","|","|move|p1a: Sharknado|Destiny Bond|p1a: Sharknado","|-singlemove|p1a: Sharknado|Destiny Bond","|move|p2a: Squert Squert|Bug Buzz|p1a: Sharknado","|-supereffective|p1a: Sharknado","|-damage|p1a: Sharknado|0 fnt","|faint|p1a: Sharknado","|-activate|p1a: Sharknado|Destiny Bond","|faint|p2a: Squert Squert","|","|","|switch|p1a: I'm Slow|Hydreigon, M, shiny|325/325","|switch|p2a: Pinsir|Pinsir, F, shiny|271/271","|turn|7","|","|detailschange|p2a: Pinsir|Pinsir-Mega, F, shiny","|-mega|p2a: Pinsir|Pinsir|Pinsirite","|move|p1a: I'm Slow|Flamethrower|p2a: Pinsir","|-supereffective|p2a: Pinsir","|-damage|p2a: Pinsir|39/271","|move|p2a: Pinsir|X-Scissor|p1a: I'm Slow","|-supereffective|p1a: I'm Slow","|-damage|p1a: I'm Slow|0 fnt","|faint|p1a: I'm Slow","|","|","|switch|p1a: Bishop|Bisharp, M, shiny|271/271","|turn|8","|","|move|p2a: Pinsir|Quick Attack|p1a: Bishop","|-resisted|p1a: Bishop","|-damage|p1a: Bishop|223/271","|move|p1a: Bishop|Sucker Punch|p2a: Pinsir","|-fail|p1a: Bishop","|","|turn|9","|","|move|p2a: Pinsir|X-Scissor|p1a: Bishop","|-damage|p1a: Bishop|52/271","|move|p1a: Bishop|Iron Head|p2a: Pinsir","|-damage|p2a: Pinsir|0 fnt","|-damage|p1a: Bishop|25/271|[from] item: Life Orb","|faint|p2a: Pinsir","|","|","|switch|p2a: Heracross|Heracross, F, shiny|301/301","|turn|10","|","|move|p1a: Bishop|Sucker Punch|p2a: Heracross","|-crit|p2a: Heracross","|-resisted|p2a: Heracross","|-damage|p2a: Heracross|122/301","|-damage|p1a: Bishop|0 fnt|[from] item: Life Orb","|faint|p1a: Bishop","|move|p2a: Heracross|Megahorn|p1: Bishop|[notarget]","|-notarget","|","|","|switch|p1a: Pebbles|Mandibuzz, F, shiny|424/424","|turn|11","|","|move|p2a: Heracross|Megahorn|p1a: Pebbles","|-crit|p1a: Pebbles","|-damage|p1a: Pebbles|192/424","|move|p1a: Pebbles|Foul Play|p2a: Heracross","|-resisted|p2a: Heracross","|-damage|p2a: Heracross|26/301","|","|-heal|p1a: Pebbles|218/424|[from] item: Leftovers","|turn|12","|","|move|p2a: Heracross|Megahorn|p1a: Pebbles|[miss]","|-miss|p2a: Heracross|p1a: Pebbles","|move|p1a: Pebbles|Roost|p1a: Pebbles","|-heal|p1a: Pebbles|424/424","|","|turn|13","|","|move|p2a: Heracross|Megahorn|p1a: Pebbles","|-damage|p1a: Pebbles|291/424","|move|p1a: Pebbles|Foul Play|p2a: Heracross","|-resisted|p2a: Heracross","|-damage|p2a: Heracross|0 fnt","|faint|p2a: Heracross","|","|-heal|p1a: Pebbles|317/424|[from] item: Leftovers","|","|switch|p2a: Volcarona|Volcarona, M|311/311","|turn|14","|","|move|p2a: Volcarona|Bug Buzz|p1a: Pebbles","|-damage|p1a: Pebbles|139/424","|move|p1a: Pebbles|Toxic|p2a: Volcarona","|-status|p2a: Volcarona|tox","|","|-heal|p1a: Pebbles|165/424|[from] item: Leftovers","|-damage|p2a: Volcarona|292/311 tox|[from] psn","|turn|15","|","|move|p2a: Volcarona|Giga Drain|p1a: Pebbles","|-resisted|p1a: Pebbles","|-damage|p1a: Pebbles|117/424","|-heal|p2a: Volcarona|311/311 tox|[from] drain|[of] p1a: Pebbles","|move|p1a: Pebbles|Roost|p1a: Pebbles","|-heal|p1a: Pebbles|329/424","|","|-heal|p1a: Pebbles|355/424|[from] item: Leftovers","|-damage|p2a: Volcarona|273/311 tox|[from] psn","|turn|16","|","|switch|p1a: Loki|Sableye-Mega, M|114/304","|move|p2a: Volcarona|Fiery Dance|p1a: Loki","|-damage|p1a: Loki|0 fnt","|faint|p1a: Loki","|","|-heal|p2a: Volcarona|292/311 tox|[from] item: Leftovers","|-damage|p2a: Volcarona|235/311 tox|[from] psn","|","|switch|p1a: Exodia|Hoopa-Unbound|363/363","|turn|17","|","|move|p2a: Volcarona|Bug Buzz|p1a: Exodia","|-supereffective|p1a: Exodia","|-enditem|p1a: Exodia|Focus Sash","|-damage|p1a: Exodia|1/363","|-unboost|p1a: Exodia|spd|1","|move|p1a: Exodia|Hyperspace Hole|p2a: Volcarona","|-damage|p2a: Volcarona|58/311 tox","|-item|p1a: Exodia|Leftovers|[from] ability: Magician|[of] p2a: Volcarona","|","|-heal|p1a: Exodia|23/363|[from] item: Leftovers","|-damage|p2a: Volcarona|0 fnt|[from] psn","|faint|p2a: Volcarona","|","|switch|p2a: Scizor|Scizor, M, shiny|343/343","|turn|18","|","|move|p2a: Scizor|Bullet Punch|p1a: Exodia","|-damage|p1a: Exodia|0 fnt","|faint|p1a: Exodia","|","|","|switch|p1a: Pebbles|Mandibuzz, F, shiny|355/424","|turn|19","|","|move|p2a: Scizor|Bullet Punch|p1a: Pebbles","|-damage|p1a: Pebbles|258/424","|move|p1a: Pebbles|Foul Play|p2a: Scizor","|-damage|p2a: Scizor|205/343","|","|-heal|p1a: Pebbles|284/424|[from] item: Leftovers","|turn|20","|","|move|p2a: Scizor|Bullet Punch|p1a: Pebbles","|-damage|p1a: Pebbles|188/424","|move|p1a: Pebbles|Roost|p1a: Pebbles","|-heal|p1a: Pebbles|400/424","|","|-heal|p1a: Pebbles|424/424|[from] item: Leftovers","|turn|21","|","|move|p2a: Scizor|Bullet Punch|p1a: Pebbles","|-damage|p1a: Pebbles|336/424","|move|p1a: Pebbles|Foul Play|p2a: Scizor","|-damage|p2a: Scizor|69/343","|","|-heal|p1a: Pebbles|362/424|[from] item: Leftovers","|turn|22","|","|move|p2a: Scizor|Bullet Punch|p1a: Pebbles","|-damage|p1a: Pebbles|265/424","|move|p1a: Pebbles|Foul Play|p2a: Scizor","|-damage|p2a: Scizor|0 fnt","|faint|p2a: Scizor","|","|-heal|p1a: Pebbles|291/424|[from] item: Leftovers","|","|switch|p2a: Armando|Armaldo, M, shiny|291/291","|turn|23","|","|move|p2a: Armando|Rock Polish|p2a: Armando","|-boost|p2a: Armando|spe|2","|move|p1a: Pebbles|Roost|p1a: Pebbles","|-heal|p1a: Pebbles|424/424","|","|turn|24","|","|move|p2a: Armando|Aqua Tail|p1a: Pebbles","|-damage|p1a: Pebbles|347/424","|move|p1a: Pebbles|Foul Play|p2a: Armando","|-damage|p2a: Armando|117/291","|","|-heal|p1a: Pebbles|373/424|[from] item: Leftovers","|turn|25","|","|move|p2a: Armando|Aqua Tail|p1a: Pebbles","|-damage|p1a: Pebbles|298/424","|move|p1a: Pebbles|Foul Play|p2a: Armando","|-damage|p2a: Armando|0 fnt","|faint|p2a: Armando","|","|win|Emg Prof Gen3rox"],"p1rating":{"entryid":"7255205","serverid":"eos","formatid":"monotype","userid":"emgprofgen3rox","username":"Emg Prof Gen3rox","w":2,"l":"0","t":"0","gxe":59.7,"r":1546.3135055728,"rd":121.93305838518,"sigma":"0","rptime":1438246800,"rpr":1577.761329877,"rprd":116.06522170714,"rpsigma":"0","acre":1089.9598312673,"lacre":1089.9598312673,"oldacre":"1053.1743014602"},"p2rating":{"entryid":"7276415","serverid":"eos","formatid":"monotype","userid":"queenofllamas","username":"Queen of Llamas","w":"3","l":2,"t":"0","gxe":53.1,"r":"1500","rd":"130","sigma":"0","rptime":"1438246800","rpr":1524.1452488294,"rprd":102.7166025553,"rpsigma":"0","acre":1076.5035892918,"lacre":1076.5035892918,"oldacre":"1105.2208768097"},"endType":"normal"}