{"seed":[42011,47381,8630,29585],"turns":27,"p1":"Prosaic","p2":"MachoSalad","p1team":[{"name":"Heatran","species":"Heatran","item":"airballoon","ability":"Flash Fire","moves":["fireblast","earthpower","ancientpower","taunt"],"nature":"Timid","evs":{"hp":0,"atk":0,"def":0,"spa":252,"spd":4,"spe":252},"shiny":true,"ivs":{"hp":31,"atk":31,"def":31,"spa":31,"spd":31,"spe":31}},{"name":"Skarmory","species":"Skarmory","item":"custapberry","ability":"Sturdy","moves":["stealthrock","spikes","taunt","bravebird"],"nature":"Jolly","evs":{"hp":0,"atk":252,"def":0,"spa":0,"spd":0,"spe":252},"ivs":{"hp":31,"atk":31,"def":31,"spa":31,"spd":31,"spe":31}},{"name":"Magnezone","species":"Magnezone","item":"choicescarf","ability":"Sturdy","moves":["voltswitch","thunderbolt","hiddenpowerice","flashcannon"],"nature":"Timid","evs":{"hp":0,"atk":0,"def":4,"spa":252,"spd":0,"spe":252},"ivs":{"hp":31,"atk":30,"def":30,"spa":31,"spd":31,"spe":31},"shiny":true},{"name":"Scizor","species":"Scizor","item":"scizorite","ability":"Technician","moves":["swordsdance","bulletpunch","bugbite","superpower"],"nature":"Adamant","evs":{"hp":0,"atk":252,"def":0,"spa":0,"spd":4,"spe":252},"ivs":{"hp":31,"atk":31,"def":31,"spa":31,"spd":31,"spe":31}},{"name":"Bisharp","species":"Bisharp","item":"lifeorb","ability":"Defiant","moves":["swordsdance","knockoff","ironhead","suckerpunch"],"nature":"Adamant","evs":{"hp":0,"atk":252,"def":0,"spa":0,"spd":4,"spe":252},"shiny":true,"ivs":{"hp":31,"atk":31,"def":31,"spa":31,"spd":31,"spe":31}},{"name":"Doublade","species":"Doublade","item":"eviolite","ability":"No Guard","moves":["swordsdance","shadowsneak","shadowclaw","sacredsword"],"nature":"Adamant","evs":{"hp":212,"atk":252,"def":0,"spa":0,"spd":0,"spe":44},"shiny":true,"ivs":{"hp":31,"atk":31,"def":31,"spa":31,"spd":31,"spe":31}}],"p2team":[{"name":"Skarmory","species":"Skarmory","item":"rockyhelmet","ability":"Sturdy","moves":["roost","stealthrock","defog","whirlwind"],"nature":"Bold","evs":{"hp":248,"atk":0,"def":252,"spa":0,"spd":0,"spe":8},"ivs":{"hp":31,"atk":0,"def":31,"spa":31,"spd":31,"spe":31}},{"name":"Charizard","species":"Charizard","item":"charizarditex","ability":"Blaze","moves":["flareblitz","dragonclaw","dragondance","earthquake"],"nature":"Adamant","evs":{"hp":0,"atk":252,"def":0,"spa":0,"spd":4,"spe":252},"ivs":{"hp":31,"atk":31,"def":31,"spa":31,"spd":31,"spe":31}},{"name":"Hawlucha","species":"Hawlucha","item":"sitrusberry","ability":"Unburden","moves":["swordsdance","highjumpkick","substitute","acrobatics"],"nature":"Adamant","evs":{"hp":0,"atk":252,"def":4,"spa":0,"spd":0,"spe":252},"ivs":{"hp":31,"atk":31,"def":31,"spa":31,"spd":31,"spe":31}},{"name":"Dragonite","species":"Dragonite","item":"weaknesspolicy","ability":"Multiscale","moves":["dragondance","extremespeed","firepunch","dragonclaw"],"nature":"Adamant","evs":{"hp":0,"atk":252,"def":4,"spa":0,"spd":0,"spe":252},"ivs":{"hp":31,"atk":31,"def":31,"spa":31,"spd":31,"spe":31}},{"name":"Landorus","species":"Landorus","item":"lifeorb","ability":"Sheer Force","moves":["sludgebomb","hiddenpowerice","earthpower","psychic"],"nature":"Timid","evs":{"hp":0,"atk":0,"def":4,"spa":252,"spd":0,"spe":252},"ivs":{"hp":31,"atk":0,"def":30,"spa":31,"spd":31,"spe":31}},{"name":"Mandibuzz","species":"Mandibuzz","item":"leftovers","ability":"Overcoat","moves":["bravebird","foulplay","roost","knockoff"],"nature":"Careful","evs":{"hp":248,"atk":0,"def":4,"spa":0,"spd":252,"spe":4},"ivs":{"hp":31,"atk":31,"def":31,"spa":31,"spd":31,"spe":31}}],"log":["|player|p1|Prosaic|61","|player|p2|MachoSalad|224","|gametype|singles","|gen|6","|tier|Monotype","|rated","|rule|Baton Pass Clause: Limit one Baton Passer, can't pass Spe and other stats simultaneously","|rule|Swagger Clause: Swagger is banned","|rule|Same Type Clause: Pokémon in a team must share a type","|clearpoke","|poke|p1|Heatran, M, shiny","|poke|p1|Skarmory, M","|poke|p1|Magnezone, shiny","|poke|p1|Scizor, M","|poke|p1|Bisharp, F, shiny","|poke|p1|Doublade, M, shiny","|poke|p2|Skarmory, F","|poke|p2|Charizard, M","|poke|p2|Hawlucha, F","|poke|p2|Dragonite, M","|poke|p2|Landorus, M","|poke|p2|Mandibuzz, F","|rule|Sleep Clause Mod: Limit one foe put to sleep","|rule|Species Clause: Limit one of each Pokémon","|rule|OHKO Clause: OHKO moves are banned","|rule|Moody Clause: Moody is banned","|rule|Evasion Moves Clause: Evasion moves are banned","|rule|Endless Battle Clause: Forcing endless battles is banned","|rule|HP Percentage Mod: HP is shown in percentages","|teampreview","|","|start","|switch|p1a: Magnezone|Magnezone, shiny|281/281","|switch|p2a: Charizard|Charizard, M|297/297","|turn|1","|","|detailschange|p2a: Charizard|Charizard-Mega-X, M","|-mega|p2a: Charizard|Charizard|Charizardite X","|move|p1a: Magnezone|Volt Switch|p2a: Charizard","|-resisted|p2a: Charizard","|-damage|p2a: Charizard|230/297","|","|switch|p1a: Heatran|Heatran, M, shiny|323/323","|-item|p1a: Heatran|Air Balloon","|move|p2a: Charizard|Dragon Claw|p1a: Heatran","|-resisted|p1a: Heatran","|-damage|p1a: Heatran|229/323","|-enditem|p1a: Heatran|Air Balloon","|","|turn|2","|","|move|p2a: Charizard|Earthquake|p1a: Heatran","|-supereffective|p1a: Heatran","|-damage|p1a: Heatran|0 fnt","|faint|p1a: Heatran","|","|","|switch|p1a: Skarmory|Skarmory, M|271/271","|turn|3","|","|switch|p2a: Skarmory|Skarmory, F|333/333","|move|p1a: Skarmory|Stealth Rock|p2a: Skarmory","|-sidestart|p2: MachoSalad|move: Stealth Rock","|","|turn|4","|","|switch|p1a: Magnezone|Magnezone, shiny|281/281","|move|p2a: Skarmory|Defog|p1a: Magnezone","|-unboost|p1a: Magnezone|evasion|1","|-sideend|p2: MachoSalad|Stealth Rock|[from] move: Defog|[of] p2a: Skarmory","|","|turn|5","|","|move|p1a: Magnezone|Hidden Power|p2a: Skarmory","|-damage|p2a: Skarmory|240/333","|move|p2a: Skarmory|Stealth Rock|p1a: Magnezone","|-sidestart|p1: Prosaic|move: Stealth Rock","|","|turn|6","|","|switch|p1a: Skarmory|Skarmory, M|271/271","|-damage|p1a: Skarmory|238/271|[from] Stealth Rock","|move|p2a: Skarmory|Roost|p2a: Skarmory","|-heal|p2a: Skarmory|333/333","|","|turn|7","|","|switch|p2a: Charizard|Charizard-Mega-X, M|230/297","|move|p1a: Skarmory|Stealth Rock|p2a: Charizard","|-sidestart|p2: MachoSalad|move: Stealth Rock","|","|turn|8","|","|move|p2a: Charizard|Dragon Dance|p2a: Charizard","|-boost|p2a: Charizard|atk|1","|-boost|p2a: Charizard|spe|1","|move|p1a: Skarmory|Taunt|p2a: Charizard","|-start|p2a: Charizard|move: Taunt","|","|turn|9","|","|move|p2a: Charizard|Flare Blitz|p1a: Skarmory","|-supereffective|p1a: Skarmory","|-damage|p1a: Skarmory|0 fnt","|-damage|p2a: Charizard|151/297|[from] recoil|[of] p1a: Skarmory","|faint|p1a: Skarmory","|","|","|switch|p1a: Bisharp|Bisharp, F, shiny|271/271","|-damage|p1a: Bisharp|255/271|[from] Stealth Rock","|turn|10","|","|switch|p2a: Skarmory|Skarmory, F|333/333","|-damage|p2a: Skarmory|292/333|[from] Stealth Rock","|move|p1a: Bisharp|Sucker Punch|p2a: Skarmory","|-fail|p1a: Bisharp","|","|turn|11","|","|move|p1a: Bisharp|Swords Dance|p1a: Bisharp","|-boost|p1a: Bisharp|atk|2","|move|p2a: Skarmory|Defog|p1a: Bisharp","|-unboost|p1a: Bisharp|evasion|1","|-boost|p1a: Bisharp|atk|2|[from] ability: Defiant","|-sideend|p1: Prosaic|Stealth Rock|[from] move: Defog|[of] p1a: Bisharp","|-sideend|p2: MachoSalad|Stealth Rock|[from] move: Defog|[of] p2a: Skarmory","|","|turn|12","|","|move|p1a: Bisharp|Knock Off|p2a: Skarmory","|-damage|p2a: Skarmory|0 fnt","|-damage|p1a: Bisharp|210/271|[from] item: Rocky Helmet|[of] p2a: Skarmory","|-enditem|p2a: Skarmory|Rocky Helmet|[from] move: Knock Off|[of] p1a: Bisharp","|-damage|p1a: Bisharp|183/271|[from] item: Life Orb","|faint|p2a: Skarmory","|","|","|switch|p2a: Dragonite|Dragonite, M|323/323","|turn|13","|","|move|p1a: Bisharp|Sucker Punch|p2a: Dragonite","|-damage|p2a: Dragonite|7/323","|-damage|p1a: Bisharp|156/271|[from] item: Life Orb","|move|p2a: Dragonite|Fire Punch|p1a: Bisharp","|-supereffective|p1a: Bisharp","|-damage|p1a: Bisharp|0 fnt","|faint|p1a: Bisharp","|","|","|switch|p1a: Magnezone|Magnezone, shiny|281/281","|turn|14","|","|move|p1a: Magnezone|Volt Switch|p2a: Dragonite","|-damage|p2a: Dragonite|0 fnt","|faint|p2a: Dragonite","|","|switch|p1a: Scizor|Scizor, M|281/281","|","|","|switch|p2a: Mandibuzz|Mandibuzz, F|423/423","|turn|15","|","|switch|p1a: Magnezone|Magnezone, shiny|281/281","|move|p2a: Mandibuzz|Foul Play|p1a: Magnezone","|-damage|p1a: Magnezone|220/281","|","|turn|16","|","|move|p1a: Magnezone|Hidden Power|p2a: Mandibuzz","|-supereffective|p2a: Mandibuzz","|-damage|p2a: Mandibuzz|323/423","|move|p2a: Mandibuzz|Roost|p2a: Mandibuzz","|-heal|p2a: Mandibuzz|423/423","|","|turn|17","|","|move|p1a: Magnezone|Hidden Power|p2a: Mandibuzz","|-supereffective|p2a: Mandibuzz","|-damage|p2a: Mandibuzz|321/423","|move|p2a: Mandibuzz|Foul Play|p1a: Magnezone","|-damage|p1a: Magnezone|150/281","|","|-heal|p2a: Mandibuzz|347/423|[from] item: Leftovers","|turn|18","|","|switch|p1a: Doublade|Doublade, M, shiny|312/312","|move|p2a: Mandibuzz|Foul Play|p1a: Doublade","|-supereffective|p1a: Doublade","|-damage|p1a: Doublade|160/312","|","|-heal|p2a: Mandibuzz|373/423|[from] item: Leftovers","|turn|19","|","|switch|p1a: Magnezone|Magnezone, shiny|150/281","|move|p2a: Mandibuzz|Knock Off|p1a: Magnezone","|-damage|p1a: Magnezone|80/281","|-enditem|p1a: Magnezone|Choice Scarf|[from] move: Knock Off|[of] p2a: Mandibuzz","|","|-heal|p2a: Mandibuzz|399/423|[from] item: Leftovers","|turn|20","|","|switch|p2a: Landorus|Landorus, M|319/319","|move|p1a: Magnezone|Thunderbolt|p2a: Landorus","|-immune|p2a: Landorus|[msg]","|","|turn|21","|","|switch|p1a: Doublade|Doublade, M, shiny|160/312","|move|p2a: Landorus|Earth Power|p1a: Doublade","|-supereffective|p1a: Doublade","|-damage|p1a: Doublade|0 fnt","|faint|p1a: Doublade","|","|","|switch|p1a: Scizor|Scizor, M|281/281","|turn|22","|","|detailschange|p1a: Scizor|Scizor-Mega, M","|-mega|p1a: Scizor|Scizor|Scizorite","|move|p2a: Landorus|Earth Power|p1a: Scizor","|-damage|p1a: Scizor|24/281","|move|p1a: Scizor|Swords Dance|p1a: Scizor","|-boost|p1a: Scizor|atk|2","|","|turn|23","|","|switch|p2a: Charizard|Charizard-Mega-X, M|151/297","|move|p1a: Scizor|Bullet Punch|p2a: Charizard","|-resisted|p2a: Charizard","|-damage|p2a: Charizard|37/297","|","|turn|24","|","|move|p1a: Scizor|Bullet Punch|p2a: Charizard","|-resisted|p2a: Charizard","|-damage|p2a: Charizard|0 fnt","|faint|p2a: Charizard","|","|","|switch|p2a: Mandibuzz|Mandibuzz, F|399/423","|turn|25","|","|move|p1a: Scizor|Superpower|p2a: Mandibuzz","|-damage|p2a: Mandibuzz|40/423","|-unboost|p1a: Scizor|atk|1","|-unboost|p1a: Scizor|def|1","|move|p2a: Mandibuzz|Foul Play|p1a: Scizor","|-damage|p1a: Scizor|0 fnt","|faint|p1a: Scizor","|","|-heal|p2a: Mandibuzz|66/423|[from] item: Leftovers","|","|switch|p1a: Magnezone|Magnezone, shiny|80/281","|turn|26","|","|move|p1a: Magnezone|Hidden Power|p2a: Mandibuzz","|-supereffective|p2a: Mandibuzz","|-damage|p2a: Mandibuzz|0 fnt","|faint|p2a: Mandibuzz","|","|","|switch|p2a: Landorus|Landorus, M|319/319","|turn|27","|","|move|p2a: Landorus|Earth Power|p1a: Magnezone","|-supereffective|p1a: Magnezone","|-damage|p1a: Magnezone|0 fnt","|faint|p1a: Magnezone","|","|win|MachoSalad"],"p1rating":{"entryid":7260907,"formatid":"monotype","userid":"prosaic","username":"Prosaic","r":1500,"rd":130,"sigma":0,"rpr":1466.705486226,"rprd":122.34622012361,"rpsigma":0,"rptime":1438160400,"w":0,"l":1,"t":0,"gxe":45.8,"acre":1000,"lacre":1000,"oldacre":1000},"p2rating":{"entryid":"7206348","serverid":"eos","formatid":"monotype","userid":"machosalad","username":"MachoSalad","w":26,"l":"15","t":"0","gxe":61.2,"r":"1576.6964130643","rd":"59.402447105915","sigma":"0","rptime":"1438160400","rpr":1586.6459474749,"rprd":53.601581176466,"rpsigma":"0","acre":1160.6095653428,"lacre":1160.6095653428,"oldacre":"1145.507638749"},"endType":"normal"}