{"seed":[58347,42850,55726,60313],"turns":29,"p1":"valkoinen","p2":"Traine✘ Chief","p1team":[{"name":"Tyrantrum","species":"Tyrantrum","item":"choiceband","ability":"Rock Head","moves":["ironhead","headsmash","outrage","earthquake"],"nature":"Adamant","evs":{"hp":0,"atk":252,"def":0,"spa":0,"spd":4,"spe":252},"gender":"M","shiny":true,"ivs":{"hp":31,"atk":31,"def":31,"spa":31,"spd":31,"spe":31}},{"name":"Hydreigon","species":"Hydreigon","item":"choicescarf","ability":"Levitate","moves":["dragonpulse","darkpulse","flashcannon","fireblast"],"nature":"Timid","evs":{"hp":0,"atk":0,"def":0,"spa":252,"spd":4,"spe":252},"gender":"M","ivs":{"hp":31,"atk":31,"def":31,"spa":31,"spd":31,"spe":31}},{"name":"Birb","species":"altaria","item":"altarianite","ability":"Natural Cure","moves":["dragondance","earthquake","roost","frustration"],"nature":"Adamant","evs":{"hp":0,"atk":252,"def":0,"spa":0,"spd":4,"spe":252},"gender":"F","happiness":0,"ivs":{"hp":31,"atk":31,"def":31,"spa":31,"spd":31,"spe":31}},{"name":"Kyurem-Black","species":"Kyurem-Black","item":"choicescarf","ability":"Teravolt","moves":["outrage","fusionbolt","dragonclaw","ironhead"],"nature":"Jolly","evs":{"hp":0,"atk":252,"def":0,"spa":0,"spd":4,"spe":252},"shiny":true,"ivs":{"hp":31,"atk":31,"def":31,"spa":31,"spd":31,"spe":31}},{"name":"Dragalge","species":"Dragalge","item":"assaultvest","ability":"Adaptability","moves":["sludgewave","dragonpulse","focusblast","hiddenpowerground"],"nature":"Modest","evs":{"hp":236,"atk":0,"def":0,"spa":252,"spd":8,"spe":12},"gender":"M","ivs":{"hp":31,"atk":31,"def":31,"spa":30,"spd":30,"spe":31},"shiny":true},{"name":"Garchomp","species":"Garchomp","item":"focussash","ability":"Rough Skin","moves":["swordsdance","earthquake","dragonclaw","fireblast"],"nature":"Naive","evs":{"hp":0,"atk":252,"def":0,"spa":4,"spd":0,"spe":252},"gender":"M","shiny":true,"ivs":{"hp":31,"atk":31,"def":31,"spa":31,"spd":31,"spe":31}}],"p2team":[{"name":"Venusaur","species":"Venusaur","item":"venusaurite","ability":"Chlorophyll","moves":["sleeppowder","gigadrain","leechseed","toxic"],"nature":"Calm","evs":{"hp":248,"atk":0,"def":152,"spa":8,"spd":100,"spe":0},"ivs":{"hp":31,"atk":31,"def":31,"spa":31,"spd":31,"spe":31}},{"name":"Nidoking","species":"Nidoking","item":"lifeorb","ability":"Sheer Force","moves":["sludgewave","earthpower","superfang","thunderbolt"],"nature":"Timid","evs":{"hp":0,"atk":0,"def":0,"spa":252,"spd":4,"spe":252},"ivs":{"hp":31,"atk":31,"def":31,"spa":31,"spd":31,"spe":31}},{"name":"Gengar","species":"Gengar","item":"focussash","ability":"Levitate","moves":["destinybond","sludgewave","suckerpunch","shadowball"],"nature":"Hasty","evs":{"hp":0,"atk":4,"def":0,"spa":252,"spd":0,"spe":252},"ivs":{"hp":31,"atk":31,"def":31,"spa":31,"spd":31,"spe":31}},{"name":"Amoonguss","species":"Amoonguss","item":"rockyhelmet","ability":"Regenerator","moves":["spore","foulplay","sludgebomb","gigadrain"],"nature":"Modest","evs":{"hp":248,"atk":0,"def":0,"spa":252,"spd":8,"spe":0},"ivs":{"hp":31,"atk":31,"def":31,"spa":31,"spd":31,"spe":31}},{"name":"Tentacruel","species":"Tentacruel","item":"leftovers","ability":"Liquid Ooze","moves":["rapidspin","scald","toxicspikes","icebeam"],"nature":"Timid","evs":{"hp":0,"atk":0,"def":0,"spa":252,"spd":4,"spe":252},"ivs":{"hp":31,"atk":31,"def":31,"spa":31,"spd":31,"spe":31}},{"name":"Toxicroak","species":"Toxicroak","item":"leftovers","ability":"Dry Skin","moves":["bulkup","suckerpunch","drainpunch","poisonjab"],"nature":"Adamant","evs":{"hp":248,"atk":252,"def":0,"spa":0,"spd":8,"spe":0},"ivs":{"hp":31,"atk":31,"def":31,"spa":31,"spd":31,"spe":31}}],"log":["|player|p1|valkoinen|260","|player|p2|Traine✘ Chief|127","|gametype|singles","|gen|6","|tier|Monotype","|rated","|rule|Baton Pass Clause: Limit one Baton Passer, can't pass Spe and other stats simultaneously","|rule|Swagger Clause: Swagger is banned","|rule|Same Type Clause: Pokémon in a team must share a type","|clearpoke","|poke|p1|Tyrantrum, M, shiny","|poke|p1|Hydreigon, M","|poke|p1|Altaria, F","|poke|p1|Kyurem-Black, shiny","|poke|p1|Dragalge, M, shiny","|poke|p1|Garchomp, M, shiny","|poke|p2|Venusaur, F","|poke|p2|Nidoking, M","|poke|p2|Gengar, F","|poke|p2|Amoonguss, M","|poke|p2|Tentacruel, M","|poke|p2|Toxicroak, M","|rule|Sleep Clause Mod: Limit one foe put to sleep","|rule|Species Clause: Limit one of each Pokémon","|rule|OHKO Clause: OHKO moves are banned","|rule|Moody Clause: Moody is banned","|rule|Evasion Moves Clause: Evasion moves are banned","|rule|Endless Battle Clause: Forcing endless battles is banned","|rule|HP Percentage Mod: HP is shown in percentages","|teampreview","|","|start","|switch|p1a: Kyurem-Black|Kyurem-Black, shiny|391/391","|switch|p2a: Tentacruel|Tentacruel, M|301/301","|-ability|p1a: Kyurem-Black|Teravolt","|turn|1","|","|switch|p2a: Nidoking|Nidoking, M|303/303","|move|p1a: Kyurem-Black|Iron Head|p2a: Nidoking","|-damage|p2a: Nidoking|154/303","|","|turn|2","|","|move|p1a: Kyurem-Black|Iron Head|p2a: Nidoking","|-damage|p2a: Nidoking|0 fnt","|faint|p2a: Nidoking","|","|","|switch|p2a: Venusaur|Venusaur, F|363/363","|turn|3","|","|detailschange|p2a: Venusaur|Venusaur-Mega, F","|-mega|p2a: Venusaur|Venusaur|Venusaurite","|move|p1a: Kyurem-Black|Iron Head|p2a: Venusaur","|-damage|p2a: Venusaur|274/363","|move|p2a: Venusaur|Sleep Powder|p1a: Kyurem-Black","|-status|p1a: Kyurem-Black|slp","|","|turn|4","|","|switch|p1a: Garchomp|Garchomp, M, shiny|357/357","|move|p2a: Venusaur|Leech Seed|p1a: Garchomp|[miss]","|-miss|p2a: Venusaur|p1a: Garchomp","|","|turn|5","|","|move|p1a: Garchomp|Fire Blast|p2a: Venusaur|[miss]","|-miss|p1a: Garchomp|p2a: Venusaur","|move|p2a: Venusaur|Leech Seed|p1a: Garchomp","|-start|p1a: Garchomp|move: Leech Seed","|","|-damage|p1a: Garchomp|313/357|[from] Leech Seed|[of] p2a: Venusaur","|-heal|p2a: Venusaur|318/363|[silent]","|turn|6","|","|move|p1a: Garchomp|Fire Blast|p2a: Venusaur","|-supereffective|p2a: Venusaur","|-damage|p2a: Venusaur|266/363","|move|p2a: Venusaur|Toxic|p1a: Garchomp","|-status|p1a: Garchomp|tox","|","|-damage|p1a: Garchomp|269/357 tox|[from] Leech Seed|[of] p2a: Venusaur","|-heal|p2a: Venusaur|310/363|[silent]","|-damage|p1a: Garchomp|247/357 tox|[from] psn","|turn|7","|","|move|p1a: Garchomp|Dragon Claw|p2a: Venusaur","|-damage|p2a: Venusaur|199/363","|move|p2a: Venusaur|Leech Seed|p1a: Garchomp","|-fail|p1a: Garchomp","|","|-damage|p1a: Garchomp|203/357 tox|[from] Leech Seed|[of] p2a: Venusaur","|-heal|p2a: Venusaur|243/363|[silent]","|-damage|p1a: Garchomp|159/357 tox|[from] psn","|turn|8","|","|switch|p2a: Amoonguss|Amoonguss, M|431/431","|move|p1a: Garchomp|Dragon Claw|p2a: Amoonguss","|-damage|p2a: Amoonguss|226/431","|-damage|p1a: Garchomp|100/357 tox|[from] item: Rocky Helmet|[of] p2a: Amoonguss","|","|-damage|p1a: Garchomp|56/357 tox|[from] Leech Seed|[of] p2a: Amoonguss","|-heal|p2a: Amoonguss|270/431|[silent]","|-damage|p1a: Garchomp|0 fnt|[from] psn","|faint|p1a: Garchomp","|","|switch|p1a: Hydreigon|Hydreigon, M|325/325","|turn|9","|","|switch|p2a: Tentacruel|Tentacruel, M|301/301","|move|p1a: Hydreigon|Fire Blast|p2a: Tentacruel","|-resisted|p2a: Tentacruel","|-damage|p2a: Tentacruel|248/301","|","|-heal|p2a: Tentacruel|266/301|[from] item: Leftovers","|turn|10","|","|switch|p1a: Dragalge|Dragalge, M, shiny|330/330","|move|p2a: Tentacruel|Ice Beam|p1a: Dragalge","|-supereffective|p1a: Dragalge","|-damage|p1a: Dragalge|246/330","|","|-heal|p2a: Tentacruel|284/301|[from] item: Leftovers","|turn|11","|","|move|p2a: Tentacruel|Ice Beam|p1a: Dragalge","|-crit|p1a: Dragalge","|-supereffective|p1a: Dragalge","|-damage|p1a: Dragalge|122/330","|move|p1a: Dragalge|Hidden Power|p2a: Tentacruel","|-supereffective|p2a: Tentacruel","|-damage|p2a: Tentacruel|170/301","|","|-heal|p2a: Tentacruel|188/301|[from] item: Leftovers","|turn|12","|","|move|p2a: Tentacruel|Ice Beam|p1a: Dragalge","|-supereffective|p1a: Dragalge","|-damage|p1a: Dragalge|32/330","|move|p1a: Dragalge|Hidden Power|p2a: Tentacruel","|-supereffective|p2a: Tentacruel","|-damage|p2a: Tentacruel|82/301","|","|-heal|p2a: Tentacruel|100/301|[from] item: Leftovers","|turn|13","|","|move|p2a: Tentacruel|Ice Beam|p1a: Dragalge","|-supereffective|p1a: Dragalge","|-damage|p1a: Dragalge|0 fnt","|faint|p1a: Dragalge","|","|-heal|p2a: Tentacruel|118/301|[from] item: Leftovers","|","|switch|p1a: Tyrantrum|Tyrantrum, M, shiny|305/305","|turn|14","|","|move|p2a: Tentacruel|Toxic Spikes|p1a: Tyrantrum","|-sidestart|p1: valkoinen|move: Toxic Spikes","|move|p1a: Tyrantrum|Earthquake|p2a: Tentacruel","|-supereffective|p2a: Tentacruel","|-damage|p2a: Tentacruel|0 fnt","|faint|p2a: Tentacruel","|","|","|switch|p2a: Toxicroak|Toxicroak, M|369/369","|turn|15","|","|move|p1a: Tyrantrum|Earthquake|p2a: Toxicroak","|-crit|p2a: Toxicroak","|-supereffective|p2a: Toxicroak","|-damage|p2a: Toxicroak|0 fnt","|faint|p2a: Toxicroak","|","|","|switch|p2a: Venusaur|Venusaur-Mega, F|243/363","|turn|16","|","|move|p1a: Tyrantrum|Earthquake|p2a: Venusaur","|-damage|p2a: Venusaur|112/363","|move|p2a: Venusaur|Leech Seed|p1a: Tyrantrum","|-start|p1a: Tyrantrum|move: Leech Seed","|","|-damage|p1a: Tyrantrum|267/305|[from] Leech Seed|[of] p2a: Venusaur","|-heal|p2a: Venusaur|150/363|[silent]","|turn|17","|","|move|p1a: Tyrantrum|Earthquake|p2a: Venusaur","|-damage|p2a: Venusaur|10/363","|move|p2a: Venusaur|Giga Drain|p1a: Tyrantrum","|-damage|p1a: Tyrantrum|119/305","|-heal|p2a: Venusaur|84/363|[from] drain|[of] p1a: Tyrantrum","|","|-damage|p1a: Tyrantrum|81/305|[from] Leech Seed|[of] p2a: Venusaur","|-heal|p2a: Venusaur|122/363|[silent]","|turn|18","|","|switch|p2a: Gengar|Gengar, F|261/261","|move|p1a: Tyrantrum|Earthquake|p2a: Gengar","|-immune|p2a: Gengar|[msg]","|","|-damage|p1a: Tyrantrum|43/305|[from] Leech Seed|[of] p2a: Gengar","|turn|19","|","|switch|p1a: Hydreigon|Hydreigon, M|325/325","|move|p2a: Gengar|Sludge Wave|p1a: Hydreigon","|-damage|p1a: Hydreigon|133/325","|","|turn|20","|","|move|p1a: Hydreigon|Dark Pulse|p2a: Gengar","|-supereffective|p2a: Gengar","|-enditem|p2a: Gengar|Focus Sash","|-damage|p2a: Gengar|1/261","|move|p2a: Gengar|Sludge Wave|p1a: Hydreigon","|-damage|p1a: Hydreigon|0 fnt","|faint|p1a: Hydreigon","|","|","|switch|p1a: Kyurem-Black|Kyurem-Black, shiny|391/391 slp","|-ability|p1a: Kyurem-Black|Teravolt","|turn|21","|","|switch|p2a: Venusaur|Venusaur-Mega, F|122/363","|cant|p1a: Kyurem-Black|slp","|","|turn|22","|","|cant|p1a: Kyurem-Black|slp","|move|p2a: Venusaur|Leech Seed|p1a: Kyurem-Black|[miss]","|-miss|p2a: Venusaur|p1a: Kyurem-Black","|","|turn|23","|","|cant|p1a: Kyurem-Black|slp","|move|p2a: Venusaur|Leech Seed|p1a: Kyurem-Black|[miss]","|-miss|p2a: Venusaur|p1a: Kyurem-Black","|","|turn|24","|","|-curestatus|p1a: Kyurem-Black|slp","|move|p1a: Kyurem-Black|Outrage|p2a: Venusaur","|-damage|p2a: Venusaur|0 fnt","|faint|p2a: Venusaur","|","|","|switch|p2a: Amoonguss|Amoonguss, M|413/431","|turn|25","|","|move|p1a: Kyurem-Black|Outrage|p2a: Amoonguss","|-damage|p2a: Amoonguss|88/431","|-damage|p1a: Kyurem-Black|326/391|[from] item: Rocky Helmet|[of] p2a: Amoonguss","|move|p2a: Amoonguss|Spore|p1a: Kyurem-Black","|-status|p1a: Kyurem-Black|slp","|","|turn|26","|","|cant|p1a: Kyurem-Black|slp","|move|p2a: Amoonguss|Sludge Bomb|p1a: Kyurem-Black","|-crit|p1a: Kyurem-Black","|-damage|p1a: Kyurem-Black|100/391 slp","|","|turn|27","|","|-curestatus|p1a: Kyurem-Black|slp","|move|p1a: Kyurem-Black|Outrage|p2a: Amoonguss","|-damage|p2a: Amoonguss|0 fnt","|-damage|p1a: Kyurem-Black|35/391|[from] item: Rocky Helmet|[of] p2a: Amoonguss","|faint|p2a: Amoonguss","|","|","|switch|p2a: Gengar|Gengar, F|1/261","|turn|28","|","|move|p2a: Gengar|Sucker Punch|p1a: Kyurem-Black","|-damage|p1a: Kyurem-Black|0 fnt","|faint|p1a: Kyurem-Black","|","|","|switch|p1a: Tyrantrum|Tyrantrum, M, shiny|43/305","|-status|p1a: Tyrantrum|psn","|turn|29","|","|move|p2a: Gengar|Sucker Punch|p1a: Tyrantrum","|-damage|p1a: Tyrantrum|8/305 psn","|move|p1a: Tyrantrum|Head Smash|p2a: Gengar","|-damage|p2a: Gengar|0 fnt","|faint|p2a: Gengar","|","|win|valkoinen"],"p1rating":{"entryid":"7209054","serverid":"eos","formatid":"monotype","userid":"valkoinen","username":"valkoinen","w":4,"l":"14","t":"0","gxe":31.8,"r":1332.9760960296,"rd":74.649635028333,"sigma":"0","rptime":1438246800,"rpr":1353.3267796325,"rprd":73.462517233046,"rpsigma":"0","acre":1071.5719354403,"lacre":1071.5719354403,"oldacre":"1019.5924078613"},"p2rating":{"entryid":"7268014","serverid":"eos","formatid":"monotype","userid":"trainechief","username":"Traine✘ Chief","w":"7","l":4,"t":"0","gxe":53.5,"r":"1500","rd":"130","sigma":"0","rptime":"1438246800","rpr":1526.9390045896,"rprd":85.030253618264,"rpsigma":"0","acre":1132.769352205,"lacre":1132.769352205,"oldacre":"1167.8327159013"},"endType":"normal"}