{"seed":[24774,48039,34370,24916],"turns":25,"p1":"Marx Bot","p2":"DJGhоѕt","p1team":[{"name":"Charizard","species":"Charizard","item":"charizarditey","ability":"Blaze","moves":["airslash","fireblast","solarbeam","focusblast"],"nature":"Timid","evs":{"hp":0,"atk":0,"def":0,"spa":252,"spd":4,"spe":252},"ivs":{"hp":31,"atk":31,"def":31,"spa":31,"spd":31,"spe":31}},{"name":"Landorus","species":"Landorus","item":"lifeorb","ability":"Sheer Force","moves":["earthpower","psychic","focusblast","sludgewave"],"nature":"Timid","evs":{"hp":0,"atk":0,"def":0,"spa":252,"spd":4,"spe":252},"ivs":{"hp":31,"atk":31,"def":31,"spa":31,"spd":31,"spe":31}},{"name":"Defog","species":"skarmory","item":"rockyhelmet","ability":"Sturdy","moves":["bravebird","stealthrock","ironhead","defog"],"nature":"Adamant","evs":{"hp":232,"atk":252,"def":0,"spa":0,"spd":0,"spe":24},"ivs":{"hp":31,"atk":31,"def":31,"spa":31,"spd":31,"spe":31}},{"name":"Dragonite","species":"Dragonite","item":"yacheberry","ability":"Multiscale","moves":["earthquake","extremespeed","firepunch","outrage"],"nature":"Adamant","evs":{"hp":248,"atk":252,"def":0,"spa":0,"spd":8,"spe":0},"ivs":{"hp":31,"atk":31,"def":31,"spa":31,"spd":31,"spe":31}},{"name":"Tornadus-Therian","species":"Tornadus-Therian","item":"assaultvest","ability":"Regenerator","moves":["airslash","superpower","uturn","sludgewave"],"nature":"Mild","evs":{"hp":248,"atk":8,"def":0,"spa":252,"spd":0,"spe":0},"ivs":{"hp":31,"atk":31,"def":31,"spa":31,"spd":31,"spe":31}},{"name":"Honchkrow","species":"Honchkrow","item":"scopelens","ability":"Super Luck","moves":["bravebird","nightslash","suckerpunch","thunderwave"],"nature":"Adamant","evs":{"hp":248,"atk":252,"def":0,"spa":0,"spd":8,"spe":0},"ivs":{"hp":31,"atk":31,"def":31,"spa":31,"spd":31,"spe":31}}],"p2team":[{"name":"Manectric","species":"Manectric","item":"manectite","ability":"Lightning Rod","moves":["thunderbolt","overheat","voltswitch","hiddenpowerice"],"nature":"Hasty","evs":{"hp":0,"atk":4,"def":0,"spa":252,"spd":0,"spe":252},"ivs":{"hp":31,"atk":30,"def":30,"spa":31,"spd":31,"spe":31}},{"name":"Thundurus","species":"Thundurus","item":"choiceband","ability":"Prankster","moves":["wildcharge","knockoff","uturn","brickbreak"],"nature":"Jolly","evs":{"hp":0,"atk":252,"def":0,"spa":0,"spd":4,"spe":252},"ivs":{"hp":31,"atk":31,"def":31,"spa":31,"spd":31,"spe":31}},{"name":"Rotom-Wash","species":"Rotom-Wash","item":"choicescarf","ability":"Levitate","moves":["trick","hydropump","voltswitch","willowisp"],"nature":"Timid","evs":{"hp":0,"atk":0,"def":0,"spa":252,"spd":4,"spe":252},"ivs":{"hp":31,"atk":31,"def":31,"spa":31,"spd":31,"spe":31}},{"name":"Magnezone","species":"Magnezone","item":"leftovers","ability":"Magnet Pull","moves":["voltswitch","thunderbolt","hiddenpowerfire","flashcannon"],"nature":"Modest","evs":{"hp":252,"atk":0,"def":0,"spa":252,"spd":4,"spe":0},"ivs":{"hp":31,"atk":30,"def":31,"spa":30,"spd":31,"spe":30}},{"name":"Zebstrika","species":"Zebstrika","item":"lifeorb","ability":"Lightning Rod","moves":["thunderbolt","overheat","voltswitch","hiddenpowerice"],"nature":"Timid","evs":{"hp":0,"atk":0,"def":0,"spa":252,"spd":4,"spe":252},"ivs":{"hp":31,"atk":30,"def":30,"spa":31,"spd":31,"spe":31}},{"name":"Zapdos","species":"Zapdos","item":"leftovers","ability":"Pressure","moves":["heatwave","voltswitch","thunderbolt","roost"],"nature":"Modest","evs":{"hp":252,"atk":0,"def":0,"spa":252,"spd":4,"spe":0},"ivs":{"hp":31,"atk":31,"def":31,"spa":31,"spd":31,"spe":31}}],"log":["|player|p1|Marx Bot|238","|player|p2|DJGhоѕt|290","|gametype|singles","|gen|6","|tier|Monotype","|rated","|rule|Baton Pass Clause: Limit one Baton Passer, can't pass Spe and other stats simultaneously","|rule|Swagger Clause: Swagger is banned","|rule|Same Type Clause: Pokémon in a team must share a type","|clearpoke","|poke|p1|Charizard, M","|poke|p1|Landorus, M","|poke|p1|Skarmory, F","|poke|p1|Dragonite, M","|poke|p1|Tornadus-Therian, M","|poke|p1|Honchkrow, M","|poke|p2|Manectric, F","|poke|p2|Thundurus, M","|poke|p2|Rotom-Wash","|poke|p2|Magnezone","|poke|p2|Zebstrika, F","|poke|p2|Zapdos","|rule|Sleep Clause Mod: Limit one foe put to sleep","|rule|Species Clause: Limit one of each Pokémon","|rule|OHKO Clause: OHKO moves are banned","|rule|Moody Clause: Moody is banned","|rule|Evasion Moves Clause: Evasion moves are banned","|rule|Endless Battle Clause: Forcing endless battles is banned","|rule|HP Percentage Mod: HP is shown in percentages","|teampreview","|","|start","|switch|p1a: Defog|Skarmory, F|329/329","|switch|p2a: Rotom-Wash|Rotom-Wash|241/241","|turn|1","|","|move|p2a: Rotom-Wash|Trick|p1a: Defog","|-activate|p2a: Rotom-Wash|move: Trick|[of] p1a: Defog","|-item|p1a: Defog|Choice Scarf|[from] move: Trick","|-item|p2a: Rotom-Wash|Rocky Helmet|[from] move: Trick","|move|p1a: Defog|Stealth Rock|p2a: Rotom-Wash","|-sidestart|p2: DJGhоѕt|move: Stealth Rock","|","|turn|2","|","|switch|p1a: Tornadus-Therian|Tornadus-Therian, M|361/361","|move|p2a: Rotom-Wash|Volt Switch|p1a: Tornadus-Therian","|-supereffective|p1a: Tornadus-Therian","|-damage|p1a: Tornadus-Therian|211/361","|","|switch|p2a: Zapdos|Zapdos|384/384","|-damage|p2a: Zapdos|288/384|[from] Stealth Rock","|-ability|p2a: Zapdos|Pressure","|","|-heal|p2a: Zapdos|312/384|[from] item: Leftovers","|turn|3","|","|move|p1a: Tornadus-Therian|U-turn|p2a: Zapdos","|-resisted|p2a: Zapdos","|-damage|p2a: Zapdos|282/384","|","|switch|p1a: Landorus|Landorus, M|319/319","|move|p2a: Zapdos|Thunderbolt|p1a: Landorus","|-immune|p1a: Landorus|[msg]","|","|-heal|p2a: Zapdos|306/384|[from] item: Leftovers","|turn|4","|","|switch|p2a: Magnezone|Magnezone|344/344","|-damage|p2a: Magnezone|323/344|[from] Stealth Rock","|move|p1a: Landorus|Sludge Wave|p2a: Magnezone","|-immune|p2a: Magnezone|[msg]","|","|-heal|p2a: Magnezone|344/344|[from] item: Leftovers","|turn|5","|","|switch|p2a: Rotom-Wash|Rotom-Wash|241/241","|-damage|p2a: Rotom-Wash|211/241|[from] Stealth Rock","|move|p1a: Landorus|Focus Blast|p2a: Rotom-Wash|[miss]","|-miss|p1a: Landorus|p2a: Rotom-Wash","|","|turn|6","|","|switch|p1a: Defog|Skarmory, F|329/329","|move|p2a: Rotom-Wash|Hydro Pump|p1a: Defog|[miss]","|-miss|p2a: Rotom-Wash|p1a: Defog","|","|turn|7","|","|switch|p2a: Magnezone|Magnezone|344/344","|-damage|p2a: Magnezone|323/344|[from] Stealth Rock","|move|p1a: Defog|Brave Bird|p2a: Magnezone","|-resisted|p2a: Magnezone","|-damage|p2a: Magnezone|284/344","|-damage|p1a: Defog|316/329|[from] recoil|[of] p2a: Magnezone","|","|-heal|p2a: Magnezone|305/344|[from] item: Leftovers","|turn|8","|","|move|p1a: Defog|Brave Bird|p2a: Magnezone","|-resisted|p2a: Magnezone","|-damage|p2a: Magnezone|267/344","|-damage|p1a: Defog|303/329|[from] recoil|[of] p2a: Magnezone","|move|p2a: Magnezone|Thunderbolt|p1a: Defog","|-supereffective|p1a: Defog","|-damage|p1a: Defog|0 fnt","|faint|p1a: Defog","|","|-heal|p2a: Magnezone|288/344|[from] item: Leftovers","|","|switch|p1a: Landorus|Landorus, M|319/319","|turn|9","|","|switch|p2a: Thundurus|Thundurus, M|299/299","|-damage|p2a: Thundurus|225/299|[from] Stealth Rock","|move|p1a: Landorus|Earth Power|p2a: Thundurus","|-immune|p2a: Thundurus|[msg]","|","|turn|10","|","|switch|p1a: Tornadus-Therian|Tornadus-Therian, M|331/361","|move|p2a: Thundurus|U-turn|p1a: Tornadus-Therian","|-resisted|p1a: Tornadus-Therian","|-damage|p1a: Tornadus-Therian|255/361","|","|switch|p2a: Rotom-Wash|Rotom-Wash|211/241","|-damage|p2a: Rotom-Wash|181/241|[from] Stealth Rock","|","|turn|11","|","|move|p2a: Rotom-Wash|Hydro Pump|p1a: Tornadus-Therian","|-damage|p1a: Tornadus-Therian|141/361","|move|p1a: Tornadus-Therian|U-turn|p2a: Rotom-Wash","|-damage|p2a: Rotom-Wash|125/241","|-damage|p1a: Tornadus-Therian|81/361|[from] item: Rocky Helmet|[of] p2a: Rotom-Wash","|","|switch|p1a: Charizard|Charizard, M|297/297","|","|turn|12","|","|detailschange|p1a: Charizard|Charizard-Mega-Y, M","|-mega|p1a: Charizard|Charizard|Charizardite Y","|-weather|SunnyDay","|move|p1a: Charizard|Solar Beam|p2a: Rotom-Wash|[still]","|-prepare|p1a: Charizard|Solar Beam|p2a: Rotom-Wash","|-anim|p1a: Charizard|Solar Beam|p2a: Rotom-Wash","|-supereffective|p2a: Rotom-Wash","|-damage|p2a: Rotom-Wash|0 fnt","|faint|p2a: Rotom-Wash","|","|-weather|SunnyDay|[upkeep]","|","|switch|p2a: Zebstrika|Zebstrika, F|291/291","|-damage|p2a: Zebstrika|255/291|[from] Stealth Rock","|turn|13","|","|switch|p1a: Landorus|Landorus, M|319/319","|move|p2a: Zebstrika|Thunderbolt|p1a: Landorus","|-immune|p1a: Landorus|[msg]","|","|-weather|SunnyDay|[upkeep]","|turn|14","|","|move|p2a: Zebstrika|Hidden Power|p1a: Landorus","|-supereffective|p1a: Landorus","|-damage|p1a: Landorus|17/319","|-damage|p2a: Zebstrika|226/291|[from] item: Life Orb","|move|p1a: Landorus|Earth Power|p2a: Zebstrika","|-supereffective|p2a: Zebstrika","|-damage|p2a: Zebstrika|0 fnt","|faint|p2a: Zebstrika","|","|-weather|SunnyDay|[upkeep]","|","|switch|p2a: Manectric|Manectric, F|281/281","|-damage|p2a: Manectric|246/281|[from] Stealth Rock","|turn|15","|","|detailschange|p2a: Manectric|Manectric-Mega, F","|-mega|p2a: Manectric|Manectric|Manectite","|-ability|p2a: Manectric|Intimidate","|-unboost|p1a: Landorus|atk|1","|move|p2a: Manectric|Hidden Power|p1a: Landorus","|-supereffective|p1a: Landorus","|-damage|p1a: Landorus|0 fnt","|faint|p1a: Landorus","|","|-weather|SunnyDay|[upkeep]","|","|switch|p1a: Dragonite|Dragonite, M|385/385","|turn|16","|","|move|p2a: Manectric|Volt Switch|p1a: Dragonite","|-damage|p1a: Dragonite|318/385","|","|switch|p2a: Thundurus|Thundurus, M|225/299","|-damage|p2a: Thundurus|151/299|[from] Stealth Rock","|move|p1a: Dragonite|Earthquake|p2a: Thundurus","|-immune|p2a: Thundurus|[msg]","|","|-weather|none","|turn|17","|","|switch|p1a: Tornadus-Therian|Tornadus-Therian, M|201/361","|move|p2a: Thundurus|Wild Charge|p1a: Tornadus-Therian","|-supereffective|p1a: Tornadus-Therian","|-damage|p1a: Tornadus-Therian|0 fnt","|-damage|p2a: Thundurus|101/299|[from] recoil|[of] p1a: Tornadus-Therian","|faint|p1a: Tornadus-Therian","|","|","|switch|p1a: Honchkrow|Honchkrow, M|403/403","|turn|18","|","|switch|p2a: Manectric|Manectric-Mega, F|246/281","|-damage|p2a: Manectric|211/281|[from] Stealth Rock","|-ability|p2a: Manectric|Intimidate","|-unboost|p1a: Honchkrow|atk|1","|move|p1a: Honchkrow|Sucker Punch|p2a: Manectric","|-fail|p1a: Honchkrow","|","|turn|19","|","|move|p1a: Honchkrow|Sucker Punch|p2a: Manectric","|-crit|p2a: Manectric","|-damage|p2a: Manectric|0 fnt","|faint|p2a: Manectric","|","|","|switch|p2a: Zapdos|Zapdos|306/384","|-damage|p2a: Zapdos|210/384|[from] Stealth Rock","|-ability|p2a: Zapdos|Pressure","|turn|20","|","|move|p1a: Honchkrow|Sucker Punch|p2a: Zapdos","|-fail|p1a: Honchkrow","|move|p2a: Zapdos|Roost|p2a: Zapdos","|-heal|p2a: Zapdos|384/384","|","|turn|21","|","|move|p1a: Honchkrow|Sucker Punch|p2a: Zapdos","|-damage|p2a: Zapdos|261/384","|move|p2a: Zapdos|Thunderbolt|p1a: Honchkrow","|-supereffective|p1a: Honchkrow","|-damage|p1a: Honchkrow|0 fnt","|faint|p1a: Honchkrow","|","|-heal|p2a: Zapdos|285/384|[from] item: Leftovers","|","|switch|p1a: Dragonite|Dragonite, M|318/385","|turn|22","|","|move|p2a: Zapdos|Thunderbolt|p1a: Dragonite","|-damage|p1a: Dragonite|138/385","|move|p1a: Dragonite|Outrage|p2a: Zapdos","|-damage|p2a: Zapdos|0 fnt","|faint|p2a: Zapdos","|","|","|switch|p2a: Magnezone|Magnezone|288/344","|-damage|p2a: Magnezone|267/344|[from] Stealth Rock","|turn|23","|","|move|p1a: Dragonite|Outrage|p2a: Magnezone","|-resisted|p2a: Magnezone","|-damage|p2a: Magnezone|165/344","|move|p2a: Magnezone|Thunderbolt|p1a: Dragonite","|-damage|p1a: Dragonite|0 fnt","|faint|p1a: Dragonite","|","|-heal|p2a: Magnezone|186/344|[from] item: Leftovers","|","|switch|p1a: Charizard|Charizard-Mega-Y, M|297/297","|-weather|SunnyDay","|turn|24","|","|move|p1a: Charizard|Fire Blast|p2a: Magnezone","|-supereffective|p2a: Magnezone","|-damage|p2a: Magnezone|0 fnt","|faint|p2a: Magnezone","|","|-weather|SunnyDay|[upkeep]","|","|switch|p2a: Thundurus|Thundurus, M|101/299","|-damage|p2a: Thundurus|27/299|[from] Stealth Rock","|turn|25","|","|move|p2a: Thundurus|Wild Charge|p1a: Charizard","|-supereffective|p1a: Charizard","|-damage|p1a: Charizard|0 fnt","|-damage|p2a: Thundurus|0 fnt|[from] recoil|[of] p1a: Charizard","|faint|p1a: Charizard","|faint|p2a: Thundurus","|","|win|DJGhоѕt"],"p1rating":{"entryid":"5765428","serverid":"eos","formatid":"monotype","userid":"marxbot","username":"Marx Bot","w":"190","l":284,"t":"0","gxe":41,"r":"1438.5252262905","rd":"25.361092107237","sigma":"0","rptime":"1438246800","rpr":1431.344804701,"rprd":25.06829757181,"rpsigma":"0","acre":1054.393230505,"lacre":1054.393230505,"oldacre":"1081.8154838998"},"p2rating":{"entryid":"7278678","serverid":"eos","formatid":"monotype","userid":"djght","username":"DJGhоѕt","w":1,"l":"2","t":"0","gxe":45.4,"r":"1500","rd":"130","sigma":"0","rptime":"1438246800","rpr":1463.6797508654,"rprd":110.89908109315,"rpsigma":"0","acre":1049.2490233835,"lacre":1049.2490233835,"oldacre":"1000"},"endType":"normal"}