{"seed":[17875,64871,43134,4197],"turns":29,"p1":"Wаrden Arguѕ","p2":"Traine✘ Chief","p1team":[{"name":"Sableye","species":"Sableye","item":"leftovers","ability":"Prankster","moves":["knockoff","willowisp","recover","taunt"],"nature":"Bold","evs":{"hp":228,"atk":0,"def":252,"spa":0,"spd":0,"spe":28},"gender":"M","ivs":{"hp":31,"atk":0,"def":31,"spa":31,"spd":31,"spe":31}},{"name":"Aegislash","species":"Aegislash","item":"weaknesspolicy","ability":"Stance Change","moves":["kingsshield","sacredsword","shadowball","shadowsneak"],"nature":"Lonely","evs":{"hp":0,"atk":252,"def":0,"spa":240,"spd":0,"spe":16},"gender":"M","shiny":true,"ivs":{"hp":31,"atk":31,"def":31,"spa":31,"spd":31,"spe":31}},{"name":"Jellicent","species":"Jellicent","item":"leftovers","ability":"Cursed Body","moves":["toxic","scald","recover","acidarmor"],"nature":"Calm","evs":{"hp":252,"atk":0,"def":0,"spa":0,"spd":252,"spe":4},"gender":"M","ivs":{"hp":31,"atk":0,"def":31,"spa":31,"spd":31,"spe":31},"shiny":true},{"name":"Golurk","species":"Golurk","item":"focussash","ability":"No Guard","moves":["stealthrock","stoneedge","dynamicpunch","curse"],"nature":"Adamant","evs":{"hp":0,"atk":252,"def":0,"spa":0,"spd":4,"spe":252},"shiny":true,"ivs":{"hp":31,"atk":31,"def":31,"spa":31,"spd":31,"spe":31}},{"name":"Chandelure","species":"Chandelure","item":"choicescarf","ability":"Infiltrator","moves":["flamethrower","shadowball","energyball","trick"],"nature":"Modest","evs":{"hp":0,"atk":0,"def":0,"spa":252,"spd":4,"spe":252},"gender":"F","ivs":{"hp":31,"atk":0,"def":31,"spa":31,"spd":31,"spe":31}},{"name":"Gengar","species":"Gengar","item":"focussash","ability":"Levitate","moves":["destinybond","sludgebomb","shadowball","energyball"],"nature":"Timid","evs":{"hp":0,"atk":0,"def":0,"spa":252,"spd":4,"spe":252},"gender":"F","ivs":{"hp":31,"atk":0,"def":31,"spa":31,"spd":31,"spe":31},"shiny":true}],"p2team":[{"name":"Ninetales","species":"Ninetales","item":"choicescarf","ability":"Drought","moves":["solarbeam","fireblast","psyshock","darkpulse"],"nature":"Timid","evs":{"hp":0,"atk":0,"def":0,"spa":252,"spd":4,"spe":252},"ivs":{"hp":31,"atk":31,"def":31,"spa":31,"spd":31,"spe":31}},{"name":"Charizard","species":"Charizard","item":"charizarditey","ability":"Solar Power","moves":["fireblast","flamecharge","dragondance","earthquake"],"nature":"Lonely","evs":{"hp":0,"atk":252,"def":0,"spa":4,"spd":0,"spe":252},"ivs":{"hp":31,"atk":31,"def":31,"spa":31,"spd":31,"spe":31}},{"name":"Rotom-Heat","species":"Rotom-Heat","item":"leftovers","ability":"Levitate","moves":["thunderbolt","willowisp","voltswitch","thunderwave"],"nature":"Calm","evs":{"hp":248,"atk":0,"def":0,"spa":8,"spd":252,"spe":0},"ivs":{"hp":31,"atk":31,"def":31,"spa":31,"spd":31,"spe":31}},{"name":"Chandelure","species":"Chandelure","item":"choicescarf","ability":"Infiltrator","moves":["energyball","flamethrower","shadowball","trick"],"nature":"Timid","evs":{"hp":0,"atk":0,"def":0,"spa":252,"spd":4,"spe":252},"ivs":{"hp":31,"atk":31,"def":31,"spa":31,"spd":31,"spe":31}},{"name":"Heatran","species":"Heatran","item":"leftovers","ability":"Flash Fire","moves":["solarbeam","flamecharge","eruption","flashcannon"],"nature":"Quiet","evs":{"hp":252,"atk":4,"def":0,"spa":252,"spd":0,"spe":0},"ivs":{"hp":31,"atk":31,"def":31,"spa":31,"spd":31,"spe":31}},{"name":"Infernape","species":"Infernape","item":"lifeorb","ability":"Blaze","moves":["fakeout","closecombat","machpunch","firepunch"],"nature":"Jolly","evs":{"hp":0,"atk":252,"def":0,"spa":0,"spd":4,"spe":252},"ivs":{"hp":31,"atk":31,"def":31,"spa":31,"spd":31,"spe":31}}],"log":["|player|p1|Wаrden Arguѕ|144","|player|p2|Traine✘ Chief|127","|gametype|singles","|gen|6","|tier|Monotype","|rated","|rule|Baton Pass Clause: Limit one Baton Passer, can't pass Spe and other stats simultaneously","|rule|Swagger Clause: Swagger is banned","|rule|Same Type Clause: Pokémon in a team must share a type","|clearpoke","|poke|p1|Sableye, M","|poke|p1|Aegislash, M, shiny","|poke|p1|Jellicent, M, shiny","|poke|p1|Golurk, shiny","|poke|p1|Chandelure, F","|poke|p1|Gengar, F, shiny","|poke|p2|Ninetales, M","|poke|p2|Charizard, M","|poke|p2|Rotom-Heat","|poke|p2|Chandelure, M","|poke|p2|Heatran, M","|poke|p2|Infernape, M","|rule|Sleep Clause Mod: Limit one foe put to sleep","|rule|Species Clause: Limit one of each Pokémon","|rule|OHKO Clause: OHKO moves are banned","|rule|Moody Clause: Moody is banned","|rule|Evasion Moves Clause: Evasion moves are banned","|rule|Endless Battle Clause: Forcing endless battles is banned","|rule|HP Percentage Mod: HP is shown in percentages","|teampreview","|","|start","|switch|p1a: Golurk|Golurk, shiny|319/319","|switch|p2a: Ninetales|Ninetales, M|287/287","|-weather|SunnyDay","|turn|1","|","|move|p2a: Ninetales|Solar Beam|p1a: Golurk|[still]","|-prepare|p2a: Ninetales|Solar Beam|p1a: Golurk","|-anim|p2a: Ninetales|Solar Beam|p1a: Golurk","|-supereffective|p1a: Golurk","|-damage|p1a: Golurk|67/319","|move|p1a: Golurk|Stealth Rock|p2a: Ninetales","|-sidestart|p2: Traine✘ Chief|move: Stealth Rock","|","|-weather|SunnyDay|[upkeep]","|turn|2","|","|switch|p1a: Jellicent|Jellicent, M, shiny|404/404","|move|p2a: Ninetales|Solar Beam|p1a: Jellicent|[still]","|-prepare|p2a: Ninetales|Solar Beam|p1a: Jellicent","|-anim|p2a: Ninetales|Solar Beam|p1a: Jellicent","|-supereffective|p1a: Jellicent","|-damage|p1a: Jellicent|254/404","|","|-weather|SunnyDay|[upkeep]","|-heal|p1a: Jellicent|279/404|[from] item: Leftovers","|turn|3","|","|move|p2a: Ninetales|Solar Beam|p1a: Jellicent|[still]","|-prepare|p2a: Ninetales|Solar Beam|p1a: Jellicent","|-anim|p2a: Ninetales|Solar Beam|p1a: Jellicent","|-supereffective|p1a: Jellicent","|-damage|p1a: Jellicent|123/404","|-start|p2a: Ninetales|Disable|Solar Beam","|move|p1a: Jellicent|Toxic|p2a: Ninetales","|-status|p2a: Ninetales|tox","|","|-weather|SunnyDay|[upkeep]","|-heal|p1a: Jellicent|148/404|[from] item: Leftovers","|-damage|p2a: Ninetales|270/287 tox|[from] psn","|turn|4","|","|switch|p2a: Heatran|Heatran, M|386/386","|-damage|p2a: Heatran|338/386|[from] Stealth Rock","|move|p1a: Jellicent|Recover|p1a: Jellicent","|-heal|p1a: Jellicent|350/404","|","|-weather|SunnyDay|[upkeep]","|-heal|p2a: Heatran|362/386|[from] item: Leftovers","|-heal|p1a: Jellicent|375/404|[from] item: Leftovers","|turn|5","|","|switch|p1a: Golurk|Golurk, shiny|67/319","|move|p2a: Heatran|Eruption|p1a: Golurk","|-damage|p1a: Golurk|0 fnt","|faint|p1a: Golurk","|","|-weather|none","|-heal|p2a: Heatran|386/386|[from] item: Leftovers","|","|switch|p1a: Jellicent|Jellicent, M, shiny|375/404","|turn|6","|","|switch|p2a: Ninetales|Ninetales, M|270/287 tox","|-damage|p2a: Ninetales|199/287 tox|[from] Stealth Rock","|-weather|SunnyDay","|move|p1a: Jellicent|Scald|p2a: Ninetales","|-supereffective|p2a: Ninetales","|-damage|p2a: Ninetales|119/287 tox","|","|-weather|SunnyDay|[upkeep]","|-heal|p1a: Jellicent|400/404|[from] item: Leftovers","|-damage|p2a: Ninetales|102/287 tox|[from] psn","|turn|7","|","|move|p2a: Ninetales|Fire Blast|p1a: Jellicent","|-resisted|p1a: Jellicent","|-damage|p1a: Jellicent|321/404","|-status|p1a: Jellicent|brn","|move|p1a: Jellicent|Recover|p1a: Jellicent","|-heal|p1a: Jellicent|404/404 brn","|","|-weather|SunnyDay|[upkeep]","|-damage|p2a: Ninetales|68/287 tox|[from] psn","|-damage|p1a: Jellicent|354/404 brn|[from] brn","|turn|8","|","|move|p2a: Ninetales|Fire Blast|p1a: Jellicent|[miss]","|-miss|p2a: Ninetales|p1a: Jellicent","|move|p1a: Jellicent|Recover|p1a: Jellicent","|-heal|p1a: Jellicent|404/404 brn","|","|-weather|SunnyDay|[upkeep]","|-damage|p2a: Ninetales|17/287 tox|[from] psn","|-damage|p1a: Jellicent|354/404 brn|[from] brn","|turn|9","|","|move|p2a: Ninetales|Fire Blast|p1a: Jellicent","|-resisted|p1a: Jellicent","|-damage|p1a: Jellicent|279/404 brn","|-start|p2a: Ninetales|Disable|Fire Blast","|move|p1a: Jellicent|Recover|p1a: Jellicent","|-heal|p1a: Jellicent|404/404 brn","|","|-weather|SunnyDay|[upkeep]","|-damage|p2a: Ninetales|0 fnt|[from] psn","|-damage|p1a: Jellicent|354/404 brn|[from] brn","|faint|p2a: Ninetales","|","|switch|p2a: Charizard|Charizard, M|297/297","|-damage|p2a: Charizard|149/297|[from] Stealth Rock","|turn|10","|","|detailschange|p2a: Charizard|Charizard-Mega-Y, M","|-mega|p2a: Charizard|Charizard|Charizardite Y","|move|p2a: Charizard|Dragon Dance|p2a: Charizard","|-boost|p2a: Charizard|atk|1","|-boost|p2a: Charizard|spe|1","|move|p1a: Jellicent|Recover|p1a: Jellicent","|-heal|p1a: Jellicent|404/404 brn","|","|-weather|none","|-damage|p1a: Jellicent|354/404 brn|[from] brn","|turn|11","|","|move|p2a: Charizard|Earthquake|p1a: Jellicent","|-damage|p1a: Jellicent|126/404 brn","|move|p1a: Jellicent|Toxic|p2a: Charizard","|-status|p2a: Charizard|tox","|","|-heal|p1a: Jellicent|151/404 brn|[from] item: Leftovers","|-damage|p2a: Charizard|131/297 tox|[from] psn","|-damage|p1a: Jellicent|101/404 brn|[from] brn","|turn|12","|","|move|p2a: Charizard|Flame Charge|p1a: Jellicent","|-resisted|p1a: Jellicent","|-damage|p1a: Jellicent|20/404 brn","|-boost|p2a: Charizard|spe|1","|move|p1a: Jellicent|Recover|p1a: Jellicent","|-heal|p1a: Jellicent|222/404 brn","|","|-heal|p1a: Jellicent|247/404 brn|[from] item: Leftovers","|-damage|p2a: Charizard|95/297 tox|[from] psn","|-damage|p1a: Jellicent|197/404 brn|[from] brn","|turn|13","|","|switch|p1a: Sableye|Sableye, M|298/298","|move|p2a: Charizard|Earthquake|p1a: Sableye","|-damage|p1a: Sableye|151/298","|","|-heal|p1a: Sableye|169/298|[from] item: Leftovers","|-damage|p2a: Charizard|41/297 tox|[from] psn","|turn|14","|","|move|p1a: Sableye|Recover|p1a: Sableye","|-heal|p1a: Sableye|298/298","|move|p2a: Charizard|Fire Blast|p1a: Sableye|[miss]","|-miss|p2a: Charizard|p1a: Sableye","|","|-damage|p2a: Charizard|0 fnt|[from] psn","|faint|p2a: Charizard","|","|switch|p2a: Heatran|Heatran, M|386/386","|-damage|p2a: Heatran|338/386|[from] Stealth Rock","|turn|15","|","|move|p2a: Heatran|Flame Charge|p1a: Sableye","|-damage|p1a: Sableye|247/298","|-boost|p2a: Heatran|spe|1","|move|p1a: Sableye|Knock Off|p2a: Heatran","|-damage|p2a: Heatran|275/386","|-enditem|p2a: Heatran|Leftovers|[from] move: Knock Off|[of] p1a: Sableye","|","|-heal|p1a: Sableye|265/298|[from] item: Leftovers","|turn|16","|","|move|p2a: Heatran|Eruption|p1a: Sableye","|-damage|p1a: Sableye|0 fnt","|faint|p1a: Sableye","|","|","|switch|p1a: Jellicent|Jellicent, M, shiny|197/404 brn","|turn|17","|","|move|p2a: Heatran|Eruption|p1a: Jellicent","|-resisted|p1a: Jellicent","|-damage|p1a: Jellicent|120/404 brn","|-start|p2a: Heatran|Disable|Eruption","|move|p1a: Jellicent|Recover|p1a: Jellicent","|-heal|p1a: Jellicent|322/404 brn","|","|-heal|p1a: Jellicent|347/404 brn|[from] item: Leftovers","|-damage|p1a: Jellicent|297/404 brn|[from] brn","|turn|18","|","|move|p2a: Heatran|Solar Beam|p1a: Jellicent|[still]","|-prepare|p2a: Heatran|Solar Beam|p1a: Jellicent","|move|p1a: Jellicent|Scald|p2a: Heatran","|-supereffective|p2a: Heatran","|-damage|p2a: Heatran|113/386","|","|-heal|p1a: Jellicent|322/404 brn|[from] item: Leftovers","|-damage|p1a: Jellicent|272/404 brn|[from] brn","|turn|19","|","|move|p2a: Heatran|Solar Beam|p1a: Jellicent","|-supereffective|p1a: Jellicent","|-damage|p1a: Jellicent|64/404 brn","|move|p1a: Jellicent|Recover|p1a: Jellicent","|-heal|p1a: Jellicent|266/404 brn","|","|-heal|p1a: Jellicent|291/404 brn|[from] item: Leftovers","|-damage|p1a: Jellicent|241/404 brn|[from] brn","|turn|20","|","|move|p2a: Heatran|Solar Beam|p1a: Jellicent|[still]","|-prepare|p2a: Heatran|Solar Beam|p1a: Jellicent","|move|p1a: Jellicent|Recover|p1a: Jellicent","|-heal|p1a: Jellicent|404/404 brn","|","|-damage|p1a: Jellicent|354/404 brn|[from] brn","|turn|21","|","|move|p2a: Heatran|Solar Beam|p1a: Jellicent","|-supereffective|p1a: Jellicent","|-damage|p1a: Jellicent|122/404 brn","|move|p1a: Jellicent|Recover|p1a: Jellicent","|-heal|p1a: Jellicent|324/404 brn","|","|-heal|p1a: Jellicent|349/404 brn|[from] item: Leftovers","|-damage|p1a: Jellicent|299/404 brn|[from] brn","|-end|p2a: Heatran|Disable","|turn|22","|","|move|p2a: Heatran|Solar Beam|p1a: Jellicent|[still]","|-prepare|p2a: Heatran|Solar Beam|p1a: Jellicent","|move|p1a: Jellicent|Scald|p2a: Heatran","|-supereffective|p2a: Heatran","|-damage|p2a: Heatran|0 fnt","|faint|p2a: Heatran","|","|-heal|p1a: Jellicent|324/404 brn|[from] item: Leftovers","|-damage|p1a: Jellicent|274/404 brn|[from] brn","|","|switch|p2a: Chandelure|Chandelure, M|261/261","|-damage|p2a: Chandelure|196/261|[from] Stealth Rock","|turn|23","|","|move|p2a: Chandelure|Trick|p1a: Jellicent","|-activate|p2a: Chandelure|move: Trick|[of] p1a: Jellicent","|-item|p1a: Jellicent|Choice Scarf|[from] move: Trick","|-item|p2a: Chandelure|Leftovers|[from] move: Trick","|move|p1a: Jellicent|Scald|p2a: Chandelure","|-supereffective|p2a: Chandelure","|-damage|p2a: Chandelure|22/261","|","|-heal|p2a: Chandelure|38/261|[from] item: Leftovers","|-damage|p1a: Jellicent|224/404 brn|[from] brn","|turn|24","|","|move|p2a: Chandelure|Shadow Ball|p1a: Jellicent","|-supereffective|p1a: Jellicent","|-damage|p1a: Jellicent|0 fnt","|faint|p1a: Jellicent","|","|-heal|p2a: Chandelure|54/261|[from] item: Leftovers","|","|switch|p1a: Chandelure|Chandelure, F|261/261","|turn|25","|","|move|p1a: Chandelure|Shadow Ball|p2a: Chandelure","|-supereffective|p2a: Chandelure","|-damage|p2a: Chandelure|0 fnt","|faint|p2a: Chandelure","|","|","|switch|p2a: Rotom-Heat|Rotom-Heat|303/303","|-damage|p2a: Rotom-Heat|228/303|[from] Stealth Rock","|turn|26","|","|move|p1a: Chandelure|Shadow Ball|p2a: Rotom-Heat","|-damage|p2a: Rotom-Heat|110/303","|-unboost|p2a: Rotom-Heat|spd|1","|move|p2a: Rotom-Heat|Thunder Wave|p1a: Chandelure","|-status|p1a: Chandelure|par","|","|-heal|p2a: Rotom-Heat|128/303|[from] item: Leftovers","|turn|27","|","|move|p2a: Rotom-Heat|Thunderbolt|p1a: Chandelure","|-damage|p1a: Chandelure|135/261 par","|move|p1a: Chandelure|Shadow Ball|p2a: Rotom-Heat","|-damage|p2a: Rotom-Heat|0 fnt","|faint|p2a: Rotom-Heat","|","|","|switch|p2a: Infernape|Infernape, M|293/293","|-damage|p2a: Infernape|257/293|[from] Stealth Rock","|turn|28","|","|move|p2a: Infernape|Fire Punch|p1a: Chandelure","|-crit|p1a: Chandelure","|-resisted|p1a: Chandelure","|-damage|p1a: Chandelure|2/261 par","|-damage|p2a: Infernape|228/293|[from] item: Life Orb","|move|p1a: Chandelure|Shadow Ball|p2a: Infernape","|-damage|p2a: Infernape|23/293","|","|turn|29","|","|switch|p1a: Gengar|Gengar, F, shiny|261/261","|move|p2a: Infernape|Fire Punch|p1a: Gengar","|-enditem|p1a: Gengar|Focus Sash","|-damage|p1a: Gengar|1/261","|-damage|p2a: Infernape|0 fnt|[from] item: Life Orb","|faint|p2a: Infernape","|","|win|Wаrden Arguѕ"],"p1rating":{"entryid":"7252450","serverid":"eos","formatid":"monotype","userid":"wrdenargu","username":"Wаrden Arguѕ","w":41,"l":"7","t":"0","gxe":78.7,"r":"1734.3716784252","rd":"56.692445093201","sigma":"0","rptime":"1438246800","rpr":1748.4086023996,"rprd":51.351929020422,"rpsigma":"0","acre":1425.149457782,"lacre":1425.149457782,"oldacre":"1418.341116785"},"p2rating":{"entryid":"7268014","serverid":"eos","formatid":"monotype","userid":"trainechief","username":"Traine✘ Chief","w":"10","l":8,"t":"0","gxe":52.5,"r":"1500","rd":"130","sigma":"0","rptime":"1438246800","rpr":1519.4210198949,"rprd":73.498701139591,"rpsigma":"0","acre":1134.6356262384,"lacre":1134.6356262384,"oldacre":"1143.1460524846"},"endType":"normal"}