{"seed":[4470,38785,13247,48797],"turns":32,"p1":"Zukushiku","p2":"SWL Drake","p1team":[{"name":"Banette","species":"Banette","item":"banettite","ability":"Frisk","moves":["taunt","shadowclaw","willowisp","destinybond"],"nature":"Adamant","evs":{"hp":168,"atk":252,"def":0,"spa":0,"spd":0,"spe":88},"ivs":{"hp":31,"atk":31,"def":31,"spa":31,"spd":31,"spe":31}},{"name":"Sableye","species":"Sableye","item":"leftovers","ability":"Prankster","moves":["recover","willowisp","taunt","foulplay"],"nature":"Calm","evs":{"hp":252,"atk":0,"def":0,"spa":0,"spd":232,"spe":24},"ivs":{"hp":31,"atk":31,"def":31,"spa":31,"spd":31,"spe":31}},{"name":"Spiritomb","species":"Spiritomb","item":"leftovers","ability":"Infiltrator","moves":["willowisp","foulplay","rest","sleeptalk"],"nature":"Impish","evs":{"hp":252,"atk":0,"def":252,"spa":0,"spd":0,"spe":4},"shiny":true,"ivs":{"hp":31,"atk":31,"def":31,"spa":31,"spd":31,"spe":31}},{"name":"Jellicent","species":"Jellicent","item":"leftovers","ability":"Water Absorb","moves":["taunt","toxic","recover","scald"],"nature":"Calm","evs":{"hp":248,"atk":0,"def":0,"spa":0,"spd":216,"spe":44},"gender":"F","ivs":{"hp":31,"atk":0,"def":31,"spa":31,"spd":31,"spe":31},"shiny":true},{"name":"Golurk","species":"Golurk","item":"leftovers","ability":"Iron Fist","moves":["stealthrock","earthquake","icepunch","drainpunch"],"nature":"Impish","evs":{"hp":252,"atk":76,"def":176,"spa":0,"spd":0,"spe":4},"ivs":{"hp":31,"atk":31,"def":31,"spa":31,"spd":31,"spe":31}},{"name":"Chandelure","species":"Chandelure","item":"lifeorb","ability":"Flash Fire","moves":["painsplit","shadowball","fireblast","taunt"],"nature":"Timid","evs":{"hp":160,"atk":0,"def":0,"spa":136,"spd":0,"spe":212},"ivs":{"hp":31,"atk":0,"def":31,"spa":31,"spd":31,"spe":31},"shiny":true}],"p2team":[{"name":"Azumarill","species":"Azumarill","item":"sitrusberry","ability":"Huge Power","moves":["aquajet","playrough","knockoff","bellydrum"],"nature":"Adamant","evs":{"hp":244,"atk":252,"def":0,"spa":0,"spd":0,"spe":12},"ivs":{"hp":31,"atk":31,"def":31,"spa":31,"spd":31,"spe":31}},{"name":"Ludicolo","species":"Ludicolo","item":"assaultvest","ability":"Swift Swim","moves":["scald","icebeam","gigadrain","focusblast"],"nature":"Timid","evs":{"hp":0,"atk":0,"def":0,"spa":252,"spd":4,"spe":252},"ivs":{"hp":31,"atk":0,"def":31,"spa":31,"spd":31,"spe":31}},{"name":"Keldeo","species":"Keldeo","item":"focussash","ability":"Justified","moves":["taunt","scald","secretsword","endeavor"],"nature":"Timid","evs":{"hp":0,"atk":0,"def":0,"spa":252,"spd":4,"spe":252},"ivs":{"hp":31,"atk":0,"def":31,"spa":31,"spd":31,"spe":31}},{"name":"Seismitoad","species":"Seismitoad","item":"lifeorb","ability":"Swift Swim","moves":["stealthrock","earthquake","knockoff","scald"],"nature":"Adamant","evs":{"hp":0,"atk":252,"def":0,"spa":4,"spd":0,"spe":252},"ivs":{"hp":31,"atk":31,"def":31,"spa":31,"spd":31,"spe":31}},{"name":"Politoed","species":"Politoed","item":"choicescarf","ability":"Drizzle","moves":["surf","icebeam","psychic","scald"],"nature":"Modest","evs":{"hp":0,"atk":0,"def":0,"spa":252,"spd":4,"spe":252},"ivs":{"hp":31,"atk":0,"def":31,"spa":31,"spd":31,"spe":31}},{"name":"Gyarados","species":"Gyarados","item":"gyaradosite","ability":"Intimidate","moves":["dragondance","earthquake","icefang","crunch"],"nature":"Jolly","evs":{"hp":0,"atk":252,"def":0,"spa":0,"spd":4,"spe":252},"ivs":{"hp":31,"atk":31,"def":31,"spa":31,"spd":31,"spe":31}}],"log":["|player|p1|Zukushiku|zukushiku.png","|player|p2|SWL Drake|swlneki.png","|gametype|singles","|gen|6","|tier|Monotype","|rated","|rule|Baton Pass Clause: Limit one Baton Passer, can't pass Spe and other stats simultaneously","|rule|Swagger Clause: Swagger is banned","|rule|Same Type Clause: Pokémon in a team must share a type","|clearpoke","|poke|p1|Banette, F","|poke|p1|Sableye, M","|poke|p1|Spiritomb, F, shiny","|poke|p1|Jellicent, F, shiny","|poke|p1|Golurk","|poke|p1|Chandelure, F, shiny","|poke|p2|Azumarill, F","|poke|p2|Ludicolo, F","|poke|p2|Keldeo","|poke|p2|Seismitoad, F","|poke|p2|Politoed, F","|poke|p2|Gyarados, M","|rule|Sleep Clause Mod: Limit one foe put to sleep","|rule|Species Clause: Limit one of each Pokémon","|rule|OHKO Clause: OHKO moves are banned","|rule|Moody Clause: Moody is banned","|rule|Evasion Moves Clause: Evasion moves are banned","|rule|Endless Battle Clause: Forcing endless battles is banned","|rule|HP Percentage Mod: HP is shown in percentages","|teampreview","|","|start","|switch|p1a: Jellicent|Jellicent, F, shiny|403/403","|switch|p2a: Keldeo|Keldeo|323/323","|turn|1","|","|move|p2a: Keldeo|Taunt|p1a: Jellicent","|-start|p1a: Jellicent|move: Taunt","|cant|p1a: Jellicent|move: Taunt|Toxic","|","|turn|2","|","|switch|p2a: Seismitoad|Seismitoad, F|351/351","|switch|p1a: Sableye|Sableye, M|304/304","|","|turn|3","|","|move|p1a: Sableye|Taunt|p2a: Seismitoad","|-start|p2a: Seismitoad|move: Taunt","|move|p2a: Seismitoad|Scald|p1a: Sableye","|-damage|p1a: Sableye|207/304","|-status|p1a: Sableye|brn","|-damage|p2a: Seismitoad|316/351|[from] item: Life Orb","|","|-heal|p1a: Sableye|226/304 brn|[from] item: Leftovers","|-damage|p1a: Sableye|188/304 brn|[from] brn","|turn|4","|","|switch|p2a: Politoed|Politoed, F|321/321","|-weather|RainDance","|move|p1a: Sableye|Will-O-Wisp|p2a: Politoed","|-status|p2a: Politoed|brn","|","|-weather|RainDance|[upkeep]","|-heal|p1a: Sableye|207/304 brn|[from] item: Leftovers","|-damage|p2a: Politoed|281/321 brn|[from] brn","|-damage|p1a: Sableye|169/304 brn|[from] brn","|turn|5","|","|switch|p2a: Seismitoad|Seismitoad, F|316/351","|move|p1a: Sableye|Recover|p1a: Sableye","|-heal|p1a: Sableye|304/304 brn","|","|-weather|RainDance|[upkeep]","|-damage|p1a: Sableye|266/304 brn|[from] brn","|turn|6","|","|move|p1a: Sableye|Will-O-Wisp|p2a: Seismitoad","|-status|p2a: Seismitoad|brn","|move|p2a: Seismitoad|Knock Off|p1a: Sableye","|-damage|p1a: Sableye|188/304 brn","|-enditem|p1a: Sableye|Leftovers|[from] move: Knock Off|[of] p2a: Seismitoad","|-damage|p2a: Seismitoad|281/351 brn|[from] item: Life Orb","|","|-weather|RainDance|[upkeep]","|-damage|p2a: Seismitoad|238/351 brn|[from] brn","|-damage|p1a: Sableye|150/304 brn|[from] brn","|turn|7","|","|switch|p1a: Jellicent|Jellicent, F, shiny|403/403","|move|p2a: Seismitoad|Stealth Rock|p1a: Jellicent","|-sidestart|p1: Zukushiku|move: Stealth Rock","|","|-weather|RainDance|[upkeep]","|-damage|p2a: Seismitoad|195/351 brn|[from] brn","|turn|8","|","|switch|p1a: Banette|Banette, F|311/311","|-damage|p1a: Banette|273/311|[from] Stealth Rock","|-item|p2a: Seismitoad|Life Orb|[from] ability: Frisk|[of] p1a: Banette|[identify]","|move|p2a: Seismitoad|Knock Off|p1a: Banette","|-supereffective|p1a: Banette","|-damage|p1a: Banette|150/311","|-damage|p2a: Seismitoad|160/351 brn|[from] item: Life Orb","|","|-weather|none","|-damage|p2a: Seismitoad|117/351 brn|[from] brn","|turn|9","|","|detailschange|p1a: Banette|Banette-Mega, F","|-mega|p1a: Banette|Banette|Banettite","|move|p2a: Seismitoad|Scald|p1a: Banette","|-damage|p1a: Banette|40/311","|-damage|p2a: Seismitoad|82/351 brn|[from] item: Life Orb","|move|p1a: Banette|Shadow Claw|p2a: Seismitoad","|-damage|p2a: Seismitoad|0 fnt","|faint|p2a: Seismitoad","|","|","|switch|p2a: Keldeo|Keldeo|323/323","|turn|10","|","|move|p1a: Banette|Taunt|p2a: Keldeo","|-start|p2a: Keldeo|move: Taunt","|cant|p2a: Keldeo|move: Taunt|Taunt","|","|turn|11","|","|switch|p2a: Politoed|Politoed, F|281/321 brn","|-weather|RainDance","|move|p1a: Banette|Destiny Bond|p1a: Banette","|-singlemove|p1a: Banette|Destiny Bond","|","|-weather|RainDance|[upkeep]","|-damage|p2a: Politoed|241/321 brn|[from] brn","|turn|12","|","|switch|p2a: Keldeo|Keldeo|323/323","|move|p1a: Banette|Shadow Claw|p2a: Keldeo","|-crit|p2a: Keldeo","|-damage|p2a: Keldeo|46/323","|","|-weather|RainDance|[upkeep]","|turn|13","|","|switch|p1a: Jellicent|Jellicent, F, shiny|403/403","|-damage|p1a: Jellicent|353/403|[from] Stealth Rock","|move|p2a: Keldeo|Scald|p1a: Jellicent","|-heal|p1a: Jellicent|403/403|[from] ability: Water Absorb|[of] p2a: Keldeo","|","|-weather|RainDance|[upkeep]","|turn|14","|","|move|p2a: Keldeo|Taunt|p1a: Jellicent","|-start|p1a: Jellicent|move: Taunt","|move|p1a: Jellicent|Scald|p2a: Keldeo","|-resisted|p2a: Keldeo","|-damage|p2a: Keldeo|0 fnt","|faint|p2a: Keldeo","|","|-weather|RainDance|[upkeep]","|","|switch|p2a: Azumarill|Azumarill, F|402/402","|turn|15","|","|move|p1a: Jellicent|Scald|p2a: Azumarill","|-crit|p2a: Azumarill","|-resisted|p2a: Azumarill","|-damage|p2a: Azumarill|300/402","|-status|p2a: Azumarill|brn","|move|p2a: Azumarill|Belly Drum|p2a: Azumarill","|-damage|p2a: Azumarill|99/402 brn","|-setboost|p2a: Azumarill|atk|6|[from] move: Belly Drum","|-enditem|p2a: Azumarill|Sitrus Berry|[eat]","|-heal|p2a: Azumarill|199/402 brn|[from] item: Sitrus Berry","|","|-weather|none","|-damage|p2a: Azumarill|149/402 brn|[from] brn","|turn|16","|","|switch|p1a: Banette|Banette-Mega, F|40/311","|-damage|p1a: Banette|2/311|[from] Stealth Rock","|move|p2a: Azumarill|Knock Off|p1a: Banette","|-supereffective|p1a: Banette","|-damage|p1a: Banette|0 fnt","|faint|p1a: Banette","|","|-damage|p2a: Azumarill|99/402 brn|[from] brn","|","|switch|p1a: Golurk|Golurk|382/382","|-damage|p1a: Golurk|359/382|[from] Stealth Rock","|turn|17","|","|move|p1a: Golurk|Earthquake|p2a: Azumarill","|-damage|p2a: Azumarill|0 fnt","|faint|p2a: Azumarill","|","|-heal|p1a: Golurk|382/382|[from] item: Leftovers","|","|switch|p2a: Gyarados|Gyarados, M|331/331","|-ability|p2a: Gyarados|Intimidate","|-unboost|p1a: Golurk|atk|1","|turn|18","|","|switch|p2a: Politoed|Politoed, F|241/321 brn","|-weather|RainDance","|switch|p1a: Spiritomb|Spiritomb, F, shiny|304/304","|-damage|p1a: Spiritomb|266/304|[from] Stealth Rock","|","|-weather|RainDance|[upkeep]","|-heal|p1a: Spiritomb|285/304|[from] item: Leftovers","|-damage|p2a: Politoed|201/321 brn|[from] brn","|turn|19","|","|move|p2a: Politoed|Scald|p1a: Spiritomb","|-damage|p1a: Spiritomb|110/304","|move|p1a: Spiritomb|Will-O-Wisp|p2a: Politoed","|-fail|p2a: Politoed|brn","|","|-weather|RainDance|[upkeep]","|-heal|p1a: Spiritomb|129/304|[from] item: Leftovers","|-damage|p2a: Politoed|161/321 brn|[from] brn","|turn|20","|","|switch|p2a: Ludicolo|Ludicolo, F|301/301","|move|p1a: Spiritomb|Rest|p1a: Spiritomb","|-status|p1a: Spiritomb|slp","|-heal|p1a: Spiritomb|304/304 slp|[silent]","|-status|p1a: Spiritomb|slp|[from] move: Rest","|","|-weather|RainDance|[upkeep]","|turn|21","|","|switch|p1a: Chandelure|Chandelure, F, shiny|301/301","|-damage|p1a: Chandelure|226/301|[from] Stealth Rock","|move|p2a: Ludicolo|Scald|p1a: Chandelure","|-crit|p1a: Chandelure","|-supereffective|p1a: Chandelure","|-damage|p1a: Chandelure|0 fnt","|faint|p1a: Chandelure","|","|-weather|RainDance|[upkeep]","|","|switch|p1a: Jellicent|Jellicent, F, shiny|403/403","|-damage|p1a: Jellicent|353/403|[from] Stealth Rock","|turn|22","|","|move|p2a: Ludicolo|Giga Drain|p1a: Jellicent","|-supereffective|p1a: Jellicent","|-damage|p1a: Jellicent|201/403","|move|p1a: Jellicent|Recover|p1a: Jellicent","|-heal|p1a: Jellicent|403/403","|","|-weather|none","|turn|23","|","|switch|p2a: Politoed|Politoed, F|161/321 brn","|-weather|RainDance","|move|p1a: Jellicent|Toxic|p2a: Politoed","|-fail|p2a: Politoed","|","|-weather|RainDance|[upkeep]","|-damage|p2a: Politoed|121/321 brn|[from] brn","|turn|24","|","|switch|p1a: Sableye|Sableye, M|150/304 brn","|-damage|p1a: Sableye|112/304 brn|[from] Stealth Rock","|move|p2a: Politoed|Scald|p1a: Sableye","|-damage|p1a: Sableye|0 fnt","|faint|p1a: Sableye","|","|-weather|RainDance|[upkeep]","|-damage|p2a: Politoed|81/321 brn|[from] brn","|","|switch|p1a: Jellicent|Jellicent, F, shiny|403/403","|-damage|p1a: Jellicent|353/403|[from] Stealth Rock","|turn|25","|","|move|p2a: Politoed|Scald|p1a: Jellicent","|-heal|p1a: Jellicent|403/403|[from] ability: Water Absorb|[of] p2a: Politoed","|move|p1a: Jellicent|Scald|p2a: Politoed","|-resisted|p2a: Politoed","|-damage|p2a: Politoed|22/321 brn","|","|-weather|RainDance|[upkeep]","|-damage|p2a: Politoed|0 fnt|[from] brn","|faint|p2a: Politoed","|","|switch|p2a: Ludicolo|Ludicolo, F|301/301","|turn|26","|","|move|p2a: Ludicolo|Giga Drain|p1a: Jellicent","|-supereffective|p1a: Jellicent","|-damage|p1a: Jellicent|253/403","|move|p1a: Jellicent|Toxic|p2a: Ludicolo|[miss]","|-miss|p1a: Jellicent|p2a: Ludicolo","|","|-weather|RainDance|[upkeep]","|-heal|p1a: Jellicent|278/403|[from] item: Leftovers","|turn|27","|","|switch|p2a: Gyarados|Gyarados, M|331/331","|-ability|p2a: Gyarados|Intimidate","|-unboost|p1a: Jellicent|atk|1","|move|p1a: Jellicent|Recover|p1a: Jellicent","|-heal|p1a: Jellicent|403/403","|","|-weather|none","|turn|28","|","|switch|p1a: Spiritomb|Spiritomb, F, shiny|304/304 slp","|-damage|p1a: Spiritomb|266/304 slp|[from] Stealth Rock","|detailschange|p2a: Gyarados|Gyarados-Mega, M","|-mega|p2a: Gyarados|Gyarados|Gyaradosite","|-ability|p2a: Gyarados|Mold Breaker","|move|p2a: Gyarados|Dragon Dance|p2a: Gyarados","|-boost|p2a: Gyarados|atk|1","|-boost|p2a: Gyarados|spe|1","|","|-heal|p1a: Spiritomb|285/304 slp|[from] item: Leftovers","|turn|29","|","|move|p2a: Gyarados|Crunch|p1a: Spiritomb","|-damage|p1a: Spiritomb|120/304 slp","|cant|p1a: Spiritomb|slp","|move|p1a: Spiritomb|Sleep Talk|p1a: Spiritomb","|move|p1a: Spiritomb|Rest|p1a: Spiritomb|[from]Sleep Talk","|-fail|p1a: Spiritomb","|","|-heal|p1a: Spiritomb|139/304 slp|[from] item: Leftovers","|turn|30","|","|move|p2a: Gyarados|Crunch|p1a: Spiritomb","|-damage|p1a: Spiritomb|0 fnt","|faint|p1a: Spiritomb","|","|","|switch|p1a: Golurk|Golurk|382/382","|-damage|p1a: Golurk|359/382|[from] Stealth Rock","|turn|31","|","|move|p2a: Gyarados|Crunch|p1a: Golurk","|-supereffective|p1a: Golurk","|-damage|p1a: Golurk|0 fnt","|faint|p1a: Golurk","|","|","|switch|p1a: Jellicent|Jellicent, F, shiny|403/403","|-damage|p1a: Jellicent|353/403|[from] Stealth Rock","|turn|32","|","|move|p2a: Gyarados|Crunch|p1a: Jellicent","|-supereffective|p1a: Jellicent","|-damage|p1a: Jellicent|0 fnt","|faint|p1a: Jellicent","|","|win|SWL Drake"],"p1rating":{"entryid":"7076911","serverid":"eos","formatid":"monotype","userid":"zukushiku","username":"Zukushiku","w":"14","l":8,"t":"0","gxe":57.9,"r":"1575.9289609493","rd":"69.558122796752","sigma":"0","rptime":"1438246800","rpr":1560.9815174726,"rprd":68.441682224658,"rpsigma":"0","acre":1196.6100606072,"lacre":1196.6100606072,"oldacre":"1230.1311303693"},"p2rating":{"entryid":"7281577","serverid":"eos","formatid":"monotype","userid":"swldrake","username":"SWL Drake","w":4,"l":"0","t":"0","gxe":66.4,"r":"1500","rd":"130","sigma":"0","rptime":"1438246800","rpr":1633.9547719331,"rprd":105.35070162916,"rpsigma":"0","acre":1140.2966582603,"lacre":1140.2966582603,"oldacre":"1106.7755884982"},"endType":"normal"}