{"seed":[24066,27185,60871,26370],"turns":23,"p1":"Nyan Loki","p2":"DpxYT","p1team":[{"name":"Conkeldurr","species":"Conkeldurr","item":"lifeorb","ability":"Sheer Force","moves":["firepunch","icepunch","brickbreak","thunderpunch"],"nature":"Adamant","evs":{"hp":248,"atk":252,"def":0,"spa":0,"spd":8,"spe":0},"ivs":{"hp":31,"atk":31,"def":31,"spa":31,"spd":31,"spe":31}},{"name":"Infernape","species":"Infernape","item":"lifeorb","ability":"Iron Fist","moves":["stealthrock","fakeout","flareblitz","thunderpunch"],"nature":"Jolly","evs":{"hp":0,"atk":252,"def":0,"spa":0,"spd":4,"spe":252},"ivs":{"hp":31,"atk":31,"def":31,"spa":31,"spd":31,"spe":31}},{"name":"Gallade","species":"Gallade","item":"galladite","ability":"Justified","moves":["drainpunch","zenheadbutt","aerialace","leafblade"],"nature":"Adamant","evs":{"hp":248,"atk":252,"def":0,"spa":0,"spd":8,"spe":0},"ivs":{"hp":31,"atk":31,"def":31,"spa":31,"spd":31,"spe":31}},{"name":"Scrafty","species":"Scrafty","item":"choiceband","ability":"Moxie","moves":["highjumpkick","dragonclaw","knockoff","headsmash"],"nature":"Adamant","evs":{"hp":248,"atk":252,"def":0,"spa":0,"spd":8,"spe":0},"ivs":{"hp":31,"atk":31,"def":31,"spa":31,"spd":31,"spe":31}},{"name":"Poliwrath","species":"Poliwrath","item":"lifeorb","ability":"Water Absorb","moves":["bulkup","poweruppunch","waterfall","brickbreak"],"nature":"Adamant","evs":{"hp":248,"atk":252,"def":0,"spa":0,"spd":8,"spe":0},"ivs":{"hp":31,"atk":31,"def":31,"spa":31,"spd":31,"spe":31}},{"name":"Chesnaught","species":"Chesnaught","item":"choiceband","ability":"Overgrow","moves":["earthquake","drainpunch","ironhead","woodhammer"],"nature":"Adamant","evs":{"hp":248,"atk":252,"def":0,"spa":0,"spd":8,"spe":0},"ivs":{"hp":31,"atk":31,"def":31,"spa":31,"spd":31,"spe":31}}],"p2team":[{"name":"Magnezone","species":"Magnezone","item":"airballoon","ability":"Analytic","moves":["thunderbolt","flashcannon","hiddenpowerflying","voltswitch"],"nature":"Modest","evs":{"hp":252,"atk":0,"def":0,"spa":252,"spd":4,"spe":0},"ivs":{"hp":30,"atk":30,"def":30,"spa":30,"spd":30,"spe":31}},{"name":"Lanturn","species":"Lanturn","item":"leftovers","ability":"Volt Absorb","moves":["thunderbolt","scald","protect","aquaring"],"nature":"Bold","evs":{"hp":252,"atk":0,"def":252,"spa":4,"spd":0,"spe":0},"ivs":{"hp":31,"atk":31,"def":31,"spa":31,"spd":31,"spe":31}},{"name":"Rotom-Heat","species":"Rotom-Heat","item":"leftovers","ability":"Levitate","moves":["confuseray","overheat","voltswitch","willowisp"],"nature":"Calm","evs":{"hp":252,"atk":0,"def":176,"spa":4,"spd":76,"spe":0},"ivs":{"hp":31,"atk":31,"def":31,"spa":31,"spd":31,"spe":31}},{"name":"Stunfisk","species":"Stunfisk","item":"choicespecs","ability":"Static","moves":["earthpower","thunderbolt","scald","sludgewave"],"nature":"Modest","evs":{"hp":248,"atk":0,"def":0,"spa":252,"spd":8,"spe":0},"ivs":{"hp":31,"atk":31,"def":31,"spa":31,"spd":31,"spe":31}},{"name":"Eelektross","species":"Eelektross","item":"lifeorb","ability":"Levitate","moves":["coil","crunch","drainpunch","thunderpunch"],"nature":"Adamant","evs":{"hp":248,"atk":252,"def":0,"spa":0,"spd":8,"spe":0},"ivs":{"hp":31,"atk":31,"def":31,"spa":31,"spd":31,"spe":31}},{"name":"Electivire","species":"Electivire","item":"expertbelt","ability":"Motor Drive","moves":["earthquake","poweruppunch","rockslide","thunderpunch"],"nature":"Adamant","evs":{"hp":0,"atk":252,"def":0,"spa":0,"spd":4,"spe":252},"ivs":{"hp":31,"atk":31,"def":31,"spa":31,"spd":31,"spe":31}}],"log":["|player|p1|Nyan Loki|222","|player|p2|DpxYT|80","|gametype|singles","|gen|6","|tier|Monotype","|rated","|rule|Baton Pass Clause: Limit one Baton Passer, can't pass Spe and other stats simultaneously","|rule|Swagger Clause: Swagger is banned","|rule|Same Type Clause: Pokémon in a team must share a type","|clearpoke","|poke|p1|Conkeldurr, F","|poke|p1|Infernape, F","|poke|p1|Gallade, M","|poke|p1|Scrafty, M","|poke|p1|Poliwrath, F","|poke|p1|Chesnaught, M","|poke|p2|Magnezone","|poke|p2|Lanturn, M","|poke|p2|Rotom-Heat","|poke|p2|Stunfisk, F","|poke|p2|Eelektross, F","|poke|p2|Electivire, M","|rule|Sleep Clause Mod: Limit one foe put to sleep","|rule|Species Clause: Limit one of each Pokémon","|rule|OHKO Clause: OHKO moves are banned","|rule|Moody Clause: Moody is banned","|rule|Evasion Moves Clause: Evasion moves are banned","|rule|Endless Battle Clause: Forcing endless battles is banned","|rule|HP Percentage Mod: HP is shown in percentages","|teampreview","|","|start","|switch|p1a: Infernape|Infernape, F|293/293","|switch|p2a: Eelektross|Eelektross, F|373/373","|turn|1","|","|move|p1a: Infernape|Fake Out|p2a: Eelektross","|-damage|p2a: Eelektross|303/373","|-damage|p1a: Infernape|264/293|[from] item: Life Orb","|cant|p2a: Eelektross|flinch","|","|turn|2","|","|move|p1a: Infernape|Stealth Rock|p2a: Eelektross","|-sidestart|p2: DpxYT|move: Stealth Rock","|move|p2a: Eelektross|Coil|p2a: Eelektross","|-boost|p2a: Eelektross|atk|1","|-boost|p2a: Eelektross|def|1","|-boost|p2a: Eelektross|accuracy|1","|","|turn|3","|","|move|p1a: Infernape|Flare Blitz|p2a: Eelektross","|-damage|p2a: Eelektross|103/373","|-damage|p1a: Infernape|198/293|[from] recoil|[of] p2a: Eelektross","|-damage|p1a: Infernape|169/293|[from] item: Life Orb","|move|p2a: Eelektross|Coil|p2a: Eelektross","|-boost|p2a: Eelektross|atk|1","|-boost|p2a: Eelektross|def|1","|-boost|p2a: Eelektross|accuracy|1","|","|turn|4","|","|move|p1a: Infernape|Flare Blitz|p2a: Eelektross","|-damage|p2a: Eelektross|0 fnt","|-damage|p1a: Infernape|135/293|[from] recoil|[of] p2a: Eelektross","|-damage|p1a: Infernape|106/293|[from] item: Life Orb","|faint|p2a: Eelektross","|","|","|switch|p2a: Lanturn|Lanturn, M|454/454","|-damage|p2a: Lanturn|398/454|[from] Stealth Rock","|turn|5","|","|switch|p1a: Poliwrath|Poliwrath, F|383/383","|move|p2a: Lanturn|Aqua Ring|p2a: Lanturn","|-start|p2a: Lanturn|Aqua Ring","|","|-heal|p2a: Lanturn|426/454|[from] item: Leftovers","|-heal|p2a: Lanturn|454/454|[from] Aqua Ring","|turn|6","|","|switch|p1a: Chesnaught|Chesnaught, M|379/379","|move|p2a: Lanturn|Thunderbolt|p1a: Chesnaught","|-resisted|p1a: Chesnaught","|-damage|p1a: Chesnaught|321/379","|","|turn|7","|","|switch|p2a: Magnezone|Magnezone|343/343","|-damage|p2a: Magnezone|322/343|[from] Stealth Rock","|-item|p2a: Magnezone|Air Balloon","|move|p1a: Chesnaught|Earthquake|p2a: Magnezone","|-immune|p2a: Magnezone|[msg]","|","|turn|8","|","|switch|p1a: Scrafty|Scrafty, M|333/333","|move|p2a: Magnezone|Hidden Power|p1a: Scrafty","|-supereffective|p1a: Scrafty","|-damage|p1a: Scrafty|141/333","|","|turn|9","|","|move|p2a: Magnezone|Hidden Power|p1a: Scrafty","|-supereffective|p1a: Scrafty","|-damage|p1a: Scrafty|13/333","|move|p1a: Scrafty|High Jump Kick|p2a: Magnezone","|-supereffective|p2a: Magnezone","|-damage|p2a: Magnezone|0 fnt","|-enditem|p2a: Magnezone|Air Balloon","|faint|p2a: Magnezone","|-boost|p1a: Scrafty|atk|1|[from] ability: Moxie","|","|","|switch|p2a: Electivire|Electivire, M|291/291","|-damage|p2a: Electivire|255/291|[from] Stealth Rock","|turn|10","|","|move|p2a: Electivire|Power-Up Punch|p1a: Scrafty","|-supereffective|p1a: Scrafty","|-damage|p1a: Scrafty|0 fnt","|-boost|p2a: Electivire|atk|1","|faint|p1a: Scrafty","|","|","|switch|p1a: Chesnaught|Chesnaught, M|321/379","|turn|11","|","|move|p2a: Electivire|Power-Up Punch|p1a: Chesnaught","|-damage|p1a: Chesnaught|252/379","|-boost|p2a: Electivire|atk|1","|move|p1a: Chesnaught|Earthquake|p2a: Electivire","|-supereffective|p2a: Electivire","|-damage|p2a: Electivire|0 fnt","|faint|p2a: Electivire","|","|","|switch|p2a: Rotom-Heat|Rotom-Heat|304/304","|-damage|p2a: Rotom-Heat|228/304|[from] Stealth Rock","|turn|12","|","|switch|p1a: Infernape|Infernape, F|106/293","|move|p2a: Rotom-Heat|Confuse Ray|p1a: Infernape","|-start|p1a: Infernape|confusion","|","|-heal|p2a: Rotom-Heat|247/304|[from] item: Leftovers","|turn|13","|","|-activate|p1a: Infernape|confusion","|-damage|p1a: Infernape|33/293|[from] confusion","|move|p2a: Rotom-Heat|Volt Switch|p1a: Infernape","|-damage|p1a: Infernape|0 fnt","|faint|p1a: Infernape","|","|switch|p2a: Stunfisk|Stunfisk, F|421/421","|-damage|p2a: Stunfisk|395/421|[from] Stealth Rock","|","|","|switch|p1a: Poliwrath|Poliwrath, F|383/383","|turn|14","|","|move|p1a: Poliwrath|Waterfall|p2a: Stunfisk","|-supereffective|p2a: Stunfisk","|-damage|p2a: Stunfisk|13/421","|-status|p1a: Poliwrath|par","|-damage|p1a: Poliwrath|345/383 par|[from] item: Life Orb","|move|p2a: Stunfisk|Thunderbolt|p1a: Poliwrath","|-supereffective|p1a: Poliwrath","|-damage|p1a: Poliwrath|0 fnt","|faint|p1a: Poliwrath","|","|","|switch|p1a: Gallade|Gallade, M|339/339","|turn|15","|","|detailschange|p1a: Gallade|Gallade-Mega, M","|-mega|p1a: Gallade|Gallade|Galladite","|move|p1a: Gallade|Aerial Ace|p2a: Stunfisk","|-resisted|p2a: Stunfisk","|-damage|p2a: Stunfisk|0 fnt","|faint|p2a: Stunfisk","|","|","|switch|p2a: Rotom-Heat|Rotom-Heat|247/304","|-damage|p2a: Rotom-Heat|171/304|[from] Stealth Rock","|turn|16","|","|move|p1a: Gallade|Drain Punch|p2a: Rotom-Heat","|-damage|p2a: Rotom-Heat|27/304","|move|p2a: Rotom-Heat|Will-O-Wisp|p1a: Gallade","|-status|p1a: Gallade|brn","|","|-heal|p2a: Rotom-Heat|46/304|[from] item: Leftovers","|-damage|p1a: Gallade|297/339 brn|[from] brn","|turn|17","|","|move|p1a: Gallade|Zen Headbutt|p2a: Rotom-Heat","|-damage|p2a: Rotom-Heat|0 fnt","|faint|p2a: Rotom-Heat","|","|-damage|p1a: Gallade|255/339 brn|[from] brn","|","|switch|p2a: Lanturn|Lanturn, M|454/454","|-damage|p2a: Lanturn|398/454|[from] Stealth Rock","|turn|18","|","|move|p1a: Gallade|Leaf Blade|p2a: Lanturn","|-crit|p2a: Lanturn","|-supereffective|p2a: Lanturn","|-damage|p2a: Lanturn|191/454","|move|p2a: Lanturn|Aqua Ring|p2a: Lanturn","|-start|p2a: Lanturn|Aqua Ring","|","|-heal|p2a: Lanturn|219/454|[from] item: Leftovers","|-heal|p2a: Lanturn|247/454|[from] Aqua Ring","|-damage|p1a: Gallade|213/339 brn|[from] brn","|turn|19","|","|move|p2a: Lanturn|Protect|p2a: Lanturn","|-singleturn|p2a: Lanturn|Protect","|move|p1a: Gallade|Leaf Blade|p2a: Lanturn","|-activate|p2a: Lanturn|Protect","|","|-heal|p2a: Lanturn|275/454|[from] item: Leftovers","|-heal|p2a: Lanturn|303/454|[from] Aqua Ring","|-damage|p1a: Gallade|171/339 brn|[from] brn","|turn|20","|","|move|p1a: Gallade|Leaf Blade|p2a: Lanturn","|-supereffective|p2a: Lanturn","|-damage|p2a: Lanturn|173/454","|move|p2a: Lanturn|Scald|p1a: Gallade","|-damage|p1a: Gallade|102/339 brn","|","|-heal|p2a: Lanturn|201/454|[from] item: Leftovers","|-heal|p2a: Lanturn|229/454|[from] Aqua Ring","|-damage|p1a: Gallade|60/339 brn|[from] brn","|turn|21","|","|move|p2a: Lanturn|Protect|p2a: Lanturn","|-singleturn|p2a: Lanturn|Protect","|move|p1a: Gallade|Leaf Blade|p2a: Lanturn","|-activate|p2a: Lanturn|Protect","|","|-heal|p2a: Lanturn|257/454|[from] item: Leftovers","|-heal|p2a: Lanturn|285/454|[from] Aqua Ring","|-damage|p1a: Gallade|18/339 brn|[from] brn","|turn|22","|","|move|p1a: Gallade|Drain Punch|p2a: Lanturn","|-damage|p2a: Lanturn|201/454","|-heal|p1a: Gallade|60/339 brn|[from] drain|[of] p2a: Lanturn","|move|p2a: Lanturn|Scald|p1a: Gallade","|-damage|p1a: Gallade|0 fnt","|faint|p1a: Gallade","|","|-heal|p2a: Lanturn|229/454|[from] item: Leftovers","|-heal|p2a: Lanturn|257/454|[from] Aqua Ring","|","|switch|p1a: Chesnaught|Chesnaught, M|252/379","|turn|23","|","|move|p2a: Lanturn|Scald|p1a: Chesnaught","|-resisted|p1a: Chesnaught","|-damage|p1a: Chesnaught|202/379","|move|p1a: Chesnaught|Wood Hammer|p2a: Lanturn","|-supereffective|p2a: Lanturn","|-damage|p2a: Lanturn|0 fnt","|-damage|p1a: Chesnaught|117/379|[from] recoil|[of] p2a: Lanturn","|faint|p2a: Lanturn","|","|win|Nyan Loki"],"p1rating":{"entryid":"6540883","serverid":"eos","formatid":"monotype","userid":"nyanloki","username":"Nyan Loki","w":5,"l":"8","t":"0","gxe":43.3,"r":"1451.7162163683","rd":"127.55093627511","sigma":"0","rptime":"1438246800","rpr":1448.1287963138,"rprd":82.136456912846,"rpsigma":"0","acre":1096.4189323962,"lacre":1096.4189323962,"oldacre":"1073.4797382701"},"p2rating":{"entryid":7278102,"formatid":"monotype","userid":"dpxyt","username":"DpxYT","r":1500,"rd":130,"sigma":0,"rpr":1454.5172685364,"rprd":122.9308577129,"rpsigma":0,"rptime":1438246800,"w":0,"l":1,"t":0,"gxe":44.3,"acre":1000,"lacre":1000,"oldacre":1000},"endType":"normal"}