{"seed":[61428,51280,22839,18097],"turns":30,"p1":"Wаrden Arguѕ","p2":"Yung draco","p1team":[{"name":"Sableye","species":"Sableye","item":"leftovers","ability":"Prankster","moves":["knockoff","willowisp","recover","taunt"],"nature":"Bold","evs":{"hp":228,"atk":0,"def":252,"spa":0,"spd":0,"spe":28},"gender":"M","ivs":{"hp":31,"atk":0,"def":31,"spa":31,"spd":31,"spe":31}},{"name":"Aegislash","species":"Aegislash","item":"weaknesspolicy","ability":"Stance Change","moves":["kingsshield","sacredsword","shadowball","shadowsneak"],"nature":"Lonely","evs":{"hp":0,"atk":252,"def":0,"spa":240,"spd":0,"spe":16},"gender":"M","shiny":true,"ivs":{"hp":31,"atk":31,"def":31,"spa":31,"spd":31,"spe":31}},{"name":"Jellicent","species":"Jellicent","item":"leftovers","ability":"Cursed Body","moves":["toxic","scald","recover","acidarmor"],"nature":"Calm","evs":{"hp":252,"atk":0,"def":0,"spa":0,"spd":252,"spe":4},"gender":"M","ivs":{"hp":31,"atk":0,"def":31,"spa":31,"spd":31,"spe":31},"shiny":true},{"name":"Golurk","species":"Golurk","item":"focussash","ability":"No Guard","moves":["stealthrock","stoneedge","dynamicpunch","curse"],"nature":"Adamant","evs":{"hp":0,"atk":252,"def":0,"spa":0,"spd":4,"spe":252},"shiny":true,"ivs":{"hp":31,"atk":31,"def":31,"spa":31,"spd":31,"spe":31}},{"name":"Chandelure","species":"Chandelure","item":"choicescarf","ability":"Infiltrator","moves":["flamethrower","shadowball","energyball","trick"],"nature":"Modest","evs":{"hp":0,"atk":0,"def":0,"spa":252,"spd":4,"spe":252},"gender":"F","ivs":{"hp":31,"atk":0,"def":31,"spa":31,"spd":31,"spe":31}},{"name":"Gengar","species":"Gengar","item":"focussash","ability":"Levitate","moves":["destinybond","sludgebomb","shadowball","energyball"],"nature":"Timid","evs":{"hp":0,"atk":0,"def":0,"spa":252,"spd":4,"spe":252},"gender":"F","ivs":{"hp":31,"atk":0,"def":31,"spa":31,"spd":31,"spe":31},"shiny":true}],"p2team":[{"name":"Altaria","species":"Altaria","item":"altarianite","ability":"Natural Cure","moves":["refresh","dragondance","roost","return"],"nature":"Jolly","evs":{"hp":0,"atk":252,"def":0,"spa":0,"spd":4,"spe":252},"ivs":{"hp":31,"atk":31,"def":31,"spa":31,"spd":31,"spe":31}},{"name":"Garchomp","species":"Garchomp","item":"rockyhelmet","ability":"Rough Skin","moves":["stealthrock","dragontail","fireblast","earthquake"],"nature":"Serious","evs":{"hp":144,"atk":16,"def":252,"spa":0,"spd":0,"spe":96},"ivs":{"hp":31,"atk":31,"def":31,"spa":31,"spd":31,"spe":31}},{"name":"Goodra","species":"Goodra","item":"assaultvest","ability":"Gooey","moves":["sludgewave","dragonpulse","thunderbolt","flamethrower"],"nature":"Calm","evs":{"hp":248,"atk":0,"def":0,"spa":8,"spd":252,"spe":0},"ivs":{"hp":31,"atk":31,"def":31,"spa":31,"spd":31,"spe":31}},{"name":"Kyurem-Black","species":"Kyurem-Black","item":"choicescarf","ability":"Teravolt","moves":["ironhead","icebeam","fusionbolt","outrage"],"nature":"Naive","evs":{"hp":0,"atk":252,"def":0,"spa":4,"spd":0,"spe":252},"ivs":{"hp":31,"atk":31,"def":31,"spa":31,"spd":31,"spe":31}},{"name":"Kingdra","species":"Kingdra","item":"scopelens","ability":"Sniper","moves":["focusenergy","agility","dracometeor","surf"],"nature":"Timid","evs":{"hp":0,"atk":0,"def":0,"spa":252,"spd":4,"spe":252},"ivs":{"hp":31,"atk":31,"def":31,"spa":31,"spd":31,"spe":31}},{"name":"Dragonite","species":"Dragonite","item":"weaknesspolicy","ability":"Multiscale","moves":["roost","earthquake","dragonclaw","dragondance"],"nature":"Jolly","evs":{"hp":0,"atk":252,"def":0,"spa":0,"spd":4,"spe":252},"ivs":{"hp":31,"atk":31,"def":31,"spa":31,"spd":31,"spe":31}}],"log":["|player|p1|Wаrden Arguѕ|144","|player|p2|Yung draco|143","|gametype|singles","|gen|6","|tier|Monotype","|rated","|rule|Baton Pass Clause: Limit one Baton Passer, can't pass Spe and other stats simultaneously","|rule|Swagger Clause: Swagger is banned","|rule|Same Type Clause: Pokémon in a team must share a type","|clearpoke","|poke|p1|Sableye, M","|poke|p1|Aegislash, M, shiny","|poke|p1|Jellicent, M, shiny","|poke|p1|Golurk, shiny","|poke|p1|Chandelure, F","|poke|p1|Gengar, F, shiny","|poke|p2|Altaria, F","|poke|p2|Garchomp, M","|poke|p2|Goodra, M","|poke|p2|Kyurem-Black","|poke|p2|Kingdra, F","|poke|p2|Dragonite, M","|rule|Sleep Clause Mod: Limit one foe put to sleep","|rule|Species Clause: Limit one of each Pokémon","|rule|OHKO Clause: OHKO moves are banned","|rule|Moody Clause: Moody is banned","|rule|Evasion Moves Clause: Evasion moves are banned","|rule|Endless Battle Clause: Forcing endless battles is banned","|rule|HP Percentage Mod: HP is shown in percentages","|teampreview","|","|start","|switch|p1a: Jellicent|Jellicent, M, shiny|404/404","|switch|p2a: Goodra|Goodra, M|383/383","|turn|1","|","|move|p2a: Goodra|Thunderbolt|p1a: Jellicent","|-supereffective|p1a: Jellicent","|-damage|p1a: Jellicent|302/404","|-start|p2a: Goodra|Disable|Thunderbolt","|-status|p1a: Jellicent|par","|move|p1a: Jellicent|Toxic|p2a: Goodra","|-status|p2a: Goodra|tox","|","|-heal|p1a: Jellicent|327/404 par|[from] item: Leftovers","|-damage|p2a: Goodra|360/383 tox|[from] psn","|turn|2","|","|move|p2a: Goodra|Dragon Pulse|p1a: Jellicent","|-damage|p1a: Jellicent|254/404 par","|move|p1a: Jellicent|Scald|p2a: Goodra","|-resisted|p2a: Goodra","|-damage|p2a: Goodra|345/383 tox","|","|-heal|p1a: Jellicent|279/404 par|[from] item: Leftovers","|-damage|p2a: Goodra|299/383 tox|[from] psn","|turn|3","|","|move|p2a: Goodra|Dragon Pulse|p1a: Jellicent","|-damage|p1a: Jellicent|204/404 par","|move|p1a: Jellicent|Acid Armor|p1a: Jellicent","|-boost|p1a: Jellicent|def|2","|","|-heal|p1a: Jellicent|229/404 par|[from] item: Leftovers","|-damage|p2a: Goodra|230/383 tox|[from] psn","|turn|4","|","|move|p2a: Goodra|Dragon Pulse|p1a: Jellicent","|-damage|p1a: Jellicent|151/404 par","|cant|p1a: Jellicent|par","|","|-heal|p1a: Jellicent|176/404 par|[from] item: Leftovers","|-damage|p2a: Goodra|138/383 tox|[from] psn","|turn|5","|","|move|p2a: Goodra|Dragon Pulse|p1a: Jellicent","|-damage|p1a: Jellicent|106/404 par","|move|p1a: Jellicent|Recover|p1a: Jellicent","|-heal|p1a: Jellicent|308/404 par","|","|-heal|p1a: Jellicent|333/404 par|[from] item: Leftovers","|-damage|p2a: Goodra|23/383 tox|[from] psn","|-end|p2a: Goodra|Disable","|turn|6","|","|move|p2a: Goodra|Dragon Pulse|p1a: Jellicent","|-damage|p1a: Jellicent|252/404 par","|move|p1a: Jellicent|Recover|p1a: Jellicent","|-heal|p1a: Jellicent|404/404 par","|","|-damage|p2a: Goodra|0 fnt|[from] psn","|faint|p2a: Goodra","|","|switch|p2a: Kingdra|Kingdra, F|291/291","|turn|7","|","|move|p2a: Kingdra|Focus Energy|p2a: Kingdra","|-start|p2a: Kingdra|move: Focus Energy","|move|p1a: Jellicent|Toxic|p2a: Kingdra","|-status|p2a: Kingdra|tox","|","|-damage|p2a: Kingdra|273/291 tox|[from] psn","|turn|8","|","|switch|p1a: Golurk|Golurk, shiny|319/319","|move|p2a: Kingdra|Draco Meteor|p1a: Golurk","|-crit|p1a: Golurk","|-enditem|p1a: Golurk|Focus Sash","|-damage|p1a: Golurk|1/319","|-unboost|p2a: Kingdra|spa|2","|","|-damage|p2a: Kingdra|237/291 tox|[from] psn","|turn|9","|","|move|p2a: Kingdra|Surf|p1a: Golurk","|-crit|p1a: Golurk","|-supereffective|p1a: Golurk","|-damage|p1a: Golurk|0 fnt","|faint|p1a: Golurk","|","|-damage|p2a: Kingdra|183/291 tox|[from] psn","|","|switch|p1a: Aegislash|Aegislash, M, shiny|261/261","|turn|10","|","|move|p2a: Kingdra|Surf|p1a: Aegislash","|-crit|p1a: Aegislash","|-damage|p1a: Aegislash|45/261","|-formechange|p1a: Aegislash|Aegislash-Blade","|move|p1a: Aegislash|Shadow Ball|p2a: Kingdra","|-damage|p2a: Kingdra|9/291 tox","|","|-damage|p2a: Kingdra|0 fnt|[from] psn","|faint|p2a: Kingdra","|","|switch|p2a: Garchomp|Garchomp, M|393/393","|turn|11","|","|move|p2a: Garchomp|Stealth Rock|p1a: Aegislash","|-sidestart|p1: Wаrden Arguѕ|move: Stealth Rock","|move|p1a: Aegislash|Shadow Ball|p2a: Garchomp","|-crit|p2a: Garchomp","|-damage|p2a: Garchomp|129/393","|","|turn|12","|","|switch|p1a: Gengar|Gengar, F, shiny|261/261","|-damage|p1a: Gengar|229/261|[from] Stealth Rock","|move|p2a: Garchomp|Earthquake|p1a: Gengar","|-immune|p1a: Gengar|[msg]","|","|turn|13","|","|move|p1a: Gengar|Shadow Ball|p2a: Garchomp","|-damage|p2a: Garchomp|0 fnt","|faint|p2a: Garchomp","|","|","|switch|p2a: Dragonite|Dragonite, M|323/323","|turn|14","|","|move|p1a: Gengar|Sludge Bomb|p2a: Dragonite","|-crit|p2a: Dragonite","|-damage|p2a: Dragonite|193/323","|move|p2a: Dragonite|Dragon Dance|p2a: Dragonite","|-boost|p2a: Dragonite|atk|1","|-boost|p2a: Dragonite|spe|1","|","|turn|15","|","|switch|p1a: Jellicent|Jellicent, M, shiny|404/404 par","|-damage|p1a: Jellicent|354/404 par|[from] Stealth Rock","|move|p2a: Dragonite|Dragon Claw|p1a: Jellicent","|-damage|p1a: Jellicent|72/404 par","|","|-heal|p1a: Jellicent|97/404 par|[from] item: Leftovers","|turn|16","|","|move|p2a: Dragonite|Dragon Claw|p1a: Jellicent","|-damage|p1a: Jellicent|0 fnt","|-start|p2a: Dragonite|Disable|Dragon Claw","|faint|p1a: Jellicent","|","|","|switch|p1a: Sableye|Sableye, M|298/298","|-damage|p1a: Sableye|261/298|[from] Stealth Rock","|turn|17","|","|move|p1a: Sableye|Will-O-Wisp|p2a: Dragonite","|-status|p2a: Dragonite|brn","|move|p2a: Dragonite|Earthquake|p1a: Sableye","|-damage|p1a: Sableye|185/298","|","|-heal|p1a: Sableye|203/298|[from] item: Leftovers","|-damage|p2a: Dragonite|153/323 brn|[from] brn","|turn|18","|","|switch|p2a: Altaria|Altaria, F|291/291","|move|p1a: Sableye|Taunt|p2a: Altaria","|-start|p2a: Altaria|move: Taunt","|","|-heal|p1a: Sableye|221/298|[from] item: Leftovers","|turn|19","|","|switch|p2a: Dragonite|Dragonite, M|153/323 brn","|switch|p1a: Aegislash|Aegislash, M, shiny|45/261","|-damage|p1a: Aegislash|29/261|[from] Stealth Rock","|","|-damage|p2a: Dragonite|113/323 brn|[from] brn","|turn|20","|","|move|p1a: Aegislash|King's Shield|p1a: Aegislash","|-singleturn|p1a: Aegislash|Protect","|move|p2a: Dragonite|Earthquake|p1a: Aegislash","|-activate|p1a: Aegislash|Protect","|","|-damage|p2a: Dragonite|73/323 brn|[from] brn","|turn|21","|","|-formechange|p1a: Aegislash|Aegislash-Blade","|move|p1a: Aegislash|Shadow Sneak|p2a: Dragonite","|-damage|p2a: Dragonite|0 fnt","|faint|p2a: Dragonite","|","|","|switch|p2a: Altaria|Altaria, F|291/291","|turn|22","|","|move|p2a: Altaria|Dragon Dance|p2a: Altaria","|-boost|p2a: Altaria|atk|1","|-boost|p2a: Altaria|spe|1","|move|p1a: Aegislash|Shadow Ball|p2a: Altaria","|-damage|p2a: Altaria|141/291","|-unboost|p2a: Altaria|spd|1","|","|turn|23","|","|detailschange|p2a: Altaria|Altaria-Mega, F","|-mega|p2a: Altaria|Altaria|Altarianite","|move|p2a: Altaria|Return|p1a: Aegislash","|-resisted|p1a: Aegislash","|-damage|p1a: Aegislash|0 fnt","|faint|p1a: Aegislash","|","|","|switch|p1a: Chandelure|Chandelure, F|261/261","|-damage|p1a: Chandelure|196/261|[from] Stealth Rock","|turn|24","|","|move|p2a: Altaria|Return|p1a: Chandelure","|-resisted|p1a: Chandelure","|-damage|p1a: Chandelure|10/261","|move|p1a: Chandelure|Shadow Ball|p2a: Altaria","|-damage|p2a: Altaria|0 fnt","|faint|p2a: Altaria","|","|","|switch|p2a: Kyurem-Black|Kyurem-Black|391/391","|-ability|p2a: Kyurem-Black|Teravolt","|turn|25","|","|move|p2a: Kyurem-Black|Ice Beam|p1a: Chandelure","|-resisted|p1a: Chandelure","|-damage|p1a: Chandelure|0 fnt","|faint|p1a: Chandelure","|","|","|switch|p1a: Sableye|Sableye, M|221/298","|-damage|p1a: Sableye|184/298|[from] Stealth Rock","|turn|26","|","|move|p1a: Sableye|Will-O-Wisp|p2a: Kyurem-Black","|-status|p2a: Kyurem-Black|brn","|move|p2a: Kyurem-Black|Ice Beam|p1a: Sableye","|-damage|p1a: Sableye|16/298","|","|-heal|p1a: Sableye|34/298|[from] item: Leftovers","|-damage|p2a: Kyurem-Black|343/391 brn|[from] brn","|turn|27","|","|move|p1a: Sableye|Recover|p1a: Sableye","|-heal|p1a: Sableye|183/298","|move|p2a: Kyurem-Black|Ice Beam|p1a: Sableye","|-damage|p1a: Sableye|9/298","|","|-heal|p1a: Sableye|27/298|[from] item: Leftovers","|-damage|p2a: Kyurem-Black|295/391 brn|[from] brn","|turn|28","|","|move|p1a: Sableye|Recover|p1a: Sableye","|-heal|p1a: Sableye|176/298","|move|p2a: Kyurem-Black|Ice Beam|p1a: Sableye","|-damage|p1a: Sableye|0 fnt","|faint|p1a: Sableye","|","|-damage|p2a: Kyurem-Black|247/391 brn|[from] brn","|","|switch|p1a: Gengar|Gengar, F, shiny|229/261","|-damage|p1a: Gengar|197/261|[from] Stealth Rock","|turn|29","|","|move|p2a: Kyurem-Black|Ice Beam|p1a: Gengar","|-damage|p1a: Gengar|43/261","|move|p1a: Gengar|Sludge Bomb|p2a: Kyurem-Black","|-damage|p2a: Kyurem-Black|66/391 brn","|","|-damage|p2a: Kyurem-Black|18/391 brn|[from] brn","|turn|30","|","|move|p2a: Kyurem-Black|Ice Beam|p1a: Gengar","|-damage|p1a: Gengar|0 fnt","|faint|p1a: Gengar","|","|win|Yung draco"],"p1rating":{"entryid":"7252450","serverid":"eos","formatid":"monotype","userid":"wrdenargu","username":"Wаrden Arguѕ","w":"34","l":7,"t":"0","gxe":76.6,"r":"1734.3716784252","rd":"56.692445093201","sigma":"0","rptime":"1438246800","rpr":1726.0904683648,"rprd":53.892764187647,"rpsigma":"0","acre":1364.5174723635,"lacre":1364.5174723635,"oldacre":"1393.023685354"},"p2rating":{"entryid":"6653831","serverid":"eos","formatid":"monotype","userid":"yungdraco","username":"Yung draco - ⓦⓐⓘⓣ","w":14,"l":"4","t":"0","gxe":68.6,"r":"1537.9980476167","rd":"116.06120485007","sigma":"0","rptime":"1438246800","rpr":1650.0752092044,"rprd":74.96550027689,"rpsigma":"0","acre":1270.8658992931,"lacre":1270.8658992931,"oldacre":"1235.233133055"},"endType":"normal"}