{"seed":[58911,61767,23824,63062],"turns":28,"p1":"MachoSalad","p2":"Alliance-C-Control","p1team":[{"name":"Skarmory","species":"Skarmory","item":"rockyhelmet","ability":"Sturdy","moves":["roost","stealthrock","defog","whirlwind"],"nature":"Bold","evs":{"hp":248,"atk":0,"def":252,"spa":0,"spd":0,"spe":8},"ivs":{"hp":31,"atk":0,"def":31,"spa":31,"spd":31,"spe":31}},{"name":"Charizard","species":"Charizard","item":"charizarditex","ability":"Blaze","moves":["flareblitz","dragonclaw","dragondance","earthquake"],"nature":"Adamant","evs":{"hp":0,"atk":252,"def":0,"spa":0,"spd":4,"spe":252},"ivs":{"hp":31,"atk":31,"def":31,"spa":31,"spd":31,"spe":31}},{"name":"Hawlucha","species":"Hawlucha","item":"sitrusberry","ability":"Unburden","moves":["swordsdance","highjumpkick","substitute","acrobatics"],"nature":"Adamant","evs":{"hp":0,"atk":252,"def":4,"spa":0,"spd":0,"spe":252},"ivs":{"hp":31,"atk":31,"def":31,"spa":31,"spd":31,"spe":31}},{"name":"Dragonite","species":"Dragonite","item":"weaknesspolicy","ability":"Multiscale","moves":["dragondance","extremespeed","firepunch","dragonclaw"],"nature":"Adamant","evs":{"hp":0,"atk":252,"def":4,"spa":0,"spd":0,"spe":252},"ivs":{"hp":31,"atk":31,"def":31,"spa":31,"spd":31,"spe":31}},{"name":"Landorus","species":"Landorus","item":"lifeorb","ability":"Sheer Force","moves":["sludgebomb","hiddenpowerice","earthpower","psychic"],"nature":"Timid","evs":{"hp":0,"atk":0,"def":4,"spa":252,"spd":0,"spe":252},"ivs":{"hp":31,"atk":0,"def":30,"spa":31,"spd":31,"spe":31}},{"name":"Mandibuzz","species":"Mandibuzz","item":"leftovers","ability":"Overcoat","moves":["bravebird","foulplay","roost","knockoff"],"nature":"Careful","evs":{"hp":248,"atk":0,"def":4,"spa":0,"spd":252,"spe":4},"ivs":{"hp":31,"atk":31,"def":31,"spa":31,"spd":31,"spe":31}}],"p2team":[{"name":"Beheeyem","species":"Beheeyem","item":"leftovers","ability":"Synchronize","moves":["shadowball","psychic","painsplit","recover"],"nature":"Calm","evs":{"hp":252,"atk":0,"def":0,"spa":4,"spd":252,"spe":0},"ivs":{"hp":31,"atk":31,"def":31,"spa":31,"spd":31,"spe":31}},{"name":"Azelf","species":"Azelf","item":"ejectbutton","ability":"Levitate","moves":["magicroom","acrobatics","stealthrock","explosion"],"nature":"Jolly","evs":{"hp":4,"atk":252,"def":0,"spa":0,"spd":0,"spe":252},"ivs":{"hp":31,"atk":31,"def":31,"spa":31,"spd":31,"spe":31}},{"name":"Jirachi","species":"Jirachi","item":"choicescarf","ability":"Serene Grace","moves":["cosmicpower","trick","moonblast","flashcannon"],"nature":"Timid","evs":{"hp":4,"atk":0,"def":0,"spa":252,"spd":0,"spe":252},"shiny":true,"ivs":{"hp":31,"atk":31,"def":31,"spa":31,"spd":31,"spe":31}},{"name":"Gardevoir","species":"Gardevoir","item":"gardevoirite","ability":"Trace","moves":["trickroom","doubleedge","zenheadbutt","bodyslam"],"nature":"Brave","evs":{"hp":252,"atk":252,"def":0,"spa":0,"spd":4,"spe":0},"ivs":{"hp":31,"atk":31,"def":31,"spa":31,"spd":31,"spe":0}},{"name":"Latias","species":"Latias","item":"leftovers","ability":"Levitate","moves":["defog","dracometeor","icebeam","healingwish"],"nature":"Timid","evs":{"hp":0,"atk":0,"def":0,"spa":252,"spd":4,"spe":252},"ivs":{"hp":31,"atk":31,"def":31,"spa":31,"spd":31,"spe":31}},{"name":"Slowbro","species":"Slowbro","item":"rockyhelmet","ability":"Regenerator","moves":["scald","slackoff","irondefense","calmmind"],"nature":"Bold","evs":{"hp":248,"atk":0,"def":252,"spa":0,"spd":8,"spe":0},"ivs":{"hp":31,"atk":31,"def":31,"spa":31,"spd":31,"spe":31}}],"log":["|player|p1|MachoSalad|224","|player|p2|Alliance-C-Control|190","|gametype|singles","|gen|6","|tier|Monotype","|rated","|rule|Baton Pass Clause: Limit one Baton Passer, can't pass Spe and other stats simultaneously","|rule|Swagger Clause: Swagger is banned","|rule|Same Type Clause: Pokémon in a team must share a type","|clearpoke","|poke|p1|Skarmory, M","|poke|p1|Charizard, M","|poke|p1|Hawlucha, M","|poke|p1|Dragonite, M","|poke|p1|Landorus, M","|poke|p1|Mandibuzz, F","|poke|p2|Beheeyem, F","|poke|p2|Azelf","|poke|p2|Jirachi, shiny","|poke|p2|Gardevoir, M","|poke|p2|Latias, F","|poke|p2|Slowbro, M","|rule|Sleep Clause Mod: Limit one foe put to sleep","|rule|Species Clause: Limit one of each Pokémon","|rule|OHKO Clause: OHKO moves are banned","|rule|Moody Clause: Moody is banned","|rule|Evasion Moves Clause: Evasion moves are banned","|rule|Endless Battle Clause: Forcing endless battles is banned","|rule|HP Percentage Mod: HP is shown in percentages","|teampreview","|","|start","|switch|p1a: Mandibuzz|Mandibuzz, F|423/423","|switch|p2a: Azelf|Azelf|292/292","|turn|1","|","|move|p2a: Azelf|Stealth Rock|p1a: Mandibuzz","|-sidestart|p1: MachoSalad|move: Stealth Rock","|move|p1a: Mandibuzz|Knock Off|p2a: Azelf","|-supereffective|p2a: Azelf","|-damage|p2a: Azelf|74/292","|-enditem|p2a: Azelf|Eject Button|[from] move: Knock Off|[of] p1a: Mandibuzz","|","|turn|2","|","|move|p2a: Azelf|Magic Room|p2a: Azelf","|-fieldstart|move: Magic Room|[of] p2a: Azelf","|move|p1a: Mandibuzz|Roost|p1a: Mandibuzz","|-fail|p1a: Mandibuzz","|","|turn|3","|","|switch|p2a: Jirachi|Jirachi, shiny|342/342","|move|p1a: Mandibuzz|Foul Play|p2a: Jirachi","|-supereffective|p2a: Jirachi","|-damage|p2a: Jirachi|150/342","|","|turn|4","|","|move|p2a: Jirachi|Cosmic Power|p2a: Jirachi","|-boost|p2a: Jirachi|def|1","|-boost|p2a: Jirachi|spd|1","|move|p1a: Mandibuzz|Knock Off|p2a: Jirachi","|-supereffective|p2a: Jirachi","|-damage|p2a: Jirachi|48/342","|-enditem|p2a: Jirachi|Choice Scarf|[from] move: Knock Off|[of] p1a: Mandibuzz","|","|turn|5","|","|move|p2a: Jirachi|Moonblast|p1a: Mandibuzz","|-supereffective|p1a: Mandibuzz","|-damage|p1a: Mandibuzz|291/423","|move|p1a: Mandibuzz|Foul Play|p2a: Jirachi","|-supereffective|p2a: Jirachi","|-damage|p2a: Jirachi|0 fnt","|faint|p2a: Jirachi","|","|","|switch|p2a: Gardevoir|Gardevoir, M|340/340","|-ability|p2a: Gardevoir|Overcoat|[from] ability: Trace|[of] p1a: Mandibuzz","|turn|6","|","|detailschange|p2a: Gardevoir|Gardevoir-Mega, M","|-mega|p2a: Gardevoir|Gardevoir|Gardevoirite","|move|p1a: Mandibuzz|Brave Bird|p2a: Gardevoir","|-damage|p2a: Gardevoir|207/340","|-damage|p1a: Mandibuzz|247/423|[from] recoil|[of] p2a: Gardevoir","|move|p2a: Gardevoir|Trick Room|p2a: Gardevoir","|-fieldstart|move: Trick Room|[of] p2a: Gardevoir","|","|-fieldend|move: Magic Room|[of] p2: Azelf","|turn|7","|","|move|p2a: Gardevoir|Body Slam|p1a: Mandibuzz","|-supereffective|p1a: Mandibuzz","|-damage|p1a: Mandibuzz|0 fnt","|faint|p1a: Mandibuzz","|","|","|switch|p1a: Skarmory|Skarmory, M|333/333","|-damage|p1a: Skarmory|292/333|[from] Stealth Rock","|turn|8","|","|switch|p2a: Slowbro|Slowbro, M|393/393","|move|p1a: Skarmory|Defog|p2a: Slowbro","|-unboost|p2a: Slowbro|evasion|1","|-sideend|p1: MachoSalad|Stealth Rock|[from] move: Defog|[of] p1a: Skarmory","|","|turn|9","|","|move|p2a: Slowbro|Iron Defense|p2a: Slowbro","|-boost|p2a: Slowbro|def|2","|move|p1a: Skarmory|Stealth Rock|p2a: Slowbro","|-sidestart|p2: Alliance-C-Control|move: Stealth Rock","|","|turn|10","|","|move|p2a: Slowbro|Scald|p1a: Skarmory","|-damage|p1a: Skarmory|169/333","|move|p1a: Skarmory|Whirlwind|p2a: Slowbro","|drag|p2a: Gardevoir|Gardevoir-Mega, M|207/340","|-damage|p2a: Gardevoir|165/340|[from] Stealth Rock","|","|-fieldend|move: Trick Room","|turn|11","|","|switch|p2a: Latias|Latias, F|301/301","|-damage|p2a: Latias|264/301|[from] Stealth Rock","|move|p1a: Skarmory|Roost|p1a: Skarmory","|-heal|p1a: Skarmory|333/333","|","|-heal|p2a: Latias|282/301|[from] item: Leftovers","|turn|12","|","|move|p2a: Latias|Defog|p1a: Skarmory","|-unboost|p1a: Skarmory|evasion|1","|-sideend|p2: Alliance-C-Control|Stealth Rock|[from] move: Defog|[of] p2a: Latias","|move|p1a: Skarmory|Roost|p1a: Skarmory","|-fail|p1a: Skarmory","|","|-heal|p2a: Latias|300/301|[from] item: Leftovers","|turn|13","|","|move|p2a: Latias|Ice Beam|p1a: Skarmory","|-damage|p1a: Skarmory|203/333","|move|p1a: Skarmory|Stealth Rock|p2a: Latias","|-sidestart|p2: Alliance-C-Control|move: Stealth Rock","|","|-heal|p2a: Latias|301/301|[from] item: Leftovers","|turn|14","|","|move|p2a: Latias|Defog|p1a: Skarmory","|-unboost|p1a: Skarmory|evasion|1","|-sideend|p2: Alliance-C-Control|Stealth Rock|[from] move: Defog|[of] p2a: Latias","|move|p1a: Skarmory|Roost|p1a: Skarmory","|-heal|p1a: Skarmory|333/333","|","|turn|15","|","|move|p2a: Latias|Ice Beam|p1a: Skarmory","|-damage|p1a: Skarmory|210/333","|move|p1a: Skarmory|Stealth Rock|p2a: Latias","|-sidestart|p2: Alliance-C-Control|move: Stealth Rock","|","|turn|16","|","|move|p2a: Latias|Ice Beam|p1a: Skarmory","|-damage|p1a: Skarmory|77/333","|move|p1a: Skarmory|Roost|p1a: Skarmory","|-heal|p1a: Skarmory|244/333","|","|turn|17","|","|switch|p1a: Dragonite|Dragonite, M|323/323","|move|p2a: Latias|Defog|p1a: Dragonite","|-unboost|p1a: Dragonite|evasion|1","|-sideend|p2: Alliance-C-Control|Stealth Rock|[from] move: Defog|[of] p2a: Latias","|","|turn|18","|","|switch|p2a: Slowbro|Slowbro, M|393/393","|move|p1a: Dragonite|Dragon Dance|p1a: Dragonite","|-boost|p1a: Dragonite|atk|1","|-boost|p1a: Dragonite|spe|1","|","|turn|19","|","|move|p1a: Dragonite|Dragon Claw|p2a: Slowbro","|-damage|p2a: Slowbro|227/393","|-damage|p1a: Dragonite|270/323|[from] item: Rocky Helmet|[of] p2a: Slowbro","|move|p2a: Slowbro|Calm Mind|p2a: Slowbro","|-boost|p2a: Slowbro|spa|1","|-boost|p2a: Slowbro|spd|1","|","|turn|20","|","|move|p1a: Dragonite|Dragon Claw|p2a: Slowbro","|-damage|p2a: Slowbro|59/393","|-damage|p1a: Dragonite|217/323|[from] item: Rocky Helmet|[of] p2a: Slowbro","|move|p2a: Slowbro|Slack Off|p2a: Slowbro","|-heal|p2a: Slowbro|256/393","|","|turn|21","|","|move|p1a: Dragonite|Dragon Dance|p1a: Dragonite","|-boost|p1a: Dragonite|atk|1","|-boost|p1a: Dragonite|spe|1","|move|p2a: Slowbro|Iron Defense|p2a: Slowbro","|-boost|p2a: Slowbro|def|2","|","|turn|22","|","|switch|p1a: Skarmory|Skarmory, M|244/333","|move|p2a: Slowbro|Slack Off|p2a: Slowbro","|-heal|p2a: Slowbro|393/393","|","|turn|23","|","|move|p2a: Slowbro|Scald|p1a: Skarmory","|-damage|p1a: Skarmory|64/333","|move|p1a: Skarmory|Whirlwind|p2a: Slowbro","|drag|p2a: Latias|Latias, F|301/301","|","|turn|24","|","|switch|p1a: Dragonite|Dragonite, M|217/323","|move|p2a: Latias|Ice Beam|p1a: Dragonite","|-supereffective|p1a: Dragonite","|-damage|p1a: Dragonite|0 fnt","|faint|p1a: Dragonite","|","|","|switch|p1a: Charizard|Charizard, M|297/297","|turn|25","|","|move|p2a: Latias|Draco Meteor|p1a: Charizard|[miss]","|-miss|p2a: Latias|p1a: Charizard","|move|p1a: Charizard|Dragon Dance|p1a: Charizard","|-boost|p1a: Charizard|atk|1","|-boost|p1a: Charizard|spe|1","|","|turn|26","|","|switch|p2a: Slowbro|Slowbro, M|393/393","|detailschange|p1a: Charizard|Charizard-Mega-X, M","|-mega|p1a: Charizard|Charizard|Charizardite X","|move|p1a: Charizard|Dragon Claw|p2a: Slowbro","|-damage|p2a: Slowbro|170/393","|-damage|p1a: Charizard|248/297|[from] item: Rocky Helmet|[of] p2a: Slowbro","|","|turn|27","|","|switch|p2a: Gardevoir|Gardevoir-Mega, M|165/340","|move|p1a: Charizard|Dragon Claw|p2a: Gardevoir","|-immune|p2a: Gardevoir|[msg]","|","|turn|28","|","|move|p1a: Charizard|Earthquake|p2a: Gardevoir","|-damage|p2a: Gardevoir|0 fnt","|faint|p2a: Gardevoir","|","|","|win|MachoSalad"],"p1rating":{"entryid":"7206348","serverid":"eos","formatid":"monotype","userid":"machosalad","username":"MachoSalad","w":28,"l":"15","t":"0","gxe":62.5,"r":"1586.6459474749","rd":"53.601581176466","sigma":"0","rptime":"1438246800","rpr":1597.0372948325,"rprd":52.58545409124,"rpsigma":"0","acre":1191.726400247,"lacre":1191.726400247,"oldacre":"1174.8112221608"},"p2rating":{"entryid":"6440455","serverid":"eos","formatid":"monotype","userid":"allianceccontrol","username":"Alliance-C-Control","w":"212","l":284,"t":"0","gxe":41.2,"r":"1435.8579604977","rd":"25","sigma":"0","rptime":"1438246800","rpr":1433.2658878128,"rprd":25,"rpsigma":"0","acre":1045.5903419987,"lacre":1045.5903419987,"oldacre":"1058.2703314332"},"endType":"forfeit"}