{"seed":[40726,40144,18219,4100],"turns":25,"p1":"Shining Yin","p2":"Cryѕtal Cash","p1team":[{"name":"Mamoswine","species":"Mamoswine","item":"lifeorb","ability":"Thick Fat","moves":["earthquake","iceshard","freezedry","iciclecrash"],"nature":"Naive","evs":{"hp":0,"atk":244,"def":0,"spa":12,"spd":0,"spe":252},"ivs":{"hp":31,"atk":31,"def":31,"spa":31,"spd":31,"spe":31}},{"name":"Kyurem-Black","species":"Kyurem-Black","item":"choicescarf","ability":"Teravolt","moves":["outrage","fusionbolt","ironhead","earthpower"],"nature":"Naughty","evs":{"hp":0,"atk":216,"def":0,"spa":40,"spd":0,"spe":252},"ivs":{"hp":31,"atk":31,"def":31,"spa":31,"spd":31,"spe":31}},{"name":"Avalugg","species":"Avalugg","item":"rockyhelmet","ability":"Sturdy","moves":["rapidspin","recover","avalanche","mirrorcoat"],"nature":"Impish","evs":{"hp":248,"atk":8,"def":252,"spa":0,"spd":0,"spe":0},"ivs":{"hp":31,"atk":31,"def":31,"spa":31,"spd":31,"spe":31}},{"name":"Cloyster","species":"Cloyster","item":"lumberry","ability":"Skill Link","moves":["shellsmash","iciclespear","rockblast","iceshard"],"nature":"Adamant","evs":{"hp":0,"atk":252,"def":0,"spa":0,"spd":4,"spe":252},"ivs":{"hp":31,"atk":31,"def":31,"spa":31,"spd":31,"spe":31}},{"name":"Abomasnow","species":"Abomasnow","item":"abomasite","ability":"Snow Warning","moves":["blizzard","gigadrain","iceshard","earthquake"],"nature":"Quiet","evs":{"hp":144,"atk":88,"def":176,"spa":0,"spd":100,"spe":0},"ivs":{"hp":31,"atk":31,"def":31,"spa":31,"spd":31,"spe":31}},{"name":"Jynx","species":"Jynx","item":"focussash","ability":"Dry Skin","moves":["trickroom","icebeam","lovelykiss","psychic"],"nature":"Timid","evs":{"hp":0,"atk":0,"def":0,"spa":252,"spd":4,"spe":252},"ivs":{"hp":31,"atk":31,"def":31,"spa":31,"spd":31,"spe":0}}],"p2team":[{"name":"Azumarill","species":"Azumarill","item":"assaultvest","ability":"Huge Power","moves":["poweruppunch","aquajet","playrough","waterfall"],"nature":"Adamant","evs":{"hp":248,"atk":252,"def":0,"spa":0,"spd":8,"spe":0},"ivs":{"hp":31,"atk":31,"def":31,"spa":31,"spd":31,"spe":31}},{"name":"Sylveon","species":"Sylveon","item":"choicespecs","ability":"Pixilate","moves":["hypervoice","shadowball","hiddenpowerfire","psyshock"],"nature":"Modest","evs":{"hp":240,"atk":0,"def":0,"spa":252,"spd":0,"spe":16},"ivs":{"hp":31,"atk":30,"def":31,"spa":30,"spd":31,"spe":30}},{"name":"Klefki","species":"Klefki","item":"lightclay","ability":"Prankster","moves":["reflect","lightscreen","thunderwave","foulplay"],"nature":"Bold","evs":{"hp":248,"atk":0,"def":252,"spa":0,"spd":8,"spe":0},"ivs":{"hp":31,"atk":31,"def":31,"spa":31,"spd":31,"spe":31}},{"name":"Toge Kiss Deez Nut","species":"togekiss","item":"leftovers","ability":"Serene Grace","moves":["thunderwave","airslash","nastyplot","roost"],"nature":"Modest","evs":{"hp":0,"atk":0,"def":4,"spa":252,"spd":0,"spe":252},"ivs":{"hp":31,"atk":31,"def":31,"spa":31,"spd":31,"spe":31}},{"name":"Granbull","species":"Granbull","item":"leftovers","ability":"Intimidate","moves":["playrough","healbell","earthquake","thunderwave"],"nature":"Relaxed","evs":{"hp":4,"atk":252,"def":252,"spa":0,"spd":0,"spe":0},"ivs":{"hp":31,"atk":31,"def":31,"spa":31,"spd":31,"spe":31}},{"name":"Gardevoir","species":"Gardevoir","item":"gardevoirite","ability":"Synchronize","moves":["hypervoice","thunderbolt","energyball","moonblast"],"nature":"Timid","evs":{"hp":0,"atk":0,"def":0,"spa":252,"spd":4,"spe":252},"ivs":{"hp":31,"atk":31,"def":31,"spa":31,"spd":31,"spe":31}}],"log":["|player|p1|Shining Yin|167","|player|p2|Cryѕtal Cash|158","|gametype|singles","|gen|6","|tier|Monotype","|rated","|rule|Baton Pass Clause: Limit one Baton Passer, can't pass Spe and other stats simultaneously","|rule|Swagger Clause: Swagger is banned","|rule|Same Type Clause: Pokémon in a team must share a type","|clearpoke","|poke|p1|Mamoswine, M","|poke|p1|Kyurem-Black","|poke|p1|Avalugg, M","|poke|p1|Cloyster, M","|poke|p1|Abomasnow, F","|poke|p1|Jynx, F","|poke|p2|Azumarill, F","|poke|p2|Sylveon, F","|poke|p2|Klefki, M","|poke|p2|Togekiss, M","|poke|p2|Granbull, M","|poke|p2|Gardevoir, M","|rule|Sleep Clause Mod: Limit one foe put to sleep","|rule|Species Clause: Limit one of each Pokémon","|rule|OHKO Clause: OHKO moves are banned","|rule|Moody Clause: Moody is banned","|rule|Evasion Moves Clause: Evasion moves are banned","|rule|Endless Battle Clause: Forcing endless battles is banned","|rule|HP Percentage Mod: HP is shown in percentages","|teampreview","|","|start","|switch|p1a: Mamoswine|Mamoswine, M|361/361","|switch|p2a: Azumarill|Azumarill, F|403/403","|turn|1","|","|switch|p1a: Avalugg|Avalugg, M|393/393","|move|p2a: Azumarill|Power-Up Punch|p1a: Avalugg","|-supereffective|p1a: Avalugg","|-damage|p1a: Avalugg|335/393","|-damage|p2a: Azumarill|336/403|[from] item: Rocky Helmet|[of] p1a: Avalugg","|-boost|p2a: Azumarill|atk|1","|","|turn|2","|","|move|p2a: Azumarill|Play Rough|p1a: Avalugg","|-damage|p1a: Avalugg|205/393","|-damage|p2a: Azumarill|269/403|[from] item: Rocky Helmet|[of] p1a: Avalugg","|move|p1a: Avalugg|Avalanche|p2a: Azumarill","|-resisted|p2a: Azumarill","|-damage|p2a: Azumarill|166/403","|","|turn|3","|","|switch|p2a: Klefki|Klefki, M|317/317","|move|p1a: Avalugg|Recover|p1a: Avalugg","|-heal|p1a: Avalugg|393/393","|","|turn|4","|","|switch|p1a: Mamoswine|Mamoswine, M|361/361","|move|p2a: Klefki|Reflect|p2a: Klefki","|-sidestart|p2: Cryѕtal Cash|Reflect","|","|turn|5","|","|switch|p2a: Toge Kiss Deez Nut|Togekiss, M|311/311","|move|p1a: Mamoswine|Icicle Crash|p2a: Toge Kiss Deez Nut","|-supereffective|p2a: Toge Kiss Deez Nut","|-damage|p2a: Toge Kiss Deez Nut|112/311","|-damage|p1a: Mamoswine|325/361|[from] item: Life Orb","|","|-heal|p2a: Toge Kiss Deez Nut|131/311|[from] item: Leftovers","|turn|6","|","|switch|p2a: Granbull|Granbull, M|322/322","|-ability|p2a: Granbull|Intimidate","|-unboost|p1a: Mamoswine|atk|1","|move|p1a: Mamoswine|Ice Shard|p2a: Granbull","|-damage|p2a: Granbull|297/322","|-damage|p1a: Mamoswine|289/361|[from] item: Life Orb","|","|-heal|p2a: Granbull|317/322|[from] item: Leftovers","|turn|7","|","|switch|p1a: Avalugg|Avalugg, M|393/393","|move|p2a: Granbull|Earthquake|p1a: Avalugg","|-damage|p1a: Avalugg|343/393","|","|-heal|p2a: Granbull|322/322|[from] item: Leftovers","|turn|8","|","|switch|p2a: Sylveon|Sylveon, F|391/391","|move|p1a: Avalugg|Avalanche|p2a: Sylveon","|-damage|p2a: Sylveon|331/391","|","|turn|9","|","|move|p2a: Sylveon|Hidden Power|p1a: Avalugg","|-supereffective|p1a: Avalugg","|-damage|p1a: Avalugg|0 fnt","|faint|p1a: Avalugg","|","|","|switch|p1a: Jynx|Jynx, F|271/271","|turn|10","|","|move|p1a: Jynx|Lovely Kiss|p2a: Sylveon","|-status|p2a: Sylveon|slp","|cant|p2a: Sylveon|slp","|","|turn|11","|","|switch|p2a: Klefki|Klefki, M|317/317","|move|p1a: Jynx|Psychic|p2a: Klefki","|-crit|p2a: Klefki","|-resisted|p2a: Klefki","|-damage|p2a: Klefki|203/317","|","|-sideend|p2: Cryѕtal Cash|Reflect","|turn|12","|","|switch|p1a: Mamoswine|Mamoswine, M|289/361","|move|p2a: Klefki|Light Screen|p2a: Klefki","|-sidestart|p2: Cryѕtal Cash|move: Light Screen","|","|turn|13","|","|switch|p2a: Gardevoir|Gardevoir, M|277/277","|move|p1a: Mamoswine|Earthquake|p2a: Gardevoir","|-damage|p2a: Gardevoir|0 fnt","|-damage|p1a: Mamoswine|253/361|[from] item: Life Orb","|faint|p2a: Gardevoir","|","|","|switch|p2a: Sylveon|Sylveon, F|331/391 slp","|turn|14","|","|move|p1a: Mamoswine|Earthquake|p2a: Sylveon","|-damage|p2a: Sylveon|0 fnt","|-damage|p1a: Mamoswine|217/361|[from] item: Life Orb","|faint|p2a: Sylveon","|","|","|switch|p2a: Azumarill|Azumarill, F|166/403","|turn|15","|","|switch|p1a: Jynx|Jynx, F|271/271","|move|p2a: Azumarill|Aqua Jet|p1a: Jynx","|-immune|p1a: Jynx|[msg]","|","|turn|16","|","|switch|p2a: Klefki|Klefki, M|203/317","|move|p1a: Jynx|Lovely Kiss|p2a: Klefki","|-status|p2a: Klefki|slp","|","|turn|17","|","|switch|p1a: Mamoswine|Mamoswine, M|217/361","|cant|p2a: Klefki|slp","|","|turn|18","|","|switch|p2a: Toge Kiss Deez Nut|Togekiss, M|131/311","|move|p1a: Mamoswine|Earthquake|p2a: Toge Kiss Deez Nut","|-immune|p2a: Toge Kiss Deez Nut|[msg]","|","|-heal|p2a: Toge Kiss Deez Nut|150/311|[from] item: Leftovers","|turn|19","|","|move|p1a: Mamoswine|Ice Shard|p2a: Toge Kiss Deez Nut","|-supereffective|p2a: Toge Kiss Deez Nut","|-damage|p2a: Toge Kiss Deez Nut|0 fnt","|-damage|p1a: Mamoswine|181/361|[from] item: Life Orb","|faint|p2a: Toge Kiss Deez Nut","|","|-sideend|p2: Cryѕtal Cash|move: Light Screen","|","|switch|p2a: Granbull|Granbull, M|322/322","|-ability|p2a: Granbull|Intimidate","|-unboost|p1a: Mamoswine|atk|1","|turn|20","|","|move|p1a: Mamoswine|Earthquake|p2a: Granbull","|-damage|p2a: Granbull|197/322","|-damage|p1a: Mamoswine|145/361|[from] item: Life Orb","|move|p2a: Granbull|Play Rough|p1a: Mamoswine","|-damage|p1a: Mamoswine|0 fnt","|faint|p1a: Mamoswine","|","|-heal|p2a: Granbull|217/322|[from] item: Leftovers","|","|switch|p1a: Cloyster|Cloyster, M|241/241","|turn|21","|","|move|p1a: Cloyster|Shell Smash|p1a: Cloyster","|-boost|p1a: Cloyster|atk|2","|-boost|p1a: Cloyster|spa|2","|-boost|p1a: Cloyster|spe|2","|-unboost|p1a: Cloyster|def|1","|-unboost|p1a: Cloyster|spd|1","|move|p2a: Granbull|Thunder Wave|p1a: Cloyster","|-status|p1a: Cloyster|par","|-enditem|p1a: Cloyster|Lum Berry|[eat]","|-curestatus|p1a: Cloyster|par","|","|-heal|p2a: Granbull|237/322|[from] item: Leftovers","|turn|22","|","|move|p1a: Cloyster|Icicle Spear|p2a: Granbull","|-damage|p2a: Granbull|164/322","|-damage|p2a: Granbull|100/322","|-damage|p2a: Granbull|28/322","|-damage|p2a: Granbull|0 fnt","|-hitcount|p2a: Granbull|4","|faint|p2a: Granbull","|","|","|switch|p2a: Azumarill|Azumarill, F|166/403","|turn|23","|","|move|p1a: Cloyster|Rock Blast|p2a: Azumarill","|-damage|p2a: Azumarill|98/403","|-damage|p2a: Azumarill|33/403","|-damage|p2a: Azumarill|0 fnt","|-hitcount|p2a: Azumarill|3","|faint|p2a: Azumarill","|","|","|switch|p2a: Klefki|Klefki, M|203/317 slp","|turn|24","|","|move|p1a: Cloyster|Icicle Spear|p2a: Klefki","|-resisted|p2a: Klefki","|-damage|p2a: Klefki|170/317 slp","|-resisted|p2a: Klefki","|-damage|p2a: Klefki|140/317 slp","|-crit|p2a: Klefki","|-resisted|p2a: Klefki","|-damage|p2a: Klefki|92/317 slp","|-crit|p2a: Klefki","|-resisted|p2a: Klefki","|-damage|p2a: Klefki|43/317 slp","|-crit|p2a: Klefki","|-resisted|p2a: Klefki","|-damage|p2a: Klefki|1/317 slp","|-hitcount|p2a: Klefki|5","|cant|p2a: Klefki|slp","|","|turn|25","|","|move|p1a: Cloyster|Ice Shard|p2a: Klefki","|-resisted|p2a: Klefki","|-damage|p2a: Klefki|0 fnt","|faint|p2a: Klefki","|","|win|Shining Yin"],"p1rating":{"entryid":"7208708","serverid":"eos","formatid":"monotype","userid":"shiningyin","username":"Shining Yin","w":17,"l":"9","t":"0","gxe":61.7,"r":"1594.0138946365","rd":"64.767361371216","sigma":"0","rptime":"1438246800","rpr":1591.0151587873,"rprd":62.921010043027,"rpsigma":"0","acre":1224.6445302574,"lacre":1224.6445302574,"oldacre":"1205.8071711927"},"p2rating":{"entryid":"7232943","serverid":"eos","formatid":"monotype","userid":"crytalcash","username":"Cryѕtal Cash","w":"5","l":8,"t":"0","gxe":44.5,"r":"1469.5877745556","rd":"82.490150504112","sigma":"0","rptime":"1438246800","rpr":1457.4519585655,"rprd":80.581212621108,"rpsigma":"0","acre":1099.5241163014,"lacre":1099.5241163014,"oldacre":"1118.3614753661"},"endType":"normal"}