{"seed":[44570,26545,37276,36101],"turns":25,"p1":"Metalyte","p2":"Traine✘ Chief","p1team":[{"name":"Thundurus-Therian","species":"Thundurus-Therian","item":"choicescarf","ability":"Volt Absorb","moves":["thunderbolt","hiddenpowerice","sludgewave","focusblast"],"nature":"Timid","evs":{"hp":0,"atk":0,"def":0,"spa":252,"spd":4,"spe":252},"ivs":{"hp":31,"atk":30,"def":30,"spa":31,"spd":31,"spe":31}},{"name":"Magnezone","species":"Magnezone","item":"airballoon","ability":"Sturdy","moves":["thunderbolt","flashcannon","voltswitch","hiddenpowergrass"],"nature":"Modest","evs":{"hp":248,"atk":0,"def":0,"spa":252,"spd":8,"spe":0},"ivs":{"hp":31,"atk":30,"def":31,"spa":30,"spd":31,"spe":31}},{"name":"Ampharos","species":"Ampharos","item":"ampharosite","ability":"Static","moves":["thunderwave","dragonpulse","voltswitch","powergem"],"nature":"Modest","evs":{"hp":248,"atk":0,"def":0,"spa":252,"spd":8,"spe":0},"ivs":{"hp":31,"atk":31,"def":31,"spa":31,"spd":31,"spe":31}},{"name":"Zapdos","species":"Zapdos","item":"leftovers","ability":"Pressure","moves":["roost","defog","discharge","heatwave"],"nature":"Bold","evs":{"hp":252,"atk":0,"def":252,"spa":0,"spd":4,"spe":0},"ivs":{"hp":31,"atk":31,"def":31,"spa":31,"spd":31,"spe":31}},{"name":"Rotom-Wash","species":"Rotom-Wash","item":"leftovers","ability":"Levitate","moves":["painsplit","willowisp","hydropump","voltswitch"],"nature":"Calm","evs":{"hp":252,"atk":0,"def":0,"spa":4,"spd":252,"spe":0},"ivs":{"hp":31,"atk":31,"def":31,"spa":31,"spd":31,"spe":31}},{"name":"Electivire","species":"Electivire","item":"choiceband","ability":"Vital Spirit","moves":["wildcharge","earthquake","icepunch","crosschop"],"nature":"Jolly","evs":{"hp":0,"atk":252,"def":0,"spa":0,"spd":4,"spe":252},"ivs":{"hp":31,"atk":31,"def":31,"spa":31,"spd":31,"spe":31}}],"p2team":[{"name":"Venusaur","species":"Venusaur","item":"leftovers","ability":"Chlorophyll","moves":["sleeppowder","gigadrain","leechseed","sludgebomb"],"nature":"Timid","evs":{"hp":0,"atk":0,"def":0,"spa":252,"spd":4,"spe":252},"ivs":{"hp":31,"atk":31,"def":31,"spa":31,"spd":31,"spe":31}},{"name":"Nidoking","species":"Nidoking","item":"lifeorb","ability":"Sheer Force","moves":["sludgewave","earthpower","fireblast","thunderbolt"],"nature":"Timid","evs":{"hp":4,"atk":0,"def":0,"spa":252,"spd":0,"spe":252},"ivs":{"hp":31,"atk":31,"def":31,"spa":31,"spd":31,"spe":31}},{"name":"Gengar","species":"Gengar","item":"focussash","ability":"Levitate","moves":["destinybond","sludgewave","confuseray","shadowball"],"nature":"Hasty","evs":{"hp":0,"atk":4,"def":0,"spa":252,"spd":0,"spe":252},"ivs":{"hp":31,"atk":31,"def":31,"spa":31,"spd":31,"spe":0}},{"name":"Scolipede","species":"Scolipede","item":"focussash","ability":"Speed Boost","moves":["swordsdance","earthquake","megahorn","poisonjab"],"nature":"Jolly","evs":{"hp":0,"atk":252,"def":0,"spa":0,"spd":4,"spe":252},"ivs":{"hp":31,"atk":31,"def":31,"spa":31,"spd":31,"spe":31}},{"name":"Tentacruel","species":"Tentacruel","item":"focussash","ability":"Liquid Ooze","moves":["rapidspin","scald","toxicspikes","icebeam"],"nature":"Timid","evs":{"hp":0,"atk":0,"def":0,"spa":252,"spd":4,"spe":252},"ivs":{"hp":31,"atk":31,"def":31,"spa":31,"spd":31,"spe":31}},{"name":"Beedrill","species":"Beedrill","item":"beedrillite","ability":"Swarm","moves":["uturn","protect","poisonjab","knockoff"],"nature":"Jolly","evs":{"hp":0,"atk":252,"def":0,"spa":0,"spd":4,"spe":252},"ivs":{"hp":31,"atk":31,"def":31,"spa":31,"spd":31,"spe":31}}],"log":["|player|p1|Metalyte|165","|player|p2|Traine✘ Chief|127","|gametype|singles","|gen|6","|tier|Monotype","|rated","|rule|Baton Pass Clause: Limit one Baton Passer, can't pass Spe and other stats simultaneously","|rule|Swagger Clause: Swagger is banned","|rule|Same Type Clause: Pokémon in a team must share a type","|clearpoke","|poke|p1|Thundurus-Therian, M","|poke|p1|Magnezone","|poke|p1|Ampharos, F","|poke|p1|Zapdos","|poke|p1|Rotom-Wash","|poke|p1|Electivire, M","|poke|p2|Venusaur, F","|poke|p2|Nidoking, M","|poke|p2|Gengar, F","|poke|p2|Scolipede, F","|poke|p2|Tentacruel, F","|poke|p2|Beedrill, F","|rule|Sleep Clause Mod: Limit one foe put to sleep","|rule|Species Clause: Limit one of each Pokémon","|rule|OHKO Clause: OHKO moves are banned","|rule|Moody Clause: Moody is banned","|rule|Evasion Moves Clause: Evasion moves are banned","|rule|Endless Battle Clause: Forcing endless battles is banned","|rule|HP Percentage Mod: HP is shown in percentages","|teampreview","|","|start","|switch|p1a: Rotom-Wash|Rotom-Wash|304/304","|switch|p2a: Scolipede|Scolipede, F|261/261","|turn|1","|","|move|p2a: Scolipede|Swords Dance|p2a: Scolipede","|-boost|p2a: Scolipede|atk|2","|move|p1a: Rotom-Wash|Will-O-Wisp|p2a: Scolipede","|-status|p2a: Scolipede|brn","|","|-damage|p2a: Scolipede|229/261 brn|[from] brn","|-boost|p2a: Scolipede|spe|1|[from] ability: Speed Boost","|turn|2","|","|move|p2a: Scolipede|Poison Jab|p1a: Rotom-Wash","|-damage|p1a: Rotom-Wash|183/304","|move|p1a: Rotom-Wash|Volt Switch|p2a: Scolipede","|-damage|p2a: Scolipede|120/261 brn","|","|switch|p1a: Zapdos|Zapdos|384/384","|-ability|p1a: Zapdos|Pressure","|","|-damage|p2a: Scolipede|88/261 brn|[from] brn","|-boost|p2a: Scolipede|spe|1|[from] ability: Speed Boost","|turn|3","|","|move|p2a: Scolipede|Poison Jab|p1a: Zapdos","|-crit|p1a: Zapdos","|-damage|p1a: Zapdos|229/384","|move|p1a: Zapdos|Heat Wave|p2a: Scolipede","|-supereffective|p2a: Scolipede","|-damage|p2a: Scolipede|0 fnt","|faint|p2a: Scolipede","|","|-heal|p1a: Zapdos|253/384|[from] item: Leftovers","|","|switch|p2a: Venusaur|Venusaur, F|301/301","|turn|4","|","|switch|p1a: Magnezone|Magnezone|343/343","|-item|p1a: Magnezone|Air Balloon","|move|p2a: Venusaur|Sludge Bomb|p1a: Magnezone","|-immune|p1a: Magnezone|[msg]","|","|turn|5","|","|move|p2a: Venusaur|Sleep Powder|p1a: Magnezone","|-status|p1a: Magnezone|slp","|cant|p1a: Magnezone|slp","|","|turn|6","|","|move|p2a: Venusaur|Leech Seed|p1a: Magnezone|[miss]","|-miss|p2a: Venusaur|p1a: Magnezone","|cant|p1a: Magnezone|slp","|","|turn|7","|","|move|p2a: Venusaur|Leech Seed|p1a: Magnezone","|-start|p1a: Magnezone|move: Leech Seed","|-curestatus|p1a: Magnezone|slp","|move|p1a: Magnezone|Flash Cannon|p2a: Venusaur","|-damage|p2a: Venusaur|141/301","|-unboost|p2a: Venusaur|spd|1","|","|-heal|p2a: Venusaur|159/301|[from] item: Leftovers","|-damage|p1a: Magnezone|301/343|[from] Leech Seed|[of] p2a: Venusaur","|-heal|p2a: Venusaur|201/301|[silent]","|turn|8","|","|move|p2a: Venusaur|Sleep Powder|p1a: Magnezone","|-status|p1a: Magnezone|slp","|cant|p1a: Magnezone|slp","|","|-heal|p2a: Venusaur|219/301|[from] item: Leftovers","|-damage|p1a: Magnezone|259/343 slp|[from] Leech Seed|[of] p2a: Venusaur","|-heal|p2a: Venusaur|261/301|[silent]","|turn|9","|","|switch|p2a: Nidoking|Nidoking, M|304/304","|switch|p1a: Ampharos|Ampharos, F|383/383","|","|turn|10","|","|detailschange|p1a: Ampharos|Ampharos-Mega, F","|-mega|p1a: Ampharos|Ampharos|Ampharosite","|-ability|p1a: Ampharos|Mold Breaker","|move|p2a: Nidoking|Sludge Wave|p1a: Ampharos","|-damage|p1a: Ampharos|187/383","|move|p1a: Ampharos|Dragon Pulse|p2a: Nidoking","|-damage|p2a: Nidoking|70/304","|","|turn|11","|","|switch|p1a: Magnezone|Magnezone|259/343 slp","|-item|p1a: Magnezone|Air Balloon","|move|p2a: Nidoking|Sludge Wave|p1a: Magnezone","|-immune|p1a: Magnezone|[msg]","|","|turn|12","|","|move|p2a: Nidoking|Fire Blast|p1a: Magnezone","|-supereffective|p1a: Magnezone","|-damage|p1a: Magnezone|0 fnt","|-enditem|p1a: Magnezone|Air Balloon","|faint|p1a: Magnezone","|","|","|switch|p1a: Electivire|Electivire, M|291/291","|turn|13","|","|move|p1a: Electivire|Ice Punch|p2a: Nidoking","|-supereffective|p2a: Nidoking","|-damage|p2a: Nidoking|0 fnt","|faint|p2a: Nidoking","|","|","|switch|p2a: Venusaur|Venusaur, F|261/301","|turn|14","|","|move|p1a: Electivire|Ice Punch|p2a: Venusaur","|-supereffective|p2a: Venusaur","|-damage|p2a: Venusaur|0 fnt","|faint|p2a: Venusaur","|","|","|switch|p2a: Beedrill|Beedrill, F|271/271","|turn|15","|","|switch|p1a: Zapdos|Zapdos|253/384","|-ability|p1a: Zapdos|Pressure","|detailschange|p2a: Beedrill|Beedrill-Mega, F","|-mega|p2a: Beedrill|Beedrill|Beedrillite","|move|p2a: Beedrill|U-turn|p1a: Zapdos","|-resisted|p1a: Zapdos","|-damage|p1a: Zapdos|178/384","|","|switch|p2a: Gengar|Gengar, F|261/261","|","|-heal|p1a: Zapdos|202/384|[from] item: Leftovers","|turn|16","|","|switch|p1a: Rotom-Wash|Rotom-Wash|183/304","|move|p2a: Gengar|Shadow Ball|p1a: Rotom-Wash","|-damage|p1a: Rotom-Wash|90/304","|-unboost|p1a: Rotom-Wash|spd|1","|","|-heal|p1a: Rotom-Wash|109/304|[from] item: Leftovers","|turn|17","|","|move|p2a: Gengar|Shadow Ball|p1a: Rotom-Wash","|-damage|p1a: Rotom-Wash|0 fnt","|faint|p1a: Rotom-Wash","|","|","|switch|p1a: Ampharos|Ampharos-Mega, F|187/383","|-ability|p1a: Ampharos|Mold Breaker","|turn|18","|","|move|p2a: Gengar|Sludge Wave|p1a: Ampharos","|-damage|p1a: Ampharos|34/383","|move|p1a: Ampharos|Thunder Wave|p2a: Gengar","|-status|p2a: Gengar|par","|","|turn|19","|","|move|p1a: Ampharos|Dragon Pulse|p2a: Gengar","|-enditem|p2a: Gengar|Focus Sash","|-damage|p2a: Gengar|1/261 par","|move|p2a: Gengar|Shadow Ball|p1a: Ampharos","|-damage|p1a: Ampharos|0 fnt","|faint|p1a: Ampharos","|","|","|switch|p1a: Zapdos|Zapdos|202/384","|-ability|p1a: Zapdos|Pressure","|turn|20","|","|move|p1a: Zapdos|Discharge|p2a: Gengar","|-damage|p2a: Gengar|0 fnt","|faint|p2a: Gengar","|","|-heal|p1a: Zapdos|226/384|[from] item: Leftovers","|","|switch|p2a: Beedrill|Beedrill-Mega, F|271/271","|turn|21","|","|move|p2a: Beedrill|Poison Jab|p1a: Zapdos","|-damage|p1a: Zapdos|42/384","|-status|p1a: Zapdos|psn","|move|p1a: Zapdos|Discharge|p2a: Beedrill","|-damage|p2a: Beedrill|126/271","|","|-heal|p1a: Zapdos|66/384 psn|[from] item: Leftovers","|-damage|p1a: Zapdos|18/384 psn|[from] psn","|turn|22","|","|move|p2a: Beedrill|U-turn|p1a: Zapdos","|-resisted|p1a: Zapdos","|-damage|p1a: Zapdos|0 fnt","|faint|p1a: Zapdos","|","|switch|p2a: Tentacruel|Tentacruel, F|301/301","|","|","|switch|p1a: Thundurus-Therian|Thundurus-Therian, M|299/299","|turn|23","|","|move|p1a: Thundurus-Therian|Thunderbolt|p2a: Tentacruel","|-supereffective|p2a: Tentacruel","|-damage|p2a: Tentacruel|1/301","|move|p2a: Tentacruel|Ice Beam|p1a: Thundurus-Therian","|-supereffective|p1a: Thundurus-Therian","|-damage|p1a: Thundurus-Therian|121/299","|","|turn|24","|","|move|p1a: Thundurus-Therian|Thunderbolt|p2a: Tentacruel","|-supereffective|p2a: Tentacruel","|-damage|p2a: Tentacruel|0 fnt","|faint|p2a: Tentacruel","|","|","|switch|p2a: Beedrill|Beedrill-Mega, F|126/271","|turn|25","|","|move|p1a: Thundurus-Therian|Thunderbolt|p2a: Beedrill","|-damage|p2a: Beedrill|0 fnt","|faint|p2a: Beedrill","|","|win|Metalyte"],"p1rating":{"entryid":"6571486","serverid":"eos","formatid":"monotype","userid":"metalyte","username":"Metalyte","w":22,"l":"19","t":"0","gxe":49.5,"r":"1515.225955562","rd":"63.377478648679","sigma":"0","rptime":"1438246800","rpr":1496.4309415738,"rprd":57.920513587722,"rpsigma":"0","acre":1112.4639638486,"lacre":1112.4639638486,"oldacre":"1079.6994082237"},"p2rating":{"entryid":"7268014","serverid":"eos","formatid":"monotype","userid":"trainechief","username":"Traine✘ Chief","w":"8","l":7,"t":"0","gxe":49.6,"r":"1500","rd":"130","sigma":"0","rptime":"1438246800","rpr":1496.7447260455,"rprd":77.699302746904,"rpsigma":"0","acre":1109.5207933317,"lacre":1109.5207933317,"oldacre":"1138.7278283831"},"endType":"normal"}