{"seed":[38543,48609,33595,19276],"turns":21,"p1":"Rain ☆ Dinite","p2":"Seven Swell","p1team":[{"name":"Magnezone","species":"Magnezone","item":"choicespecs","ability":"Sturdy","moves":["thunderbolt","flashcannon","voltswitch","hiddenpowerice"],"nature":"Modest","evs":{"hp":0,"atk":0,"def":4,"spa":252,"spd":0,"spe":252},"ivs":{"hp":31,"atk":0,"def":30,"spa":31,"spd":31,"spe":31}},{"name":"Luxray","species":"Luxray","item":"choiceband","ability":"Guts","moves":["wildcharge","crunch","quickattack","superpower"],"nature":"Adamant","evs":{"hp":252,"atk":252,"def":0,"spa":0,"spd":4,"spe":0},"ivs":{"hp":31,"atk":31,"def":31,"spa":31,"spd":31,"spe":31}},{"name":"Rotom-Wash","species":"Rotom-Wash","item":"chestoberry","ability":"Levitate","moves":["confuseray","hydropump","willowisp","rest"],"nature":"Bold","evs":{"hp":252,"atk":0,"def":252,"spa":4,"spd":0,"spe":0},"ivs":{"hp":31,"atk":0,"def":31,"spa":31,"spd":31,"spe":31}},{"name":"Thundurus","species":"Thundurus","item":"lifeorb","ability":"Prankster","moves":["thunderwave","superpower","knockoff","wildcharge"],"nature":"Jolly","evs":{"hp":0,"atk":252,"def":0,"spa":0,"spd":4,"spe":252},"ivs":{"hp":31,"atk":30,"def":30,"spa":31,"spd":31,"spe":31}},{"name":"Thunderbird","species":"zapdos","item":"leftovers","ability":"Pressure","moves":["roost","heatwave","discharge","defog"],"nature":"Calm","evs":{"hp":252,"atk":0,"def":0,"spa":4,"spd":252,"spe":0},"ivs":{"hp":31,"atk":0,"def":30,"spa":31,"spd":31,"spe":31}},{"name":"Manectric","species":"Manectric","item":"manectite","ability":"Static","moves":["voltswitch","flamethrower","hiddenpowerice","protect"],"nature":"","ivs":{"hp":31,"atk":30,"def":30,"spa":31,"spd":31,"spe":31},"shiny":true,"evs":{"hp":0,"atk":0,"def":0,"spa":0,"spd":0,"spe":0}}],"p2team":[{"name":"Azumarill","species":"Azumarill","item":"sitrusberry","ability":"Huge Power","moves":["superpower","aquajet","playrough","bellydrum"],"nature":"Adamant","evs":{"hp":88,"atk":252,"def":0,"spa":0,"spd":0,"spe":168},"ivs":{"hp":31,"atk":31,"def":31,"spa":31,"spd":31,"spe":31}},{"name":"Gyarados","species":"Gyarados","item":"lumberry","ability":"Intimidate","moves":["dragondance","waterfall","crunch","earthquake"],"nature":"Jolly","evs":{"hp":0,"atk":252,"def":0,"spa":0,"spd":4,"spe":252},"ivs":{"hp":31,"atk":31,"def":31,"spa":31,"spd":31,"spe":31}},{"name":"Politoed","species":"Politoed","item":"ejectbutton","ability":"Drizzle","moves":["scald","icebeam","encore","sleeptalk"],"nature":"Modest","evs":{"hp":248,"atk":0,"def":0,"spa":100,"spd":160,"spe":0},"ivs":{"hp":31,"atk":31,"def":31,"spa":31,"spd":31,"spe":31}},{"name":"Empoleon","species":"Empoleon","item":"leftovers","ability":"Torrent","moves":["stealthrock","scald","defog","roar"],"nature":"Bold","evs":{"hp":252,"atk":0,"def":168,"spa":0,"spd":0,"spe":88},"ivs":{"hp":31,"atk":31,"def":31,"spa":31,"spd":31,"spe":31}},{"name":"Keldeo","species":"Keldeo","item":"choicespecs","ability":"Justified","moves":["scald","secretsword","icywind","hiddenpowerflying"],"nature":"Timid","evs":{"hp":4,"atk":0,"def":0,"spa":252,"spd":0,"spe":252},"ivs":{"hp":30,"atk":30,"def":30,"spa":30,"spd":30,"spe":31}},{"name":"Manaphy","species":"Manaphy","item":"leftovers","ability":"Hydration","moves":["tailglow","scald","energyball","icebeam"],"nature":"","evs":{"hp":0,"atk":0,"def":0,"spa":0,"spd":0,"spe":0},"ivs":{"hp":31,"atk":31,"def":31,"spa":31,"spd":31,"spe":31}}],"log":["|player|p1|Rain ☆ Dinite|stormdinite.gif","|player|p2|Seven Swell|seventhswell.png","|gametype|singles","|gen|6","|tier|Monotype","|rated","|rule|Baton Pass Clause: Limit one Baton Passer, can't pass Spe and other stats simultaneously","|rule|Swagger Clause: Swagger is banned","|rule|Same Type Clause: Pokémon in a team must share a type","|clearpoke","|poke|p1|Magnezone","|poke|p1|Luxray, F","|poke|p1|Rotom-Wash","|poke|p1|Thundurus, M","|poke|p1|Zapdos","|poke|p1|Manectric, M, shiny","|poke|p2|Azumarill, M","|poke|p2|Gyarados, F","|poke|p2|Politoed, F","|poke|p2|Empoleon, M","|poke|p2|Keldeo","|poke|p2|Manaphy","|rule|Sleep Clause Mod: Limit one foe put to sleep","|rule|Species Clause: Limit one of each Pokémon","|rule|OHKO Clause: OHKO moves are banned","|rule|Moody Clause: Moody is banned","|rule|Evasion Moves Clause: Evasion moves are banned","|rule|Endless Battle Clause: Forcing endless battles is banned","|rule|HP Percentage Mod: HP is shown in percentages","|teampreview","|","|start","|switch|p1a: Manectric|Manectric, M, shiny|281/281","|switch|p2a: Politoed|Politoed, F|383/383","|-weather|RainDance","|turn|1","|","|detailschange|p1a: Manectric|Manectric-Mega, M, shiny","|-mega|p1a: Manectric|Manectric|Manectite","|-ability|p1a: Manectric|Intimidate","|-unboost|p2a: Politoed|atk|1","|move|p1a: Manectric|Volt Switch|p2a: Politoed","|-supereffective|p2a: Politoed","|-damage|p2a: Politoed|209/383","|-enditem|p2a: Politoed|Eject Button","|","|switch|p2a: Manaphy|Manaphy|341/341","|","|-weather|RainDance|[upkeep]","|turn|2","|","|move|p1a: Manectric|Volt Switch|p2a: Manaphy","|-supereffective|p2a: Manaphy","|-damage|p2a: Manaphy|143/341","|","|switch|p1a: Rotom-Wash|Rotom-Wash|304/304","|move|p2a: Manaphy|Scald|p1a: Rotom-Wash","|-resisted|p1a: Rotom-Wash","|-damage|p1a: Rotom-Wash|235/304","|","|-weather|RainDance|[upkeep]","|-heal|p2a: Manaphy|164/341|[from] item: Leftovers","|turn|3","|","|move|p2a: Manaphy|Energy Ball|p1a: Rotom-Wash","|-supereffective|p1a: Rotom-Wash","|-damage|p1a: Rotom-Wash|107/304","|move|p1a: Rotom-Wash|Confuse Ray|p2a: Manaphy","|-start|p2a: Manaphy|confusion","|","|-weather|RainDance|[upkeep]","|-heal|p2a: Manaphy|185/341|[from] item: Leftovers","|turn|4","|","|-activate|p2a: Manaphy|confusion","|-damage|p2a: Manaphy|152/341|[from] confusion","|move|p1a: Rotom-Wash|Will-O-Wisp|p2a: Manaphy","|-status|p2a: Manaphy|brn","|","|-weather|RainDance|[upkeep]","|-curestatus|p2a: Manaphy|brn","|-heal|p2a: Manaphy|173/341|[from] item: Leftovers","|turn|5","|","|switch|p1a: Manectric|Manectric-Mega, M, shiny|281/281","|-ability|p1a: Manectric|Intimidate","|-unboost|p2a: Manaphy|atk|1","|-activate|p2a: Manaphy|confusion","|move|p2a: Manaphy|Energy Ball|p1a: Manectric","|-damage|p1a: Manectric|196/281","|","|-weather|none","|-heal|p2a: Manaphy|194/341|[from] item: Leftovers","|turn|6","|","|move|p1a: Manectric|Volt Switch|p2a: Manaphy","|-supereffective|p2a: Manaphy","|-damage|p2a: Manaphy|0 fnt","|faint|p2a: Manaphy","|","|switch|p1a: Rotom-Wash|Rotom-Wash|107/304","|","|","|switch|p2a: Gyarados|Gyarados, F|331/331","|-ability|p2a: Gyarados|Intimidate","|-unboost|p1a: Rotom-Wash|atk|1","|turn|7","|","|move|p2a: Gyarados|Dragon Dance|p2a: Gyarados","|-boost|p2a: Gyarados|atk|1","|-boost|p2a: Gyarados|spe|1","|move|p1a: Rotom-Wash|Will-O-Wisp|p2a: Gyarados","|-status|p2a: Gyarados|brn","|-enditem|p2a: Gyarados|Lum Berry|[eat]","|-curestatus|p2a: Gyarados|brn","|","|turn|8","|","|move|p2a: Gyarados|Crunch|p1a: Rotom-Wash","|-damage|p1a: Rotom-Wash|5/304","|move|p1a: Rotom-Wash|Confuse Ray|p2a: Gyarados","|-start|p2a: Gyarados|confusion","|","|turn|9","|","|switch|p1a: Manectric|Manectric-Mega, M, shiny|196/281","|-ability|p1a: Manectric|Intimidate","|-unboost|p2a: Gyarados|atk|1","|-activate|p2a: Gyarados|confusion","|-damage|p2a: Gyarados|269/331|[from] confusion","|","|turn|10","|","|-activate|p2a: Gyarados|confusion","|-damage|p2a: Gyarados|209/331|[from] confusion","|move|p1a: Manectric|Volt Switch|p2a: Gyarados","|-supereffective|p2a: Gyarados","|-damage|p2a: Gyarados|0 fnt","|faint|p2a: Gyarados","|","|switch|p1a: Rotom-Wash|Rotom-Wash|5/304","|","|","|switch|p2a: Azumarill|Azumarill, M|363/363","|turn|11","|","|move|p1a: Rotom-Wash|Will-O-Wisp|p2a: Azumarill","|-status|p2a: Azumarill|brn","|move|p2a: Azumarill|Belly Drum|p2a: Azumarill","|-damage|p2a: Azumarill|182/363 brn","|-setboost|p2a: Azumarill|atk|6|[from] move: Belly Drum","|","|-damage|p2a: Azumarill|137/363 brn|[from] brn","|-enditem|p2a: Azumarill|Sitrus Berry|[eat]","|-heal|p2a: Azumarill|227/363 brn|[from] item: Sitrus Berry","|turn|12","|","|move|p2a: Azumarill|Aqua Jet|p1a: Rotom-Wash","|-resisted|p1a: Rotom-Wash","|-damage|p1a: Rotom-Wash|0 fnt","|faint|p1a: Rotom-Wash","|","|-damage|p2a: Azumarill|182/363 brn|[from] brn","|","|switch|p1a: Thunderbird|Zapdos|384/384","|-ability|p1a: Thunderbird|Pressure","|turn|13","|","|move|p2a: Azumarill|Aqua Jet|p1a: Thunderbird","|-damage|p1a: Thunderbird|191/384","|move|p1a: Thunderbird|Discharge|p2a: Azumarill","|-supereffective|p2a: Azumarill","|-damage|p2a: Azumarill|0 fnt","|faint|p2a: Azumarill","|","|-heal|p1a: Thunderbird|215/384|[from] item: Leftovers","|","|switch|p2a: Empoleon|Empoleon, M|372/372","|turn|14","|","|switch|p1a: Luxray|Luxray, F|364/364","|move|p2a: Empoleon|Stealth Rock|p1a: Luxray","|-sidestart|p1: Rain ☆ Dinite|move: Stealth Rock","|","|turn|15","|","|move|p2a: Empoleon|Scald|p1a: Luxray","|-damage|p1a: Luxray|244/364","|move|p1a: Luxray|Wild Charge|p2a: Empoleon","|-supereffective|p2a: Empoleon","|-damage|p2a: Empoleon|0 fnt","|-damage|p1a: Luxray|151/364|[from] recoil|[of] p2a: Empoleon","|faint|p2a: Empoleon","|","|","|switch|p2a: Politoed|Politoed, F|209/383","|-weather|RainDance","|turn|16","|","|move|p2a: Politoed|Scald|p1a: Luxray","|-damage|p1a: Luxray|0 fnt","|faint|p1a: Luxray","|","|-weather|RainDance|[upkeep]","|","|switch|p1a: Manectric|Manectric-Mega, M, shiny|196/281","|-damage|p1a: Manectric|161/281|[from] Stealth Rock","|-ability|p1a: Manectric|Intimidate","|-unboost|p2a: Politoed|atk|1","|turn|17","|","|move|p1a: Manectric|Volt Switch|p2a: Politoed","|-supereffective|p2a: Politoed","|-damage|p2a: Politoed|39/383","|","|switch|p1a: Magnezone|Magnezone|281/281","|-damage|p1a: Magnezone|264/281|[from] Stealth Rock","|move|p2a: Politoed|Scald|p1a: Magnezone","|-damage|p1a: Magnezone|99/281","|-status|p1a: Magnezone|brn","|","|-weather|RainDance|[upkeep]","|-damage|p1a: Magnezone|64/281 brn|[from] brn","|turn|18","|","|move|p1a: Magnezone|Volt Switch|p2a: Politoed","|-supereffective|p2a: Politoed","|-damage|p2a: Politoed|0 fnt","|faint|p2a: Politoed","|","|switch|p1a: Manectric|Manectric-Mega, M, shiny|161/281","|-damage|p1a: Manectric|126/281|[from] Stealth Rock","|","|-weather|RainDance|[upkeep]","|","|switch|p2a: Keldeo|Keldeo|323/323","|turn|19","|","|move|p2a: Keldeo|Scald|p1a: Manectric","|-damage|p1a: Manectric|0 fnt","|faint|p1a: Manectric","|","|-weather|RainDance|[upkeep]","|","|switch|p1a: Magnezone|Magnezone|64/281 brn","|-damage|p1a: Magnezone|47/281 brn|[from] Stealth Rock","|turn|20","|","|move|p2a: Keldeo|Scald|p1a: Magnezone","|-damage|p1a: Magnezone|0 fnt","|faint|p1a: Magnezone","|","|-weather|none","|","|switch|p1a: Thundurus|Thundurus, M|299/299","|-damage|p1a: Thundurus|225/299|[from] Stealth Rock","|turn|21","|","|move|p1a: Thundurus|Wild Charge|p2a: Keldeo","|-supereffective|p2a: Keldeo","|-damage|p2a: Keldeo|0 fnt","|-damage|p1a: Thundurus|144/299|[from] recoil|[of] p2a: Keldeo","|-damage|p1a: Thundurus|115/299|[from] item: Life Orb","|faint|p2a: Keldeo","|","|win|Rain ☆ Dinite"],"p1rating":{"entryid":"7159862","serverid":"eos","formatid":"monotype","userid":"raindinite","username":"Rain ☆ Dinite","w":2,"l":"8","t":"0","gxe":35.1,"r":"1372.7364661289","rd":"94.147220466827","sigma":"0","rptime":"1438246800","rpr":1380.770419172,"rprd":88.66029428233,"rpsigma":"0","acre":1043.9313618563,"lacre":1043.9313618563,"oldacre":"1005.3329594334"},"p2rating":{"entryid":7267988,"formatid":"monotype","userid":"sevenswell","username":"Seven Swell","r":1500,"rd":130,"sigma":0,"rpr":1444.0503046494,"rprd":123.17369180523,"rpsigma":0,"rptime":1438246800,"w":0,"l":1,"t":0,"gxe":43,"acre":1000,"lacre":1000,"oldacre":1000},"endType":"normal"}