{"seed":[32937,43588,33699,17724],"turns":23,"p1":"Rain ☆ Dinite","p2":"sovereign♕instert","p1team":[{"name":"Mage sim","species":"magnezone","item":"choicespecs","ability":"Sturdy","moves":["thunderbolt","flashcannon","voltswitch","hiddenpowerice"],"nature":"Modest","evs":{"hp":0,"atk":0,"def":4,"spa":252,"spd":0,"spe":252},"ivs":{"hp":31,"atk":0,"def":30,"spa":31,"spd":31,"spe":31}},{"name":"wild dog","species":"luxray","item":"choiceband","ability":"Guts","moves":["wildcharge","crunch","quickattack","superpower"],"nature":"Adamant","evs":{"hp":252,"atk":252,"def":0,"spa":0,"spd":4,"spe":0},"ivs":{"hp":31,"atk":31,"def":31,"spa":31,"spd":31,"spe":31}},{"name":"Washing-atk","species":"rotomwash","item":"chestoberry","ability":"Levitate","moves":["confuseray","hydropump","willowisp","rest"],"nature":"Bold","evs":{"hp":252,"atk":0,"def":252,"spa":4,"spd":0,"spe":0},"ivs":{"hp":31,"atk":0,"def":31,"spa":31,"spd":31,"spe":31}},{"name":"Thunder god","species":"thundurus","item":"lifeorb","ability":"Prankster","moves":["thunderwave","superpower","knockoff","wildcharge"],"nature":"Jolly","evs":{"hp":0,"atk":252,"def":0,"spa":0,"spd":4,"spe":252},"ivs":{"hp":31,"atk":30,"def":30,"spa":31,"spd":31,"spe":31}},{"name":"Thunderbirds are g","species":"zapdos","item":"leftovers","ability":"Pressure","moves":["roost","heatwave","discharge","defog"],"nature":"Calm","evs":{"hp":252,"atk":0,"def":0,"spa":4,"spd":252,"spe":0},"ivs":{"hp":31,"atk":0,"def":30,"spa":31,"spd":31,"spe":31}},{"name":"mr zooom","species":"manectric","item":"manectite","ability":"Static","moves":["voltswitch","flamethrower","hiddenpowerice","protect"],"nature":"Timid","evs":{"hp":4,"atk":0,"def":0,"spa":252,"spd":0,"spe":252},"ivs":{"hp":31,"atk":30,"def":30,"spa":31,"spd":31,"spe":31},"shiny":true}],"p2team":[{"name":"Volcarona","species":"Volcarona","item":"leftovers","ability":"Flame Body","moves":["bugbuzz","fireblast","quiverdance","roost"],"nature":"Bold","evs":{"hp":252,"atk":0,"def":252,"spa":4,"spd":0,"spe":0},"ivs":{"hp":31,"atk":31,"def":31,"spa":31,"spd":31,"spe":31}},{"name":"Forretress","species":"Forretress","item":"rockyhelmet","ability":"Sturdy","moves":["rapidspin","toxicspikes","stealthrock","gyroball"],"nature":"Relaxed","evs":{"hp":248,"atk":8,"def":252,"spa":0,"spd":0,"spe":0},"ivs":{"hp":31,"atk":31,"def":31,"spa":31,"spd":31,"spe":0}},{"name":"Pinsir","species":"Pinsir","item":"pinsirite","ability":"Hyper Cutter","moves":["return","earthquake","quickattack","swordsdance"],"nature":"Jolly","evs":{"hp":4,"atk":252,"def":0,"spa":0,"spd":0,"spe":252},"ivs":{"hp":31,"atk":31,"def":31,"spa":31,"spd":31,"spe":31}},{"name":"Galvantula","species":"Galvantula","item":"focussash","ability":"Compound Eyes","moves":["stickyweb","thunder","thunderwave","energyball"],"nature":"Timid","evs":{"hp":0,"atk":0,"def":0,"spa":252,"spd":4,"spe":252},"ivs":{"hp":31,"atk":31,"def":31,"spa":31,"spd":31,"spe":31}},{"name":"Armaldo","species":"Armaldo","item":"assaultvest","ability":"Battle Armor","moves":["stoneedge","xscissor","aquajet","facade"],"nature":"Adamant","evs":{"hp":248,"atk":252,"def":0,"spa":0,"spd":8,"spe":0},"ivs":{"hp":31,"atk":31,"def":31,"spa":31,"spd":31,"spe":31}},{"name":"Scizor","species":"Scizor","item":"lifeorb","ability":"Technician","moves":["bulletpunch","bugbite","aerialace","swordsdance"],"nature":"Adamant","evs":{"hp":248,"atk":252,"def":0,"spa":0,"spd":8,"spe":0},"ivs":{"hp":31,"atk":31,"def":31,"spa":31,"spd":31,"spe":31}}],"log":["|player|p1|Rain ☆ Dinite|137","|player|p2|sovereign♕instert|7","|gametype|singles","|gen|6","|tier|Monotype","|rated","|rule|Baton Pass Clause: Limit one Baton Passer, can't pass Spe and other stats simultaneously","|rule|Swagger Clause: Swagger is banned","|rule|Same Type Clause: Pokémon in a team must share a type","|clearpoke","|poke|p1|Magnezone","|poke|p1|Luxray, M","|poke|p1|Rotom-Wash","|poke|p1|Thundurus, M","|poke|p1|Zapdos","|poke|p1|Manectric, F, shiny","|poke|p2|Volcarona, M","|poke|p2|Forretress, M","|poke|p2|Pinsir, M","|poke|p2|Galvantula, F","|poke|p2|Armaldo, F","|poke|p2|Scizor, M","|rule|Sleep Clause Mod: Limit one foe put to sleep","|rule|Species Clause: Limit one of each Pokémon","|rule|OHKO Clause: OHKO moves are banned","|rule|Moody Clause: Moody is banned","|rule|Evasion Moves Clause: Evasion moves are banned","|rule|Endless Battle Clause: Forcing endless battles is banned","|rule|HP Percentage Mod: HP is shown in percentages","|teampreview","|","|start","|switch|p1a: mr zooom|Manectric, F, shiny|282/282","|switch|p2a: Armaldo|Armaldo, F|353/353","|turn|1","|","|detailschange|p1a: mr zooom|Manectric-Mega, F, shiny","|-mega|p1a: mr zooom|Manectric|Manectite","|-ability|p1a: mr zooom|Intimidate","|-unboost|p2a: Armaldo|atk|1","|move|p1a: mr zooom|Protect|p1a: mr zooom","|-singleturn|p1a: mr zooom|Protect","|move|p2a: Armaldo|Stone Edge|p1a: mr zooom","|-activate|p1a: mr zooom|Protect","|","|turn|2","|","|switch|p1a: Washing-atk|Rotom-Wash|304/304","|move|p2a: Armaldo|Stone Edge|p1a: Washing-atk","|-damage|p1a: Washing-atk|214/304","|","|turn|3","|","|switch|p2a: Volcarona|Volcarona, M|374/374","|move|p1a: Washing-atk|Will-O-Wisp|p2a: Volcarona","|-immune|p2a: Volcarona|[msg]","|","|turn|4","|","|move|p2a: Volcarona|Quiver Dance|p2a: Volcarona","|-boost|p2a: Volcarona|spa|1","|-boost|p2a: Volcarona|spd|1","|-boost|p2a: Volcarona|spe|1","|move|p1a: Washing-atk|Hydro Pump|p2a: Volcarona","|-supereffective|p2a: Volcarona","|-damage|p2a: Volcarona|206/374","|","|-heal|p2a: Volcarona|229/374|[from] item: Leftovers","|turn|5","|","|move|p2a: Volcarona|Quiver Dance|p2a: Volcarona","|-boost|p2a: Volcarona|spa|1","|-boost|p2a: Volcarona|spd|1","|-boost|p2a: Volcarona|spe|1","|move|p1a: Washing-atk|Confuse Ray|p2a: Volcarona","|-start|p2a: Volcarona|confusion","|","|-heal|p2a: Volcarona|252/374|[from] item: Leftovers","|turn|6","|","|switch|p1a: wild dog|Luxray, M|364/364","|-activate|p2a: Volcarona|confusion","|-damage|p2a: Volcarona|234/374|[from] confusion","|","|-heal|p2a: Volcarona|257/374|[from] item: Leftovers","|turn|7","|","|-activate|p2a: Volcarona|confusion","|-damage|p2a: Volcarona|240/374|[from] confusion","|move|p1a: wild dog|Wild Charge|p2a: Volcarona","|-damage|p2a: Volcarona|11/374","|-damage|p1a: wild dog|307/364|[from] recoil|[of] p2a: Volcarona","|","|-heal|p2a: Volcarona|34/374|[from] item: Leftovers","|turn|8","|","|-activate|p2a: Volcarona|confusion","|-damage|p2a: Volcarona|17/374|[from] confusion","|move|p1a: wild dog|Wild Charge|p2a: Volcarona","|-damage|p2a: Volcarona|0 fnt","|-status|p1a: wild dog|brn","|-damage|p1a: wild dog|303/364 brn|[from] recoil|[of] p2a: Volcarona","|faint|p2a: Volcarona","|","|-damage|p1a: wild dog|258/364 brn|[from] brn","|","|switch|p2a: Pinsir|Pinsir, M|272/272","|turn|9","|","|move|p2a: Pinsir|Swords Dance|p2a: Pinsir","|-boost|p2a: Pinsir|atk|2","|move|p1a: wild dog|Wild Charge|p2a: Pinsir","|-damage|p2a: Pinsir|0 fnt","|-damage|p1a: wild dog|190/364 brn|[from] recoil|[of] p2a: Pinsir","|faint|p2a: Pinsir","|","|-damage|p1a: wild dog|145/364 brn|[from] brn","|","|switch|p2a: Galvantula|Galvantula, F|281/281","|turn|10","|","|switch|p1a: Washing-atk|Rotom-Wash|214/304","|move|p2a: Galvantula|Sticky Web|p1a: Washing-atk","|-sidestart|p1: Rain ☆ Dinite|move: Sticky Web","|","|turn|11","|","|move|p2a: Galvantula|Energy Ball|p1a: Washing-atk","|-supereffective|p1a: Washing-atk","|-damage|p1a: Washing-atk|42/304","|move|p1a: Washing-atk|Confuse Ray|p2a: Galvantula","|-start|p2a: Galvantula|confusion","|","|turn|12","|","|-activate|p2a: Galvantula|confusion","|move|p2a: Galvantula|Energy Ball|p1a: Washing-atk","|-supereffective|p1a: Washing-atk","|-damage|p1a: Washing-atk|0 fnt","|faint|p1a: Washing-atk","|","|","|switch|p1a: Thunder god|Thundurus, M|299/299","|turn|13","|","|move|p1a: Thunder god|Knock Off|p2a: Galvantula","|-damage|p2a: Galvantula|61/281","|-enditem|p2a: Galvantula|Focus Sash|[from] move: Knock Off|[of] p1a: Thunder god","|-damage|p1a: Thunder god|270/299|[from] item: Life Orb","|-activate|p2a: Galvantula|confusion","|-damage|p2a: Galvantula|28/281|[from] confusion","|","|turn|14","|","|move|p1a: Thunder god|Superpower|p2a: Galvantula","|-resisted|p2a: Galvantula","|-damage|p2a: Galvantula|0 fnt","|-unboost|p1a: Thunder god|atk|1","|-unboost|p1a: Thunder god|def|1","|-damage|p1a: Thunder god|241/299|[from] item: Life Orb","|faint|p2a: Galvantula","|","|","|switch|p2a: Scizor|Scizor, M|343/343","|turn|15","|","|switch|p1a: Thunderbirds are g|Zapdos|384/384","|-ability|p1a: Thunderbirds are g|Pressure","|move|p2a: Scizor|Swords Dance|p2a: Scizor","|-boost|p2a: Scizor|atk|2","|","|turn|16","|","|move|p2a: Scizor|Bullet Punch|p1a: Thunderbirds are g","|-resisted|p1a: Thunderbirds are g","|-damage|p1a: Thunderbirds are g|202/384","|-damage|p2a: Scizor|309/343|[from] item: Life Orb","|move|p1a: Thunderbirds are g|Heat Wave|p2a: Scizor","|-supereffective|p2a: Scizor","|-damage|p2a: Scizor|0 fnt","|faint|p2a: Scizor","|","|-heal|p1a: Thunderbirds are g|226/384|[from] item: Leftovers","|","|switch|p2a: Armaldo|Armaldo, F|353/353","|turn|17","|","|move|p1a: Thunderbirds are g|Heat Wave|p2a: Armaldo","|-damage|p2a: Armaldo|286/353","|move|p2a: Armaldo|Stone Edge|p1a: Thunderbirds are g","|-supereffective|p1a: Thunderbirds are g","|-damage|p1a: Thunderbirds are g|0 fnt","|faint|p1a: Thunderbirds are g","|","|","|switch|p1a: wild dog|Luxray, M|145/364 brn","|-activate|p1a: wild dog|move: Sticky Web","|-unboost|p1a: wild dog|spe|1","|turn|18","|","|move|p1a: wild dog|Quick Attack|p2a: Armaldo","|-resisted|p2a: Armaldo","|-damage|p2a: Armaldo|232/353","|move|p2a: Armaldo|X-Scissor|p1a: wild dog","|-damage|p1a: wild dog|0 fnt","|faint|p1a: wild dog","|","|","|switch|p1a: Thunder god|Thundurus, M|241/299","|turn|19","|","|move|p1a: Thunder god|Superpower|p2a: Armaldo","|-damage|p2a: Armaldo|64/353","|-unboost|p1a: Thunder god|atk|1","|-unboost|p1a: Thunder god|def|1","|-damage|p1a: Thunder god|212/299|[from] item: Life Orb","|move|p2a: Armaldo|Stone Edge|p1a: Thunder god","|-supereffective|p1a: Thunder god","|-damage|p1a: Thunder god|0 fnt","|faint|p1a: Thunder god","|","|","|switch|p1a: mr zooom|Manectric-Mega, F, shiny|282/282","|-activate|p1a: mr zooom|move: Sticky Web","|-unboost|p1a: mr zooom|spe|1","|-ability|p1a: mr zooom|Intimidate","|-unboost|p2a: Armaldo|atk|1","|turn|20","|","|switch|p2a: Forretress|Forretress, M|353/353","|move|p1a: mr zooom|Flamethrower|p2a: Forretress","|-supereffective|p2a: Forretress","|-activate|p2a: Forretress|Sturdy","|-damage|p2a: Forretress|1/353","|","|turn|21","|","|switch|p1a: Mage sim|Magnezone|281/281","|-activate|p1a: Mage sim|move: Sticky Web","|-unboost|p1a: Mage sim|spe|1","|move|p2a: Forretress|Gyro Ball|p1a: Mage sim","|-resisted|p1a: Mage sim","|-damage|p1a: Mage sim|269/281","|","|turn|22","|","|move|p1a: Mage sim|Flash Cannon|p2a: Forretress","|-resisted|p2a: Forretress","|-damage|p2a: Forretress|0 fnt","|faint|p2a: Forretress","|","|","|switch|p2a: Armaldo|Armaldo, F|64/353","|turn|23","|","|move|p1a: Mage sim|Flash Cannon|p2a: Armaldo","|-supereffective|p2a: Armaldo","|-damage|p2a: Armaldo|0 fnt","|faint|p2a: Armaldo","|","|win|Rain ☆ Dinite"],"p1rating":{"entryid":"7159862","serverid":"eos","formatid":"monotype","userid":"raindinite","username":"Rain ☆ Dinite","w":4,"l":"8","t":"0","gxe":40.7,"r":"1372.7364661289","rd":"94.147220466827","sigma":"0","rptime":"1438246800","rpr":1427.4552718509,"rprd":84.135237689634,"rpsigma":"0","acre":1101.6176122175,"lacre":1101.6176122175,"oldacre":"1074.4833163351"},"p2rating":{"entryid":"7260220","serverid":"eos","formatid":"monotype","userid":"sovereigninstert","username":"Sovereign♕Instert","w":"2","l":3,"t":"0","gxe":45.2,"r":"1538.2597624497","rd":"110.82526393321","sigma":"0","rptime":"1438246800","rpr":1462.2976060187,"rprd":102.61931646281,"rpsigma":"0","acre":1037.0085409673,"lacre":1037.0085409673,"oldacre":"1054.0528904124"},"endType":"normal"}