{"seed":[35510,17952,39117,54330],"turns":30,"p1":"valkoinen","p2":"Traine✘ Chief","p1team":[{"name":"Tyrantrum","species":"Tyrantrum","item":"choiceband","ability":"Rock Head","moves":["ironhead","headsmash","outrage","earthquake"],"nature":"Adamant","evs":{"hp":0,"atk":252,"def":0,"spa":0,"spd":4,"spe":252},"gender":"M","shiny":true,"ivs":{"hp":31,"atk":31,"def":31,"spa":31,"spd":31,"spe":31}},{"name":"Hydreigon","species":"Hydreigon","item":"choicescarf","ability":"Levitate","moves":["dragonpulse","darkpulse","flashcannon","fireblast"],"nature":"Timid","evs":{"hp":0,"atk":0,"def":0,"spa":252,"spd":4,"spe":252},"gender":"M","ivs":{"hp":31,"atk":31,"def":31,"spa":31,"spd":31,"spe":31}},{"name":"Birb","species":"altaria","item":"altarianite","ability":"Natural Cure","moves":["dragondance","earthquake","roost","frustration"],"nature":"Adamant","evs":{"hp":0,"atk":252,"def":0,"spa":0,"spd":4,"spe":252},"gender":"F","happiness":0,"ivs":{"hp":31,"atk":31,"def":31,"spa":31,"spd":31,"spe":31}},{"name":"Kyurem-Black","species":"Kyurem-Black","item":"choicescarf","ability":"Teravolt","moves":["outrage","fusionbolt","dragonclaw","ironhead"],"nature":"Jolly","evs":{"hp":0,"atk":252,"def":0,"spa":0,"spd":4,"spe":252},"shiny":true,"ivs":{"hp":31,"atk":31,"def":31,"spa":31,"spd":31,"spe":31}},{"name":"Dragalge","species":"Dragalge","item":"assaultvest","ability":"Adaptability","moves":["sludgewave","dragonpulse","focusblast","hiddenpowerground"],"nature":"Modest","evs":{"hp":236,"atk":0,"def":0,"spa":252,"spd":8,"spe":12},"gender":"M","ivs":{"hp":31,"atk":31,"def":31,"spa":30,"spd":30,"spe":31},"shiny":true},{"name":"Garchomp","species":"Garchomp","item":"focussash","ability":"Rough Skin","moves":["swordsdance","earthquake","dragonclaw","fireblast"],"nature":"Naive","evs":{"hp":0,"atk":252,"def":0,"spa":4,"spd":0,"spe":252},"gender":"M","shiny":true,"ivs":{"hp":31,"atk":31,"def":31,"spa":31,"spd":31,"spe":31}}],"p2team":[{"name":"Venusaur","species":"Venusaur","item":"leftovers","ability":"Chlorophyll","moves":["sleeppowder","gigadrain","leechseed","sludgebomb"],"nature":"Calm","evs":{"hp":248,"atk":0,"def":152,"spa":8,"spd":100,"spe":0},"ivs":{"hp":31,"atk":31,"def":31,"spa":31,"spd":31,"spe":31}},{"name":"Nidoking","species":"Nidoking","item":"lifeorb","ability":"Sheer Force","moves":["sludgewave","earthpower","superfang","thunderbolt"],"nature":"Timid","evs":{"hp":0,"atk":0,"def":0,"spa":252,"spd":4,"spe":252},"ivs":{"hp":31,"atk":31,"def":31,"spa":31,"spd":31,"spe":31}},{"name":"Gengar","species":"Gengar","item":"focussash","ability":"Levitate","moves":["destinybond","sludgewave","suckerpunch","shadowball"],"nature":"Hasty","evs":{"hp":0,"atk":4,"def":0,"spa":252,"spd":0,"spe":252},"ivs":{"hp":31,"atk":31,"def":31,"spa":31,"spd":31,"spe":31}},{"name":"Amoonguss","species":"Amoonguss","item":"rockyhelmet","ability":"Regenerator","moves":["spore","foulplay","sludgebomb","gigadrain"],"nature":"Modest","evs":{"hp":248,"atk":0,"def":0,"spa":252,"spd":8,"spe":0},"ivs":{"hp":31,"atk":31,"def":31,"spa":31,"spd":31,"spe":31}},{"name":"Tentacruel","species":"Tentacruel","item":"leftovers","ability":"Liquid Ooze","moves":["rapidspin","scald","toxicspikes","icebeam"],"nature":"Timid","evs":{"hp":0,"atk":0,"def":0,"spa":252,"spd":4,"spe":252},"ivs":{"hp":31,"atk":31,"def":31,"spa":31,"spd":31,"spe":31}},{"name":"Beedrill","species":"Beedrill","item":"beedrillite","ability":"Swarm","moves":["uturn","protect","poisonjab","knockoff"],"nature":"Jolly","evs":{"hp":0,"atk":252,"def":0,"spa":0,"spd":4,"spe":252},"ivs":{"hp":31,"atk":31,"def":31,"spa":31,"spd":31,"spe":31}}],"log":["|player|p1|valkoinen|53","|player|p2|Traine✘ Chief|127","|gametype|singles","|gen|6","|tier|Monotype","|rated","|rule|Baton Pass Clause: Limit one Baton Passer, can't pass Spe and other stats simultaneously","|rule|Swagger Clause: Swagger is banned","|rule|Same Type Clause: Pokémon in a team must share a type","|clearpoke","|poke|p1|Tyrantrum, M, shiny","|poke|p1|Hydreigon, M","|poke|p1|Altaria, F","|poke|p1|Kyurem-Black, shiny","|poke|p1|Dragalge, M, shiny","|poke|p1|Garchomp, M, shiny","|poke|p2|Venusaur, F","|poke|p2|Nidoking, M","|poke|p2|Gengar, F","|poke|p2|Amoonguss, M","|poke|p2|Tentacruel, M","|poke|p2|Beedrill, F","|rule|Sleep Clause Mod: Limit one foe put to sleep","|rule|Species Clause: Limit one of each Pokémon","|rule|OHKO Clause: OHKO moves are banned","|rule|Moody Clause: Moody is banned","|rule|Evasion Moves Clause: Evasion moves are banned","|rule|Endless Battle Clause: Forcing endless battles is banned","|rule|HP Percentage Mod: HP is shown in percentages","|teampreview","|","|start","|switch|p1a: Garchomp|Garchomp, M, shiny|357/357","|switch|p2a: Gengar|Gengar, F|261/261","|turn|1","|","|move|p2a: Gengar|Shadow Ball|p1a: Garchomp","|-damage|p1a: Garchomp|171/357","|move|p1a: Garchomp|Swords Dance|p1a: Garchomp","|-boost|p1a: Garchomp|atk|2","|","|turn|2","|","|move|p2a: Gengar|Shadow Ball|p1a: Garchomp","|-damage|p1a: Garchomp|0 fnt","|faint|p1a: Garchomp","|","|","|switch|p1a: Tyrantrum|Tyrantrum, M, shiny|305/305","|turn|3","|","|move|p2a: Gengar|Shadow Ball|p1a: Tyrantrum","|-damage|p1a: Tyrantrum|101/305","|-unboost|p1a: Tyrantrum|spd|1","|move|p1a: Tyrantrum|Head Smash|p2a: Gengar","|-enditem|p2a: Gengar|Focus Sash","|-damage|p2a: Gengar|1/261","|","|turn|4","|","|move|p2a: Gengar|Shadow Ball|p1a: Tyrantrum","|-damage|p1a: Tyrantrum|0 fnt","|faint|p1a: Tyrantrum","|","|","|switch|p1a: Hydreigon|Hydreigon, M|325/325","|turn|5","|","|move|p1a: Hydreigon|Dark Pulse|p2a: Gengar","|-supereffective|p2a: Gengar","|-damage|p2a: Gengar|0 fnt","|faint|p2a: Gengar","|","|","|switch|p2a: Beedrill|Beedrill, F|271/271","|turn|6","|","|detailschange|p2a: Beedrill|Beedrill-Mega, F","|-mega|p2a: Beedrill|Beedrill|Beedrillite","|move|p1a: Hydreigon|Dark Pulse|p2a: Beedrill","|-damage|p2a: Beedrill|111/271","|cant|p2a: Beedrill|flinch","|","|turn|7","|","|switch|p2a: Tentacruel|Tentacruel, M|301/301","|move|p1a: Hydreigon|Dark Pulse|p2a: Tentacruel","|-damage|p2a: Tentacruel|189/301","|","|-heal|p2a: Tentacruel|207/301|[from] item: Leftovers","|turn|8","|","|switch|p1a: Kyurem-Black|Kyurem-Black, shiny|391/391","|-ability|p1a: Kyurem-Black|Teravolt","|move|p2a: Tentacruel|Ice Beam|p1a: Kyurem-Black","|-damage|p1a: Kyurem-Black|311/391","|","|-heal|p2a: Tentacruel|225/301|[from] item: Leftovers","|turn|9","|","|switch|p2a: Nidoking|Nidoking, M|303/303","|move|p1a: Kyurem-Black|Fusion Bolt|p2a: Nidoking","|-immune|p2a: Nidoking|[msg]","|","|turn|10","|","|switch|p1a: Hydreigon|Hydreigon, M|325/325","|move|p2a: Nidoking|Sludge Wave|p1a: Hydreigon","|-damage|p1a: Hydreigon|99/325","|","|turn|11","|","|move|p1a: Hydreigon|Dragon Pulse|p2a: Nidoking","|-damage|p2a: Nidoking|126/303","|move|p2a: Nidoking|Sludge Wave|p1a: Hydreigon","|-damage|p1a: Hydreigon|0 fnt","|faint|p1a: Hydreigon","|","|","|switch|p1a: Kyurem-Black|Kyurem-Black, shiny|311/391","|-ability|p1a: Kyurem-Black|Teravolt","|turn|12","|","|move|p1a: Kyurem-Black|Dragon Claw|p2a: Nidoking","|-damage|p2a: Nidoking|0 fnt","|faint|p2a: Nidoking","|","|","|switch|p2a: Beedrill|Beedrill-Mega, F|111/271","|turn|13","|","|move|p1a: Kyurem-Black|Dragon Claw|p2a: Beedrill","|-damage|p2a: Beedrill|0 fnt","|faint|p2a: Beedrill","|","|","|switch|p2a: Amoonguss|Amoonguss, M|431/431","|turn|14","|","|move|p1a: Kyurem-Black|Dragon Claw|p2a: Amoonguss","|-damage|p2a: Amoonguss|199/431","|-damage|p1a: Kyurem-Black|246/391|[from] item: Rocky Helmet|[of] p2a: Amoonguss","|move|p2a: Amoonguss|Spore|p1a: Kyurem-Black","|-status|p1a: Kyurem-Black|slp","|","|turn|15","|","|switch|p2a: Venusaur|Venusaur, F|363/363","|cant|p1a: Kyurem-Black|slp","|","|turn|16","|","|cant|p1a: Kyurem-Black|slp","|move|p2a: Venusaur|Leech Seed|p1a: Kyurem-Black","|-start|p1a: Kyurem-Black|move: Leech Seed","|","|-damage|p1a: Kyurem-Black|198/391 slp|[from] Leech Seed|[of] p2a: Venusaur","|turn|17","|","|cant|p1a: Kyurem-Black|slp","|move|p2a: Venusaur|Sludge Bomb|p1a: Kyurem-Black","|-damage|p1a: Kyurem-Black|78/391 slp","|","|-damage|p1a: Kyurem-Black|30/391 slp|[from] Leech Seed|[of] p2a: Venusaur","|turn|18","|","|switch|p2a: Amoonguss|Amoonguss, M|342/431","|-curestatus|p1a: Kyurem-Black|slp","|move|p1a: Kyurem-Black|Dragon Claw|p2a: Amoonguss","|-damage|p2a: Amoonguss|95/431","|-damage|p1a: Kyurem-Black|0 fnt|[from] item: Rocky Helmet|[of] p2a: Amoonguss","|faint|p1a: Kyurem-Black","|","|","|switch|p1a: Dragalge|Dragalge, M, shiny|330/330","|turn|19","|","|move|p1a: Dragalge|Dragon Pulse|p2a: Amoonguss","|-damage|p2a: Amoonguss|0 fnt","|faint|p2a: Amoonguss","|","|","|switch|p2a: Tentacruel|Tentacruel, M|225/301","|turn|20","|","|move|p2a: Tentacruel|Ice Beam|p1a: Dragalge","|-supereffective|p1a: Dragalge","|-damage|p1a: Dragalge|234/330","|move|p1a: Dragalge|Hidden Power|p2a: Tentacruel","|-supereffective|p2a: Tentacruel","|-damage|p2a: Tentacruel|105/301","|","|-heal|p2a: Tentacruel|123/301|[from] item: Leftovers","|turn|21","|","|switch|p2a: Venusaur|Venusaur, F|363/363","|move|p1a: Dragalge|Hidden Power|p2a: Venusaur","|-damage|p2a: Venusaur|308/363","|","|-heal|p2a: Venusaur|330/363|[from] item: Leftovers","|turn|22","|","|move|p2a: Venusaur|Sleep Powder|p1a: Dragalge","|-status|p1a: Dragalge|slp","|cant|p1a: Dragalge|slp","|","|-heal|p2a: Venusaur|352/363|[from] item: Leftovers","|turn|23","|","|switch|p1a: Birb|Altaria, F|291/291","|move|p2a: Venusaur|Leech Seed|p1a: Birb","|-start|p1a: Birb|move: Leech Seed","|","|-heal|p2a: Venusaur|363/363|[from] item: Leftovers","|-damage|p1a: Birb|255/291|[from] Leech Seed|[of] p2a: Venusaur","|turn|24","|","|detailschange|p1a: Birb|Altaria-Mega, F","|-mega|p1a: Birb|Altaria|Altarianite","|move|p1a: Birb|Roost|p1a: Birb","|-heal|p1a: Birb|291/291","|move|p2a: Venusaur|Sludge Bomb|p1a: Birb","|-supereffective|p1a: Birb","|-damage|p1a: Birb|69/291","|","|-damage|p1a: Birb|33/291|[from] Leech Seed|[of] p2a: Venusaur","|turn|25","|","|move|p1a: Birb|Roost|p1a: Birb","|-heal|p1a: Birb|179/291","|move|p2a: Venusaur|Sludge Bomb|p1a: Birb","|-supereffective|p1a: Birb","|-damage|p1a: Birb|0 fnt","|faint|p1a: Birb","|","|","|switch|p1a: Dragalge|Dragalge, M, shiny|234/330 slp","|turn|26","|","|move|p2a: Venusaur|Leech Seed|p1a: Dragalge","|-start|p1a: Dragalge|move: Leech Seed","|-curestatus|p1a: Dragalge|slp","|move|p1a: Dragalge|Dragon Pulse|p2a: Venusaur","|-damage|p2a: Venusaur|223/363","|","|-heal|p2a: Venusaur|245/363|[from] item: Leftovers","|-damage|p1a: Dragalge|193/330|[from] Leech Seed|[of] p2a: Venusaur","|-heal|p2a: Venusaur|286/363|[silent]","|turn|27","|","|move|p2a: Venusaur|Sleep Powder|p1a: Dragalge","|-status|p1a: Dragalge|slp","|cant|p1a: Dragalge|slp","|","|-heal|p2a: Venusaur|308/363|[from] item: Leftovers","|-damage|p1a: Dragalge|152/330 slp|[from] Leech Seed|[of] p2a: Venusaur","|-heal|p2a: Venusaur|349/363|[silent]","|turn|28","|","|move|p2a: Venusaur|Sludge Bomb|p1a: Dragalge","|-resisted|p1a: Dragalge","|-damage|p1a: Dragalge|121/330 slp","|cant|p1a: Dragalge|slp","|","|-heal|p2a: Venusaur|363/363|[from] item: Leftovers","|-damage|p1a: Dragalge|80/330 slp|[from] Leech Seed|[of] p2a: Venusaur","|turn|29","|","|move|p2a: Venusaur|Sludge Bomb|p1a: Dragalge","|-resisted|p1a: Dragalge","|-damage|p1a: Dragalge|53/330 slp","|cant|p1a: Dragalge|slp","|","|-damage|p1a: Dragalge|12/330 slp|[from] Leech Seed|[of] p2a: Venusaur","|turn|30","|","|move|p2a: Venusaur|Giga Drain|p1a: Dragalge","|-resisted|p1a: Dragalge","|-damage|p1a: Dragalge|0 fnt","|faint|p1a: Dragalge","|","|win|Traine✘ Chief"],"p1rating":{"entryid":"7209054","serverid":"eos","formatid":"monotype","userid":"valkoinen","username":"valkoinen","w":"9","l":20,"t":"0","gxe":34.9,"r":"1332.9760960296","rd":"74.649635028333","sigma":"0","rptime":"1438246800","rpr":1380.7639799143,"rprd":62.847108356293,"rpsigma":"0","acre":1082.9510910873,"lacre":1082.9510910873,"oldacre":"1106.6689050534"},"p2rating":{"entryid":"7268014","serverid":"eos","formatid":"monotype","userid":"trainechief","username":"Traine✘ Chief","w":8,"l":"5","t":"0","gxe":53.2,"r":"1500","rd":"130","sigma":"0","rptime":"1438246800","rpr":1524.6921636274,"rprd":81.331369927703,"rpsigma":"0","acre":1148.2214497223,"lacre":1148.2214497223,"oldacre":"1124.5036357562"},"endType":"normal"}