{"seed":[25356,6910,51164,50658],"turns":54,"p1":"Wаrden Arguѕ","p2":"Deucez - ⓐⓝⓘⓜⓔ","p1team":[{"name":"Sableye","species":"Sableye","item":"leftovers","ability":"Prankster","moves":["knockoff","willowisp","recover","taunt"],"nature":"Bold","evs":{"hp":228,"atk":0,"def":252,"spa":0,"spd":0,"spe":28},"gender":"M","ivs":{"hp":31,"atk":0,"def":31,"spa":31,"spd":31,"spe":31}},{"name":"Aegislash","species":"Aegislash","item":"weaknesspolicy","ability":"Stance Change","moves":["kingsshield","sacredsword","shadowball","shadowsneak"],"nature":"Lonely","evs":{"hp":0,"atk":252,"def":0,"spa":240,"spd":0,"spe":16},"gender":"M","shiny":true,"ivs":{"hp":31,"atk":31,"def":31,"spa":31,"spd":31,"spe":31}},{"name":"Jellicent","species":"Jellicent","item":"leftovers","ability":"Cursed Body","moves":["toxic","scald","recover","acidarmor"],"nature":"Calm","evs":{"hp":252,"atk":0,"def":0,"spa":0,"spd":252,"spe":4},"gender":"M","ivs":{"hp":31,"atk":0,"def":31,"spa":31,"spd":31,"spe":31},"shiny":true},{"name":"Golurk","species":"Golurk","item":"focussash","ability":"No Guard","moves":["stealthrock","stoneedge","dynamicpunch","curse"],"nature":"Adamant","evs":{"hp":0,"atk":252,"def":0,"spa":0,"spd":4,"spe":252},"shiny":true,"ivs":{"hp":31,"atk":31,"def":31,"spa":31,"spd":31,"spe":31}},{"name":"Chandelure","species":"Chandelure","item":"choicescarf","ability":"Infiltrator","moves":["flamethrower","shadowball","energyball","trick"],"nature":"Modest","evs":{"hp":0,"atk":0,"def":0,"spa":252,"spd":4,"spe":252},"gender":"F","ivs":{"hp":31,"atk":0,"def":31,"spa":31,"spd":31,"spe":31}},{"name":"Gengar","species":"Gengar","item":"focussash","ability":"Levitate","moves":["destinybond","sludgebomb","shadowball","energyball"],"nature":"Timid","evs":{"hp":0,"atk":0,"def":0,"spa":252,"spd":4,"spe":252},"gender":"F","ivs":{"hp":31,"atk":0,"def":31,"spa":31,"spd":31,"spe":31},"shiny":true}],"p2team":[{"name":"Drink Green Bull","species":"tauros","item":"lifeorb","ability":"Sheer Force","moves":["rockclimb","zenheadbutt","ironhead","rockslide"],"nature":"Naive","evs":{"hp":0,"atk":252,"def":0,"spa":4,"spd":0,"spe":252},"shiny":true,"ivs":{"hp":31,"atk":31,"def":31,"spa":31,"spd":31,"spe":31}},{"name":"Side Chick","species":"meloetta","item":"assaultvest","ability":"Serene Grace","moves":["psychic","focusblast","hypervoice","shadowball"],"nature":"Modest","evs":{"hp":248,"atk":0,"def":0,"spa":252,"spd":8,"spe":0},"ivs":{"hp":31,"atk":31,"def":31,"spa":31,"spd":31,"spe":31}},{"name":"S3x Toy","species":"porygon2","item":"eviolite","ability":"Trace","moves":["thunderwave","icebeam","foulplay","recover"],"nature":"Bold","evs":{"hp":252,"atk":0,"def":252,"spa":4,"spd":0,"spe":0},"shiny":true,"ivs":{"hp":31,"atk":31,"def":31,"spa":31,"spd":31,"spe":31}},{"name":"Fat ass hoe","species":"chansey","item":"eviolite","ability":"Natural Cure","moves":["wish","softboiled","seismictoss","healbell"],"nature":"Sassy","evs":{"hp":252,"atk":0,"def":252,"spa":0,"spd":4,"spe":0},"ivs":{"hp":31,"atk":31,"def":31,"spa":31,"spd":31,"spe":0}},{"name":"Mah Nigga","species":"staraptor","item":"leftovers","ability":"Intimidate","moves":["defog","featherdance","bravebird","roost"],"nature":"Impish","evs":{"hp":4,"atk":0,"def":252,"spa":0,"spd":0,"spe":252},"gender":"M","shiny":true,"ivs":{"hp":31,"atk":31,"def":31,"spa":31,"spd":31,"spe":31}},{"name":"Bae","species":"lopunny","item":"lopunnite","ability":"Limber","moves":["fakeout","poweruppunch","return","highjumpkick"],"nature":"Jolly","evs":{"hp":0,"atk":252,"def":0,"spa":0,"spd":4,"spe":252},"gender":"F","shiny":true,"ivs":{"hp":31,"atk":31,"def":31,"spa":31,"spd":31,"spe":31}}],"log":["|player|p1|Wаrden Arguѕ|144","|player|p2|Deucez - ⓐⓝⓘⓜⓔ|1","|gametype|singles","|gen|6","|tier|Monotype","|rated","|rule|Baton Pass Clause: Limit one Baton Passer, can't pass Spe and other stats simultaneously","|rule|Swagger Clause: Swagger is banned","|rule|Same Type Clause: Pokémon in a team must share a type","|clearpoke","|poke|p1|Sableye, M","|poke|p1|Aegislash, M, shiny","|poke|p1|Jellicent, M, shiny","|poke|p1|Golurk, shiny","|poke|p1|Chandelure, F","|poke|p1|Gengar, F, shiny","|poke|p2|Tauros, M, shiny","|poke|p2|Meloetta","|poke|p2|Porygon2, shiny","|poke|p2|Chansey, F","|poke|p2|Staraptor, M, shiny","|poke|p2|Lopunny, F, shiny","|rule|Sleep Clause Mod: Limit one foe put to sleep","|rule|Species Clause: Limit one of each Pokémon","|rule|OHKO Clause: OHKO moves are banned","|rule|Moody Clause: Moody is banned","|rule|Evasion Moves Clause: Evasion moves are banned","|rule|Endless Battle Clause: Forcing endless battles is banned","|rule|HP Percentage Mod: HP is shown in percentages","|teampreview","|","|start","|switch|p1a: Aegislash|Aegislash, M, shiny|261/261","|switch|p2a: Mah Nigga|Staraptor, M, shiny|312/312","|-ability|p2a: Mah Nigga|Intimidate","|-unboost|p1a: Aegislash|atk|1","|turn|1","|","|switch|p1a: Sableye|Sableye, M|298/298","|move|p2a: Mah Nigga|Feather Dance|p1a: Sableye","|-unboost|p1a: Sableye|atk|2","|","|turn|2","|","|switch|p2a: S3x Toy|Porygon2, shiny|374/374","|-ability|p2a: S3x Toy|Prankster|[from] ability: Trace|[of] p1a: Sableye","|move|p1a: Sableye|Will-O-Wisp|p2a: S3x Toy|[miss]","|-miss|p1a: Sableye|p2a: S3x Toy","|","|turn|3","|","|switch|p2a: Fat ass hoe|Chansey, F|704/704","|switch|p1a: Jellicent|Jellicent, M, shiny|404/404","|","|turn|4","|","|switch|p1a: Golurk|Golurk, shiny|319/319","|move|p2a: Fat ass hoe|Wish|p2a: Fat ass hoe","|","|turn|5","|","|switch|p2a: S3x Toy|Porygon2, shiny|374/374","|-ability|p2a: S3x Toy|No Guard|[from] ability: Trace|[of] p1a: Golurk","|move|p1a: Golurk|Stealth Rock|p2a: S3x Toy","|-sidestart|p2: Deucez - ⓐⓝⓘⓜⓔ|move: Stealth Rock","|","|turn|6","|","|move|p1a: Golurk|Dynamic Punch|p2a: S3x Toy","|-supereffective|p2a: S3x Toy","|-damage|p2a: S3x Toy|234/374","|-start|p2a: S3x Toy|confusion","|-activate|p2a: S3x Toy|confusion","|move|p2a: S3x Toy|Ice Beam|p1a: Golurk","|-supereffective|p1a: Golurk","|-damage|p1a: Golurk|133/319","|","|turn|7","|","|move|p1a: Golurk|Dynamic Punch|p2a: S3x Toy","|-supereffective|p2a: S3x Toy","|-damage|p2a: S3x Toy|106/374","|-end|p2a: S3x Toy|confusion","|move|p2a: S3x Toy|Ice Beam|p1a: Golurk","|-supereffective|p1a: Golurk","|-damage|p1a: Golurk|0 fnt","|faint|p1a: Golurk","|","|","|switch|p1a: Aegislash|Aegislash, M, shiny|261/261","|turn|8","|","|switch|p1a: Sableye|Sableye, M|298/298","|move|p2a: S3x Toy|Foul Play|p1a: Sableye","|-damage|p1a: Sableye|257/298","|","|-heal|p1a: Sableye|275/298|[from] item: Leftovers","|turn|9","|","|switch|p2a: Mah Nigga|Staraptor, M, shiny|312/312","|-damage|p2a: Mah Nigga|234/312|[from] Stealth Rock","|-ability|p2a: Mah Nigga|Intimidate","|-unboost|p1a: Sableye|atk|1","|move|p1a: Sableye|Knock Off|p2a: Mah Nigga","|-damage|p2a: Mah Nigga|197/312","|-enditem|p2a: Mah Nigga|Leftovers|[from] move: Knock Off|[of] p1a: Sableye","|","|-heal|p1a: Sableye|293/298|[from] item: Leftovers","|turn|10","|","|move|p1a: Sableye|Taunt|p2a: Mah Nigga","|-start|p2a: Mah Nigga|move: Taunt","|cant|p2a: Mah Nigga|move: Taunt|Defog","|","|-heal|p1a: Sableye|298/298|[from] item: Leftovers","|turn|11","|","|switch|p2a: Fat ass hoe|Chansey, F|704/704","|-damage|p2a: Fat ass hoe|616/704|[from] Stealth Rock","|move|p1a: Sableye|Will-O-Wisp|p2a: Fat ass hoe","|-status|p2a: Fat ass hoe|brn","|","|-damage|p2a: Fat ass hoe|528/704 brn|[from] brn","|turn|12","|","|switch|p2a: Side Chick|Meloetta|403/403","|-damage|p2a: Side Chick|353/403|[from] Stealth Rock","|move|p1a: Sableye|Taunt|p2a: Side Chick","|-start|p2a: Side Chick|move: Taunt","|","|turn|13","|","|switch|p1a: Jellicent|Jellicent, M, shiny|404/404","|move|p2a: Side Chick|Shadow Ball|p1a: Jellicent","|-supereffective|p1a: Jellicent","|-damage|p1a: Jellicent|270/404","|-start|p2a: Side Chick|Disable|Shadow Ball","|","|-heal|p1a: Jellicent|295/404|[from] item: Leftovers","|turn|14","|","|switch|p2a: Fat ass hoe|Chansey, F|528/704","|-damage|p2a: Fat ass hoe|440/704|[from] Stealth Rock","|switch|p1a: Sableye|Sableye, M|298/298","|","|turn|15","|","|switch|p2a: Bae|Lopunny, F, shiny|271/271","|-damage|p2a: Bae|238/271|[from] Stealth Rock","|move|p1a: Sableye|Knock Off|p2a: Bae","|-damage|p2a: Bae|183/271","|","|turn|16","|","|detailschange|p2a: Bae|Lopunny-Mega, F, shiny","|-mega|p2a: Bae|Lopunny|Lopunnite","|move|p2a: Bae|Fake Out|p1a: Sableye","|-crit|p1a: Sableye","|-damage|p1a: Sableye|201/298","|cant|p1a: Sableye|flinch","|","|-heal|p1a: Sableye|219/298|[from] item: Leftovers","|turn|17","|","|move|p1a: Sableye|Will-O-Wisp|p2a: Bae","|-status|p2a: Bae|brn","|move|p2a: Bae|Power-Up Punch|p1a: Sableye","|-supereffective|p1a: Sableye","|-damage|p1a: Sableye|152/298","|-boost|p2a: Bae|atk|1","|","|-heal|p1a: Sableye|170/298|[from] item: Leftovers","|-damage|p2a: Bae|150/271 brn|[from] brn","|turn|18","|","|switch|p1a: Chandelure|Chandelure, F|261/261","|move|p2a: Bae|High Jump Kick|p1a: Chandelure","|-damage|p1a: Chandelure|49/261","|","|-damage|p2a: Bae|117/271 brn|[from] brn","|turn|19","|","|switch|p2a: Fat ass hoe|Chansey, F|440/704","|-damage|p2a: Fat ass hoe|352/704|[from] Stealth Rock","|move|p1a: Chandelure|Flamethrower|p2a: Fat ass hoe","|-damage|p2a: Fat ass hoe|244/704","|","|turn|20","|","|switch|p1a: Aegislash|Aegislash, M, shiny|261/261","|move|p2a: Fat ass hoe|Heal Bell|p2a: Fat ass hoe","|-cureteam|p2a: Fat ass hoe|[from] move: HealBell","|","|turn|21","|","|-formechange|p1a: Aegislash|Aegislash-Blade","|move|p1a: Aegislash|Sacred Sword|p2a: Fat ass hoe","|-supereffective|p2a: Fat ass hoe","|-damage|p2a: Fat ass hoe|0 fnt","|faint|p2a: Fat ass hoe","|","|","|switch|p2a: Mah Nigga|Staraptor, M, shiny|197/312","|-damage|p2a: Mah Nigga|119/312|[from] Stealth Rock","|-ability|p2a: Mah Nigga|Intimidate","|-unboost|p1a: Aegislash|atk|1","|turn|22","|","|switch|p1a: Sableye|Sableye, M|170/298","|move|p2a: Mah Nigga|Defog|p1a: Sableye","|-unboost|p1a: Sableye|evasion|1","|-sideend|p2: Deucez - ⓐⓝⓘⓜⓔ|Stealth Rock|[from] move: Defog|[of] p2a: Mah Nigga","|","|-heal|p1a: Sableye|188/298|[from] item: Leftovers","|turn|23","|","|move|p1a: Sableye|Will-O-Wisp|p2a: Mah Nigga|[miss]","|-miss|p1a: Sableye|p2a: Mah Nigga","|move|p2a: Mah Nigga|Brave Bird|p1a: Sableye","|-damage|p1a: Sableye|47/298","|-damage|p2a: Mah Nigga|72/312|[from] recoil|[of] p1a: Sableye","|","|-heal|p1a: Sableye|65/298|[from] item: Leftovers","|turn|24","|","|move|p1a: Sableye|Recover|p1a: Sableye","|-heal|p1a: Sableye|214/298","|move|p2a: Mah Nigga|Brave Bird|p1a: Sableye","|-damage|p1a: Sableye|76/298","|-damage|p2a: Mah Nigga|26/312|[from] recoil|[of] p1a: Sableye","|","|-heal|p1a: Sableye|94/298|[from] item: Leftovers","|turn|25","|","|switch|p2a: Bae|Lopunny-Mega, F, shiny|117/271","|move|p1a: Sableye|Recover|p1a: Sableye","|-heal|p1a: Sableye|243/298","|","|-heal|p1a: Sableye|261/298|[from] item: Leftovers","|turn|26","|","|move|p2a: Bae|Fake Out|p1a: Sableye","|-damage|p1a: Sableye|200/298","|cant|p1a: Sableye|flinch","|","|-heal|p1a: Sableye|218/298|[from] item: Leftovers","|turn|27","|","|switch|p2a: S3x Toy|Porygon2, shiny|106/374","|-ability|p2a: S3x Toy|Prankster|[from] ability: Trace|[of] p1a: Sableye","|move|p1a: Sableye|Will-O-Wisp|p2a: S3x Toy|[miss]","|-miss|p1a: Sableye|p2a: S3x Toy","|","|-heal|p1a: Sableye|236/298|[from] item: Leftovers","|turn|28","|","|move|p2a: S3x Toy|Thunder Wave|p1a: Sableye","|-status|p1a: Sableye|par","|cant|p1a: Sableye|par","|","|-heal|p1a: Sableye|254/298 par|[from] item: Leftovers","|turn|29","|","|move|p2a: S3x Toy|Recover|p2a: S3x Toy","|-heal|p2a: S3x Toy|293/374","|move|p1a: Sableye|Will-O-Wisp|p2a: S3x Toy|[miss]","|-miss|p1a: Sableye|p2a: S3x Toy","|","|-heal|p1a: Sableye|272/298 par|[from] item: Leftovers","|turn|30","|","|switch|p1a: Jellicent|Jellicent, M, shiny|295/404","|move|p2a: S3x Toy|Ice Beam|p1a: Jellicent","|-resisted|p1a: Jellicent","|-damage|p1a: Jellicent|270/404","|","|-heal|p1a: Jellicent|295/404|[from] item: Leftovers","|turn|31","|","|switch|p2a: Side Chick|Meloetta|353/403","|move|p1a: Jellicent|Acid Armor|p1a: Jellicent","|-boost|p1a: Jellicent|def|2","|","|-heal|p1a: Jellicent|320/404|[from] item: Leftovers","|turn|32","|","|move|p2a: Side Chick|Shadow Ball|p1a: Jellicent","|-supereffective|p1a: Jellicent","|-damage|p1a: Jellicent|170/404","|move|p1a: Jellicent|Toxic|p2a: Side Chick","|-status|p2a: Side Chick|tox","|","|-heal|p1a: Jellicent|195/404|[from] item: Leftovers","|-damage|p2a: Side Chick|328/403 tox|[from] psn","|turn|33","|","|move|p2a: Side Chick|Shadow Ball|p1a: Jellicent","|-supereffective|p1a: Jellicent","|-damage|p1a: Jellicent|49/404","|-start|p2a: Side Chick|Disable|Shadow Ball","|-unboost|p1a: Jellicent|spd|1","|move|p1a: Jellicent|Recover|p1a: Jellicent","|-heal|p1a: Jellicent|251/404","|","|-heal|p1a: Jellicent|276/404|[from] item: Leftovers","|-damage|p2a: Side Chick|278/403 tox|[from] psn","|turn|34","|","|move|p2a: Side Chick|Psychic|p1a: Jellicent","|-damage|p1a: Jellicent|99/404","|move|p1a: Jellicent|Recover|p1a: Jellicent","|-heal|p1a: Jellicent|301/404","|","|-heal|p1a: Jellicent|326/404|[from] item: Leftovers","|-damage|p2a: Side Chick|203/403 tox|[from] psn","|turn|35","|","|move|p2a: Side Chick|Psychic|p1a: Jellicent","|-damage|p1a: Jellicent|137/404","|move|p1a: Jellicent|Recover|p1a: Jellicent","|-heal|p1a: Jellicent|339/404","|","|-heal|p1a: Jellicent|364/404|[from] item: Leftovers","|-damage|p2a: Side Chick|103/403 tox|[from] psn","|turn|36","|","|move|p2a: Side Chick|Psychic|p1a: Jellicent","|-damage|p1a: Jellicent|181/404","|move|p1a: Jellicent|Recover|p1a: Jellicent","|-heal|p1a: Jellicent|383/404","|","|-heal|p1a: Jellicent|404/404|[from] item: Leftovers","|-damage|p2a: Side Chick|0 fnt|[from] psn","|faint|p2a: Side Chick","|","|switch|p2a: Drink Green Bull|Tauros, M, shiny|291/291","|turn|37","|","|move|p2a: Drink Green Bull|Zen Headbutt|p1a: Jellicent","|-damage|p1a: Jellicent|308/404","|move|p1a: Jellicent|Recover|p1a: Jellicent","|-heal|p1a: Jellicent|404/404","|","|turn|38","|","|move|p2a: Drink Green Bull|Zen Headbutt|p1a: Jellicent|[miss]","|-miss|p2a: Drink Green Bull|p1a: Jellicent","|move|p1a: Jellicent|Scald|p2a: Drink Green Bull","|-damage|p2a: Drink Green Bull|171/291","|","|turn|39","|","|move|p2a: Drink Green Bull|Zen Headbutt|p1a: Jellicent|[miss]","|-miss|p2a: Drink Green Bull|p1a: Jellicent","|move|p1a: Jellicent|Scald|p2a: Drink Green Bull","|-damage|p2a: Drink Green Bull|38/291","|","|turn|40","|","|move|p2a: Drink Green Bull|Zen Headbutt|p1a: Jellicent","|-damage|p1a: Jellicent|317/404","|-start|p2a: Drink Green Bull|Disable|Zen Headbutt","|move|p1a: Jellicent|Acid Armor|p1a: Jellicent","|-boost|p1a: Jellicent|def|2","|","|-heal|p1a: Jellicent|342/404|[from] item: Leftovers","|turn|41","|","|switch|p2a: Bae|Lopunny-Mega, F, shiny|117/271","|move|p1a: Jellicent|Scald|p2a: Bae","|-damage|p2a: Bae|30/271","|","|-heal|p1a: Jellicent|367/404|[from] item: Leftovers","|turn|42","|","|move|p2a: Bae|Fake Out|p1a: Jellicent","|-damage|p1a: Jellicent|330/404","|-start|p2a: Bae|Disable|Fake Out","|cant|p1a: Jellicent|flinch","|","|-heal|p1a: Jellicent|355/404|[from] item: Leftovers","|turn|43","|","|move|p2a: Bae|High Jump Kick|p1a: Jellicent","|-damage|p1a: Jellicent|253/404","|move|p1a: Jellicent|Scald|p2a: Bae","|-damage|p2a: Bae|0 fnt","|faint|p2a: Bae","|","|-heal|p1a: Jellicent|278/404|[from] item: Leftovers","|","|switch|p2a: Mah Nigga|Staraptor, M, shiny|26/312","|-ability|p2a: Mah Nigga|Intimidate","|-unboost|p1a: Jellicent|atk|1","|turn|44","|","|move|p2a: Mah Nigga|Brave Bird|p1a: Jellicent","|-crit|p1a: Jellicent","|-damage|p1a: Jellicent|0 fnt","|-damage|p2a: Mah Nigga|0 fnt|[from] recoil|[of] p1a: Jellicent","|faint|p1a: Jellicent","|faint|p2a: Mah Nigga","|","|","|switch|p2a: Drink Green Bull|Tauros, M, shiny|38/291","|switch|p1a: Sableye|Sableye, M|272/298 par","|turn|45","|","|cant|p1a: Sableye|par","|move|p2a: Drink Green Bull|Iron Head|p1a: Sableye","|-damage|p1a: Sableye|160/298 par","|","|-heal|p1a: Sableye|178/298 par|[from] item: Leftovers","|turn|46","|","|move|p1a: Sableye|Will-O-Wisp|p2a: Drink Green Bull","|-status|p2a: Drink Green Bull|brn","|move|p2a: Drink Green Bull|Iron Head|p1a: Sableye","|-damage|p1a: Sableye|116/298 par","|","|-heal|p1a: Sableye|134/298 par|[from] item: Leftovers","|-damage|p2a: Drink Green Bull|2/291 brn|[from] brn","|turn|47","|","|move|p1a: Sableye|Recover|p1a: Sableye","|-heal|p1a: Sableye|283/298 par","|move|p2a: Drink Green Bull|Iron Head|p1a: Sableye","|-damage|p1a: Sableye|225/298 par","|","|-heal|p1a: Sableye|243/298 par|[from] item: Leftovers","|-damage|p2a: Drink Green Bull|0 fnt|[from] brn","|faint|p2a: Drink Green Bull","|","|switch|p2a: S3x Toy|Porygon2, shiny|293/374","|-ability|p2a: S3x Toy|Prankster|[from] ability: Trace|[of] p1a: Sableye","|turn|48","|","|move|p2a: S3x Toy|Ice Beam|p1a: Sableye","|-damage|p1a: Sableye|141/298 par","|cant|p1a: Sableye|par","|","|-heal|p1a: Sableye|159/298 par|[from] item: Leftovers","|turn|49","|","|move|p1a: Sableye|Recover|p1a: Sableye","|-heal|p1a: Sableye|298/298 par","|move|p2a: S3x Toy|Ice Beam|p1a: Sableye","|-damage|p1a: Sableye|187/298 par","|","|-heal|p1a: Sableye|205/298 par|[from] item: Leftovers","|turn|50","|","|move|p1a: Sableye|Will-O-Wisp|p2a: S3x Toy","|-status|p2a: S3x Toy|brn","|move|p2a: S3x Toy|Ice Beam|p1a: Sableye","|-damage|p1a: Sableye|101/298 par","|","|-heal|p1a: Sableye|119/298 par|[from] item: Leftovers","|-damage|p2a: S3x Toy|247/374 brn|[from] brn","|turn|51","|","|move|p2a: S3x Toy|Ice Beam|p1a: Sableye","|-damage|p1a: Sableye|23/298 par","|move|p1a: Sableye|Knock Off|p2a: S3x Toy","|-damage|p2a: S3x Toy|211/374 brn","|-enditem|p2a: S3x Toy|Eviolite|[from] move: Knock Off|[of] p1a: Sableye","|","|-heal|p1a: Sableye|41/298 par|[from] item: Leftovers","|-damage|p2a: S3x Toy|165/374 brn|[from] brn","|turn|52","|","|move|p2a: S3x Toy|Ice Beam|p1a: Sableye","|-damage|p1a: Sableye|0 fnt","|faint|p1a: Sableye","|","|-damage|p2a: S3x Toy|119/374 brn|[from] brn","|","|switch|p1a: Aegislash|Aegislash, M, shiny|261/261","|turn|53","|","|move|p2a: S3x Toy|Recover|p2a: S3x Toy","|-heal|p2a: S3x Toy|306/374 brn","|-formechange|p1a: Aegislash|Aegislash-Blade","|move|p1a: Aegislash|Sacred Sword|p2a: S3x Toy","|-supereffective|p2a: S3x Toy","|-damage|p2a: S3x Toy|112/374 brn","|","|-damage|p2a: S3x Toy|66/374 brn|[from] brn","|turn|54","|","|move|p1a: Aegislash|Sacred Sword|p2a: S3x Toy","|-supereffective|p2a: S3x Toy","|-damage|p2a: S3x Toy|0 fnt","|faint|p2a: S3x Toy","|","|win|Wаrden Arguѕ"],"p1rating":{"entryid":"7252450","serverid":"eos","formatid":"monotype","userid":"wrdenargu","username":"Wаrden Arguѕ","w":26,"l":"5","t":"0","gxe":75.3,"r":"1500","rd":"130","sigma":"0","rptime":"1438160400","rpr":1712.6169338602,"rprd":58.723082059578,"rpsigma":"0","acre":1344.4614673108,"lacre":1344.4614673108,"oldacre":"1336.4547279171"},"p2rating":{"entryid":"7192012","serverid":"eos","formatid":"monotype","userid":"deucez","username":"Deucez","w":"7","l":9,"t":"0","gxe":45.6,"r":"1485.2410492934","rd":"107.35986327311","sigma":"0","rptime":"1438160400","rpr":1465.9508419661,"rprd":75.548432933087,"rpsigma":"0","acre":1086.0565748631,"lacre":1086.0565748631,"oldacre":"1095.8136037255"},"endType":"normal"}