{"seed":[4541,24644,23222,62413],"turns":23,"p1":"NatanBS","p2":"Queen of Llamas","p1team":[{"name":"Banette","species":"Banette","item":"banettite","ability":"Cursed Body","moves":["cottonguard","painsplit","shadowball","foulplay"],"nature":"Calm","evs":{"hp":248,"atk":0,"def":0,"spa":8,"spd":252,"spe":0},"gender":"F","ivs":{"hp":31,"atk":31,"def":31,"spa":31,"spd":31,"spe":31}},{"name":"Trevenant","species":"Trevenant","item":"focussash","ability":"Natural Cure","moves":["seedbomb","shadowclaw","toxic","poisonjab"],"nature":"Adamant","evs":{"hp":248,"atk":252,"def":0,"spa":0,"spd":8,"spe":0},"ivs":{"hp":31,"atk":31,"def":31,"spa":31,"spd":31,"spe":31}},{"name":"Sableye","species":"Sableye","item":"leftovers","ability":"Prankster","moves":["taunt","shadowball","willowisp","darkpulse"],"nature":"Calm","evs":{"hp":252,"atk":0,"def":0,"spa":4,"spd":252,"spe":0},"ivs":{"hp":31,"atk":31,"def":31,"spa":31,"spd":31,"spe":31}},{"name":"Chandelure","species":"Chandelure","item":"lifeorb","ability":"Infiltrator","moves":["calmmind","willowisp","hex","flamethrower"],"nature":"Modest","evs":{"hp":248,"atk":0,"def":0,"spa":252,"spd":8,"spe":0},"ivs":{"hp":31,"atk":31,"def":31,"spa":31,"spd":31,"spe":31}},{"name":"Golurk","species":"Golurk","item":"leftovers","ability":"No Guard","moves":["dynamicpunch","stoneedge","shadowpunch","earthquake"],"nature":"Adamant","evs":{"hp":248,"atk":252,"def":0,"spa":0,"spd":8,"spe":0},"ivs":{"hp":31,"atk":31,"def":31,"spa":31,"spd":31,"spe":31}},{"name":"Gengar","species":"Gengar","item":"leftovers","ability":"Levitate","moves":["darkpulse","shadowball","toxic","sludgebomb"],"nature":"Timid","evs":{"hp":0,"atk":0,"def":0,"spa":252,"spd":4,"spe":252},"ivs":{"hp":31,"atk":31,"def":31,"spa":31,"spd":31,"spe":31}}],"p2team":[{"name":"Squert Squert","species":"genesectdouse","item":"dousedrive","ability":"Download","moves":["extremespeed","technoblast","honeclaws","bugbuzz"],"nature":"Hasty","evs":{"hp":0,"atk":4,"def":0,"spa":252,"spd":0,"spe":252},"shiny":true,"ivs":{"hp":31,"atk":31,"def":31,"spa":31,"spd":31,"spe":31}},{"name":"Pinsir","species":"Pinsir","item":"pinsirite","ability":"Hyper Cutter","moves":["quickattack","stealthrock","xscissor","swordsdance"],"nature":"Jolly","evs":{"hp":0,"atk":252,"def":0,"spa":0,"spd":4,"spe":252},"shiny":true,"ivs":{"hp":31,"atk":31,"def":31,"spa":31,"spd":31,"spe":31}},{"name":"Heracross","species":"Heracross","item":"choicescarf","ability":"Moxie","moves":["earthquake","megahorn","closecombat","stoneedge"],"nature":"Jolly","evs":{"hp":0,"atk":252,"def":0,"spa":0,"spd":4,"spe":252},"shiny":true,"ivs":{"hp":31,"atk":31,"def":31,"spa":31,"spd":31,"spe":31}},{"name":"Armando","species":"armaldo","item":"laxincense","ability":"Battle Armor","moves":["aquatail","rockpolish","rapidspin","earthquake"],"nature":"Jolly","evs":{"hp":0,"atk":252,"def":0,"spa":0,"spd":4,"spe":252},"shiny":true,"ivs":{"hp":31,"atk":31,"def":31,"spa":31,"spd":31,"spe":31}},{"name":"Scizor","species":"Scizor","item":"choiceband","ability":"Technician","moves":["bulletpunch","bugbite","aerialace","ironhead"],"nature":"Naive","evs":{"hp":248,"atk":0,"def":0,"spa":8,"spd":0,"spe":252},"shiny":true,"ivs":{"hp":31,"atk":31,"def":31,"spa":31,"spd":31,"spe":31}},{"name":"Volcarona","species":"Volcarona","item":"leftovers","ability":"Flame Body","moves":["fierydance","gigadrain","quiverdance","bugbuzz"],"nature":"Timid","evs":{"hp":0,"atk":0,"def":0,"spa":252,"spd":4,"spe":252},"ivs":{"hp":31,"atk":31,"def":31,"spa":31,"spd":31,"spe":31}}],"log":["|player|p1|NatanBS|141","|player|p2|Queen of Llamas|209","|gametype|singles","|gen|6","|tier|Monotype","|rated","|rule|Baton Pass Clause: Limit one Baton Passer, can't pass Spe and other stats simultaneously","|rule|Swagger Clause: Swagger is banned","|rule|Same Type Clause: Pokémon in a team must share a type","|clearpoke","|poke|p1|Banette, F","|poke|p1|Trevenant, M","|poke|p1|Sableye, F","|poke|p1|Chandelure, F","|poke|p1|Golurk","|poke|p1|Gengar, M","|poke|p2|Genesect-*, shiny","|poke|p2|Pinsir, F, shiny","|poke|p2|Heracross, F, shiny","|poke|p2|Armaldo, F, shiny","|poke|p2|Scizor, M, shiny","|poke|p2|Volcarona, M","|rule|Sleep Clause Mod: Limit one foe put to sleep","|rule|Species Clause: Limit one of each Pokémon","|rule|OHKO Clause: OHKO moves are banned","|rule|Moody Clause: Moody is banned","|rule|Evasion Moves Clause: Evasion moves are banned","|rule|Endless Battle Clause: Forcing endless battles is banned","|rule|HP Percentage Mod: HP is shown in percentages","|teampreview","|","|start","|switch|p1a: Sableye|Sableye, F|304/304","|switch|p2a: Squert Squert|Genesect-Douse, shiny|283/283","|-boost|p2a: Squert Squert|atk|1|[from] ability: Download","|turn|1","|","|move|p1a: Sableye|Taunt|p2a: Squert Squert","|-start|p2a: Squert Squert|move: Taunt","|move|p2a: Squert Squert|Techno Blast|p1a: Sableye","|-damage|p1a: Sableye|171/304","|","|-heal|p1a: Sableye|190/304|[from] item: Leftovers","|turn|2","|","|switch|p1a: Chandelure|Chandelure, F|323/323","|move|p2a: Squert Squert|Bug Buzz|p1a: Chandelure","|-resisted|p1a: Chandelure","|-damage|p1a: Chandelure|280/323","|","|turn|3","|","|move|p2a: Squert Squert|Techno Blast|p1a: Chandelure","|-supereffective|p1a: Chandelure","|-damage|p1a: Chandelure|12/323","|move|p1a: Chandelure|Calm Mind|p1a: Chandelure","|-boost|p1a: Chandelure|spa|1","|-boost|p1a: Chandelure|spd|1","|","|-end|p2a: Squert Squert|move: Taunt","|turn|4","|","|move|p2a: Squert Squert|Bug Buzz|p1a: Chandelure","|-resisted|p1a: Chandelure","|-damage|p1a: Chandelure|0 fnt","|faint|p1a: Chandelure","|","|","|switch|p1a: Golurk|Golurk|381/381","|turn|5","|","|move|p2a: Squert Squert|Techno Blast|p1a: Golurk","|-supereffective|p1a: Golurk","|-damage|p1a: Golurk|65/381","|move|p1a: Golurk|Dynamic Punch|p2a: Squert Squert","|-crit|p2a: Squert Squert","|-damage|p2a: Squert Squert|72/283","|-start|p2a: Squert Squert|confusion","|","|-heal|p1a: Golurk|88/381|[from] item: Leftovers","|turn|6","|","|switch|p1a: Trevenant|Trevenant, M|373/373","|-activate|p2a: Squert Squert|confusion","|move|p2a: Squert Squert|Bug Buzz|p1a: Trevenant","|-damage|p1a: Trevenant|205/373","|-unboost|p1a: Trevenant|spd|1","|","|turn|7","|","|switch|p1a: Banette|Banette, F|331/331","|-activate|p2a: Squert Squert|confusion","|move|p2a: Squert Squert|Bug Buzz|p1a: Banette","|-resisted|p1a: Banette","|-damage|p1a: Banette|264/331","|-unboost|p1a: Banette|spd|1","|","|turn|8","|","|detailschange|p1a: Banette|Banette-Mega, F","|-mega|p1a: Banette|Banette|Banettite","|-activate|p2a: Squert Squert|confusion","|-damage|p2a: Squert Squert|12/283|[from] confusion","|move|p1a: Banette|Shadow Ball|p2a: Squert Squert","|-damage|p2a: Squert Squert|0 fnt","|faint|p2a: Squert Squert","|","|","|switch|p2a: Pinsir|Pinsir, F, shiny|271/271","|turn|9","|","|detailschange|p2a: Pinsir|Pinsir-Mega, F, shiny","|-mega|p2a: Pinsir|Pinsir|Pinsirite","|move|p2a: Pinsir|Quick Attack|p1a: Banette","|-damage|p1a: Banette|128/331","|move|p1a: Banette|Cotton Guard|p1a: Banette","|-boost|p1a: Banette|def|3","|","|turn|10","|","|move|p1a: Banette|Pain Split|p2a: Pinsir","|-sethp|p2a: Pinsir|199/271|p1a: Banette|199/331|[from] move: Pain Split","|move|p2a: Pinsir|Swords Dance|p2a: Pinsir","|-boost|p2a: Pinsir|atk|2","|","|turn|11","|","|move|p2a: Pinsir|Quick Attack|p1a: Banette","|-damage|p1a: Banette|91/331","|move|p1a: Banette|Cotton Guard|p1a: Banette","|-boost|p1a: Banette|def|3","|","|turn|12","|","|move|p2a: Pinsir|X-Scissor|p1a: Banette","|-resisted|p1a: Banette","|-damage|p1a: Banette|36/331","|move|p1a: Banette|Foul Play|p2a: Pinsir","|-damage|p2a: Pinsir|0 fnt","|faint|p2a: Pinsir","|","|","|switch|p2a: Scizor|Scizor, M, shiny|343/343","|turn|13","|","|move|p2a: Scizor|Bullet Punch|p1a: Banette","|-damage|p1a: Banette|0 fnt","|faint|p1a: Banette","|","|","|switch|p1a: Golurk|Golurk|88/381","|turn|14","|","|move|p2a: Scizor|Bullet Punch|p1a: Golurk","|-damage|p1a: Golurk|0 fnt","|faint|p1a: Golurk","|","|","|switch|p1a: Sableye|Sableye, F|190/304","|turn|15","|","|move|p2a: Scizor|Bullet Punch|p1a: Sableye","|-damage|p1a: Sableye|36/304","|move|p1a: Sableye|Will-O-Wisp|p2a: Scizor","|-status|p2a: Scizor|brn","|","|-heal|p1a: Sableye|55/304|[from] item: Leftovers","|-damage|p2a: Scizor|301/343 brn|[from] brn","|turn|16","|","|move|p2a: Scizor|Bullet Punch|p1a: Sableye","|-damage|p1a: Sableye|0 fnt","|faint|p1a: Sableye","|","|-damage|p2a: Scizor|259/343 brn|[from] brn","|","|switch|p1a: Gengar|Gengar, M|261/261","|turn|17","|","|move|p2a: Scizor|Bullet Punch|p1a: Gengar","|-damage|p1a: Gengar|169/261","|move|p1a: Gengar|Shadow Ball|p2a: Scizor","|-damage|p2a: Scizor|75/343 brn","|","|-heal|p1a: Gengar|185/261|[from] item: Leftovers","|-damage|p2a: Scizor|33/343 brn|[from] brn","|turn|18","|","|move|p2a: Scizor|Bullet Punch|p1a: Gengar","|-damage|p1a: Gengar|91/261","|move|p1a: Gengar|Dark Pulse|p2a: Scizor","|-damage|p2a: Scizor|0 fnt","|faint|p2a: Scizor","|","|-heal|p1a: Gengar|107/261|[from] item: Leftovers","|","|switch|p2a: Volcarona|Volcarona, M|311/311","|turn|19","|","|move|p1a: Gengar|Sludge Bomb|p2a: Volcarona","|-damage|p2a: Volcarona|166/311","|-status|p2a: Volcarona|psn","|move|p2a: Volcarona|Bug Buzz|p1a: Gengar","|-resisted|p1a: Gengar","|-damage|p1a: Gengar|59/261","|-unboost|p1a: Gengar|spd|1","|","|-heal|p1a: Gengar|75/261|[from] item: Leftovers","|-heal|p2a: Volcarona|185/311 psn|[from] item: Leftovers","|-damage|p2a: Volcarona|147/311 psn|[from] psn","|turn|20","|","|move|p1a: Gengar|Sludge Bomb|p2a: Volcarona","|-damage|p2a: Volcarona|0 fnt","|faint|p2a: Volcarona","|","|-heal|p1a: Gengar|91/261|[from] item: Leftovers","|","|switch|p2a: Heracross|Heracross, F, shiny|301/301","|turn|21","|","|move|p2a: Heracross|Megahorn|p1a: Gengar","|-resisted|p1a: Gengar","|-damage|p1a: Gengar|12/261","|move|p1a: Gengar|Sludge Bomb|p2a: Heracross","|-damage|p2a: Heracross|139/301","|-status|p2a: Heracross|psn","|","|-heal|p1a: Gengar|28/261|[from] item: Leftovers","|-damage|p2a: Heracross|102/301 psn|[from] psn","|turn|22","|","|move|p2a: Heracross|Megahorn|p1a: Gengar","|-resisted|p1a: Gengar","|-damage|p1a: Gengar|0 fnt","|faint|p1a: Gengar","|-boost|p2a: Heracross|atk|1|[from] ability: Moxie","|","|-damage|p2a: Heracross|65/301 psn|[from] psn","|","|switch|p1a: Trevenant|Trevenant, M|205/373","|turn|23","|","|move|p2a: Heracross|Megahorn|p1a: Trevenant","|-damage|p1a: Trevenant|0 fnt","|faint|p1a: Trevenant","|-boost|p2a: Heracross|atk|1|[from] ability: Moxie","|","|win|Queen of Llamas"],"p1rating":{"entryid":7278291,"formatid":"monotype","userid":"natanbs","username":"NatanBS","r":1500,"rd":130,"sigma":0,"rpr":1459.8393856612,"rprd":122.8583080769,"rpsigma":0,"rptime":1438246800,"w":0,"l":1,"t":0,"gxe":45,"acre":1000,"lacre":1000,"oldacre":1000},"p2rating":{"entryid":"7276415","serverid":"eos","formatid":"monotype","userid":"queenofllamas","username":"Queen of Llamas","w":4,"l":"2","t":"0","gxe":56.2,"r":"1500","rd":"130","sigma":"0","rptime":"1438246800","rpr":1548.588138853,"rprd":99.082964854027,"rpsigma":"0","acre":1098.8466876549,"lacre":1098.8466876549,"oldacre":"1076.5035892918"},"endType":"normal"}