{"seed":[33812,39610,23373,7761],"turns":29,"p1":"Wаrden Arguѕ","p2":"Seductive Weavile","p1team":[{"name":"Sableye","species":"Sableye","item":"leftovers","ability":"Prankster","moves":["knockoff","willowisp","recover","taunt"],"nature":"Bold","evs":{"hp":228,"atk":0,"def":252,"spa":0,"spd":0,"spe":28},"gender":"M","ivs":{"hp":31,"atk":0,"def":31,"spa":31,"spd":31,"spe":31}},{"name":"Aegislash","species":"Aegislash","item":"weaknesspolicy","ability":"Stance Change","moves":["kingsshield","sacredsword","shadowball","shadowsneak"],"nature":"Lonely","evs":{"hp":0,"atk":252,"def":0,"spa":240,"spd":0,"spe":16},"gender":"M","shiny":true,"ivs":{"hp":31,"atk":31,"def":31,"spa":31,"spd":31,"spe":31}},{"name":"Jellicent","species":"Jellicent","item":"leftovers","ability":"Cursed Body","moves":["toxic","scald","recover","acidarmor"],"nature":"Calm","evs":{"hp":252,"atk":0,"def":0,"spa":0,"spd":252,"spe":4},"gender":"M","ivs":{"hp":31,"atk":0,"def":31,"spa":31,"spd":31,"spe":31},"shiny":true},{"name":"Golurk","species":"Golurk","item":"focussash","ability":"No Guard","moves":["stealthrock","stoneedge","dynamicpunch","curse"],"nature":"Adamant","evs":{"hp":0,"atk":252,"def":0,"spa":0,"spd":4,"spe":252},"shiny":true,"ivs":{"hp":31,"atk":31,"def":31,"spa":31,"spd":31,"spe":31}},{"name":"Chandelure","species":"Chandelure","item":"choicescarf","ability":"Infiltrator","moves":["flamethrower","shadowball","energyball","trick"],"nature":"Modest","evs":{"hp":0,"atk":0,"def":0,"spa":252,"spd":4,"spe":252},"gender":"F","ivs":{"hp":31,"atk":0,"def":31,"spa":31,"spd":31,"spe":31}},{"name":"Gengar","species":"Gengar","item":"focussash","ability":"Levitate","moves":["destinybond","sludgebomb","shadowball","energyball"],"nature":"Timid","evs":{"hp":0,"atk":0,"def":0,"spa":252,"spd":4,"spe":252},"gender":"F","ivs":{"hp":31,"atk":0,"def":31,"spa":31,"spd":31,"spe":31},"shiny":true}],"p2team":[{"name":"Seductive Weavile","species":"weavile","item":"lifeorb","ability":"Pressure","moves":["fakeout","knockoff","iciclecrash","lowkick"],"nature":"Jolly","evs":{"hp":0,"atk":252,"def":0,"spa":0,"spd":4,"spe":252},"ivs":{"hp":31,"atk":31,"def":31,"spa":31,"spd":31,"spe":31}},{"name":"Seductive Sableye","species":"sableye","item":"sablenite","ability":"Prankster","moves":["willowisp","recover","calmmind","darkpulse"],"nature":"Bold","evs":{"hp":248,"atk":0,"def":252,"spa":8,"spd":0,"spe":0},"ivs":{"hp":31,"atk":31,"def":31,"spa":31,"spd":31,"spe":31}},{"name":"Cutting Edge","species":"bisharp","item":"lifeorb","ability":"Defiant","moves":["ironhead","suckerpunch","knockoff","lowsweep"],"nature":"Jolly","evs":{"hp":0,"atk":252,"def":0,"spa":0,"spd":4,"spe":252},"ivs":{"hp":31,"atk":31,"def":31,"spa":31,"spd":31,"spe":31}},{"name":"Schrodinger's Cat","species":"umbreon","item":"leftovers","ability":"Synchronize","moves":["curse","payback","healbell","moonlight"],"nature":"Careful","evs":{"hp":252,"atk":4,"def":0,"spa":0,"spd":252,"spe":0},"ivs":{"hp":31,"atk":31,"def":31,"spa":31,"spd":31,"spe":31}},{"name":"Very Sharpedo","species":"sharpedo","item":"lifeorb","ability":"Speed Boost","moves":["protect","aquajet","hydropump","icebeam"],"nature":"Hasty","evs":{"hp":0,"atk":4,"def":0,"spa":252,"spd":0,"spe":252},"ivs":{"hp":31,"atk":31,"def":31,"spa":31,"spd":31,"spe":31}},{"name":"Highdreigon","species":"hydreigon","item":"choicescarf","ability":"Levitate","moves":["dracometeor","flamethrower","flashcannon","earthpower"],"nature":"Timid","evs":{"hp":0,"atk":0,"def":0,"spa":252,"spd":4,"spe":252},"ivs":{"hp":31,"atk":31,"def":31,"spa":31,"spd":31,"spe":31}}],"log":["|player|p1|Wаrden Arguѕ|144","|player|p2|Seductive Weavile|53","|gametype|singles","|gen|6","|tier|Monotype","|rated","|rule|Baton Pass Clause: Limit one Baton Passer, can't pass Spe and other stats simultaneously","|rule|Swagger Clause: Swagger is banned","|rule|Same Type Clause: Pokémon in a team must share a type","|clearpoke","|poke|p1|Sableye, M","|poke|p1|Aegislash, M, shiny","|poke|p1|Jellicent, M, shiny","|poke|p1|Golurk, shiny","|poke|p1|Chandelure, F","|poke|p1|Gengar, F, shiny","|poke|p2|Weavile, M","|poke|p2|Sableye, F","|poke|p2|Bisharp, M","|poke|p2|Umbreon, F","|poke|p2|Sharpedo, F","|poke|p2|Hydreigon, F","|rule|Sleep Clause Mod: Limit one foe put to sleep","|rule|Species Clause: Limit one of each Pokémon","|rule|OHKO Clause: OHKO moves are banned","|rule|Moody Clause: Moody is banned","|rule|Evasion Moves Clause: Evasion moves are banned","|rule|Endless Battle Clause: Forcing endless battles is banned","|rule|HP Percentage Mod: HP is shown in percentages","|teampreview","|","|start","|switch|p1a: Golurk|Golurk, shiny|319/319","|switch|p2a: Seductive Sableye|Sableye, F|303/303","|turn|1","|","|switch|p1a: Jellicent|Jellicent, M, shiny|404/404","|detailschange|p2a: Seductive Sableye|Sableye-Mega, F","|-mega|p2a: Seductive Sableye|Sableye|Sablenite","|move|p2a: Seductive Sableye|Calm Mind|p2a: Seductive Sableye","|-boost|p2a: Seductive Sableye|spa|1","|-boost|p2a: Seductive Sableye|spd|1","|","|turn|2","|","|move|p1a: Jellicent|Scald|p2a: Seductive Sableye","|-damage|p2a: Seductive Sableye|254/303","|move|p2a: Seductive Sableye|Calm Mind|p2a: Seductive Sableye","|-boost|p2a: Seductive Sableye|spa|1","|-boost|p2a: Seductive Sableye|spd|1","|","|turn|3","|","|move|p1a: Jellicent|Scald|p2a: Seductive Sableye","|-damage|p2a: Seductive Sableye|215/303","|move|p2a: Seductive Sableye|Dark Pulse|p1a: Jellicent","|-supereffective|p1a: Jellicent","|-damage|p1a: Jellicent|180/404","|-start|p2a: Seductive Sableye|Disable|Dark Pulse","|","|-heal|p1a: Jellicent|205/404|[from] item: Leftovers","|turn|4","|","|move|p1a: Jellicent|Scald|p2a: Seductive Sableye","|-damage|p2a: Seductive Sableye|178/303","|-status|p2a: Seductive Sableye|brn","|move|p2a: Seductive Sableye|Calm Mind|p2a: Seductive Sableye","|-boost|p2a: Seductive Sableye|spa|1","|-boost|p2a: Seductive Sableye|spd|1","|","|-heal|p1a: Jellicent|230/404|[from] item: Leftovers","|-damage|p2a: Seductive Sableye|141/303 brn|[from] brn","|turn|5","|","|switch|p1a: Golurk|Golurk, shiny|319/319","|move|p2a: Seductive Sableye|Recover|p2a: Seductive Sableye","|-heal|p2a: Seductive Sableye|293/303 brn","|","|-damage|p2a: Seductive Sableye|256/303 brn|[from] brn","|turn|6","|","|move|p1a: Golurk|Stone Edge|p2a: Seductive Sableye","|-damage|p2a: Seductive Sableye|175/303 brn","|move|p2a: Seductive Sableye|Will-O-Wisp|p1a: Golurk","|-status|p1a: Golurk|brn","|","|-damage|p1a: Golurk|280/319 brn|[from] brn","|-damage|p2a: Seductive Sableye|138/303 brn|[from] brn","|turn|7","|","|move|p1a: Golurk|Curse|p2a: Seductive Sableye","|-start|p2a: Seductive Sableye|Curse|[of] p1a: Golurk","|-damage|p1a: Golurk|121/319 brn","|move|p2a: Seductive Sableye|Recover|p2a: Seductive Sableye","|-heal|p2a: Seductive Sableye|290/303 brn","|","|-damage|p1a: Golurk|82/319 brn|[from] brn","|-damage|p2a: Seductive Sableye|253/303 brn|[from] brn","|-damage|p2a: Seductive Sableye|178/303 brn|[from] Curse","|-end|p2a: Seductive Sableye|Disable","|turn|8","|","|move|p1a: Golurk|Dynamic Punch|p2a: Seductive Sableye","|-immune|p2a: Seductive Sableye|[msg]","|move|p2a: Seductive Sableye|Recover|p2a: Seductive Sableye","|-heal|p2a: Seductive Sableye|303/303 brn","|","|-damage|p1a: Golurk|43/319 brn|[from] brn","|-damage|p2a: Seductive Sableye|266/303 brn|[from] brn","|-damage|p2a: Seductive Sableye|191/303 brn|[from] Curse","|turn|9","|","|move|p1a: Golurk|Stone Edge|p2a: Seductive Sableye","|-damage|p2a: Seductive Sableye|154/303 brn","|move|p2a: Seductive Sableye|Recover|p2a: Seductive Sableye","|-heal|p2a: Seductive Sableye|303/303 brn","|","|-damage|p1a: Golurk|4/319 brn|[from] brn","|-damage|p2a: Seductive Sableye|266/303 brn|[from] brn","|-damage|p2a: Seductive Sableye|191/303 brn|[from] Curse","|turn|10","|","|move|p1a: Golurk|Stone Edge|p2a: Seductive Sableye","|-damage|p2a: Seductive Sableye|153/303 brn","|move|p2a: Seductive Sableye|Recover|p2a: Seductive Sableye","|-heal|p2a: Seductive Sableye|303/303 brn","|","|-damage|p1a: Golurk|0 fnt|[from] brn","|-damage|p2a: Seductive Sableye|266/303 brn|[from] brn","|-damage|p2a: Seductive Sableye|191/303 brn|[from] Curse","|faint|p1a: Golurk","|","|switch|p1a: Jellicent|Jellicent, M, shiny|230/404","|turn|11","|","|move|p1a: Jellicent|Recover|p1a: Jellicent","|-heal|p1a: Jellicent|404/404","|move|p2a: Seductive Sableye|Dark Pulse|p1a: Jellicent","|-supereffective|p1a: Jellicent","|-damage|p1a: Jellicent|90/404","|","|-heal|p1a: Jellicent|115/404|[from] item: Leftovers","|-damage|p2a: Seductive Sableye|154/303 brn|[from] brn","|-damage|p2a: Seductive Sableye|79/303 brn|[from] Curse","|turn|12","|","|move|p1a: Jellicent|Recover|p1a: Jellicent","|-heal|p1a: Jellicent|317/404","|move|p2a: Seductive Sableye|Dark Pulse|p1a: Jellicent","|-supereffective|p1a: Jellicent","|-damage|p1a: Jellicent|33/404","|","|-heal|p1a: Jellicent|58/404|[from] item: Leftovers","|-damage|p2a: Seductive Sableye|42/303 brn|[from] brn","|-damage|p2a: Seductive Sableye|0 fnt|[from] Curse","|faint|p2a: Seductive Sableye","|","|switch|p2a: Seductive Weavile|Weavile, M|281/281","|-ability|p2a: Seductive Weavile|Pressure","|turn|13","|","|move|p2a: Seductive Weavile|Knock Off|p1a: Jellicent","|-supereffective|p1a: Jellicent","|-damage|p1a: Jellicent|0 fnt","|-start|p2a: Seductive Weavile|Disable|Knock Off","|-enditem|p1a: Jellicent|Leftovers|[from] move: Knock Off|[of] p2a: Seductive Weavile","|-damage|p2a: Seductive Weavile|253/281|[from] item: Life Orb","|faint|p1a: Jellicent","|","|","|switch|p1a: Aegislash|Aegislash, M, shiny|261/261","|turn|14","|","|switch|p2a: Highdreigon|Hydreigon, F|325/325","|-formechange|p1a: Aegislash|Aegislash-Blade","|move|p1a: Aegislash|Sacred Sword|p2a: Highdreigon","|-supereffective|p2a: Highdreigon","|-damage|p2a: Highdreigon|47/325","|","|turn|15","|","|move|p1a: Aegislash|Shadow Sneak|p2a: Highdreigon","|-resisted|p2a: Highdreigon","|-damage|p2a: Highdreigon|0 fnt","|faint|p2a: Highdreigon","|","|","|switch|p2a: Seductive Weavile|Weavile, M|253/281","|-ability|p2a: Seductive Weavile|Pressure","|turn|16","|","|move|p2a: Seductive Weavile|Fake Out|p1a: Aegislash","|-immune|p1a: Aegislash|[msg]","|move|p1a: Aegislash|Sacred Sword|p2a: Seductive Weavile","|-supereffective|p2a: Seductive Weavile","|-damage|p2a: Seductive Weavile|0 fnt","|faint|p2a: Seductive Weavile","|","|","|switch|p2a: Cutting Edge|Bisharp, M|271/271","|turn|17","|","|switch|p1a: Gengar|Gengar, F, shiny|261/261","|move|p2a: Cutting Edge|Knock Off|p1a: Gengar","|-supereffective|p1a: Gengar","|-enditem|p1a: Gengar|Focus Sash","|-damage|p1a: Gengar|1/261","|-damage|p2a: Cutting Edge|244/271|[from] item: Life Orb","|","|turn|18","|","|move|p2a: Cutting Edge|Sucker Punch|p1a: Gengar","|-fail|p2a: Cutting Edge","|move|p1a: Gengar|Destiny Bond|p1a: Gengar","|-singlemove|p1a: Gengar|Destiny Bond","|","|turn|19","|","|move|p2a: Cutting Edge|Sucker Punch|p1a: Gengar","|-fail|p2a: Cutting Edge","|move|p1a: Gengar|Destiny Bond|p1a: Gengar","|-singlemove|p1a: Gengar|Destiny Bond","|","|turn|20","|","|switch|p2a: Very Sharpedo|Sharpedo, F|281/281","|move|p1a: Gengar|Destiny Bond|p1a: Gengar","|-singlemove|p1a: Gengar|Destiny Bond","|","|turn|21","|","|move|p2a: Very Sharpedo|Protect|p2a: Very Sharpedo","|-singleturn|p2a: Very Sharpedo|Protect","|move|p1a: Gengar|Destiny Bond|p1a: Gengar","|-singlemove|p1a: Gengar|Destiny Bond","|","|-boost|p2a: Very Sharpedo|spe|1|[from] ability: Speed Boost","|turn|22","|","|move|p2a: Very Sharpedo|Protect|p2a: Very Sharpedo","|-fail|p2a: Very Sharpedo","|move|p1a: Gengar|Energy Ball|p2a: Very Sharpedo","|-supereffective|p2a: Very Sharpedo","|-damage|p2a: Very Sharpedo|0 fnt","|faint|p2a: Very Sharpedo","|","|","|switch|p2a: Cutting Edge|Bisharp, M|244/271","|turn|23","|","|move|p1a: Gengar|Destiny Bond|p1a: Gengar","|-singlemove|p1a: Gengar|Destiny Bond","|move|p2a: Cutting Edge|Knock Off|p1a: Gengar","|-supereffective|p1a: Gengar","|-damage|p1a: Gengar|0 fnt","|-damage|p2a: Cutting Edge|217/271|[from] item: Life Orb","|faint|p1a: Gengar","|-activate|p1a: Gengar|Destiny Bond","|faint|p2a: Cutting Edge","|","|","|switch|p1a: Chandelure|Chandelure, F|261/261","|switch|p2a: Schrodinger's Cat|Umbreon, F|394/394","|turn|24","|","|move|p1a: Chandelure|Trick|p2a: Schrodinger's Cat","|-activate|p1a: Chandelure|move: Trick|[of] p2a: Schrodinger's Cat","|-item|p2a: Schrodinger's Cat|Choice Scarf|[from] move: Trick","|-item|p1a: Chandelure|Leftovers|[from] move: Trick","|move|p2a: Schrodinger's Cat|Curse|p2a: Schrodinger's Cat","|-boost|p2a: Schrodinger's Cat|atk|1","|-boost|p2a: Schrodinger's Cat|def|1","|-unboost|p2a: Schrodinger's Cat|spe|1","|","|turn|25","|","|move|p1a: Chandelure|Flamethrower|p2a: Schrodinger's Cat","|-damage|p2a: Schrodinger's Cat|277/394","|move|p2a: Schrodinger's Cat|Curse|p2a: Schrodinger's Cat","|-boost|p2a: Schrodinger's Cat|atk|1","|-boost|p2a: Schrodinger's Cat|def|1","|-unboost|p2a: Schrodinger's Cat|spe|1","|","|turn|26","|","|move|p1a: Chandelure|Flamethrower|p2a: Schrodinger's Cat","|-damage|p2a: Schrodinger's Cat|169/394","|move|p2a: Schrodinger's Cat|Curse|p2a: Schrodinger's Cat","|-boost|p2a: Schrodinger's Cat|atk|1","|-boost|p2a: Schrodinger's Cat|def|1","|-unboost|p2a: Schrodinger's Cat|spe|1","|","|turn|27","|","|move|p1a: Chandelure|Flamethrower|p2a: Schrodinger's Cat","|-damage|p2a: Schrodinger's Cat|52/394","|move|p2a: Schrodinger's Cat|Curse|p2a: Schrodinger's Cat","|-boost|p2a: Schrodinger's Cat|atk|1","|-boost|p2a: Schrodinger's Cat|def|1","|-unboost|p2a: Schrodinger's Cat|spe|1","|","|turn|28","|","|move|p1a: Chandelure|Trick|p2a: Schrodinger's Cat","|-activate|p1a: Chandelure|move: Trick|[of] p2a: Schrodinger's Cat","|-item|p2a: Schrodinger's Cat|Leftovers|[from] move: Trick","|-item|p1a: Chandelure|Choice Scarf|[from] move: Trick","|move|p2a: Schrodinger's Cat|Curse|p2a: Schrodinger's Cat","|-boost|p2a: Schrodinger's Cat|atk|1","|-boost|p2a: Schrodinger's Cat|def|1","|-unboost|p2a: Schrodinger's Cat|spe|1","|","|-heal|p2a: Schrodinger's Cat|76/394|[from] item: Leftovers","|turn|29","|","|move|p1a: Chandelure|Flamethrower|p2a: Schrodinger's Cat","|-damage|p2a: Schrodinger's Cat|0 fnt","|faint|p2a: Schrodinger's Cat","|","|win|Wаrden Arguѕ"],"p1rating":{"entryid":"7252450","serverid":"eos","formatid":"monotype","userid":"wrdenargu","username":"Wаrden Arguѕ","w":22,"l":"5","t":"0","gxe":73.6,"r":"1500","rd":"130","sigma":"0","rptime":"1438160400","rpr":1696.255754164,"rprd":62.169558500626,"rpsigma":"0","acre":1304.3413533514,"lacre":1304.3413533514,"oldacre":"1291.0402839973"},"p2rating":{"entryid":"7250734","serverid":"eos","formatid":"monotype","userid":"seductiveweavile","username":"Seductive Weavile","w":"5","l":2,"t":"0","gxe":58.2,"r":"1500","rd":"130","sigma":"0","rptime":"1438160400","rpr":1564.7733137857,"rprd":95.330640648901,"rpsigma":"0","acre":1101.4324739365,"lacre":1101.4324739365,"oldacre":"1114.7335432906"},"endType":"normal"}