{"seed":[14135,22131,46584,54034],"turns":29,"p1":"Professor♅ Nyx","p2":"CTIL-Raf","p1team":[{"name":"Roserade","species":"Roserade","item":"choicescarf","ability":"Technician","moves":["hiddenpowerrock","magicalleaf","extrasensory","dazzlinggleam"],"nature":"Modest","evs":{"hp":0,"atk":0,"def":0,"spa":252,"spd":4,"spe":252},"ivs":{"hp":31,"atk":31,"def":30,"spa":31,"spd":30,"spe":30}},{"name":"Ludicolo","species":"Ludicolo","item":"damprock","ability":"Rain Dish","moves":["leechseed","gigadrain","raindance","surf"],"nature":"Calm","evs":{"hp":248,"atk":0,"def":0,"spa":8,"spd":252,"spe":0},"ivs":{"hp":31,"atk":31,"def":31,"spa":31,"spd":31,"spe":31}},{"name":"Venusaur","species":"Venusaur","item":"venusaurite","ability":"Overgrow","moves":["hiddenpowerrock","gigadrain","sleeppowder","synthesis"],"nature":"Bold","evs":{"hp":248,"atk":0,"def":188,"spa":0,"spd":72,"spe":0},"ivs":{"hp":31,"atk":31,"def":30,"spa":31,"spd":30,"spe":30}},{"name":"Voltergeist","species":"rotommow","item":"choicescarf","ability":"Levitate","moves":["trick","leafstorm","voltswitch","electroball"],"nature":"Timid","evs":{"hp":0,"atk":0,"def":0,"spa":252,"spd":4,"spe":252},"ivs":{"hp":31,"atk":31,"def":31,"spa":31,"spd":31,"spe":31}},{"name":"Serperior","species":"Serperior","item":"leftovers","ability":"Contrary","moves":["dragonpulse","leafstorm","glare","hiddenpowerfire"],"nature":"Timid","evs":{"hp":0,"atk":0,"def":0,"spa":252,"spd":4,"spe":252},"ivs":{"hp":31,"atk":30,"def":31,"spa":30,"spd":31,"spe":30}},{"name":"Ferrothorn","species":"Ferrothorn","item":"leftovers","ability":"Iron Barbs","moves":["gyroball","leechseed","protect","stealthrock"],"nature":"Relaxed","evs":{"hp":252,"atk":4,"def":252,"spa":0,"spd":0,"spe":0},"ivs":{"hp":31,"atk":31,"def":31,"spa":31,"spd":31,"spe":0}}],"p2team":[{"name":"Majin Boo","species":"gengar","item":"focussash","ability":"Levitate","moves":["focusblast","sludgebomb","dazzlinggleam","destinybond"],"nature":"Timid","evs":{"hp":0,"atk":0,"def":0,"spa":252,"spd":4,"spe":252},"gender":"M","ivs":{"hp":31,"atk":31,"def":31,"spa":31,"spd":31,"spe":31}},{"name":"Hexcalibur","species":"aegislash","item":"weaknesspolicy","ability":"Stance Change","moves":["swordsdance","kingsshield","sacredsword","shadowsneak"],"nature":"Careful","evs":{"hp":252,"atk":4,"def":0,"spa":0,"spd":252,"spe":0},"gender":"M","shiny":true,"ivs":{"hp":31,"atk":31,"def":31,"spa":31,"spd":31,"spe":31}},{"name":"Soul Caibur Deux","species":"doublade","item":"eviolite","ability":"No Guard","moves":["swordsdance","shadowsneak","gyroball","sacredsword"],"nature":"Impish","evs":{"hp":252,"atk":4,"def":252,"spa":0,"spd":0,"spe":0},"gender":"M","ivs":{"hp":31,"atk":31,"def":31,"spa":31,"spd":31,"spe":0},"shiny":true},{"name":"Scrubeye","species":"sableye","item":"sablenite","ability":"Prankster","moves":["willowisp","calmmind","recover","snarl"],"nature":"Bold","evs":{"hp":252,"atk":0,"def":252,"spa":0,"spd":4,"spe":0},"gender":"M","ivs":{"hp":31,"atk":31,"def":31,"spa":31,"spd":31,"spe":31}},{"name":"PokeTut","species":"cofagrigus","item":"chestoberry","ability":"Mummy","moves":["rest","calmmind","shadowball","willowisp"],"nature":"Bold","evs":{"hp":248,"atk":0,"def":252,"spa":8,"spd":0,"spe":0},"gender":"M","ivs":{"hp":31,"atk":31,"def":31,"spa":31,"spd":31,"spe":31}},{"name":"Pedo of the Sea","species":"jellicent","item":"leftovers","ability":"Cursed Body","moves":["willowisp","recover","hex","acidarmor"],"nature":"Calm","evs":{"hp":252,"atk":0,"def":0,"spa":4,"spd":252,"spe":0},"gender":"M","ivs":{"hp":31,"atk":31,"def":31,"spa":31,"spd":31,"spe":31}}],"log":["|player|p1|Professor♅ Nyx|132","|player|p2|CTIL-Raf|238","|gametype|singles","|gen|6","|tier|Monotype","|rated","|rule|Baton Pass Clause: Limit one Baton Passer, can't pass Spe and other stats simultaneously","|rule|Swagger Clause: Swagger is banned","|rule|Same Type Clause: Pokémon in a team must share a type","|clearpoke","|poke|p1|Roserade, M","|poke|p1|Ludicolo, F","|poke|p1|Venusaur, M","|poke|p1|Rotom-Mow","|poke|p1|Serperior, M","|poke|p1|Ferrothorn, M","|poke|p2|Gengar, M","|poke|p2|Aegislash, M, shiny","|poke|p2|Doublade, M, shiny","|poke|p2|Sableye, M","|poke|p2|Cofagrigus, M","|poke|p2|Jellicent, M","|rule|Sleep Clause Mod: Limit one foe put to sleep","|rule|Species Clause: Limit one of each Pokémon","|rule|OHKO Clause: OHKO moves are banned","|rule|Moody Clause: Moody is banned","|rule|Evasion Moves Clause: Evasion moves are banned","|rule|Endless Battle Clause: Forcing endless battles is banned","|rule|HP Percentage Mod: HP is shown in percentages","|teampreview","|","|start","|switch|p1a: Ferrothorn|Ferrothorn, M|352/352","|switch|p2a: Hexcalibur|Aegislash, M, shiny|324/324","|turn|1","|","|move|p2a: Hexcalibur|Swords Dance|p2a: Hexcalibur","|-boost|p2a: Hexcalibur|atk|2","|move|p1a: Ferrothorn|Leech Seed|p2a: Hexcalibur","|-start|p2a: Hexcalibur|move: Leech Seed","|","|-damage|p2a: Hexcalibur|284/324|[from] Leech Seed|[of] p1a: Ferrothorn","|turn|2","|","|move|p2a: Hexcalibur|Swords Dance|p2a: Hexcalibur","|-boost|p2a: Hexcalibur|atk|2","|move|p1a: Ferrothorn|Stealth Rock|p2a: Hexcalibur","|-sidestart|p2: CTIL-Raf|move: Stealth Rock","|","|-damage|p2a: Hexcalibur|244/324|[from] Leech Seed|[of] p1a: Ferrothorn","|turn|3","|","|-formechange|p2a: Hexcalibur|Aegislash-Blade","|move|p2a: Hexcalibur|Sacred Sword|p1a: Ferrothorn","|-supereffective|p1a: Ferrothorn","|-damage|p1a: Ferrothorn|0 fnt","|-damage|p2a: Hexcalibur|204/324|[from] ability: Iron Barbs|[of] p1a: Ferrothorn","|faint|p1a: Ferrothorn","|","|","|switch|p1a: Venusaur|Venusaur, M|363/363","|turn|4","|","|detailschange|p1a: Venusaur|Venusaur-Mega, M","|-mega|p1a: Venusaur|Venusaur|Venusaurite","|move|p2a: Hexcalibur|Shadow Sneak|p1a: Venusaur","|-damage|p1a: Venusaur|239/363","|move|p1a: Venusaur|Sleep Powder|p2a: Hexcalibur|[miss]","|-miss|p1a: Venusaur|p2a: Hexcalibur","|","|-damage|p2a: Hexcalibur|164/324|[from] Leech Seed|[of] p1a: Venusaur","|-heal|p1a: Venusaur|279/363|[silent]","|turn|5","|","|move|p2a: Hexcalibur|Shadow Sneak|p1a: Venusaur","|-damage|p1a: Venusaur|146/363","|move|p1a: Venusaur|Synthesis|p1a: Venusaur","|-heal|p1a: Venusaur|327/363","|","|-damage|p2a: Hexcalibur|124/324|[from] Leech Seed|[of] p1a: Venusaur","|-heal|p1a: Venusaur|363/363|[silent]","|turn|6","|","|move|p1a: Venusaur|Giga Drain|p2a: Hexcalibur","|-resisted|p2a: Hexcalibur","|-damage|p2a: Hexcalibur|72/324","|move|p2a: Hexcalibur|Swords Dance|p2a: Hexcalibur","|-boost|p2a: Hexcalibur|atk|2","|","|-damage|p2a: Hexcalibur|32/324|[from] Leech Seed|[of] p1a: Venusaur","|turn|7","|","|move|p2a: Hexcalibur|Shadow Sneak|p1a: Venusaur","|-damage|p1a: Venusaur|198/363","|move|p1a: Venusaur|Synthesis|p1a: Venusaur","|-heal|p1a: Venusaur|363/363","|","|-damage|p2a: Hexcalibur|0 fnt|[from] Leech Seed|[of] p1a: Venusaur","|faint|p2a: Hexcalibur","|","|switch|p2a: Scrubeye|Sableye, M|304/304","|-damage|p2a: Scrubeye|266/304|[from] Stealth Rock","|turn|8","|","|switch|p1a: Roserade|Roserade, M|261/261","|detailschange|p2a: Scrubeye|Sableye-Mega, M","|-mega|p2a: Scrubeye|Sableye|Sablenite","|move|p2a: Scrubeye|Calm Mind|p2a: Scrubeye","|-boost|p2a: Scrubeye|spa|1","|-boost|p2a: Scrubeye|spd|1","|","|turn|9","|","|move|p1a: Roserade|Dazzling Gleam|p2a: Scrubeye","|-supereffective|p2a: Scrubeye","|-damage|p2a: Scrubeye|138/304","|move|p2a: Scrubeye|Snarl|p1a: Roserade","|-damage|p1a: Roserade|179/261","|-unboost|p1a: Roserade|spa|1","|","|turn|10","|","|switch|p1a: Serperior|Serperior, M|291/291","|move|p2a: Scrubeye|Recover|p2a: Scrubeye","|-heal|p2a: Scrubeye|290/304","|","|turn|11","|","|move|p1a: Serperior|Leaf Storm|p2a: Scrubeye|[miss]","|-miss|p1a: Serperior|p2a: Scrubeye","|move|p2a: Scrubeye|Will-O-Wisp|p1a: Serperior","|-status|p1a: Serperior|brn","|","|-damage|p1a: Serperior|255/291 brn|[from] brn","|turn|12","|","|move|p1a: Serperior|Leaf Storm|p2a: Scrubeye","|-damage|p2a: Scrubeye|200/304","|-boost|p1a: Serperior|spa|2","|move|p2a: Scrubeye|Calm Mind|p2a: Scrubeye","|-boost|p2a: Scrubeye|spa|1","|-boost|p2a: Scrubeye|spd|1","|","|-heal|p1a: Serperior|273/291 brn|[from] item: Leftovers","|-damage|p1a: Serperior|237/291 brn|[from] brn","|turn|13","|","|move|p1a: Serperior|Leaf Storm|p2a: Scrubeye","|-damage|p2a: Scrubeye|52/304","|-boost|p1a: Serperior|spa|2","|move|p2a: Scrubeye|Snarl|p1a: Serperior","|-damage|p1a: Serperior|122/291 brn","|-boost|p1a: Serperior|spa|1","|","|-heal|p1a: Serperior|140/291 brn|[from] item: Leftovers","|-damage|p1a: Serperior|104/291 brn|[from] brn","|turn|14","|","|move|p1a: Serperior|Leaf Storm|p2a: Scrubeye|[miss]","|-miss|p1a: Serperior|p2a: Scrubeye","|move|p2a: Scrubeye|Snarl|p1a: Serperior","|-damage|p1a: Serperior|0 fnt","|faint|p1a: Serperior","|","|","|switch|p1a: Voltergeist|Rotom-Mow|241/241","|turn|15","|","|move|p1a: Voltergeist|Electro Ball|p2a: Scrubeye","|-damage|p2a: Scrubeye|0 fnt","|faint|p2a: Scrubeye","|","|","|switch|p2a: PokeTut|Cofagrigus, M|319/319","|-damage|p2a: PokeTut|280/319|[from] Stealth Rock","|turn|16","|","|move|p1a: Voltergeist|Electro Ball|p2a: PokeTut","|-damage|p2a: PokeTut|40/319","|move|p2a: PokeTut|Calm Mind|p2a: PokeTut","|-boost|p2a: PokeTut|spa|1","|-boost|p2a: PokeTut|spd|1","|","|turn|17","|","|move|p1a: Voltergeist|Electro Ball|p2a: PokeTut","|-damage|p2a: PokeTut|0 fnt","|faint|p2a: PokeTut","|","|","|switch|p2a: Majin Boo|Gengar, M|261/261","|-damage|p2a: Majin Boo|229/261|[from] Stealth Rock","|turn|18","|","|switch|p1a: Venusaur|Venusaur-Mega, M|363/363","|move|p2a: Majin Boo|Sludge Bomb|p1a: Venusaur","|-crit|p1a: Venusaur","|-damage|p1a: Venusaur|182/363","|","|turn|19","|","|move|p2a: Majin Boo|Sludge Bomb|p1a: Venusaur","|-damage|p1a: Venusaur|46/363","|move|p1a: Venusaur|Sleep Powder|p2a: Majin Boo","|-status|p2a: Majin Boo|slp","|","|turn|20","|","|switch|p1a: Roserade|Roserade, M|179/261","|cant|p2a: Majin Boo|slp","|","|turn|21","|","|move|p1a: Roserade|Extrasensory|p2a: Majin Boo","|-supereffective|p2a: Majin Boo","|-damage|p2a: Majin Boo|0 fnt","|faint|p2a: Majin Boo","|","|","|switch|p2a: Soul Caibur Deux|Doublade, M, shiny|322/322","|-damage|p2a: Soul Caibur Deux|302/322|[from] Stealth Rock","|turn|22","|","|switch|p1a: Voltergeist|Rotom-Mow|241/241","|move|p2a: Soul Caibur Deux|Swords Dance|p2a: Soul Caibur Deux","|-boost|p2a: Soul Caibur Deux|atk|2","|","|turn|23","|","|move|p1a: Voltergeist|Trick|p2a: Soul Caibur Deux","|-activate|p1a: Voltergeist|move: Trick|[of] p2a: Soul Caibur Deux","|-item|p2a: Soul Caibur Deux|Choice Scarf|[from] move: Trick","|-item|p1a: Voltergeist|Eviolite|[from] move: Trick","|move|p2a: Soul Caibur Deux|Gyro Ball|p1a: Voltergeist","|-resisted|p1a: Voltergeist","|-damage|p1a: Voltergeist|163/241","|","|turn|24","|","|move|p1a: Voltergeist|Electro Ball|p2a: Soul Caibur Deux","|-damage|p2a: Soul Caibur Deux|91/322","|move|p2a: Soul Caibur Deux|Gyro Ball|p1a: Voltergeist","|-resisted|p1a: Voltergeist","|-damage|p1a: Voltergeist|84/241","|","|turn|25","|","|move|p1a: Voltergeist|Electro Ball|p2a: Soul Caibur Deux","|-damage|p2a: Soul Caibur Deux|0 fnt","|faint|p2a: Soul Caibur Deux","|","|","|switch|p2a: Pedo of the Sea|Jellicent, M|404/404","|-damage|p2a: Pedo of the Sea|354/404|[from] Stealth Rock","|turn|26","|","|move|p1a: Voltergeist|Electro Ball|p2a: Pedo of the Sea","|-supereffective|p2a: Pedo of the Sea","|-damage|p2a: Pedo of the Sea|222/404","|move|p2a: Pedo of the Sea|Will-O-Wisp|p1a: Voltergeist","|-status|p1a: Voltergeist|brn","|","|-heal|p2a: Pedo of the Sea|247/404|[from] item: Leftovers","|-damage|p1a: Voltergeist|54/241 brn|[from] brn","|turn|27","|","|move|p1a: Voltergeist|Trick|p2a: Pedo of the Sea","|-activate|p1a: Voltergeist|move: Trick|[of] p2a: Pedo of the Sea","|-item|p2a: Pedo of the Sea|Eviolite|[from] move: Trick","|-item|p1a: Voltergeist|Leftovers|[from] move: Trick","|move|p2a: Pedo of the Sea|Recover|p2a: Pedo of the Sea","|-heal|p2a: Pedo of the Sea|404/404","|","|-heal|p1a: Voltergeist|69/241 brn|[from] item: Leftovers","|-damage|p1a: Voltergeist|39/241 brn|[from] brn","|turn|28","|","|move|p1a: Voltergeist|Leaf Storm|p2a: Pedo of the Sea","|-crit|p2a: Pedo of the Sea","|-supereffective|p2a: Pedo of the Sea","|-damage|p2a: Pedo of the Sea|20/404","|-unboost|p1a: Voltergeist|spa|2","|move|p2a: Pedo of the Sea|Hex|p1a: Voltergeist","|-damage|p1a: Voltergeist|0 fnt","|faint|p1a: Voltergeist","|","|","|switch|p1a: Roserade|Roserade, M|179/261","|turn|29","|","|move|p1a: Roserade|Magical Leaf|p2a: Pedo of the Sea","|-supereffective|p2a: Pedo of the Sea","|-damage|p2a: Pedo of the Sea|0 fnt","|faint|p2a: Pedo of the Sea","|","|win|Professor♅ Nyx"],"p1rating":{"entryid":"6674868","serverid":"eos","formatid":"monotype","userid":"professornyx","username":"Professor ♅ ☯ Nyx","w":49,"l":"37","t":"0","gxe":55.2,"r":"1535.3837270982","rd":"42.319395529688","sigma":"0","rptime":"1438160400","rpr":1539.550271867,"rprd":40.982097521263,"rpsigma":"0","acre":1187.7218781231,"lacre":1187.7218781231,"oldacre":"1151.8824419654"},"p2rating":{"entryid":"7111984","serverid":"eos","formatid":"monotype","userid":"ctilraf","username":"CTIL-Raf","w":"31","l":13,"t":"0","gxe":67.8,"r":"1663.0056741948","rd":"54.007424186751","sigma":"0","rptime":"1438160400","rpr":1641.6649675875,"rprd":53.008298005723,"rpsigma":"0","acre":1284.5231419122,"lacre":1284.5231419122,"oldacre":"1313.1946908383"},"endType":"normal"}