{"seed":[28798,37880,63573,54390],"turns":51,"p1":"valkoinen","p2":"Crystl Sabo","p1team":[{"name":"Tyrantrum","species":"Tyrantrum","item":"choiceband","ability":"Rock Head","moves":["ironhead","headsmash","outrage","earthquake"],"nature":"Adamant","evs":{"hp":0,"atk":252,"def":0,"spa":0,"spd":4,"spe":252},"gender":"M","shiny":true,"ivs":{"hp":31,"atk":31,"def":31,"spa":31,"spd":31,"spe":31}},{"name":"Hydreigon","species":"Hydreigon","item":"choicescarf","ability":"Levitate","moves":["dragonpulse","darkpulse","flashcannon","fireblast"],"nature":"Timid","evs":{"hp":0,"atk":0,"def":0,"spa":252,"spd":4,"spe":252},"gender":"M","ivs":{"hp":31,"atk":31,"def":31,"spa":31,"spd":31,"spe":31}},{"name":"Birb","species":"altaria","item":"altarianite","ability":"Natural Cure","moves":["dragondance","earthquake","roost","frustration"],"nature":"Adamant","evs":{"hp":0,"atk":252,"def":0,"spa":0,"spd":4,"spe":252},"gender":"F","happiness":0,"ivs":{"hp":31,"atk":31,"def":31,"spa":31,"spd":31,"spe":31}},{"name":"Kyurem-Black","species":"Kyurem-Black","item":"choicescarf","ability":"Teravolt","moves":["outrage","fusionbolt","dragonclaw","ironhead"],"nature":"Jolly","evs":{"hp":0,"atk":252,"def":0,"spa":0,"spd":4,"spe":252},"shiny":true,"ivs":{"hp":31,"atk":31,"def":31,"spa":31,"spd":31,"spe":31}},{"name":"Dragalge","species":"Dragalge","item":"assaultvest","ability":"Adaptability","moves":["sludgewave","dragonpulse","focusblast","hiddenpowerground"],"nature":"Modest","evs":{"hp":236,"atk":0,"def":0,"spa":252,"spd":8,"spe":12},"gender":"M","ivs":{"hp":31,"atk":31,"def":31,"spa":30,"spd":30,"spe":31},"shiny":true},{"name":"Garchomp","species":"Garchomp","item":"focussash","ability":"Rough Skin","moves":["swordsdance","earthquake","dragonclaw","fireblast"],"nature":"Naive","evs":{"hp":0,"atk":252,"def":0,"spa":4,"spd":0,"spe":252},"gender":"M","shiny":true,"ivs":{"hp":31,"atk":31,"def":31,"spa":31,"spd":31,"spe":31}}],"p2team":[{"name":"Blissey","species":"Blissey","item":"assaultvest","ability":"Serene Grace","moves":["bodyslam","seismictoss","waterpulse","rocktomb"],"nature":"Gentle","evs":{"hp":252,"atk":0,"def":0,"spa":0,"spd":252,"spe":0},"shiny":true,"ivs":{"hp":31,"atk":31,"def":31,"spa":31,"spd":31,"spe":31}},{"name":"Chansey","species":"Chansey","item":"eviolite","ability":"Natural Cure","moves":["counter","wish","protect","healbell"],"nature":"Bold","evs":{"hp":248,"atk":0,"def":180,"spa":0,"spd":80,"spe":0},"ivs":{"hp":31,"atk":31,"def":31,"spa":31,"spd":31,"spe":31}},{"name":"Staravia","species":"Staravia","item":"eviolite","ability":"Intimidate","moves":["roost","featherdance","bravebird","defog"],"nature":"Impish","evs":{"hp":252,"atk":0,"def":252,"spa":0,"spd":0,"spe":0},"shiny":true,"ivs":{"hp":31,"atk":31,"def":31,"spa":31,"spd":31,"spe":31}},{"name":"Porygon2","species":"Porygon2","item":"eviolite","ability":"Download","moves":["thunderwave","recover","triattack","zenheadbutt"],"nature":"Relaxed","evs":{"hp":248,"atk":32,"def":228,"spa":0,"spd":0,"spe":0},"shiny":true,"ivs":{"hp":31,"atk":31,"def":31,"spa":31,"spd":31,"spe":31}},{"name":"Ditto","species":"Ditto","item":"choicescarf","ability":"Imposter","moves":["transform"],"nature":"Naive","evs":{"hp":252,"atk":0,"def":0,"spa":0,"spd":0,"spe":252},"shiny":true,"ivs":{"hp":31,"atk":31,"def":31,"spa":31,"spd":31,"spe":31}},{"name":"Staraptor","species":"Staraptor","item":"sitrusberry","ability":"Intimidate","moves":["featherdance","roost","bravebird","closecombat"],"nature":"Jolly","evs":{"hp":252,"atk":0,"def":0,"spa":0,"spd":0,"spe":252},"shiny":true,"ivs":{"hp":31,"atk":31,"def":31,"spa":31,"spd":31,"spe":31}}],"log":["|player|p1|valkoinen|260","|player|p2|Crystl Sabo|161","|gametype|singles","|gen|6","|tier|Monotype","|rated","|rule|Baton Pass Clause: Limit one Baton Passer, can't pass Spe and other stats simultaneously","|rule|Swagger Clause: Swagger is banned","|rule|Same Type Clause: Pokémon in a team must share a type","|clearpoke","|poke|p1|Tyrantrum, M, shiny","|poke|p1|Hydreigon, M","|poke|p1|Altaria, F","|poke|p1|Kyurem-Black, shiny","|poke|p1|Dragalge, M, shiny","|poke|p1|Garchomp, M, shiny","|poke|p2|Blissey, F, shiny","|poke|p2|Chansey, F","|poke|p2|Staravia, M, shiny","|poke|p2|Porygon2, shiny","|poke|p2|Ditto, shiny","|poke|p2|Staraptor, M, shiny","|rule|Sleep Clause Mod: Limit one foe put to sleep","|rule|Species Clause: Limit one of each Pokémon","|rule|OHKO Clause: OHKO moves are banned","|rule|Moody Clause: Moody is banned","|rule|Evasion Moves Clause: Evasion moves are banned","|rule|Endless Battle Clause: Forcing endless battles is banned","|rule|HP Percentage Mod: HP is shown in percentages","|teampreview","|","|start","|switch|p1a: Garchomp|Garchomp, M, shiny|357/357","|switch|p2a: Staraptor|Staraptor, M, shiny|374/374","|-ability|p2a: Staraptor|Intimidate","|-unboost|p1a: Garchomp|atk|1","|turn|1","|","|switch|p2a: Staravia|Staravia, M, shiny|314/314","|-ability|p2a: Staravia|Intimidate","|-unboost|p1a: Garchomp|atk|1","|move|p1a: Garchomp|Swords Dance|p1a: Garchomp","|-boost|p1a: Garchomp|atk|2","|","|turn|2","|","|move|p1a: Garchomp|Dragon Claw|p2a: Staravia","|-damage|p2a: Staravia|211/314","|move|p2a: Staravia|Feather Dance|p1a: Garchomp","|-unboost|p1a: Garchomp|atk|2","|","|turn|3","|","|move|p1a: Garchomp|Dragon Claw|p2a: Staravia","|-damage|p2a: Staravia|162/314","|move|p2a: Staravia|Roost|p2a: Staravia","|-heal|p2a: Staravia|314/314","|","|turn|4","|","|switch|p2a: Staraptor|Staraptor, M, shiny|374/374","|-ability|p2a: Staraptor|Intimidate","|-unboost|p1a: Garchomp|atk|1","|move|p1a: Garchomp|Swords Dance|p1a: Garchomp","|-boost|p1a: Garchomp|atk|2","|","|turn|5","|","|move|p1a: Garchomp|Swords Dance|p1a: Garchomp","|-boost|p1a: Garchomp|atk|2","|move|p2a: Staraptor|Brave Bird|p1a: Garchomp","|-damage|p1a: Garchomp|173/357","|-damage|p2a: Staraptor|328/374|[from] ability: Rough Skin|[of] p1a: Garchomp","|-damage|p2a: Staraptor|267/374|[from] recoil|[of] p1a: Garchomp","|","|turn|6","|","|switch|p2a: Staravia|Staravia, M, shiny|314/314","|-ability|p2a: Staravia|Intimidate","|-unboost|p1a: Garchomp|atk|1","|move|p1a: Garchomp|Fire Blast|p2a: Staravia","|-damage|p2a: Staravia|217/314","|","|turn|7","|","|move|p1a: Garchomp|Fire Blast|p2a: Staravia","|-damage|p2a: Staravia|118/314","|-status|p2a: Staravia|brn","|move|p2a: Staravia|Feather Dance|p1a: Garchomp","|-unboost|p1a: Garchomp|atk|2","|","|-damage|p2a: Staravia|79/314 brn|[from] brn","|turn|8","|","|switch|p2a: Chansey|Chansey, F|703/703","|move|p1a: Garchomp|Fire Blast|p2a: Chansey","|-damage|p2a: Chansey|658/703","|","|turn|9","|","|move|p1a: Garchomp|Earthquake|p2a: Chansey","|-damage|p2a: Chansey|525/703","|move|p2a: Chansey|Wish|p2a: Chansey","|","|turn|10","|","|move|p1a: Garchomp|Earthquake|p2a: Chansey","|-damage|p2a: Chansey|386/703","|move|p2a: Chansey|Counter|p1a: Garchomp","|-damage|p1a: Garchomp|0 fnt","|-damage|p2a: Chansey|299/703|[from] ability: Rough Skin|[of] p1a: Garchomp","|faint|p1a: Garchomp","|","|-heal|p2a: Chansey|650/703|[from] move: Wish|[wisher] Chansey","|","|switch|p1a: Tyrantrum|Tyrantrum, M, shiny|305/305","|turn|11","|","|switch|p2a: Staravia|Staravia, M, shiny|79/314 brn","|-ability|p2a: Staravia|Intimidate","|-unboost|p1a: Tyrantrum|atk|1","|move|p1a: Tyrantrum|Head Smash|p2a: Staravia","|-supereffective|p2a: Staravia","|-damage|p2a: Staravia|0 fnt","|faint|p2a: Staravia","|","|","|switch|p2a: Chansey|Chansey, F|650/703","|turn|12","|","|move|p1a: Tyrantrum|Head Smash|p2a: Chansey","|-damage|p2a: Chansey|205/703","|move|p2a: Chansey|Wish|p2a: Chansey","|","|turn|13","|","|move|p2a: Chansey|Protect|p2a: Chansey","|-singleturn|p2a: Chansey|Protect","|move|p1a: Tyrantrum|Head Smash|p2a: Chansey","|-activate|p2a: Chansey|Protect","|","|-heal|p2a: Chansey|556/703|[from] move: Wish|[wisher] Chansey","|turn|14","|","|switch|p1a: Dragalge|Dragalge, M, shiny|330/330","|move|p2a: Chansey|Counter|p1a: Dragalge","|-fail|p1a: Dragalge","|","|turn|15","|","|move|p2a: Chansey|Wish|p2a: Chansey","|move|p1a: Dragalge|Focus Blast|p2a: Chansey","|-supereffective|p2a: Chansey","|-damage|p2a: Chansey|394/703","|","|turn|16","|","|move|p2a: Chansey|Protect|p2a: Chansey","|-singleturn|p2a: Chansey|Protect","|move|p1a: Dragalge|Focus Blast|p2a: Chansey","|-activate|p2a: Chansey|Protect","|","|-heal|p2a: Chansey|703/703|[from] move: Wish|[wisher] Chansey","|turn|17","|","|switch|p2a: Ditto|Ditto, shiny|300/300","|-transform|p2a: Ditto|p1a: Dragalge","|move|p1a: Dragalge|Focus Blast|p2a: Ditto|[miss]","|-miss|p1a: Dragalge|p2a: Ditto","|","|turn|18","|","|switch|p2a: Blissey|Blissey, F, shiny|714/714","|move|p1a: Dragalge|Sludge Wave|p2a: Blissey","|-damage|p2a: Blissey|640/714","|","|turn|19","|","|move|p2a: Blissey|Body Slam|p1a: Dragalge","|-damage|p1a: Dragalge|305/330","|move|p1a: Dragalge|Focus Blast|p2a: Blissey","|-supereffective|p2a: Blissey","|-damage|p2a: Blissey|534/714","|","|turn|20","|","|move|p2a: Blissey|Body Slam|p1a: Dragalge","|-damage|p1a: Dragalge|278/330","|move|p1a: Dragalge|Focus Blast|p2a: Blissey|[miss]","|-miss|p1a: Dragalge|p2a: Blissey","|","|turn|21","|","|move|p2a: Blissey|Body Slam|p1a: Dragalge","|-damage|p1a: Dragalge|250/330","|move|p1a: Dragalge|Sludge Wave|p2a: Blissey","|-damage|p2a: Blissey|458/714","|","|turn|22","|","|move|p2a: Blissey|Seismic Toss|p1a: Dragalge","|-damage|p1a: Dragalge|150/330","|move|p1a: Dragalge|Sludge Wave|p2a: Blissey","|-damage|p2a: Blissey|376/714","|","|turn|23","|","|move|p2a: Blissey|Seismic Toss|p1a: Dragalge","|-damage|p1a: Dragalge|50/330","|move|p1a: Dragalge|Sludge Wave|p2a: Blissey","|-crit|p2a: Blissey","|-damage|p2a: Blissey|246/714","|","|turn|24","|","|switch|p2a: Chansey|Chansey, F|703/703","|move|p1a: Dragalge|Focus Blast|p2a: Chansey","|-supereffective|p2a: Chansey","|-damage|p2a: Chansey|557/703","|","|turn|25","|","|move|p2a: Chansey|Wish|p2a: Chansey","|move|p1a: Dragalge|Focus Blast|p2a: Chansey","|-supereffective|p2a: Chansey","|-damage|p2a: Chansey|401/703","|","|turn|26","|","|move|p2a: Chansey|Protect|p2a: Chansey","|-singleturn|p2a: Chansey|Protect","|move|p1a: Dragalge|Focus Blast|p2a: Chansey","|-activate|p2a: Chansey|Protect","|","|-heal|p2a: Chansey|703/703|[from] move: Wish|[wisher] Chansey","|turn|27","|","|move|p2a: Chansey|Wish|p2a: Chansey","|move|p1a: Dragalge|Sludge Wave|p2a: Chansey","|-damage|p2a: Chansey|577/703","|","|turn|28","|","|switch|p2a: Blissey|Blissey, F, shiny|246/714","|move|p1a: Dragalge|Sludge Wave|p2a: Blissey","|-damage|p2a: Blissey|172/714","|","|-heal|p2a: Blissey|523/714|[from] move: Wish|[wisher] Chansey","|turn|29","|","|move|p2a: Blissey|Seismic Toss|p1a: Dragalge","|-damage|p1a: Dragalge|0 fnt","|faint|p1a: Dragalge","|","|","|switch|p1a: Hydreigon|Hydreigon, M|325/325","|turn|30","|","|move|p1a: Hydreigon|Flash Cannon|p2a: Blissey","|-damage|p2a: Blissey|485/714","|move|p2a: Blissey|Body Slam|p1a: Hydreigon","|-damage|p1a: Hydreigon|298/325","|","|turn|31","|","|move|p1a: Hydreigon|Flash Cannon|p2a: Blissey","|-damage|p2a: Blissey|447/714","|move|p2a: Blissey|Body Slam|p1a: Hydreigon","|-damage|p1a: Hydreigon|271/325","|-status|p1a: Hydreigon|par","|","|turn|32","|","|switch|p1a: Kyurem-Black|Kyurem-Black, shiny|391/391","|-ability|p1a: Kyurem-Black|Teravolt","|move|p2a: Blissey|Water Pulse|p1a: Kyurem-Black","|-resisted|p1a: Kyurem-Black","|-damage|p1a: Kyurem-Black|369/391","|-start|p1a: Kyurem-Black|confusion","|","|turn|33","|","|switch|p2a: Porygon2|Porygon2, shiny|373/373","|-boost|p2a: Porygon2|spa|1|[from] ability: Download","|-activate|p1a: Kyurem-Black|confusion","|-damage|p1a: Kyurem-Black|307/391|[from] confusion","|","|turn|34","|","|-activate|p1a: Kyurem-Black|confusion","|-damage|p1a: Kyurem-Black|251/391|[from] confusion","|move|p2a: Porygon2|Thunder Wave|p1a: Kyurem-Black","|-status|p1a: Kyurem-Black|par","|","|turn|35","|","|switch|p1a: Tyrantrum|Tyrantrum, M, shiny|305/305","|move|p2a: Porygon2|Tri Attack|p1a: Tyrantrum","|-resisted|p1a: Tyrantrum","|-damage|p1a: Tyrantrum|200/305","|","|turn|36","|","|move|p1a: Tyrantrum|Head Smash|p2a: Porygon2|[miss]","|-miss|p1a: Tyrantrum|p2a: Porygon2","|move|p2a: Porygon2|Thunder Wave|p1a: Tyrantrum","|-status|p1a: Tyrantrum|par","|","|turn|37","|","|switch|p2a: Ditto|Ditto, shiny|300/300","|-transform|p2a: Ditto|p1a: Tyrantrum","|move|p1a: Tyrantrum|Head Smash|p2a: Ditto","|-damage|p2a: Ditto|0 fnt","|faint|p2a: Ditto","|","|","|switch|p2a: Chansey|Chansey, F|577/703","|turn|38","|","|move|p2a: Chansey|Protect|p2a: Chansey","|-singleturn|p2a: Chansey|Protect","|move|p1a: Tyrantrum|Head Smash|p2a: Chansey","|-activate|p2a: Chansey|Protect","|","|turn|39","|","|switch|p2a: Porygon2|Porygon2, shiny|373/373","|-boost|p2a: Porygon2|spa|1|[from] ability: Download","|cant|p1a: Tyrantrum|par","|","|turn|40","|","|move|p2a: Porygon2|Zen Headbutt|p1a: Tyrantrum|[miss]","|-miss|p2a: Porygon2|p1a: Tyrantrum","|move|p1a: Tyrantrum|Head Smash|p2a: Porygon2","|-damage|p2a: Porygon2|147/373","|","|turn|41","|","|move|p2a: Porygon2|Recover|p2a: Porygon2","|-heal|p2a: Porygon2|334/373","|cant|p1a: Tyrantrum|par","|","|turn|42","|","|move|p2a: Porygon2|Tri Attack|p1a: Tyrantrum","|-resisted|p1a: Tyrantrum","|-damage|p1a: Tyrantrum|86/305 par","|move|p1a: Tyrantrum|Head Smash|p2a: Porygon2|[miss]","|-miss|p1a: Tyrantrum|p2a: Porygon2","|","|turn|43","|","|switch|p1a: Hydreigon|Hydreigon, M|271/325 par","|move|p2a: Porygon2|Tri Attack|p1a: Hydreigon","|-damage|p1a: Hydreigon|111/325 par","|","|turn|44","|","|move|p2a: Porygon2|Tri Attack|p1a: Hydreigon","|-damage|p1a: Hydreigon|0 fnt","|faint|p1a: Hydreigon","|","|","|switch|p1a: Kyurem-Black|Kyurem-Black, shiny|251/391 par","|-ability|p1a: Kyurem-Black|Teravolt","|turn|45","|","|move|p2a: Porygon2|Tri Attack|p1a: Kyurem-Black","|-damage|p1a: Kyurem-Black|82/391 par","|move|p1a: Kyurem-Black|Outrage|p2a: Porygon2","|-damage|p2a: Porygon2|202/373","|","|turn|46","|","|move|p2a: Porygon2|Recover|p2a: Porygon2","|-heal|p2a: Porygon2|373/373","|move|p1a: Kyurem-Black|Outrage|p2a: Porygon2","|-damage|p2a: Porygon2|235/373","|-start|p1a: Kyurem-Black|confusion|[fatigue]","|","|turn|47","|","|move|p2a: Porygon2|Recover|p2a: Porygon2","|-heal|p2a: Porygon2|373/373","|-activate|p1a: Kyurem-Black|confusion","|cant|p1a: Kyurem-Black|par","|","|turn|48","|","|move|p2a: Porygon2|Tri Attack|p1a: Kyurem-Black","|-damage|p1a: Kyurem-Black|0 fnt","|faint|p1a: Kyurem-Black","|","|","|switch|p1a: Tyrantrum|Tyrantrum, M, shiny|86/305 par","|turn|49","|","|move|p2a: Porygon2|Tri Attack|p1a: Tyrantrum","|-resisted|p1a: Tyrantrum","|-damage|p1a: Tyrantrum|0 fnt","|faint|p1a: Tyrantrum","|","|","|switch|p1a: Birb|Altaria, F|291/291","|turn|50","|","|detailschange|p1a: Birb|Altaria-Mega, F","|-mega|p1a: Birb|Altaria|Altarianite","|move|p1a: Birb|Frustration|p2a: Porygon2","|-damage|p2a: Porygon2|244/373","|move|p2a: Porygon2|Thunder Wave|p1a: Birb","|-status|p1a: Birb|par","|","|turn|51","|","|win|Crystl Sabo"],"p1rating":{"entryid":"7209054","serverid":"eos","formatid":"monotype","userid":"valkoinen","username":"valkoinen","w":"3","l":11,"t":"0","gxe":32.9,"r":"1382.9269731152","rd":"82.657210410132","sigma":"0","rptime":"1438160400","rpr":1362.5723244233,"rprd":79.372480066331,"rpsigma":"0","acre":1058.7649428792,"lacre":1058.7649428792,"oldacre":"1070.5087597578"},"p2rating":{"entryid":"5846197","serverid":"eos","formatid":"monotype","userid":"crystlsabo","username":"Crystl Sabo","w":49,"l":"36","t":"0","gxe":59.7,"r":"1584.2318229173","rd":"47.563446468431","sigma":"0","rptime":"1438160400","rpr":1574.5084969681,"rprd":45.783726282014,"rpsigma":"0","acre":1244.24464941,"lacre":1244.24464941,"oldacre":"1229.9760383029"},"endType":"forfeit"}