{"seed":[37289,4814,27307,56585],"turns":21,"p1":"jakey2saucey06","p2":"SL Lightoak","p1team":[{"name":"Chesnaught","species":"Chesnaught","item":"leftovers","ability":"Bulletproof","moves":["spikes","leechseed","spikyshield","drainpunch"],"nature":"Impish","evs":{"hp":252,"atk":0,"def":252,"spa":0,"spd":4,"spe":0},"shiny":true,"ivs":{"hp":31,"atk":31,"def":31,"spa":31,"spd":31,"spe":31}},{"name":"Infernape","species":"Infernape","item":"focussash","ability":"Iron Fist","moves":["stealthrock","closecombat","firepunch","machpunch"],"nature":"Jolly","evs":{"hp":4,"atk":252,"def":0,"spa":0,"spd":0,"spe":252},"shiny":true,"ivs":{"hp":31,"atk":31,"def":31,"spa":31,"spd":31,"spe":31}},{"name":"Medicham","species":"Medicham","item":"medichamite","ability":"Pure Power","moves":["fakeout","bulletpunch","zenheadbutt","highjumpkick"],"nature":"Jolly","evs":{"hp":4,"atk":252,"def":0,"spa":0,"spd":0,"spe":252},"shiny":true,"ivs":{"hp":31,"atk":31,"def":31,"spa":31,"spd":31,"spe":31}},{"name":"Terrakion","species":"Terrakion","item":"choicescarf","ability":"Justified","moves":["ironhead","stoneedge","closecombat","earthquake"],"nature":"Adamant","evs":{"hp":4,"atk":252,"def":0,"spa":0,"spd":0,"spe":252},"shiny":true,"ivs":{"hp":31,"atk":31,"def":31,"spa":31,"spd":31,"spe":31}},{"name":"Keldeo-Resolute","species":"Keldeo-Resolute","item":"choicespecs","ability":"Justified","moves":["secretsword","scald","icywind","hydropump"],"nature":"Timid","evs":{"hp":4,"atk":0,"def":0,"spa":252,"spd":0,"spe":252},"shiny":true,"ivs":{"hp":31,"atk":31,"def":31,"spa":31,"spd":31,"spe":31}},{"name":"Hawlucha","species":"Hawlucha","item":"powerherb","ability":"Unburden","moves":["acrobatics","skyattack","drainpunch","swordsdance"],"nature":"Adamant","evs":{"hp":0,"atk":252,"def":0,"spa":0,"spd":0,"spe":252},"shiny":true,"ivs":{"hp":31,"atk":31,"def":31,"spa":31,"spd":31,"spe":31}}],"p2team":[{"name":"Scizor","species":"Scizor","item":"scizorite","ability":"Swarm","moves":["swordsdance","bulletpunch","xscissor","roost"],"nature":"","evs":{"hp":0,"atk":0,"def":0,"spa":0,"spd":0,"spe":0},"ivs":{"hp":31,"atk":31,"def":31,"spa":31,"spd":31,"spe":31}},{"name":"Jirachi","species":"Jirachi","item":"leftovers","ability":"Serene Grace","moves":["thunderwave","ironhead","wish","poweruppunch"],"nature":"Adamant","evs":{"hp":224,"atk":252,"def":0,"spa":0,"spd":0,"spe":32},"ivs":{"hp":31,"atk":31,"def":31,"spa":31,"spd":31,"spe":31}},{"name":"Doublade","species":"Doublade","item":"eviolite","ability":"No Guard","moves":["rockslide","sacredsword","shadowsneak","swordsdance"],"nature":"Adamant","evs":{"hp":248,"atk":252,"def":0,"spa":0,"spd":8,"spe":0},"ivs":{"hp":31,"atk":31,"def":31,"spa":31,"spd":31,"spe":31}},{"name":"Skarmory","species":"Skarmory","item":"rockyhelmet","ability":"Keen Eye","moves":["roost","sandstorm","ironhead","defog"],"nature":"","evs":{"hp":0,"atk":0,"def":0,"spa":0,"spd":0,"spe":0},"ivs":{"hp":31,"atk":31,"def":31,"spa":31,"spd":31,"spe":31}},{"name":"Excadrill","species":"Excadrill","item":"lifeorb","ability":"Sand Rush","moves":["earthquake","ironhead","rockslide","xscissor"],"nature":"Adamant","evs":{"hp":0,"atk":252,"def":0,"spa":0,"spd":4,"spe":252},"ivs":{"hp":31,"atk":31,"def":31,"spa":31,"spd":31,"spe":31}},{"name":"Bronzong","species":"Bronzong","item":"lightclay","ability":"Levitate","moves":["lightscreen","reflect","sandstorm","psychic"],"nature":"Calm","evs":{"hp":248,"atk":0,"def":0,"spa":8,"spd":252,"spe":0},"ivs":{"hp":31,"atk":31,"def":31,"spa":31,"spd":31,"spe":31}}],"log":["|player|p1|jakey2saucey06|122","|player|p2|SL Lightoak|lightofaknowing.png","|gametype|singles","|gen|6","|tier|Monotype","|rated","|rule|Baton Pass Clause: Limit one Baton Passer, can't pass Spe and other stats simultaneously","|rule|Swagger Clause: Swagger is banned","|rule|Same Type Clause: Pokémon in a team must share a type","|clearpoke","|poke|p1|Chesnaught, M, shiny","|poke|p1|Infernape, M, shiny","|poke|p1|Medicham, M, shiny","|poke|p1|Terrakion, shiny","|poke|p1|Keldeo-Resolute, shiny","|poke|p1|Hawlucha, F, shiny","|poke|p2|Scizor, F","|poke|p2|Jirachi","|poke|p2|Doublade, M","|poke|p2|Skarmory, F","|poke|p2|Excadrill, M","|poke|p2|Bronzong","|rule|Sleep Clause Mod: Limit one foe put to sleep","|rule|Species Clause: Limit one of each Pokémon","|rule|OHKO Clause: OHKO moves are banned","|rule|Moody Clause: Moody is banned","|rule|Evasion Moves Clause: Evasion moves are banned","|rule|Endless Battle Clause: Forcing endless battles is banned","|rule|HP Percentage Mod: HP is shown in percentages","|teampreview","|","|start","|switch|p1a: Infernape|Infernape, M, shiny|294/294","|switch|p2a: Bronzong|Bronzong|337/337","|turn|1","|","|move|p1a: Infernape|Fire Punch|p2a: Bronzong","|-crit|p2a: Bronzong","|-supereffective|p2a: Bronzong","|-damage|p2a: Bronzong|0 fnt","|faint|p2a: Bronzong","|","|","|switch|p2a: Skarmory|Skarmory, F|271/271","|turn|2","|","|move|p1a: Infernape|Fire Punch|p2a: Skarmory","|-supereffective|p2a: Skarmory","|-damage|p2a: Skarmory|59/271","|-damage|p1a: Infernape|245/294|[from] item: Rocky Helmet|[of] p2a: Skarmory","|-status|p2a: Skarmory|brn","|move|p2a: Skarmory|Sandstorm|p2a: Skarmory","|-weather|Sandstorm","|","|-weather|Sandstorm|[upkeep]","|-damage|p1a: Infernape|227/294|[from] sandstorm","|-damage|p2a: Skarmory|26/271 brn|[from] brn","|turn|3","|","|move|p1a: Infernape|Fire Punch|p2a: Skarmory","|-supereffective|p2a: Skarmory","|-damage|p2a: Skarmory|0 fnt","|-damage|p1a: Infernape|178/294|[from] item: Rocky Helmet|[of] p2a: Skarmory","|faint|p2a: Skarmory","|","|-weather|Sandstorm|[upkeep]","|-damage|p1a: Infernape|160/294|[from] sandstorm","|","|switch|p2a: Excadrill|Excadrill, M|361/361","|turn|4","|","|switch|p2a: Doublade|Doublade, M|321/321","|move|p1a: Infernape|Mach Punch|p2a: Doublade","|-immune|p2a: Doublade|[msg]","|","|-weather|Sandstorm|[upkeep]","|-damage|p1a: Infernape|142/294|[from] sandstorm","|turn|5","|","|move|p1a: Infernape|Fire Punch|p2a: Doublade","|-supereffective|p2a: Doublade","|-damage|p2a: Doublade|187/321","|move|p2a: Doublade|Swords Dance|p2a: Doublade","|-boost|p2a: Doublade|atk|2","|","|-weather|Sandstorm|[upkeep]","|-damage|p1a: Infernape|124/294|[from] sandstorm","|turn|6","|","|move|p2a: Doublade|Shadow Sneak|p1a: Infernape","|-damage|p1a: Infernape|0 fnt","|faint|p1a: Infernape","|","|-weather|none","|","|switch|p1a: Chesnaught|Chesnaught, M, shiny|380/380","|turn|7","|","|move|p1a: Chesnaught|Leech Seed|p2a: Doublade","|-start|p2a: Doublade|move: Leech Seed","|move|p2a: Doublade|Swords Dance|p2a: Doublade","|-boost|p2a: Doublade|atk|2","|","|-damage|p2a: Doublade|147/321|[from] Leech Seed|[of] p1a: Chesnaught","|turn|8","|","|move|p1a: Chesnaught|Spiky Shield|p1a: Chesnaught","|-singleturn|p1a: Chesnaught|move: Protect","|move|p2a: Doublade|Shadow Sneak|p1a: Chesnaught","|-activate|p1a: Chesnaught|Protect","|-damage|p2a: Doublade|107/321|[from] Spiky Shield|[of] p1a: Chesnaught","|","|-damage|p2a: Doublade|67/321|[from] Leech Seed|[of] p1a: Chesnaught","|turn|9","|","|move|p1a: Chesnaught|Spiky Shield|p1a: Chesnaught","|-fail|p1a: Chesnaught","|move|p2a: Doublade|Shadow Sneak|p1a: Chesnaught","|-damage|p1a: Chesnaught|247/380","|","|-heal|p1a: Chesnaught|270/380|[from] item: Leftovers","|-damage|p2a: Doublade|27/321|[from] Leech Seed|[of] p1a: Chesnaught","|-heal|p1a: Chesnaught|310/380|[silent]","|turn|10","|","|switch|p2a: Jirachi|Jirachi|397/397","|move|p1a: Chesnaught|Leech Seed|p2a: Jirachi","|-start|p2a: Jirachi|move: Leech Seed","|","|-heal|p1a: Chesnaught|333/380|[from] item: Leftovers","|-damage|p2a: Jirachi|348/397|[from] Leech Seed|[of] p1a: Chesnaught","|-heal|p1a: Chesnaught|380/380|[silent]","|turn|11","|","|move|p2a: Jirachi|Thunder Wave|p1a: Chesnaught","|-status|p1a: Chesnaught|par","|move|p1a: Chesnaught|Drain Punch|p2a: Jirachi","|-damage|p2a: Jirachi|251/397","|","|-heal|p2a: Jirachi|275/397|[from] item: Leftovers","|-damage|p2a: Jirachi|226/397|[from] Leech Seed|[of] p1a: Chesnaught","|turn|12","|","|move|p1a: Chesnaught|Spiky Shield|p1a: Chesnaught","|-singleturn|p1a: Chesnaught|move: Protect","|move|p2a: Jirachi|Wish|p2a: Jirachi","|","|-heal|p2a: Jirachi|250/397|[from] item: Leftovers","|-damage|p2a: Jirachi|201/397|[from] Leech Seed|[of] p1a: Chesnaught","|turn|13","|","|switch|p2a: Doublade|Doublade, M|27/321","|move|p1a: Chesnaught|Leech Seed|p2a: Doublade","|-start|p2a: Doublade|move: Leech Seed","|","|-heal|p2a: Doublade|225/321|[from] move: Wish|[wisher] Jirachi","|-damage|p2a: Doublade|185/321|[from] Leech Seed|[of] p1a: Chesnaught","|turn|14","|","|switch|p2a: Scizor|Scizor, F|281/281","|switch|p1a: Keldeo-Resolute|Keldeo-Resolute, shiny|324/324","|","|turn|15","|","|detailschange|p2a: Scizor|Scizor-Mega, F","|-mega|p2a: Scizor|Scizor|Scizorite","|move|p1a: Keldeo-Resolute|Hydro Pump|p2a: Scizor","|-damage|p2a: Scizor|0 fnt","|faint|p2a: Scizor","|","|","|switch|p2a: Excadrill|Excadrill, M|361/361","|turn|16","|","|move|p1a: Keldeo-Resolute|Hydro Pump|p2a: Excadrill","|-supereffective|p2a: Excadrill","|-damage|p2a: Excadrill|0 fnt","|faint|p2a: Excadrill","|","|","|switch|p2a: Jirachi|Jirachi|201/397","|turn|17","|","|move|p1a: Keldeo-Resolute|Hydro Pump|p2a: Jirachi|[miss]","|-miss|p1a: Keldeo-Resolute|p2a: Jirachi","|move|p2a: Jirachi|Thunder Wave|p1a: Keldeo-Resolute","|-status|p1a: Keldeo-Resolute|par","|","|-heal|p2a: Jirachi|225/397|[from] item: Leftovers","|turn|18","|","|move|p2a: Jirachi|Iron Head|p1a: Keldeo-Resolute","|-resisted|p1a: Keldeo-Resolute","|-damage|p1a: Keldeo-Resolute|258/324 par","|cant|p1a: Keldeo-Resolute|par","|","|-heal|p2a: Jirachi|249/397|[from] item: Leftovers","|turn|19","|","|move|p2a: Jirachi|Iron Head|p1a: Keldeo-Resolute","|-resisted|p1a: Keldeo-Resolute","|-damage|p1a: Keldeo-Resolute|189/324 par","|move|p1a: Keldeo-Resolute|Hydro Pump|p2a: Jirachi|[miss]","|-miss|p1a: Keldeo-Resolute|p2a: Jirachi","|","|-heal|p2a: Jirachi|273/397|[from] item: Leftovers","|turn|20","|","|move|p2a: Jirachi|Iron Head|p1a: Keldeo-Resolute","|-resisted|p1a: Keldeo-Resolute","|-damage|p1a: Keldeo-Resolute|116/324 par","|move|p1a: Keldeo-Resolute|Hydro Pump|p2a: Jirachi","|-damage|p2a: Jirachi|0 fnt","|faint|p2a: Jirachi","|","|","|switch|p2a: Doublade|Doublade, M|185/321","|turn|21","|","|move|p2a: Doublade|Sacred Sword|p1a: Keldeo-Resolute","|-damage|p1a: Keldeo-Resolute|5/324 par","|move|p1a: Keldeo-Resolute|Hydro Pump|p2a: Doublade","|-damage|p2a: Doublade|0 fnt","|faint|p2a: Doublade","|","|win|jakey2saucey06"],"p1rating":{"entryid":"636200","serverid":"eos","formatid":"monotype","userid":"jakey2saucey06","username":"jakey2saucey06","w":5,"l":"5","t":"0","gxe":49.9,"r":"1438.6268811502","rd":"98.605149286152","sigma":"0","rptime":"1440925200","rpr":1499.4700794024,"rprd":87.692388856764,"rpsigma":"0","acre":1120.0980427509,"lacre":1120.0980427509,"oldacre":"1094.1995600834"},"p2rating":{"entryid":"530913","serverid":"eos","formatid":"monotype","userid":"sllightoak","username":"SL Lightoak","w":"7","l":7,"t":"0","gxe":50.7,"r":"1569.5869173409","rd":"107.16042444698","sigma":"0","rptime":"1440925200","rpr":1505.6463504924,"rprd":78.955907547385,"rpsigma":"0","acre":1070.3674492393,"lacre":1070.3674492393,"oldacre":"1094.581196908"},"endType":"normal"}