{"seed":[51557,29951,17862,31397],"turns":22,"p1":"Rain Jellal","p2":"GL♅Zeno","p1team":[{"name":"Dragonite","species":"Dragonite","item":"lumberry","ability":"Multiscale","moves":["flamethrower","thunderwave","thunderbolt","extremespeed"],"nature":"Modest","evs":{"hp":252,"atk":0,"def":4,"spa":252,"spd":0,"spe":0},"ivs":{"hp":31,"atk":31,"def":31,"spa":31,"spd":31,"spe":31}},{"name":"Goodra","species":"Goodra","item":"assaultvest","ability":"Gooey","moves":["muddywater","flamethrower","dracometeor","sludgewave"],"nature":"Modest","evs":{"hp":248,"atk":0,"def":0,"spa":252,"spd":8,"spe":0},"ivs":{"hp":31,"atk":31,"def":31,"spa":31,"spd":31,"spe":31}},{"name":"Zygarde","species":"Zygarde","item":"leftovers","ability":"Aura Break","moves":["coil","extremespeed","earthquake","dragontail"],"nature":"Adamant","evs":{"hp":252,"atk":252,"def":0,"spa":0,"spd":4,"spe":0},"ivs":{"hp":31,"atk":31,"def":31,"spa":31,"spd":31,"spe":31}},{"name":"Latios","species":"Latios","item":"choicescarf","ability":"Levitate","moves":["trick","energyball","dracometeor","icebeam"],"nature":"Timid","evs":{"hp":0,"atk":0,"def":0,"spa":252,"spd":4,"spe":252},"ivs":{"hp":31,"atk":31,"def":31,"spa":31,"spd":31,"spe":31}},{"name":"Latias","species":"Latias","item":"lifeorb","ability":"Levitate","moves":["psychic","dracometeor","thunderbolt","thunderwave"],"nature":"Timid","evs":{"hp":0,"atk":0,"def":0,"spa":252,"spd":4,"spe":252},"ivs":{"hp":31,"atk":31,"def":31,"spa":31,"spd":31,"spe":31}},{"name":"Kyurem-Black","species":"Kyurem-Black","item":"choiceband","ability":"Teravolt","moves":["outrage","ironhead","fusionbolt","icebeam"],"nature":"Adamant","evs":{"hp":0,"atk":252,"def":0,"spa":0,"spd":4,"spe":252},"ivs":{"hp":31,"atk":31,"def":31,"spa":31,"spd":31,"spe":31}}],"p2team":[{"name":"Swellow","species":"Swellow","item":"leftovers","ability":"Scrappy","moves":["defog","bravebird","uturn","quickattack"],"nature":"Jolly","evs":{"hp":0,"atk":252,"def":0,"spa":0,"spd":4,"spe":252},"ivs":{"hp":31,"atk":31,"def":31,"spa":31,"spd":31,"spe":31}},{"name":"Porygon-Z","species":"Porygon-Z","item":"choicescarf","ability":"Adaptability","moves":["triattack","icebeam","shadowball","thunderbolt"],"nature":"Timid","evs":{"hp":0,"atk":0,"def":0,"spa":252,"spd":4,"spe":252},"ivs":{"hp":31,"atk":31,"def":31,"spa":31,"spd":31,"spe":31}},{"name":"Voice Of Death","species":"meloetta","item":"leftovers","ability":"Serene Grace","moves":["hypervoice","psyshock","dazzlinggleam","shadowball"],"nature":"Modest","evs":{"hp":252,"atk":0,"def":0,"spa":252,"spd":4,"spe":0},"ivs":{"hp":31,"atk":31,"def":31,"spa":31,"spd":31,"spe":31}},{"name":"Kung-fu Bunny","species":"lopunny","item":"lopunnite","ability":"Cute Charm","moves":["fakeout","return","highjumpkick","firepunch"],"nature":"Jolly","evs":{"hp":0,"atk":252,"def":0,"spa":0,"spd":4,"spe":252},"shiny":true,"ivs":{"hp":31,"atk":31,"def":31,"spa":31,"spd":31,"spe":31}},{"name":"The Titan","species":"regigigas","item":"leftovers","ability":"Slow Start","moves":["substitute","drainpunch","earthquake","return"],"nature":"Jolly","evs":{"hp":0,"atk":252,"def":0,"spa":0,"spd":4,"spe":252},"ivs":{"hp":31,"atk":31,"def":31,"spa":31,"spd":31,"spe":31}},{"name":"This Thing","species":"smeargle","item":"focussash","ability":"Own Tempo","moves":["spore","batonpass","stealthrock","cosmicpower"],"nature":"Timid","evs":{"hp":252,"atk":0,"def":0,"spa":0,"spd":4,"spe":252},"ivs":{"hp":31,"atk":31,"def":31,"spa":31,"spd":31,"spe":31}}],"log":["|player|p1|Rain Jellal|64","|player|p2|GL♅Zeno|glzeno.png","|gametype|singles","|gen|6","|tier|Monotype","|rated","|rule|Baton Pass Clause: Limit one Baton Passer, can't pass Spe and other stats simultaneously","|rule|Swagger Clause: Swagger is banned","|rule|Same Type Clause: Pokémon in a team must share a type","|clearpoke","|poke|p1|Dragonite, M","|poke|p1|Goodra, M","|poke|p1|Zygarde","|poke|p1|Latios, M","|poke|p1|Latias, F","|poke|p1|Kyurem-Black","|poke|p2|Swellow, F","|poke|p2|Porygon-Z","|poke|p2|Meloetta","|poke|p2|Lopunny, M, shiny","|poke|p2|Regigigas","|poke|p2|Smeargle, F","|rule|Sleep Clause Mod: Limit one foe put to sleep","|rule|Species Clause: Limit one of each Pokémon","|rule|OHKO Clause: OHKO moves are banned","|rule|Moody Clause: Moody is banned","|rule|Evasion Moves Clause: Evasion moves are banned","|rule|Endless Battle Clause: Forcing endless battles is banned","|rule|HP Percentage Mod: HP is shown in percentages","|teampreview","|","|start","|switch|p1a: Zygarde|Zygarde|420/420","|switch|p2a: This Thing|Smeargle, F|314/314","|-ability|p1a: Zygarde|Aura Break","|turn|1","|","|move|p1a: Zygarde|Extreme Speed|p2a: This Thing","|-damage|p2a: This Thing|135/314","|move|p2a: This Thing|Spore|p1a: Zygarde","|-status|p1a: Zygarde|slp","|","|turn|2","|","|switch|p1a: Dragonite|Dragonite, M|386/386","|move|p2a: This Thing|Stealth Rock|p1a: Dragonite","|-sidestart|p1: Rain Jellal|move: Stealth Rock","|","|turn|3","|","|move|p2a: This Thing|Cosmic Power|p2a: This Thing","|-boost|p2a: This Thing|def|1","|-boost|p2a: This Thing|spd|1","|move|p1a: Dragonite|Thunder Wave|p2a: This Thing","|-status|p2a: This Thing|par","|","|turn|4","|","|move|p1a: Dragonite|Flamethrower|p2a: This Thing","|-crit|p2a: This Thing","|-damage|p2a: This Thing|0 fnt","|faint|p2a: This Thing","|","|","|switch|p2a: The Titan|Regigigas|361/361","|-start|p2a: The Titan|Slow Start","|turn|5","|","|move|p1a: Dragonite|Thunder Wave|p2a: The Titan","|-status|p2a: The Titan|par","|cant|p2a: The Titan|par","|","|turn|6","|","|switch|p1a: Zygarde|Zygarde|420/420 slp","|-damage|p1a: Zygarde|394/420 slp|[from] Stealth Rock","|-ability|p1a: Zygarde|Aura Break","|move|p2a: The Titan|Substitute|p2a: The Titan","|-start|p2a: The Titan|Substitute","|-damage|p2a: The Titan|271/361 par","|","|-heal|p1a: Zygarde|420/420 slp|[from] item: Leftovers","|-heal|p2a: The Titan|293/361 par|[from] item: Leftovers","|turn|7","|","|cant|p1a: Zygarde|slp","|move|p2a: The Titan|Drain Punch|p1a: Zygarde","|-damage|p1a: Zygarde|378/420 slp","|-heal|p2a: The Titan|314/361 par|[from] drain|[of] p1a: Zygarde","|","|-heal|p1a: Zygarde|404/420 slp|[from] item: Leftovers","|-heal|p2a: The Titan|336/361 par|[from] item: Leftovers","|turn|8","|","|-curestatus|p1a: Zygarde|slp","|move|p1a: Zygarde|Coil|p1a: Zygarde","|-boost|p1a: Zygarde|atk|1","|-boost|p1a: Zygarde|def|1","|-boost|p1a: Zygarde|accuracy|1","|cant|p2a: The Titan|par","|","|-heal|p1a: Zygarde|420/420|[from] item: Leftovers","|-heal|p2a: The Titan|358/361 par|[from] item: Leftovers","|turn|9","|","|move|p1a: Zygarde|Earthquake|p2a: The Titan","|-end|p2a: The Titan|Substitute","|move|p2a: The Titan|Return|p1a: Zygarde","|-damage|p1a: Zygarde|365/420","|","|-end|p2a: The Titan|Slow Start","|-heal|p1a: Zygarde|391/420|[from] item: Leftovers","|-heal|p2a: The Titan|361/361 par|[from] item: Leftovers","|turn|10","|","|move|p1a: Zygarde|Coil|p1a: Zygarde","|-boost|p1a: Zygarde|atk|1","|-boost|p1a: Zygarde|def|1","|-boost|p1a: Zygarde|accuracy|1","|move|p2a: The Titan|Return|p1a: Zygarde","|-damage|p1a: Zygarde|294/420","|","|-heal|p1a: Zygarde|320/420|[from] item: Leftovers","|turn|11","|","|move|p1a: Zygarde|Earthquake|p2a: The Titan","|-damage|p2a: The Titan|66/361 par","|move|p2a: The Titan|Return|p1a: Zygarde","|-damage|p1a: Zygarde|224/420","|","|-heal|p1a: Zygarde|250/420|[from] item: Leftovers","|-heal|p2a: The Titan|88/361 par|[from] item: Leftovers","|turn|12","|","|move|p1a: Zygarde|Extreme Speed|p2a: The Titan","|-damage|p2a: The Titan|0 fnt","|faint|p2a: The Titan","|-end|p2a: The Titan|Slow Start|[silent]","|","|-heal|p1a: Zygarde|276/420|[from] item: Leftovers","|","|-end|p2: The Titan|Slow Start|[silent]","|switch|p2a: Kung-fu Bunny|Lopunny, M, shiny|271/271","|turn|13","|","|detailschange|p2a: Kung-fu Bunny|Lopunny-Mega, M, shiny","|-mega|p2a: Kung-fu Bunny|Lopunny|Lopunnite","|move|p2a: Kung-fu Bunny|Fake Out|p1a: Zygarde","|-damage|p1a: Zygarde|243/420","|cant|p1a: Zygarde|flinch","|","|-heal|p1a: Zygarde|269/420|[from] item: Leftovers","|turn|14","|","|move|p1a: Zygarde|Extreme Speed|p2a: Kung-fu Bunny","|-damage|p2a: Kung-fu Bunny|87/271","|move|p2a: Kung-fu Bunny|High Jump Kick|p1a: Zygarde","|-damage|p1a: Zygarde|158/420","|","|-heal|p1a: Zygarde|184/420|[from] item: Leftovers","|turn|15","|","|move|p1a: Zygarde|Extreme Speed|p2a: Kung-fu Bunny","|-damage|p2a: Kung-fu Bunny|0 fnt","|faint|p2a: Kung-fu Bunny","|","|-heal|p1a: Zygarde|210/420|[from] item: Leftovers","|","|switch|p2a: Porygon-Z|Porygon-Z|311/311","|turn|16","|","|move|p1a: Zygarde|Extreme Speed|p2a: Porygon-Z","|-damage|p2a: Porygon-Z|92/311","|move|p2a: Porygon-Z|Ice Beam|p1a: Zygarde","|-supereffective|p1a: Zygarde","|-damage|p1a: Zygarde|0 fnt","|faint|p1a: Zygarde","|","|","|switch|p1a: Goodra|Goodra, M|383/383","|-damage|p1a: Goodra|336/383|[from] Stealth Rock","|turn|17","|","|switch|p2a: Voice Of Death|Meloetta|404/404","|move|p1a: Goodra|Flamethrower|p2a: Voice Of Death","|-damage|p2a: Voice Of Death|322/404","|","|-heal|p2a: Voice Of Death|347/404|[from] item: Leftovers","|turn|18","|","|switch|p1a: Kyurem-Black|Kyurem-Black|391/391","|-damage|p1a: Kyurem-Black|294/391|[from] Stealth Rock","|-ability|p1a: Kyurem-Black|Teravolt","|move|p2a: Voice Of Death|Dazzling Gleam|p1a: Kyurem-Black","|-supereffective|p1a: Kyurem-Black","|-damage|p1a: Kyurem-Black|80/391","|","|-heal|p2a: Voice Of Death|372/404|[from] item: Leftovers","|turn|19","|","|move|p1a: Kyurem-Black|Outrage|p2a: Voice Of Death","|-damage|p2a: Voice Of Death|0 fnt","|faint|p2a: Voice Of Death","|","|","|switch|p2a: Swellow|Swellow, F|261/261","|turn|20","|","|move|p2a: Swellow|Brave Bird|p1a: Kyurem-Black","|-damage|p1a: Kyurem-Black|0 fnt","|-damage|p2a: Swellow|235/261|[from] recoil|[of] p1a: Kyurem-Black","|faint|p1a: Kyurem-Black","|","|-heal|p2a: Swellow|251/261|[from] item: Leftovers","|","|switch|p1a: Dragonite|Dragonite, M|386/386","|-damage|p1a: Dragonite|290/386|[from] Stealth Rock","|turn|21","|","|move|p2a: Swellow|Brave Bird|p1a: Dragonite","|-damage|p1a: Dragonite|122/386","|-damage|p2a: Swellow|196/261|[from] recoil|[of] p1a: Dragonite","|move|p1a: Dragonite|Thunderbolt|p2a: Swellow","|-supereffective|p2a: Swellow","|-damage|p2a: Swellow|0 fnt","|faint|p2a: Swellow","|","|","|switch|p2a: Porygon-Z|Porygon-Z|92/311","|turn|22","|","|move|p1a: Dragonite|Extreme Speed|p2a: Porygon-Z","|-damage|p2a: Porygon-Z|0 fnt","|faint|p2a: Porygon-Z","|","|win|Rain Jellal"],"p1rating":{"entryid":673015,"formatid":"monotype","userid":"rainjellal","username":"Rain Jellal","r":1500,"rd":130,"sigma":0,"rpr":1540.1606143388,"rprd":122.8583080769,"rpsigma":0,"rptime":1440925200,"w":1,"l":0,"t":0,"gxe":55,"acre":1040,"lacre":1040,"oldacre":1000},"p2rating":{"entryid":673016,"formatid":"monotype","userid":"glzeno","username":"GL♅Zeno","r":1500,"rd":130,"sigma":0,"rpr":1459.8393856612,"rprd":122.8583080769,"rpsigma":0,"rptime":1440925200,"w":0,"l":1,"t":0,"gxe":45,"acre":1000,"lacre":1000,"oldacre":1000},"endType":"normal"}