{"seed":[20711,65274,2376,50016],"turns":19,"p1":"SWL HB","p2":"ApexProf SmogOn","p1team":[{"name":"Huntail","species":"Huntail","item":"leftovers","ability":"Water Veil","moves":["coil","aquatail","substitute","suckerpunch"],"nature":"Impish","evs":{"hp":248,"atk":8,"def":252,"spa":0,"spd":0,"spe":0},"ivs":{"hp":31,"atk":31,"def":31,"spa":31,"spd":31,"spe":31}},{"name":"Azumarill","species":"Azumarill","item":"leftovers","ability":"Sap Sipper","moves":["aquajet","playrough","knockoff","poweruppunch"],"nature":"Adamant","evs":{"hp":172,"atk":252,"def":0,"spa":0,"spd":0,"spe":84},"ivs":{"hp":31,"atk":31,"def":31,"spa":31,"spd":31,"spe":31}},{"name":"Quagsire","species":"Quagsire","item":"leftovers","ability":"Unaware","moves":["earthquake","scald","recover","toxic"],"nature":"Relaxed","evs":{"hp":252,"atk":0,"def":252,"spa":0,"spd":4,"spe":0},"ivs":{"hp":31,"atk":31,"def":31,"spa":31,"spd":31,"spe":31}},{"name":"Lanturn","species":"Lanturn","item":"leftovers","ability":"Volt Absorb","moves":["healbell","voltswitch","scald","thunderwave"],"nature":"Calm","evs":{"hp":104,"atk":0,"def":192,"spa":0,"spd":212,"spe":0},"ivs":{"hp":31,"atk":31,"def":31,"spa":31,"spd":31,"spe":31}},{"name":"Pelipper","species":"Pelipper","item":"leftovers","ability":"Keen Eye","moves":["defog","scald","roost","hurricane"],"nature":"Calm","evs":{"hp":248,"atk":0,"def":18,"spa":0,"spd":242,"spe":0},"ivs":{"hp":31,"atk":31,"def":31,"spa":31,"spd":31,"spe":31}},{"name":"Sharpedo","species":"Sharpedo","item":"sharpedonite","ability":"Speed Boost","moves":["protect","crunch","icefang","waterfall"],"nature":"Adamant","evs":{"hp":0,"atk":252,"def":0,"spa":0,"spd":4,"spe":252},"ivs":{"hp":31,"atk":31,"def":31,"spa":31,"spd":31,"spe":31}}],"p2team":[{"name":"Gallade","species":"Gallade","item":"galladite","ability":"Steadfast","moves":["swordsdance","knockoff","closecombat","shadowsneak"],"nature":"Jolly","evs":{"hp":0,"atk":252,"def":0,"spa":0,"spd":4,"spe":252},"ivs":{"hp":31,"atk":31,"def":31,"spa":31,"spd":31,"spe":31}},{"name":"Hitmonlee","species":"Hitmonlee","item":"normalgem","ability":"Unburden","moves":["fakeout","highjumpkick","knockoff","rapidspin"],"nature":"Adamant","evs":{"hp":0,"atk":252,"def":0,"spa":0,"spd":4,"spe":252},"ivs":{"hp":31,"atk":31,"def":31,"spa":31,"spd":31,"spe":31}},{"name":"Keldeo-Resolute","species":"Keldeo-Resolute","item":"leftovers","ability":"Justified","moves":["calmmind","scald","secretsword","substitute"],"nature":"Timid","evs":{"hp":0,"atk":0,"def":0,"spa":252,"spd":0,"spe":252},"ivs":{"hp":31,"atk":0,"def":31,"spa":31,"spd":31,"spe":31}},{"name":"Cobalion","species":"Cobalion","item":"rockyhelmet","ability":"Justified","moves":["stealthrock","thunderwave","ironhead","voltswitch"],"nature":"Jolly","evs":{"hp":248,"atk":8,"def":0,"spa":0,"spd":0,"spe":252},"ivs":{"hp":31,"atk":31,"def":31,"spa":31,"spd":31,"spe":31}},{"name":"Conkeldurr","species":"Conkeldurr","item":"assaultvest","ability":"Sheer Force","moves":["knockoff","rockslide","machpunch","icepunch"],"nature":"Adamant","evs":{"hp":248,"atk":252,"def":0,"spa":0,"spd":8,"spe":0},"ivs":{"hp":31,"atk":31,"def":31,"spa":31,"spd":31,"spe":31}},{"name":"Infernape","species":"Infernape","item":"choicescarf","ability":"Blaze","moves":["closecombat","earthquake","flareblitz","gunkshot"],"nature":"Jolly","evs":{"hp":0,"atk":252,"def":0,"spa":0,"spd":4,"spe":252},"ivs":{"hp":31,"atk":31,"def":31,"spa":31,"spd":31,"spe":31}}],"log":["|player|p1|SWL HB|swlhb.gif","|player|p2|ApexProf SmogOn|195","|gametype|singles","|gen|6","|tier|Monotype","|rated","|rule|Baton Pass Clause: Limit one Baton Passer, can't pass Spe and other stats simultaneously","|rule|Swagger Clause: Swagger is banned","|rule|Same Type Clause: Pokémon in a team must share a type","|clearpoke","|poke|p1|Huntail, F","|poke|p1|Azumarill, F","|poke|p1|Quagsire, M","|poke|p1|Lanturn, F","|poke|p1|Pelipper, F","|poke|p1|Sharpedo, F","|poke|p2|Gallade, M","|poke|p2|Hitmonlee, M","|poke|p2|Keldeo-Resolute","|poke|p2|Cobalion","|poke|p2|Conkeldurr, M","|poke|p2|Infernape, M","|rule|Sleep Clause Mod: Limit one foe put to sleep","|rule|Species Clause: Limit one of each Pokémon","|rule|OHKO Clause: OHKO moves are banned","|rule|Moody Clause: Moody is banned","|rule|Evasion Moves Clause: Evasion moves are banned","|rule|Endless Battle Clause: Forcing endless battles is banned","|rule|HP Percentage Mod: HP is shown in percentages","|teampreview","|","|start","|switch|p1a: Huntail|Huntail, F|313/313","|switch|p2a: Keldeo-Resolute|Keldeo-Resolute|323/323","|turn|1","|","|switch|p1a: Pelipper|Pelipper, F|323/323","|move|p2a: Keldeo-Resolute|Substitute|p2a: Keldeo-Resolute","|-start|p2a: Keldeo-Resolute|Substitute","|-damage|p2a: Keldeo-Resolute|243/323","|","|-heal|p2a: Keldeo-Resolute|263/323|[from] item: Leftovers","|turn|2","|","|move|p2a: Keldeo-Resolute|Calm Mind|p2a: Keldeo-Resolute","|-boost|p2a: Keldeo-Resolute|spa|1","|-boost|p2a: Keldeo-Resolute|spd|1","|move|p1a: Pelipper|Hurricane|p2a: Keldeo-Resolute|[miss]","|-miss|p1a: Pelipper|p2a: Keldeo-Resolute","|","|-heal|p2a: Keldeo-Resolute|283/323|[from] item: Leftovers","|turn|3","|","|move|p2a: Keldeo-Resolute|Scald|p1a: Pelipper","|-resisted|p1a: Pelipper","|-damage|p1a: Pelipper|224/323","|-status|p1a: Pelipper|brn","|move|p1a: Pelipper|Hurricane|p2a: Keldeo-Resolute","|-supereffective|p2a: Keldeo-Resolute","|-end|p2a: Keldeo-Resolute|Substitute","|","|-heal|p2a: Keldeo-Resolute|303/323|[from] item: Leftovers","|-heal|p1a: Pelipper|244/323 brn|[from] item: Leftovers","|-damage|p1a: Pelipper|204/323 brn|[from] brn","|turn|4","|","|move|p2a: Keldeo-Resolute|Calm Mind|p2a: Keldeo-Resolute","|-boost|p2a: Keldeo-Resolute|spa|1","|-boost|p2a: Keldeo-Resolute|spd|1","|move|p1a: Pelipper|Hurricane|p2a: Keldeo-Resolute","|-supereffective|p2a: Keldeo-Resolute","|-damage|p2a: Keldeo-Resolute|169/323","|-start|p2a: Keldeo-Resolute|confusion","|","|-heal|p2a: Keldeo-Resolute|189/323|[from] item: Leftovers","|-heal|p1a: Pelipper|224/323 brn|[from] item: Leftovers","|-damage|p1a: Pelipper|184/323 brn|[from] brn","|turn|5","|","|-activate|p2a: Keldeo-Resolute|confusion","|-damage|p2a: Keldeo-Resolute|167/323|[from] confusion","|move|p1a: Pelipper|Hurricane|p2a: Keldeo-Resolute","|-crit|p2a: Keldeo-Resolute","|-supereffective|p2a: Keldeo-Resolute","|-damage|p2a: Keldeo-Resolute|0 fnt","|faint|p2a: Keldeo-Resolute","|","|-heal|p1a: Pelipper|204/323 brn|[from] item: Leftovers","|-damage|p1a: Pelipper|164/323 brn|[from] brn","|","|switch|p2a: Conkeldurr|Conkeldurr, M|413/413","|turn|6","|","|switch|p1a: Azumarill|Azumarill, F|384/384","|move|p2a: Conkeldurr|Mach Punch|p1a: Azumarill","|-resisted|p1a: Azumarill","|-damage|p1a: Azumarill|334/384","|","|-heal|p1a: Azumarill|358/384|[from] item: Leftovers","|turn|7","|","|move|p1a: Azumarill|Power-Up Punch|p2a: Conkeldurr","|-damage|p2a: Conkeldurr|383/413","|-boost|p1a: Azumarill|atk|1","|move|p2a: Conkeldurr|Knock Off|p1a: Azumarill","|-resisted|p1a: Azumarill","|-damage|p1a: Azumarill|284/384","|-enditem|p1a: Azumarill|Leftovers|[from] move: Knock Off|[of] p2a: Conkeldurr","|","|turn|8","|","|move|p1a: Azumarill|Play Rough|p2a: Conkeldurr","|-supereffective|p2a: Conkeldurr","|-damage|p2a: Conkeldurr|57/413","|move|p2a: Conkeldurr|Rock Slide|p1a: Azumarill","|-damage|p1a: Azumarill|117/384","|","|turn|9","|","|move|p2a: Conkeldurr|Mach Punch|p1a: Azumarill","|-resisted|p1a: Azumarill","|-damage|p1a: Azumarill|63/384","|move|p1a: Azumarill|Play Rough|p2a: Conkeldurr","|-supereffective|p2a: Conkeldurr","|-damage|p2a: Conkeldurr|0 fnt","|faint|p2a: Conkeldurr","|","|","|switch|p2a: Cobalion|Cobalion|385/385","|turn|10","|","|move|p1a: Azumarill|Aqua Jet|p2a: Cobalion","|-damage|p2a: Cobalion|330/385","|-damage|p1a: Azumarill|0 fnt|[from] item: Rocky Helmet|[of] p2a: Cobalion","|faint|p1a: Azumarill","|move|p2a: Cobalion|Iron Head|p1: Azumarill|[notarget]","|-notarget","|","|","|switch|p1a: Huntail|Huntail, F|313/313","|turn|11","|","|move|p2a: Cobalion|Thunder Wave|p1a: Huntail","|-status|p1a: Huntail|par","|cant|p1a: Huntail|par","|","|turn|12","|","|move|p2a: Cobalion|Stealth Rock|p1a: Huntail","|-sidestart|p1: SWL HB|move: Stealth Rock","|move|p1a: Huntail|Substitute|p1a: Huntail","|-start|p1a: Huntail|Substitute","|-damage|p1a: Huntail|235/313 par","|","|-heal|p1a: Huntail|254/313 par|[from] item: Leftovers","|turn|13","|","|move|p2a: Cobalion|Iron Head|p1a: Huntail","|-resisted|p1a: Huntail","|-activate|p1a: Huntail|Substitute|[damage]","|move|p1a: Huntail|Coil|p1a: Huntail","|-boost|p1a: Huntail|atk|1","|-boost|p1a: Huntail|def|1","|-boost|p1a: Huntail|accuracy|1","|","|-heal|p1a: Huntail|273/313 par|[from] item: Leftovers","|turn|14","|","|move|p2a: Cobalion|Volt Switch|p1a: Huntail","|-crit|p1a: Huntail","|-supereffective|p1a: Huntail","|-end|p1a: Huntail|Substitute","|","|switch|p2a: Gallade|Gallade, M|277/277","|cant|p1a: Huntail|par","|","|-heal|p1a: Huntail|292/313 par|[from] item: Leftovers","|turn|15","|","|detailschange|p2a: Gallade|Gallade-Mega, M","|-mega|p2a: Gallade|Gallade|Galladite","|move|p2a: Gallade|Swords Dance|p2a: Gallade","|-boost|p2a: Gallade|atk|2","|cant|p1a: Huntail|par","|","|-heal|p1a: Huntail|311/313 par|[from] item: Leftovers","|turn|16","|","|move|p2a: Gallade|Swords Dance|p2a: Gallade","|-boost|p2a: Gallade|atk|2","|move|p1a: Huntail|Aqua Tail|p2a: Gallade","|-damage|p2a: Gallade|90/277","|","|-heal|p1a: Huntail|313/313 par|[from] item: Leftovers","|turn|17","|","|move|p1a: Huntail|Sucker Punch|p2a: Gallade","|-damage|p2a: Gallade|0 fnt","|faint|p2a: Gallade","|","|","|switch|p2a: Cobalion|Cobalion|330/385","|turn|18","|","|move|p2a: Cobalion|Volt Switch|p1a: Huntail","|-supereffective|p1a: Huntail","|-damage|p1a: Huntail|201/313 par","|","|switch|p2a: Hitmonlee|Hitmonlee, M|241/241","|move|p1a: Huntail|Substitute|p1a: Huntail","|-start|p1a: Huntail|Substitute","|-damage|p1a: Huntail|123/313 par","|","|-heal|p1a: Huntail|142/313 par|[from] item: Leftovers","|turn|19","|","|move|p2a: Hitmonlee|Fake Out|p1a: Huntail","|-enditem|p2a: Hitmonlee|Normal Gem|[from] gem|[move] Fake Out","|-activate|p1a: Huntail|Substitute|[damage]","|move|p1a: Huntail|Aqua Tail|p2a: Hitmonlee","|-damage|p2a: Hitmonlee|0 fnt","|faint|p2a: Hitmonlee","|","|-heal|p1a: Huntail|161/313 par|[from] item: Leftovers","|","|win|SWL HB"],"p1rating":{"entryid":"2316","serverid":"eos","formatid":"monotype","userid":"swlhb","username":"SWL HB","w":4,"l":"12","t":"0","gxe":35.5,"r":"1368.6429078222","rd":"82.285801695945","sigma":"0","rptime":"1440838800","rpr":1384.7775299378,"rprd":79.13474761287,"rpsigma":"0","acre":1074.2689594871,"lacre":1074.2689594871,"oldacre":"1026.4296537959"},"p2rating":{"entryid":"318042","serverid":"eos","formatid":"monotype","userid":"apexprofsmogon","username":"ApexProf","w":"19","l":15,"t":"0","gxe":58.5,"r":"1579.6413939648","rd":"58.646614428862","sigma":"0","rptime":"1440838800","rpr":1565.2804830391,"rprd":58.090648024942,"rpsigma":"0","acre":1111.40037958,"lacre":1111.40037958,"oldacre":"1144.5893437613"},"endType":"forfeit"}