{"seed":[49644,670,1520,53419],"turns":29,"p1":"SLGoomy","p2":"SL Epic","p1team":[{"name":"Gengar","species":"Gengar","item":"focussash","ability":"Levitate","moves":["taunt","shadowball","destinybond","sludgewave"],"nature":"Timid","evs":{"hp":0,"atk":0,"def":0,"spa":252,"spd":4,"spe":252},"ivs":{"hp":31,"atk":31,"def":31,"spa":31,"spd":31,"spe":31}},{"name":"Chandelure","species":"Chandelure","item":"choicescarf","ability":"Flash Fire","moves":["flamethrower","shadowball","energyball","darkpulse"],"nature":"Timid","evs":{"hp":0,"atk":0,"def":0,"spa":252,"spd":4,"spe":252},"ivs":{"hp":31,"atk":31,"def":31,"spa":31,"spd":31,"spe":31}},{"name":"I hate this guy","species":"sableye","item":"sablenite","ability":"Prankster","moves":["willowisp","calmmind","recover","darkpulse"],"nature":"Modest","evs":{"hp":248,"atk":0,"def":0,"spa":252,"spd":8,"spe":0},"ivs":{"hp":31,"atk":31,"def":31,"spa":31,"spd":31,"spe":31}},{"name":"Golurk","species":"Golurk","item":"focussash","ability":"No Guard","moves":["dynamicpunch","stealthrock","stoneedge","earthquake"],"nature":"Adamant","evs":{"hp":248,"atk":252,"def":0,"spa":0,"spd":8,"spe":0},"ivs":{"hp":31,"atk":31,"def":31,"spa":31,"spd":31,"spe":31}},{"name":"Aegislash","species":"Aegislash","item":"weaknesspolicy","ability":"Stance Change","moves":["kingsshield","swordsdance","shadowsneak","ironhead"],"nature":"Adamant","evs":{"hp":248,"atk":252,"def":0,"spa":0,"spd":8,"spe":0},"ivs":{"hp":31,"atk":31,"def":31,"spa":31,"spd":31,"spe":31}},{"name":"Jellicent","species":"Jellicent","item":"leftovers","ability":"Water Absorb","moves":["scald","willowisp","recover","shadowball"],"nature":"Calm","evs":{"hp":248,"atk":0,"def":252,"spa":8,"spd":0,"spe":0},"ivs":{"hp":31,"atk":31,"def":31,"spa":31,"spd":31,"spe":31}}],"p2team":[{"name":"Squid Squad","species":"tentacruel","item":"blacksludge","ability":"Liquid Ooze","moves":["acidspray","rapidspin","scald","toxicspikes"],"nature":"Timid","evs":{"hp":0,"atk":0,"def":0,"spa":252,"spd":4,"spe":252},"ivs":{"hp":31,"atk":31,"def":31,"spa":31,"spd":31,"spe":31}},{"name":"Cross","species":"drapion","item":"scopelens","ability":"Battle Armor","moves":["earthquake","crosspoison","nightslash","xscissor"],"nature":"Adamant","evs":{"hp":248,"atk":252,"def":0,"spa":0,"spd":8,"spe":0},"ivs":{"hp":31,"atk":31,"def":31,"spa":31,"spd":31,"spe":31}},{"name":"Nidoking","species":"Nidoking","item":"assaultvest","ability":"Sheer Force","moves":["icebeam","earthpower","sludgewave","thunderbolt"],"nature":"Modest","evs":{"hp":248,"atk":0,"def":0,"spa":252,"spd":8,"spe":0},"ivs":{"hp":31,"atk":31,"def":31,"spa":31,"spd":31,"spe":31}},{"name":"Big Papa","species":"venusaur","item":"venusaurite","ability":"Chlorophyll","moves":["hiddenpowerfire","sludgebomb","gigadrain","synthesis"],"nature":"Modest","evs":{"hp":0,"atk":0,"def":0,"spa":252,"spd":4,"spe":252},"ivs":{"hp":31,"atk":30,"def":31,"spa":30,"spd":31,"spe":30}},{"name":"Zuz-Zuz","species":"crobat","item":"blacksludge","ability":"Infiltrator","moves":["taunt","bravebird","superfang","roost"],"nature":"Jolly","evs":{"hp":252,"atk":4,"def":0,"spa":0,"spd":0,"spe":252},"ivs":{"hp":31,"atk":31,"def":31,"spa":31,"spd":31,"spe":31}},{"name":"Epic","species":"toxicroak","item":"lifeorb","ability":"Dry Skin","moves":["fakeout","bulletpunch","drainpunch","poisonjab"],"nature":"Jolly","evs":{"hp":0,"atk":252,"def":0,"spa":0,"spd":4,"spe":252},"ivs":{"hp":31,"atk":31,"def":31,"spa":31,"spd":31,"spe":31}}],"log":["|player|p1|SLGoomy|269","|player|p2|SL Epic|279","|gametype|singles","|gen|6","|tier|Monotype","|rated","|rule|Baton Pass Clause: Limit one Baton Passer, can't pass Spe and other stats simultaneously","|rule|Swagger Clause: Swagger is banned","|rule|Same Type Clause: Pokémon in a team must share a type","|clearpoke","|poke|p1|Gengar, M","|poke|p1|Chandelure, M","|poke|p1|Sableye, F","|poke|p1|Golurk","|poke|p1|Aegislash, M","|poke|p1|Jellicent, F","|poke|p2|Tentacruel, F","|poke|p2|Drapion, F","|poke|p2|Nidoking, M","|poke|p2|Venusaur, F","|poke|p2|Crobat, M","|poke|p2|Toxicroak, F","|rule|Sleep Clause Mod: Limit one foe put to sleep","|rule|Species Clause: Limit one of each Pokémon","|rule|OHKO Clause: OHKO moves are banned","|rule|Moody Clause: Moody is banned","|rule|Evasion Moves Clause: Evasion moves are banned","|rule|Endless Battle Clause: Forcing endless battles is banned","|rule|HP Percentage Mod: HP is shown in percentages","|teampreview","|","|start","|switch|p1a: Golurk|Golurk|381/381","|switch|p2a: Squid Squad|Tentacruel, F|301/301","|turn|1","|","|move|p2a: Squid Squad|Scald|p1a: Golurk","|-supereffective|p1a: Golurk","|-damage|p1a: Golurk|145/381","|-status|p1a: Golurk|brn","|move|p1a: Golurk|Earthquake|p2a: Squid Squad","|-supereffective|p2a: Squid Squad","|-damage|p2a: Squid Squad|16/301","|","|-heal|p2a: Squid Squad|34/301|[from] item: Black Sludge","|-damage|p1a: Golurk|98/381 brn|[from] brn","|turn|2","|","|move|p2a: Squid Squad|Scald|p1a: Golurk","|-supereffective|p1a: Golurk","|-damage|p1a: Golurk|0 fnt","|faint|p1a: Golurk","|","|-heal|p2a: Squid Squad|52/301|[from] item: Black Sludge","|","|switch|p1a: Aegislash|Aegislash, M|323/323","|turn|3","|","|move|p2a: Squid Squad|Toxic Spikes|p1a: Aegislash","|-sidestart|p1: SLGoomy|move: Toxic Spikes","|move|p1a: Aegislash|Swords Dance|p1a: Aegislash","|-boost|p1a: Aegislash|atk|2","|","|-heal|p2a: Squid Squad|70/301|[from] item: Black Sludge","|turn|4","|","|move|p2a: Squid Squad|Scald|p1a: Aegislash","|-damage|p1a: Aegislash|254/323","|move|p1a: Aegislash|Swords Dance|p1a: Aegislash","|-boost|p1a: Aegislash|atk|2","|","|-heal|p2a: Squid Squad|88/301|[from] item: Black Sludge","|turn|5","|","|switch|p2a: Big Papa|Venusaur, F|301/301","|move|p1a: Aegislash|Swords Dance|p1a: Aegislash","|-boost|p1a: Aegislash|atk|2","|","|turn|6","|","|detailschange|p2a: Big Papa|Venusaur-Mega, F","|-mega|p2a: Big Papa|Venusaur|Venusaurite","|move|p1a: Aegislash|King's Shield|p1a: Aegislash","|-singleturn|p1a: Aegislash|Protect","|move|p2a: Big Papa|Hidden Power|p1a: Aegislash","|-activate|p1a: Aegislash|Protect","|","|turn|7","|","|-formechange|p1a: Aegislash|Aegislash-Blade","|move|p1a: Aegislash|Shadow Sneak|p2a: Big Papa","|-crit|p2a: Big Papa","|-damage|p2a: Big Papa|0 fnt","|faint|p2a: Big Papa","|","|","|switch|p2a: Cross|Drapion, F|343/343","|turn|8","|","|-formechange|p1a: Aegislash|Aegislash","|move|p1a: Aegislash|King's Shield|p1a: Aegislash","|-singleturn|p1a: Aegislash|Protect","|move|p2a: Cross|Night Slash|p1a: Aegislash","|-activate|p1a: Aegislash|Protect","|-unboost|p2a: Cross|atk|2","|","|turn|9","|","|-formechange|p1a: Aegislash|Aegislash-Blade","|move|p1a: Aegislash|Shadow Sneak|p2a: Cross","|-resisted|p2a: Cross","|-damage|p2a: Cross|188/343","|move|p2a: Cross|Night Slash|p1a: Aegislash","|-supereffective|p1a: Aegislash","|-damage|p1a: Aegislash|78/323","|-enditem|p1a: Aegislash|Weakness Policy","|-boost|p1a: Aegislash|spa|2|[from] item: Weakness Policy","|","|turn|10","|","|-formechange|p1a: Aegislash|Aegislash","|move|p1a: Aegislash|King's Shield|p1a: Aegislash","|-singleturn|p1a: Aegislash|Protect","|move|p2a: Cross|Night Slash|p1a: Aegislash","|-activate|p1a: Aegislash|Protect","|-unboost|p2a: Cross|atk|2","|","|turn|11","|","|switch|p2a: Nidoking|Nidoking, M|365/365","|-formechange|p1a: Aegislash|Aegislash-Blade","|move|p1a: Aegislash|Iron Head|p2a: Nidoking","|-damage|p2a: Nidoking|0 fnt","|faint|p2a: Nidoking","|","|","|switch|p2a: Cross|Drapion, F|188/343","|turn|12","|","|-formechange|p1a: Aegislash|Aegislash","|move|p1a: Aegislash|King's Shield|p1a: Aegislash","|-singleturn|p1a: Aegislash|Protect","|move|p2a: Cross|Night Slash|p1a: Aegislash","|-activate|p1a: Aegislash|Protect","|-unboost|p2a: Cross|atk|2","|","|turn|13","|","|move|p1a: Aegislash|King's Shield|p1a: Aegislash","|-fail|p1a: Aegislash","|move|p2a: Cross|Night Slash|p1a: Aegislash","|-crit|p1a: Aegislash","|-supereffective|p1a: Aegislash","|-damage|p1a: Aegislash|0 fnt","|faint|p1a: Aegislash","|","|","|switch|p1a: Gengar|Gengar, M|261/261","|turn|14","|","|move|p1a: Gengar|Shadow Ball|p2a: Cross","|-resisted|p2a: Cross","|-damage|p2a: Cross|98/343","|move|p2a: Cross|Night Slash|p1a: Gengar","|-supereffective|p1a: Gengar","|-damage|p1a: Gengar|99/261","|","|turn|15","|","|move|p1a: Gengar|Destiny Bond|p1a: Gengar","|-singlemove|p1a: Gengar|Destiny Bond","|move|p2a: Cross|Night Slash|p1a: Gengar","|-crit|p1a: Gengar","|-supereffective|p1a: Gengar","|-damage|p1a: Gengar|0 fnt","|faint|p1a: Gengar","|-activate|p1a: Gengar|Destiny Bond","|faint|p2a: Cross","|","|","|switch|p2a: Squid Squad|Tentacruel, F|88/301","|switch|p1a: Chandelure|Chandelure, M|261/261","|-status|p1a: Chandelure|psn","|turn|16","|","|move|p1a: Chandelure|Energy Ball|p2a: Squid Squad","|-damage|p2a: Squid Squad|0 fnt","|faint|p2a: Squid Squad","|","|-damage|p1a: Chandelure|229/261 psn|[from] psn","|","|switch|p2a: Zuz-Zuz|Crobat, M|374/374","|turn|17","|","|switch|p1a: Jellicent|Jellicent, F|403/403","|-status|p1a: Jellicent|psn","|move|p2a: Zuz-Zuz|Brave Bird|p1a: Jellicent","|-damage|p1a: Jellicent|268/403 psn","|-damage|p2a: Zuz-Zuz|329/374|[from] recoil|[of] p1a: Jellicent","|","|-heal|p2a: Zuz-Zuz|352/374|[from] item: Black Sludge","|-heal|p1a: Jellicent|293/403 psn|[from] item: Leftovers","|-damage|p1a: Jellicent|243/403 psn|[from] psn","|turn|18","|","|move|p2a: Zuz-Zuz|Taunt|p1a: Jellicent","|-start|p1a: Jellicent|move: Taunt","|cant|p1a: Jellicent|move: Taunt|Will-O-Wisp","|","|-heal|p2a: Zuz-Zuz|374/374|[from] item: Black Sludge","|-heal|p1a: Jellicent|268/403 psn|[from] item: Leftovers","|-damage|p1a: Jellicent|218/403 psn|[from] psn","|turn|19","|","|move|p2a: Zuz-Zuz|Brave Bird|p1a: Jellicent","|-damage|p1a: Jellicent|86/403 psn","|-damage|p2a: Zuz-Zuz|330/374|[from] recoil|[of] p1a: Jellicent","|move|p1a: Jellicent|Scald|p2a: Zuz-Zuz","|-damage|p2a: Zuz-Zuz|230/374","|","|-heal|p2a: Zuz-Zuz|253/374|[from] item: Black Sludge","|-heal|p1a: Jellicent|111/403 psn|[from] item: Leftovers","|-damage|p1a: Jellicent|61/403 psn|[from] psn","|turn|20","|","|move|p2a: Zuz-Zuz|Brave Bird|p1a: Jellicent","|-damage|p1a: Jellicent|0 fnt","|-damage|p2a: Zuz-Zuz|233/374|[from] recoil|[of] p1a: Jellicent","|faint|p1a: Jellicent","|","|-heal|p2a: Zuz-Zuz|256/374|[from] item: Black Sludge","|","|switch|p1a: I hate this guy|Sableye, F|303/303","|-status|p1a: I hate this guy|psn","|turn|21","|","|detailschange|p1a: I hate this guy|Sableye-Mega, F","|-mega|p1a: I hate this guy|Sableye|Sablenite","|move|p2a: Zuz-Zuz|Taunt|p1a: I hate this guy","|move|p1a: I hate this guy|Taunt|p2a: Zuz-Zuz|[from]Magic Bounce","|-start|p2a: Zuz-Zuz|move: Taunt","|move|p1a: I hate this guy|Dark Pulse|p2a: Zuz-Zuz","|-damage|p2a: Zuz-Zuz|102/374","|","|-heal|p2a: Zuz-Zuz|125/374|[from] item: Black Sludge","|-damage|p1a: I hate this guy|266/303 psn|[from] psn","|turn|22","|","|move|p2a: Zuz-Zuz|Brave Bird|p1a: I hate this guy","|-damage|p1a: I hate this guy|155/303 psn","|-damage|p2a: Zuz-Zuz|88/374|[from] recoil|[of] p1a: I hate this guy","|move|p1a: I hate this guy|Will-O-Wisp|p2a: Zuz-Zuz","|-status|p2a: Zuz-Zuz|brn","|","|-heal|p2a: Zuz-Zuz|111/374 brn|[from] item: Black Sludge","|-damage|p2a: Zuz-Zuz|65/374 brn|[from] brn","|-damage|p1a: I hate this guy|118/303 psn|[from] psn","|turn|23","|","|move|p2a: Zuz-Zuz|Brave Bird|p1a: I hate this guy","|-damage|p1a: I hate this guy|63/303 psn","|-damage|p2a: Zuz-Zuz|47/374 brn|[from] recoil|[of] p1a: I hate this guy","|move|p1a: I hate this guy|Recover|p1a: I hate this guy","|-heal|p1a: I hate this guy|215/303 psn","|","|-heal|p2a: Zuz-Zuz|70/374 brn|[from] item: Black Sludge","|-damage|p2a: Zuz-Zuz|24/374 brn|[from] brn","|-damage|p1a: I hate this guy|178/303 psn|[from] psn","|turn|24","|","|switch|p2a: Epic|Toxicroak, F|307/307","|move|p1a: I hate this guy|Recover|p1a: I hate this guy","|-heal|p1a: I hate this guy|303/303 psn","|","|-damage|p1a: I hate this guy|266/303 psn|[from] psn","|turn|25","|","|move|p2a: Epic|Poison Jab|p1a: I hate this guy","|-resisted|p1a: I hate this guy","|-damage|p1a: I hate this guy|200/303 psn","|-damage|p2a: Epic|277/307|[from] item: Life Orb","|move|p1a: I hate this guy|Will-O-Wisp|p2a: Epic","|-status|p2a: Epic|brn","|","|-damage|p2a: Epic|239/307 brn|[from] brn","|-damage|p1a: I hate this guy|163/303 psn|[from] psn","|turn|26","|","|move|p2a: Epic|Bullet Punch|p1a: I hate this guy","|-damage|p1a: I hate this guy|138/303 psn","|-damage|p2a: Epic|209/307 brn|[from] item: Life Orb","|move|p1a: I hate this guy|Calm Mind|p1a: I hate this guy","|-boost|p1a: I hate this guy|spa|1","|-boost|p1a: I hate this guy|spd|1","|","|-damage|p2a: Epic|171/307 brn|[from] brn","|-damage|p1a: I hate this guy|101/303 psn|[from] psn","|turn|27","|","|move|p2a: Epic|Bullet Punch|p1a: I hate this guy","|-damage|p1a: I hate this guy|76/303 psn","|-damage|p2a: Epic|141/307 brn|[from] item: Life Orb","|move|p1a: I hate this guy|Recover|p1a: I hate this guy","|-heal|p1a: I hate this guy|228/303 psn","|","|-damage|p2a: Epic|103/307 brn|[from] brn","|-damage|p1a: I hate this guy|191/303 psn|[from] psn","|turn|28","|","|move|p2a: Epic|Bullet Punch|p1a: I hate this guy","|-damage|p1a: I hate this guy|169/303 psn","|-damage|p2a: Epic|73/307 brn|[from] item: Life Orb","|move|p1a: I hate this guy|Dark Pulse|p2a: Epic","|-resisted|p2a: Epic","|-damage|p2a: Epic|0 fnt","|faint|p2a: Epic","|","|-damage|p1a: I hate this guy|132/303 psn|[from] psn","|","|switch|p2a: Zuz-Zuz|Crobat, M|24/374 brn","|turn|29","|","|move|p2a: Zuz-Zuz|Brave Bird|p1a: I hate this guy","|-damage|p1a: I hate this guy|77/303 psn","|-damage|p2a: Zuz-Zuz|6/374 brn|[from] recoil|[of] p1a: I hate this guy","|move|p1a: I hate this guy|Recover|p1a: I hate this guy","|-heal|p1a: I hate this guy|229/303 psn","|","|-heal|p2a: Zuz-Zuz|29/374 brn|[from] item: Black Sludge","|-damage|p2a: Zuz-Zuz|0 fnt|[from] brn","|-damage|p1a: I hate this guy|192/303 psn|[from] psn","|faint|p2a: Zuz-Zuz","|","|win|SLGoomy"],"p1rating":{"entryid":"547277","serverid":"eos","formatid":"monotype","userid":"slgoomy","username":"SLGoomy","w":4,"l":"5","t":"0","gxe":45.8,"r":"1468.4903910089","rd":"95.910811331034","sigma":"0","rptime":"1440925200","rpr":1467.5417656439,"rprd":90.030810877876,"rpsigma":"0","acre":1098.317766691,"lacre":1098.317766691,"oldacre":"1075.8456932091"},"p2rating":{"entryid":"670823","serverid":"eos","formatid":"monotype","userid":"slepic","username":"SL Epic","w":"0","l":2,"t":"0","gxe":40.5,"r":"1500","rd":"130","sigma":"0","rptime":"1440925200","rpr":1423.383110524,"rprd":116.42420531877,"rpsigma":"0","acre":1000,"lacre":1000,"oldacre":"1000"},"endType":"normal"}