{"seed":[1016,25381,54560,48324],"turns":26,"p1":"Crystal Blade64","p2":"Hm Rider","p1team":[{"name":"Reckless","species":"staraptor","item":"leftovers","ability":"Intimidate","moves":["bravebird","roost","featherdance","defog"],"nature":"Impish","evs":{"hp":252,"atk":4,"def":252,"spa":0,"spd":0,"spe":0},"ivs":{"hp":31,"atk":31,"def":31,"spa":31,"spd":31,"spe":31}},{"name":"BetterThanYou","species":"ditto","item":"choicescarf","ability":"Imposter","moves":["transform"],"nature":"Bold","evs":{"hp":248,"atk":0,"def":252,"spa":0,"spd":8,"spe":0},"happiness":0,"ivs":{"hp":31,"atk":31,"def":31,"spa":31,"spd":31,"spe":31}},{"name":"Nurse Joy pls","species":"chansey","item":"eviolite","ability":"Natural Cure","moves":["aromatherapy","softboiled","thunderwave","seismictoss"],"nature":"Bold","evs":{"hp":248,"atk":0,"def":252,"spa":0,"spd":8,"spe":0},"ivs":{"hp":31,"atk":31,"def":31,"spa":31,"spd":31,"spe":31}},{"name":"EnergizerBunny","species":"lopunny","item":"lopunnite","ability":"Cute Charm","moves":["fakeout","highjumpkick","icepunch","frustration"],"nature":"Jolly","evs":{"hp":4,"atk":252,"def":0,"spa":0,"spd":0,"spe":252},"happiness":0,"ivs":{"hp":31,"atk":31,"def":31,"spa":31,"spd":31,"spe":31}},{"name":"DownloadFreeRAM","species":"porygon2","item":"eviolite","ability":"Trace","moves":["toxic","recover","icebeam","discharge"],"nature":"Bold","evs":{"hp":248,"atk":0,"def":252,"spa":8,"spd":0,"spe":0},"ivs":{"hp":31,"atk":31,"def":31,"spa":31,"spd":31,"spe":31}},{"name":"Diggersby tho","species":"diggersby","item":"choiceband","ability":"Huge Power","moves":["earthquake","quickattack","frustration","uturn"],"nature":"Adamant","evs":{"hp":4,"atk":252,"def":0,"spa":0,"spd":0,"spe":252},"happiness":0,"ivs":{"hp":31,"atk":31,"def":31,"spa":31,"spd":31,"spe":31}}],"p2team":[{"name":"Keldeo-Resolute","species":"Keldeo-Resolute","item":"lifeorb","ability":"Justified","moves":["scald","secretsword","icywind","aquajet"],"nature":"Timid","evs":{"hp":0,"atk":0,"def":0,"spa":252,"spd":4,"spe":252},"shiny":true,"ivs":{"hp":31,"atk":31,"def":31,"spa":31,"spd":31,"spe":31}},{"name":"Terrakion","species":"Terrakion","item":"leftovers","ability":"Justified","moves":["stealthrock","closecombat","earthquake","stoneedge"],"nature":"Jolly","evs":{"hp":88,"atk":172,"def":4,"spa":0,"spd":0,"spe":244},"shiny":true,"ivs":{"hp":31,"atk":31,"def":31,"spa":31,"spd":31,"spe":31}},{"name":"Hawlucha","species":"Hawlucha","item":"","ability":"Unburden","moves":["brickbreak","acrobatics","poisonjab","highjumpkick"],"nature":"Jolly","evs":{"hp":0,"atk":252,"def":0,"spa":0,"spd":4,"spe":252},"shiny":true,"ivs":{"hp":31,"atk":31,"def":31,"spa":31,"spd":31,"spe":31}},{"name":"Gallade","species":"Gallade","item":"galladite","ability":"Steadfast","moves":["swordsdance","shadowsneak","psychocut","drainpunch"],"nature":"Jolly","evs":{"hp":0,"atk":252,"def":0,"spa":0,"spd":4,"spe":252},"shiny":true,"ivs":{"hp":31,"atk":31,"def":31,"spa":31,"spd":31,"spe":31}},{"name":"Breloom","species":"Breloom","item":"toxicorb","ability":"Poison Heal","moves":["spore","protect","leechseed","seedbomb"],"nature":"Jolly","evs":{"hp":252,"atk":4,"def":0,"spa":0,"spd":0,"spe":252},"shiny":true,"ivs":{"hp":31,"atk":31,"def":31,"spa":31,"spd":31,"spe":31}},{"name":"Mienshao","species":"Mienshao","item":"choicescarf","ability":"Reckless","moves":["highjumpkick","poisonjab","knockoff","stoneedge"],"nature":"Jolly","evs":{"hp":0,"atk":252,"def":0,"spa":0,"spd":4,"spe":252},"shiny":true,"ivs":{"hp":31,"atk":31,"def":31,"spa":31,"spd":31,"spe":31}}],"log":["|player|p1|Crystal Blade64|165","|player|p2|Hm Rider|13","|gametype|singles","|gen|6","|tier|Monotype","|rated","|rule|Baton Pass Clause: Limit one Baton Passer, can't pass Spe and other stats simultaneously","|rule|Swagger Clause: Swagger is banned","|rule|Same Type Clause: Pokémon in a team must share a type","|clearpoke","|poke|p1|Staraptor, M","|poke|p1|Ditto","|poke|p1|Chansey, F","|poke|p1|Lopunny, M","|poke|p1|Porygon2","|poke|p1|Diggersby, F","|poke|p2|Keldeo-Resolute, shiny","|poke|p2|Terrakion, shiny","|poke|p2|Hawlucha, F, shiny","|poke|p2|Gallade, M, shiny","|poke|p2|Breloom, F, shiny","|poke|p2|Mienshao, M, shiny","|rule|Sleep Clause Mod: Limit one foe put to sleep","|rule|Species Clause: Limit one of each Pokémon","|rule|OHKO Clause: OHKO moves are banned","|rule|Moody Clause: Moody is banned","|rule|Evasion Moves Clause: Evasion moves are banned","|rule|Endless Battle Clause: Forcing endless battles is banned","|rule|HP Percentage Mod: HP is shown in percentages","|teampreview","|","|start","|switch|p1a: Diggersby tho|Diggersby, F|312/312","|switch|p2a: Gallade|Gallade, M, shiny|277/277","|turn|1","|","|switch|p1a: Reckless|Staraptor, M|374/374","|-ability|p1a: Reckless|Intimidate","|-unboost|p2a: Gallade|atk|1","|detailschange|p2a: Gallade|Gallade-Mega, M, shiny","|-mega|p2a: Gallade|Gallade|Galladite","|move|p2a: Gallade|Drain Punch|p1a: Reckless","|-damage|p1a: Reckless|275/374","|","|-heal|p1a: Reckless|298/374|[from] item: Leftovers","|turn|2","|","|switch|p2a: Terrakion|Terrakion, shiny|345/345","|move|p1a: Reckless|Feather Dance|p2a: Terrakion","|-unboost|p2a: Terrakion|atk|2","|","|-heal|p1a: Reckless|321/374|[from] item: Leftovers","|turn|3","|","|switch|p1a: Diggersby tho|Diggersby, F|312/312","|move|p2a: Terrakion|Stealth Rock|p1a: Diggersby tho","|-sidestart|p1: Crystal Blade64|move: Stealth Rock","|","|turn|4","|","|switch|p2a: Breloom|Breloom, F, shiny|324/324","|move|p1a: Diggersby tho|Earthquake|p2a: Breloom","|-resisted|p2a: Breloom","|-damage|p2a: Breloom|115/324","|","|-status|p2a: Breloom|tox|[from] item: Toxic Orb","|turn|5","|","|move|p2a: Breloom|Protect|p2a: Breloom","|-singleturn|p2a: Breloom|Protect","|move|p1a: Diggersby tho|Earthquake|p2a: Breloom","|-activate|p2a: Breloom|Protect","|","|-heal|p2a: Breloom|155/324 tox|[from] ability: Poison Heal","|turn|6","|","|move|p2a: Breloom|Spore|p1a: Diggersby tho","|-status|p1a: Diggersby tho|slp","|cant|p1a: Diggersby tho|slp","|","|-heal|p2a: Breloom|195/324 tox|[from] ability: Poison Heal","|turn|7","|","|switch|p1a: Reckless|Staraptor, M|321/374","|-damage|p1a: Reckless|228/374|[from] Stealth Rock","|-ability|p1a: Reckless|Intimidate","|-unboost|p2a: Breloom|atk|1","|move|p2a: Breloom|Seed Bomb|p1a: Reckless","|-resisted|p1a: Reckless","|-damage|p1a: Reckless|195/374","|","|-heal|p1a: Reckless|218/374|[from] item: Leftovers","|-heal|p2a: Breloom|235/324 tox|[from] ability: Poison Heal","|turn|8","|","|switch|p2a: Terrakion|Terrakion, shiny|345/345","|move|p1a: Reckless|Brave Bird|p2a: Terrakion","|-damage|p2a: Terrakion|165/345","|-damage|p1a: Reckless|159/374|[from] recoil|[of] p2a: Terrakion","|","|-heal|p2a: Terrakion|186/345|[from] item: Leftovers","|-heal|p1a: Reckless|182/374|[from] item: Leftovers","|turn|9","|","|move|p2a: Terrakion|Stone Edge|p1a: Reckless","|-supereffective|p1a: Reckless","|-damage|p1a: Reckless|0 fnt","|faint|p1a: Reckless","|","|-heal|p2a: Terrakion|207/345|[from] item: Leftovers","|","|switch|p1a: EnergizerBunny|Lopunny, M|272/272","|-damage|p1a: EnergizerBunny|238/272|[from] Stealth Rock","|turn|10","|","|detailschange|p1a: EnergizerBunny|Lopunny-Mega, M","|-mega|p1a: EnergizerBunny|Lopunny|Lopunnite","|move|p1a: EnergizerBunny|Fake Out|p2a: Terrakion","|-resisted|p2a: Terrakion","|-damage|p2a: Terrakion|166/345","|cant|p2a: Terrakion|flinch","|","|-heal|p2a: Terrakion|187/345|[from] item: Leftovers","|turn|11","|","|switch|p2a: Hawlucha|Hawlucha, F, shiny|297/297","|move|p1a: EnergizerBunny|High Jump Kick|p2a: Hawlucha","|-resisted|p2a: Hawlucha","|-damage|p2a: Hawlucha|147/297","|","|turn|12","|","|move|p1a: EnergizerBunny|Frustration|p2a: Hawlucha","|-damage|p2a: Hawlucha|0 fnt","|faint|p2a: Hawlucha","|","|","|switch|p2a: Mienshao|Mienshao, M, shiny|271/271","|turn|13","|","|move|p2a: Mienshao|High Jump Kick|p1a: EnergizerBunny|[miss]","|-miss|p2a: Mienshao|p1a: EnergizerBunny","|-damage|p2a: Mienshao|136/271|[from] highjumpkick","|move|p1a: EnergizerBunny|High Jump Kick|p2a: Mienshao","|-damage|p2a: Mienshao|0 fnt","|faint|p2a: Mienshao","|","|","|switch|p2a: Gallade|Gallade-Mega, M, shiny|277/277","|turn|14","|","|move|p1a: EnergizerBunny|Frustration|p2a: Gallade","|-damage|p2a: Gallade|76/277","|move|p2a: Gallade|Drain Punch|p1a: EnergizerBunny","|-supereffective|p1a: EnergizerBunny","|-damage|p1a: EnergizerBunny|0 fnt","|-heal|p2a: Gallade|195/277|[from] drain|[of] p1a: EnergizerBunny","|faint|p1a: EnergizerBunny","|","|","|switch|p1a: BetterThanYou|Ditto|299/299","|-damage|p1a: BetterThanYou|262/299|[from] Stealth Rock","|-transform|p1a: BetterThanYou|p2a: Gallade","|turn|15","|","|move|p2a: Gallade|Shadow Sneak|p1a: BetterThanYou","|-supereffective|p1a: BetterThanYou","|-damage|p1a: BetterThanYou|140/299","|move|p1a: BetterThanYou|Psycho Cut|p2a: Gallade","|-damage|p2a: Gallade|51/277","|","|turn|16","|","|move|p2a: Gallade|Shadow Sneak|p1a: BetterThanYou","|-crit|p1a: BetterThanYou","|-supereffective|p1a: BetterThanYou","|-damage|p1a: BetterThanYou|0 fnt","|faint|p1a: BetterThanYou","|","|","|switch|p1a: Nurse Joy pls|Chansey, F|703/703","|-damage|p1a: Nurse Joy pls|616/703|[from] Stealth Rock","|turn|17","|","|move|p2a: Gallade|Drain Punch|p1a: Nurse Joy pls","|-supereffective|p1a: Nurse Joy pls","|-damage|p1a: Nurse Joy pls|158/703","|-heal|p2a: Gallade|277/277|[from] drain|[of] p1a: Nurse Joy pls","|move|p1a: Nurse Joy pls|Thunder Wave|p2a: Gallade","|-status|p2a: Gallade|par","|","|turn|18","|","|move|p1a: Nurse Joy pls|Aromatherapy|p1a: Nurse Joy pls","|-cureteam|p1a: Nurse Joy pls|[from] move: Aromatherapy","|move|p2a: Gallade|Swords Dance|p2a: Gallade","|-boost|p2a: Gallade|atk|2","|","|turn|19","|","|cant|p2a: Gallade|par","|move|p1a: Nurse Joy pls|Seismic Toss|p2a: Gallade","|-damage|p2a: Gallade|177/277 par","|","|turn|20","|","|move|p1a: Nurse Joy pls|Seismic Toss|p2a: Gallade","|-damage|p2a: Gallade|77/277 par","|cant|p2a: Gallade|par","|","|turn|21","|","|move|p1a: Nurse Joy pls|Seismic Toss|p2a: Gallade","|-damage|p2a: Gallade|0 fnt","|faint|p2a: Gallade","|","|","|switch|p2a: Terrakion|Terrakion, shiny|187/345","|turn|22","|","|move|p2a: Terrakion|Close Combat|p1a: Nurse Joy pls","|-crit|p1a: Nurse Joy pls","|-supereffective|p1a: Nurse Joy pls","|-damage|p1a: Nurse Joy pls|0 fnt","|-unboost|p2a: Terrakion|def|1","|-unboost|p2a: Terrakion|spd|1","|faint|p1a: Nurse Joy pls","|","|-heal|p2a: Terrakion|208/345|[from] item: Leftovers","|","|switch|p1a: DownloadFreeRAM|Porygon2|373/373","|-damage|p1a: DownloadFreeRAM|327/373|[from] Stealth Rock","|-ability|p1a: DownloadFreeRAM|Justified|[from] ability: Trace|[of] p2a: Terrakion","|turn|23","|","|move|p2a: Terrakion|Close Combat|p1a: DownloadFreeRAM","|-supereffective|p1a: DownloadFreeRAM","|-damage|p1a: DownloadFreeRAM|135/373","|-unboost|p2a: Terrakion|def|1","|-unboost|p2a: Terrakion|spd|1","|move|p1a: DownloadFreeRAM|Discharge|p2a: Terrakion","|-damage|p2a: Terrakion|54/345","|","|-heal|p2a: Terrakion|75/345|[from] item: Leftovers","|turn|24","|","|move|p2a: Terrakion|Close Combat|p1a: DownloadFreeRAM","|-supereffective|p1a: DownloadFreeRAM","|-damage|p1a: DownloadFreeRAM|0 fnt","|-unboost|p2a: Terrakion|def|1","|-unboost|p2a: Terrakion|spd|1","|faint|p1a: DownloadFreeRAM","|","|-heal|p2a: Terrakion|96/345|[from] item: Leftovers","|","|switch|p1a: Diggersby tho|Diggersby, F|312/312","|-damage|p1a: Diggersby tho|293/312|[from] Stealth Rock","|turn|25","|","|move|p1a: Diggersby tho|Quick Attack|p2a: Terrakion","|-resisted|p2a: Terrakion","|-damage|p2a: Terrakion|0 fnt","|faint|p2a: Terrakion","|","|","|switch|p2a: Keldeo-Resolute|Keldeo-Resolute, shiny|323/323","|turn|26","|","|move|p1a: Diggersby tho|Quick Attack|p2a: Keldeo-Resolute","|-damage|p2a: Keldeo-Resolute|169/323","|move|p2a: Keldeo-Resolute|Scald|p1a: Diggersby tho","|-supereffective|p1a: Diggersby tho","|-damage|p1a: Diggersby tho|0 fnt","|-damage|p2a: Keldeo-Resolute|137/323|[from] item: Life Orb","|faint|p1a: Diggersby tho","|","|win|Hm Rider"],"p1rating":{"entryid":"73557","serverid":"eos","formatid":"monotype","userid":"crystalblade64","username":"Crystal Blade64","w":"23","l":12,"t":"0","gxe":64.2,"r":"1614.9763037679","rd":"61.885878768628","sigma":"0","rptime":"1440925200","rpr":1611.4388047003,"rprd":58.187862105096,"rpsigma":"0","acre":1152.7759112694,"lacre":1152.7759112694,"oldacre":"1184.7133102921"},"p2rating":{"entryid":"552316","serverid":"eos","formatid":"monotype","userid":"hmrider","username":"Hm Rider","w":11,"l":"10","t":"0","gxe":53,"r":"1523.8678000592","rd":"74.021608155443","sigma":"0","rptime":"1440925200","rpr":1523.0126445586,"rprd":68.805841495934,"rpsigma":"0","acre":1120.3821610221,"lacre":1120.3821610221,"oldacre":"1085.7056077437"},"endType":"normal"}