{"seed":[40629,29640,33544,65104],"turns":26,"p1":"Jiraqua","p2":"OkamiNine","p1team":[{"name":"Gastrodon","species":"Gastrodon","item":"leftovers","ability":"Sticky Hold","moves":["scald","toxic","recover","earthpower"],"nature":"Bold","evs":{"hp":252,"atk":0,"def":120,"spa":0,"spd":124,"spe":12},"ivs":{"hp":31,"atk":31,"def":31,"spa":31,"spd":31,"spe":31}},{"name":"Jellicent","species":"Jellicent","item":"leftovers","ability":"Cursed Body","moves":["scald","recover","toxic","taunt"],"nature":"","evs":{"hp":252,"atk":0,"def":252,"spa":4,"spd":0,"spe":0},"ivs":{"hp":31,"atk":31,"def":31,"spa":31,"spd":31,"spe":31}},{"name":"Rotom-Wash","species":"Rotom-Wash","item":"leftovers","ability":"Levitate","moves":["hydropump","voltswitch","painsplit","willowisp"],"nature":"Timid","evs":{"hp":0,"atk":0,"def":0,"spa":252,"spd":0,"spe":252},"ivs":{"hp":31,"atk":31,"def":31,"spa":31,"spd":31,"spe":31}},{"name":"Milotic","species":"Milotic","item":"leftovers","ability":"Marvel Scale","moves":["haze","recover","scald","icebeam"],"nature":"Bold","evs":{"hp":0,"atk":0,"def":252,"spa":4,"spd":252,"spe":0},"ivs":{"hp":31,"atk":31,"def":31,"spa":31,"spd":31,"spe":31}},{"name":"Gyarados","species":"Gyarados","item":"gyaradosite","ability":"Intimidate","moves":["dragondance","crunch","waterfall","earthquake"],"nature":"Adamant","evs":{"hp":0,"atk":252,"def":0,"spa":0,"spd":4,"spe":252},"ivs":{"hp":31,"atk":31,"def":31,"spa":31,"spd":31,"spe":31}},{"name":"Starmie","species":"Starmie","item":"lifeorb","ability":"Natural Cure","moves":["icebeam","surf","thunderbolt","psychic"],"nature":"Timid","evs":{"hp":0,"atk":0,"def":0,"spa":252,"spd":4,"spe":252},"ivs":{"hp":31,"atk":31,"def":31,"spa":31,"spd":31,"spe":31}}],"p2team":[{"name":"Escavalier","species":"Escavalier","item":"leftovers","ability":"Overcoat","moves":["swordsdance","knockoff","megahorn","aerialace"],"nature":"Adamant","evs":{"hp":244,"atk":168,"def":0,"spa":0,"spd":0,"spe":96},"ivs":{"hp":31,"atk":31,"def":31,"spa":31,"spd":31,"spe":31}},{"name":"Heatran","species":"Heatran","item":"leftovers","ability":"Flash Fire","moves":["lavaplume","stealthrock","protect","earthpower"],"nature":"Calm","evs":{"hp":250,"atk":0,"def":0,"spa":4,"spd":248,"spe":6},"ivs":{"hp":31,"atk":31,"def":31,"spa":31,"spd":31,"spe":31}},{"name":"Skarmory","species":"Skarmory","item":"rockyhelmet","ability":"Sturdy","moves":["drillpeck","roost","toxic","whirlwind"],"nature":"Impish","evs":{"hp":248,"atk":0,"def":236,"spa":0,"spd":0,"spe":24},"ivs":{"hp":31,"atk":31,"def":31,"spa":31,"spd":31,"spe":31}},{"name":"Empoleon","species":"Empoleon","item":"assaultvest","ability":"Torrent","moves":["surf","grassknot","icebeam","aquajet"],"nature":"Mild","evs":{"hp":248,"atk":8,"def":0,"spa":252,"spd":0,"spe":0},"ivs":{"hp":31,"atk":31,"def":31,"spa":31,"spd":31,"spe":31}},{"name":"Excadrill","species":"Excadrill","item":"choicescarf","ability":"Mold Breaker","moves":["earthquake","rapidspin","rockslide","ironhead"],"nature":"Jolly","evs":{"hp":0,"atk":252,"def":0,"spa":0,"spd":4,"spe":252},"ivs":{"hp":31,"atk":31,"def":31,"spa":31,"spd":31,"spe":31}},{"name":"Magnezone","species":"Magnezone","item":"choicescarf","ability":"Magnet Pull","moves":["hiddenpowerice","flashcannon","voltswitch","thunderbolt"],"nature":"Timid","evs":{"hp":0,"atk":0,"def":0,"spa":252,"spd":4,"spe":252},"ivs":{"hp":31,"atk":30,"def":30,"spa":31,"spd":31,"spe":31}}],"log":["|player|p1|Jiraqua|33","|player|p2|OkamiNine|146","|gametype|singles","|gen|6","|tier|Monotype","|rated","|rule|Baton Pass Clause: Limit one Baton Passer, can't pass Spe and other stats simultaneously","|rule|Swagger Clause: Swagger is banned","|rule|Same Type Clause: Pokémon in a team must share a type","|clearpoke","|poke|p1|Gastrodon, F","|poke|p1|Jellicent, M","|poke|p1|Rotom-Wash","|poke|p1|Milotic, F","|poke|p1|Gyarados, F","|poke|p1|Starmie","|poke|p2|Escavalier, F","|poke|p2|Heatran, M","|poke|p2|Skarmory, F","|poke|p2|Empoleon, M","|poke|p2|Excadrill, M","|poke|p2|Magnezone","|rule|Sleep Clause Mod: Limit one foe put to sleep","|rule|Species Clause: Limit one of each Pokémon","|rule|OHKO Clause: OHKO moves are banned","|rule|Moody Clause: Moody is banned","|rule|Evasion Moves Clause: Evasion moves are banned","|rule|Endless Battle Clause: Forcing endless battles is banned","|rule|HP Percentage Mod: HP is shown in percentages","|teampreview","|","|start","|switch|p1a: Rotom-Wash|Rotom-Wash|241/241","|switch|p2a: Escavalier|Escavalier, F|342/342","|turn|1","|","|move|p1a: Rotom-Wash|Will-O-Wisp|p2a: Escavalier","|-status|p2a: Escavalier|brn","|move|p2a: Escavalier|Swords Dance|p2a: Escavalier","|-boost|p2a: Escavalier|atk|2","|","|-damage|p2a: Escavalier|300/342 brn|[from] brn","|turn|2","|","|move|p1a: Rotom-Wash|Hydro Pump|p2a: Escavalier","|-damage|p2a: Escavalier|138/342 brn","|move|p2a: Escavalier|Megahorn|p1a: Rotom-Wash","|-damage|p1a: Rotom-Wash|21/241","|","|-heal|p1a: Rotom-Wash|36/241|[from] item: Leftovers","|-heal|p2a: Escavalier|159/342 brn|[from] item: Leftovers","|-damage|p2a: Escavalier|117/342 brn|[from] brn","|turn|3","|","|move|p1a: Rotom-Wash|Volt Switch|p2a: Escavalier","|-damage|p2a: Escavalier|18/342 brn","|","|switch|p1a: Jellicent|Jellicent, M|404/404","|move|p2a: Escavalier|Knock Off|p1a: Jellicent","|-supereffective|p1a: Jellicent","|-damage|p1a: Jellicent|158/404","|-start|p2a: Escavalier|Disable|Knock Off","|-enditem|p1a: Jellicent|Leftovers|[from] move: Knock Off|[of] p2a: Escavalier","|","|-heal|p2a: Escavalier|39/342 brn|[from] item: Leftovers","|-damage|p2a: Escavalier|0 fnt|[from] brn","|faint|p2a: Escavalier","|","|switch|p2a: Magnezone|Magnezone|281/281","|turn|4","|","|move|p2a: Magnezone|Volt Switch|p1a: Jellicent","|-supereffective|p1a: Jellicent","|-damage|p1a: Jellicent|0 fnt","|faint|p1a: Jellicent","|","|switch|p2a: Heatran|Heatran, M|385/385","|","|","|switch|p1a: Gastrodon|Gastrodon, F|426/426","|turn|5","|","|move|p2a: Heatran|Stealth Rock|p1a: Gastrodon","|-sidestart|p1: Jiraqua|move: Stealth Rock","|move|p1a: Gastrodon|Earth Power|p2a: Heatran","|-supereffective|p2a: Heatran","|-damage|p2a: Heatran|121/385","|","|-heal|p2a: Heatran|145/385|[from] item: Leftovers","|turn|6","|","|move|p2a: Heatran|Protect|p2a: Heatran","|-singleturn|p2a: Heatran|Protect","|move|p1a: Gastrodon|Earth Power|p2a: Heatran","|-activate|p2a: Heatran|Protect","|","|-heal|p2a: Heatran|169/385|[from] item: Leftovers","|turn|7","|","|move|p2a: Heatran|Lava Plume|p1a: Gastrodon","|-resisted|p1a: Gastrodon","|-damage|p1a: Gastrodon|370/426","|move|p1a: Gastrodon|Earth Power|p2a: Heatran","|-supereffective|p2a: Heatran","|-damage|p2a: Heatran|0 fnt","|faint|p2a: Heatran","|","|-heal|p1a: Gastrodon|396/426|[from] item: Leftovers","|","|switch|p2a: Empoleon|Empoleon, M|371/371","|turn|8","|","|move|p2a: Empoleon|Grass Knot|p1a: Gastrodon","|-crit|p1a: Gastrodon","|-supereffective|p1a: Gastrodon","|-damage|p1a: Gastrodon|0 fnt","|faint|p1a: Gastrodon","|","|","|switch|p1a: Starmie|Starmie|261/261","|-damage|p1a: Starmie|229/261|[from] Stealth Rock","|turn|9","|","|move|p1a: Starmie|Thunderbolt|p2a: Empoleon","|-crit|p2a: Empoleon","|-supereffective|p2a: Empoleon","|-damage|p2a: Empoleon|140/371","|-damage|p1a: Starmie|203/261|[from] item: Life Orb","|move|p2a: Empoleon|Grass Knot|p1a: Starmie","|-supereffective|p1a: Starmie","|-damage|p1a: Starmie|0 fnt","|faint|p1a: Starmie","|","|","|switch|p1a: Gyarados|Gyarados, F|331/331","|-damage|p1a: Gyarados|249/331|[from] Stealth Rock","|-ability|p1a: Gyarados|Intimidate","|-unboost|p2a: Empoleon|atk|1","|turn|10","|","|switch|p2a: Skarmory|Skarmory, F|333/333","|move|p1a: Gyarados|Dragon Dance|p1a: Gyarados","|-boost|p1a: Gyarados|atk|1","|-boost|p1a: Gyarados|spe|1","|","|turn|11","|","|detailschange|p1a: Gyarados|Gyarados-Mega, F","|-mega|p1a: Gyarados|Gyarados|Gyaradosite","|-ability|p1a: Gyarados|Mold Breaker","|move|p1a: Gyarados|Waterfall|p2a: Skarmory","|-damage|p2a: Skarmory|182/333","|-damage|p1a: Gyarados|194/331|[from] item: Rocky Helmet|[of] p2a: Skarmory","|move|p2a: Skarmory|Toxic|p1a: Gyarados","|-status|p1a: Gyarados|tox","|","|-damage|p1a: Gyarados|174/331 tox|[from] psn","|turn|12","|","|move|p1a: Gyarados|Waterfall|p2a: Skarmory","|-damage|p2a: Skarmory|35/333","|-damage|p1a: Gyarados|119/331 tox|[from] item: Rocky Helmet|[of] p2a: Skarmory","|move|p2a: Skarmory|Whirlwind|p1a: Gyarados","|drag|p1a: Milotic|Milotic, F|331/331","|-damage|p1a: Milotic|290/331|[from] Stealth Rock","|","|-heal|p1a: Milotic|310/331|[from] item: Leftovers","|turn|13","|","|move|p1a: Milotic|Scald|p2a: Skarmory","|-damage|p2a: Skarmory|0 fnt","|faint|p2a: Skarmory","|","|-heal|p1a: Milotic|330/331|[from] item: Leftovers","|","|switch|p2a: Empoleon|Empoleon, M|140/371","|turn|14","|","|move|p1a: Milotic|Scald|p2a: Empoleon","|-resisted|p2a: Empoleon","|-damage|p2a: Empoleon|111/371","|move|p2a: Empoleon|Grass Knot|p1a: Milotic","|-supereffective|p1a: Milotic","|-damage|p1a: Milotic|172/331","|","|-heal|p1a: Milotic|192/331|[from] item: Leftovers","|turn|15","|","|move|p1a: Milotic|Scald|p2a: Empoleon","|-resisted|p2a: Empoleon","|-damage|p2a: Empoleon|81/371","|move|p2a: Empoleon|Grass Knot|p1a: Milotic","|-supereffective|p1a: Milotic","|-damage|p1a: Milotic|34/331","|","|-heal|p1a: Milotic|54/331|[from] item: Leftovers","|turn|16","|","|move|p1a: Milotic|Recover|p1a: Milotic","|-heal|p1a: Milotic|220/331","|move|p2a: Empoleon|Grass Knot|p1a: Milotic","|-supereffective|p1a: Milotic","|-damage|p1a: Milotic|50/331","|","|-heal|p1a: Milotic|70/331|[from] item: Leftovers","|turn|17","|","|move|p1a: Milotic|Recover|p1a: Milotic","|-heal|p1a: Milotic|236/331","|move|p2a: Empoleon|Grass Knot|p1a: Milotic","|-supereffective|p1a: Milotic","|-damage|p1a: Milotic|76/331","|","|-heal|p1a: Milotic|96/331|[from] item: Leftovers","|turn|18","|","|move|p1a: Milotic|Recover|p1a: Milotic","|-heal|p1a: Milotic|262/331","|move|p2a: Empoleon|Grass Knot|p1a: Milotic","|-supereffective|p1a: Milotic","|-damage|p1a: Milotic|104/331","|","|-heal|p1a: Milotic|124/331|[from] item: Leftovers","|turn|19","|","|move|p1a: Milotic|Recover|p1a: Milotic","|-heal|p1a: Milotic|290/331","|move|p2a: Empoleon|Grass Knot|p1a: Milotic","|-supereffective|p1a: Milotic","|-damage|p1a: Milotic|118/331","|","|-heal|p1a: Milotic|138/331|[from] item: Leftovers","|turn|20","|","|move|p1a: Milotic|Recover|p1a: Milotic","|-heal|p1a: Milotic|304/331","|move|p2a: Empoleon|Grass Knot|p1a: Milotic","|-supereffective|p1a: Milotic","|-damage|p1a: Milotic|156/331","|","|-heal|p1a: Milotic|176/331|[from] item: Leftovers","|turn|21","|","|move|p1a: Milotic|Recover|p1a: Milotic","|-heal|p1a: Milotic|331/331","|move|p2a: Empoleon|Surf|p1a: Milotic","|-resisted|p1a: Milotic","|-damage|p1a: Milotic|257/331","|","|-heal|p1a: Milotic|277/331|[from] item: Leftovers","|turn|22","|","|move|p1a: Milotic|Scald|p2a: Empoleon","|-resisted|p2a: Empoleon","|-damage|p2a: Empoleon|52/371","|-status|p2a: Empoleon|brn","|move|p2a: Empoleon|Grass Knot|p1a: Milotic","|-supereffective|p1a: Milotic","|-damage|p1a: Milotic|119/331","|","|-heal|p1a: Milotic|139/331|[from] item: Leftovers","|-damage|p2a: Empoleon|6/371 brn|[from] brn","|turn|23","|","|move|p1a: Milotic|Recover|p1a: Milotic","|-heal|p1a: Milotic|305/331","|move|p2a: Empoleon|Grass Knot|p1a: Milotic","|-supereffective|p1a: Milotic","|-damage|p1a: Milotic|155/331","|","|-heal|p1a: Milotic|175/331|[from] item: Leftovers","|-damage|p2a: Empoleon|0 fnt|[from] brn","|faint|p2a: Empoleon","|","|switch|p2a: Magnezone|Magnezone|281/281","|turn|24","|","|move|p2a: Magnezone|Thunderbolt|p1a: Milotic","|-supereffective|p1a: Milotic","|-damage|p1a: Milotic|0 fnt","|faint|p1a: Milotic","|","|","|switch|p1a: Rotom-Wash|Rotom-Wash|36/241","|-damage|p1a: Rotom-Wash|6/241|[from] Stealth Rock","|turn|25","|","|move|p2a: Magnezone|Thunderbolt|p1a: Rotom-Wash","|-damage|p1a: Rotom-Wash|0 fnt","|faint|p1a: Rotom-Wash","|","|","|switch|p1a: Gyarados|Gyarados-Mega, F|119/331 tox","|-damage|p1a: Gyarados|78/331 tox|[from] Stealth Rock","|-ability|p1a: Gyarados|Mold Breaker","|turn|26","|","|move|p2a: Magnezone|Thunderbolt|p1a: Gyarados","|-supereffective|p1a: Gyarados","|-damage|p1a: Gyarados|0 fnt","|faint|p1a: Gyarados","|","|win|OkamiNine"],"p1rating":{"entryid":"583775","serverid":"eos","formatid":"monotype","userid":"jiraqua","username":"Jiraqua","w":"0","l":4,"t":"0","gxe":38.7,"r":"1421.9942424984","rd":"111.92088739925","sigma":"0","rptime":"1440925200","rpr":1409.1810760782,"rprd":108.70211094892,"rpsigma":"0","acre":1000,"lacre":1000,"oldacre":"1000"},"p2rating":{"entryid":"629886","serverid":"eos","formatid":"monotype","userid":"okaminine","username":"OkamiNine","w":9,"l":"0","t":"0","gxe":73.7,"r":"1677.246161481","rd":"95.525184910954","sigma":"0","rptime":"1440925200","rpr":1700.5369652565,"rprd":91.067811615568,"rpsigma":"0","acre":1211.7751203435,"lacre":1211.7751203435,"oldacre":"1199.7492902512"},"endType":"normal"}