{"seed":[44129,14798,14622,1660],"turns":23,"p1":"Guard Wanderer","p2":"Sovereign♕Genesect","p1team":[{"name":"Tentacruel","species":"Tentacruel","item":"assaultvest","ability":"Liquid Ooze","moves":["scald","acidspray","gigadrain","hex"],"nature":"Timid","evs":{"hp":4,"atk":0,"def":0,"spa":252,"spd":0,"spe":252},"ivs":{"hp":31,"atk":31,"def":31,"spa":31,"spd":31,"spe":31}},{"name":"Venusaur","species":"Venusaur","item":"bigroot","ability":"Overgrow","moves":["gigadrain","leechseed","substitute","grassyterrain"],"nature":"Calm","evs":{"hp":248,"atk":0,"def":0,"spa":8,"spd":252,"spe":0},"ivs":{"hp":31,"atk":31,"def":31,"spa":31,"spd":31,"spe":31}},{"name":"Weezing","species":"Weezing","item":"sitrusberry","ability":"Levitate","moves":["toxicspikes","memento","willowisp","thief"],"nature":"Calm","evs":{"hp":248,"atk":0,"def":8,"spa":0,"spd":252,"spe":0},"ivs":{"hp":31,"atk":31,"def":31,"spa":31,"spd":31,"spe":31}},{"name":"Skuntank","species":"Skuntank","item":"","ability":"Stench","moves":["suckerpunch","snatch","thief","poisonjab"],"nature":"Adamant","evs":{"hp":248,"atk":252,"def":0,"spa":0,"spd":8,"spe":0},"ivs":{"hp":31,"atk":31,"def":31,"spa":31,"spd":31,"spe":31}},{"name":"Muk","species":"Muk","item":"blacksludge","ability":"Sticky Hold","moves":["curse","firepunch","icepunch","shadowsneak"],"nature":"Adamant","evs":{"hp":252,"atk":252,"def":0,"spa":0,"spd":4,"spe":0},"ivs":{"hp":31,"atk":31,"def":31,"spa":31,"spd":31,"spe":31}},{"name":"Gengar","species":"Gengar","item":"choicescarf","ability":"Levitate","moves":["destinybond","trick","hex","venoshock"],"nature":"Timid","evs":{"hp":0,"atk":0,"def":0,"spa":252,"spd":4,"spe":252},"ivs":{"hp":31,"atk":31,"def":31,"spa":31,"spd":31,"spe":31}}],"p2team":[{"name":"Keldeo","species":"Keldeo","item":"choicespecs","ability":"Justified","moves":["secretsword","focusblast","hydropump","hiddenpowerghost"],"nature":"Timid","evs":{"hp":0,"atk":0,"def":0,"spa":252,"spd":4,"spe":252},"ivs":{"hp":31,"atk":31,"def":30,"spa":31,"spd":30,"spe":31}},{"name":"Starmie","species":"Starmie","item":"lifeorb","ability":"Natural Cure","moves":["thunderbolt","dazzlinggleam","psyshock","hydropump"],"nature":"Timid","evs":{"hp":0,"atk":0,"def":0,"spa":252,"spd":4,"spe":252},"ivs":{"hp":31,"atk":31,"def":31,"spa":31,"spd":31,"spe":31}},{"name":"Rotom-Wash","species":"Rotom-Wash","item":"choicescarf","ability":"Levitate","moves":["trick","voltswitch","willowisp","hydropump"],"nature":"Timid","evs":{"hp":0,"atk":0,"def":0,"spa":252,"spd":4,"spe":252},"ivs":{"hp":31,"atk":31,"def":31,"spa":31,"spd":31,"spe":31}},{"name":"Manaphy","species":"Manaphy","item":"lifeorb","ability":"Hydration","moves":["tailglow","icebeam","surf","shadowball"],"nature":"Timid","evs":{"hp":0,"atk":0,"def":0,"spa":252,"spd":4,"spe":252},"ivs":{"hp":31,"atk":31,"def":31,"spa":31,"spd":31,"spe":31}},{"name":"Gyarados","species":"Gyarados","item":"gyaradosite","ability":"Intimidate","moves":["dragondance","crunch","waterfall","earthquake"],"nature":"Adamant","evs":{"hp":0,"atk":252,"def":0,"spa":0,"spd":4,"spe":252},"ivs":{"hp":31,"atk":31,"def":31,"spa":31,"spd":31,"spe":31}},{"name":"Gastrodon","species":"Gastrodon","item":"leftovers","ability":"Storm Drain","moves":["icebeam","recover","scald","toxic"],"nature":"Bold","evs":{"hp":252,"atk":0,"def":252,"spa":4,"spd":0,"spe":0},"ivs":{"hp":31,"atk":31,"def":31,"spa":31,"spd":31,"spe":31}}],"log":["|player|p1|Guard Wanderer|235","|player|p2|Sovereign♕Genesect|1","|gametype|singles","|gen|6","|tier|Monotype","|rated","|rule|Baton Pass Clause: Limit one Baton Passer, can't pass Spe and other stats simultaneously","|rule|Swagger Clause: Swagger is banned","|rule|Same Type Clause: Pokémon in a team must share a type","|clearpoke","|poke|p1|Tentacruel, F","|poke|p1|Venusaur, F","|poke|p1|Weezing, F","|poke|p1|Skuntank, F","|poke|p1|Muk, M","|poke|p1|Gengar, F","|poke|p2|Keldeo","|poke|p2|Starmie","|poke|p2|Rotom-Wash","|poke|p2|Manaphy","|poke|p2|Gyarados, F","|poke|p2|Gastrodon, F","|rule|Sleep Clause Mod: Limit one foe put to sleep","|rule|Species Clause: Limit one of each Pokémon","|rule|OHKO Clause: OHKO moves are banned","|rule|Moody Clause: Moody is banned","|rule|Evasion Moves Clause: Evasion moves are banned","|rule|Endless Battle Clause: Forcing endless battles is banned","|rule|HP Percentage Mod: HP is shown in percentages","|teampreview","|","|start","|switch|p1a: Weezing|Weezing, F|333/333","|switch|p2a: Rotom-Wash|Rotom-Wash|241/241","|turn|1","|","|move|p2a: Rotom-Wash|Trick|p1a: Weezing","|-activate|p2a: Rotom-Wash|move: Trick|[of] p1a: Weezing","|-item|p1a: Weezing|Choice Scarf|[from] move: Trick","|-item|p2a: Rotom-Wash|Sitrus Berry|[from] move: Trick","|move|p1a: Weezing|Toxic Spikes|p2a: Rotom-Wash","|-sidestart|p2: Sovereign♕Genesect|move: Toxic Spikes","|","|turn|2","|","|move|p2a: Rotom-Wash|Will-O-Wisp|p1a: Weezing","|-status|p1a: Weezing|brn","|move|p1a: Weezing|Toxic Spikes|p2a: Rotom-Wash","|-sidestart|p2: Sovereign♕Genesect|move: Toxic Spikes","|","|-damage|p1a: Weezing|292/333 brn|[from] brn","|turn|3","|","|switch|p1a: Venusaur|Venusaur, F|363/363","|move|p2a: Rotom-Wash|Hydro Pump|p1a: Venusaur","|-resisted|p1a: Venusaur","|-damage|p1a: Venusaur|303/363","|","|turn|4","|","|move|p2a: Rotom-Wash|Volt Switch|p1a: Venusaur","|-resisted|p1a: Venusaur","|-damage|p1a: Venusaur|262/363","|","|switch|p2a: Starmie|Starmie|261/261","|-status|p2a: Starmie|tox","|move|p1a: Venusaur|Substitute|p1a: Venusaur","|-start|p1a: Venusaur|Substitute","|-damage|p1a: Venusaur|172/363","|","|-damage|p2a: Starmie|245/261 tox|[from] psn","|turn|5","|","|move|p2a: Starmie|Psyshock|p1a: Venusaur","|-supereffective|p1a: Venusaur","|-end|p1a: Venusaur|Substitute","|-damage|p2a: Starmie|219/261 tox|[from] item: Life Orb","|move|p1a: Venusaur|Giga Drain|p2a: Starmie","|-supereffective|p2a: Starmie","|-damage|p2a: Starmie|1/261 tox","|-heal|p1a: Venusaur|314/363|[from] drain|[of] p2a: Starmie","|","|-damage|p2a: Starmie|0 fnt|[from] psn","|faint|p2a: Starmie","|","|switch|p2a: Manaphy|Manaphy|341/341","|-status|p2a: Manaphy|tox","|turn|6","|","|move|p2a: Manaphy|Ice Beam|p1a: Venusaur","|-supereffective|p1a: Venusaur","|-damage|p1a: Venusaur|161/363","|-damage|p2a: Manaphy|307/341 tox|[from] item: Life Orb","|move|p1a: Venusaur|Grassy Terrain|p1a: Venusaur","|-fieldstart|move: Grassy Terrain","|","|-heal|p1a: Venusaur|183/363|[from] Grassy Terrain","|-heal|p2a: Manaphy|328/341 tox|[from] Grassy Terrain","|-damage|p2a: Manaphy|307/341 tox|[from] psn","|turn|7","|","|move|p2a: Manaphy|Ice Beam|p1a: Venusaur","|-supereffective|p1a: Venusaur","|-damage|p1a: Venusaur|19/363","|-damage|p2a: Manaphy|273/341 tox|[from] item: Life Orb","|move|p1a: Venusaur|Giga Drain|p2a: Manaphy","|-supereffective|p2a: Manaphy","|-damage|p2a: Manaphy|0 fnt","|-heal|p1a: Venusaur|197/363|[from] drain|[of] p2a: Manaphy","|faint|p2a: Manaphy","|","|-heal|p1a: Venusaur|219/363|[from] Grassy Terrain","|","|switch|p2a: Gyarados|Gyarados, F|331/331","|-ability|p2a: Gyarados|Intimidate","|-unboost|p1a: Venusaur|atk|1","|turn|8","|","|move|p2a: Gyarados|Dragon Dance|p2a: Gyarados","|-boost|p2a: Gyarados|atk|1","|-boost|p2a: Gyarados|spe|1","|move|p1a: Venusaur|Giga Drain|p2a: Gyarados","|-damage|p2a: Gyarados|199/331","|-heal|p1a: Venusaur|305/363|[from] drain|[of] p2a: Gyarados","|","|-heal|p1a: Venusaur|327/363|[from] Grassy Terrain","|turn|9","|","|move|p2a: Gyarados|Earthquake|p1a: Venusaur","|-damage|p1a: Venusaur|225/363","|move|p1a: Venusaur|Leech Seed|p2a: Gyarados","|-start|p2a: Gyarados|move: Leech Seed","|","|-heal|p1a: Venusaur|247/363|[from] Grassy Terrain","|-damage|p2a: Gyarados|158/331|[from] Leech Seed|[of] p1a: Venusaur","|-heal|p1a: Venusaur|300/363|[silent]","|turn|10","|","|detailschange|p2a: Gyarados|Gyarados-Mega, F","|-mega|p2a: Gyarados|Gyarados|Gyaradosite","|-ability|p2a: Gyarados|Mold Breaker","|move|p2a: Gyarados|Crunch|p1a: Venusaur","|-damage|p1a: Venusaur|0 fnt","|faint|p1a: Venusaur","|","|-fieldend|move: Grassy Terrain","|","|switch|p1a: Weezing|Weezing, F|292/333 brn","|turn|11","|","|move|p2a: Gyarados|Earthquake|p1a: Weezing","|-supereffective|p1a: Weezing","|-damage|p1a: Weezing|0 fnt","|faint|p1a: Weezing","|","|","|switch|p1a: Muk|Muk, M|414/414","|turn|12","|","|move|p1a: Muk|Shadow Sneak|p2a: Gyarados","|-resisted|p2a: Gyarados","|-damage|p2a: Gyarados|135/331","|move|p2a: Gyarados|Earthquake|p1a: Muk","|-supereffective|p1a: Muk","|-damage|p1a: Muk|0 fnt","|faint|p1a: Muk","|","|","|switch|p1a: Skuntank|Skuntank, F|409/409","|turn|13","|","|move|p1a: Skuntank|Sucker Punch|p2a: Gyarados","|-resisted|p2a: Gyarados","|-damage|p2a: Gyarados|81/331","|move|p2a: Gyarados|Earthquake|p1a: Skuntank","|-supereffective|p1a: Skuntank","|-damage|p1a: Skuntank|0 fnt","|faint|p1a: Skuntank","|","|","|switch|p1a: Gengar|Gengar, F|261/261","|turn|14","|","|move|p1a: Gengar|Venoshock|p2a: Gyarados","|-damage|p2a: Gyarados|0 fnt","|faint|p2a: Gyarados","|","|","|switch|p2a: Gastrodon|Gastrodon, F|426/426","|-status|p2a: Gastrodon|tox","|turn|15","|","|switch|p1a: Tentacruel|Tentacruel, F|302/302","|move|p2a: Gastrodon|Scald|p1a: Tentacruel","|-crit|p1a: Tentacruel","|-resisted|p1a: Tentacruel","|-damage|p1a: Tentacruel|266/302","|","|-damage|p2a: Gastrodon|400/426 tox|[from] psn","|turn|16","|","|move|p1a: Tentacruel|Acid Spray|p2a: Gastrodon","|-resisted|p2a: Gastrodon","|-damage|p2a: Gastrodon|367/426 tox","|-unboost|p2a: Gastrodon|spd|2","|move|p2a: Gastrodon|Scald|p1a: Tentacruel","|-resisted|p1a: Tentacruel","|-damage|p1a: Tentacruel|240/302","|-status|p1a: Tentacruel|brn","|","|-heal|p2a: Gastrodon|393/426 tox|[from] item: Leftovers","|-damage|p1a: Tentacruel|203/302 brn|[from] brn","|-damage|p2a: Gastrodon|341/426 tox|[from] psn","|turn|17","|","|move|p1a: Tentacruel|Giga Drain|p2a: Gastrodon","|-supereffective|p2a: Gastrodon","|-damage|p2a: Gastrodon|0 fnt","|-heal|p1a: Tentacruel|302/302 brn|[from] drain|[of] p2a: Gastrodon","|faint|p2a: Gastrodon","|","|-damage|p1a: Tentacruel|265/302 brn|[from] brn","|","|switch|p2a: Rotom-Wash|Rotom-Wash|241/241","|turn|18","|","|move|p1a: Tentacruel|Giga Drain|p2a: Rotom-Wash","|-supereffective|p2a: Rotom-Wash","|-damage|p2a: Rotom-Wash|127/241","|-heal|p1a: Tentacruel|302/302 brn|[from] drain|[of] p2a: Rotom-Wash","|move|p2a: Rotom-Wash|Volt Switch|p1a: Tentacruel","|-supereffective|p1a: Tentacruel","|-damage|p1a: Tentacruel|174/302 brn","|","|switch|p2a: Keldeo|Keldeo|323/323","|-status|p2a: Keldeo|tox","|","|-damage|p2a: Keldeo|303/323 tox|[from] psn","|-damage|p1a: Tentacruel|137/302 brn|[from] brn","|turn|19","|","|move|p2a: Keldeo|Secret Sword|p1a: Tentacruel","|-resisted|p1a: Tentacruel","|-damage|p1a: Tentacruel|0 fnt","|faint|p1a: Tentacruel","|","|-damage|p2a: Keldeo|263/323 tox|[from] psn","|","|switch|p1a: Gengar|Gengar, F|261/261","|turn|20","|","|switch|p2a: Rotom-Wash|Rotom-Wash|127/241","|move|p1a: Gengar|Hex|p2a: Rotom-Wash","|-damage|p2a: Rotom-Wash|13/241","|-enditem|p2a: Rotom-Wash|Sitrus Berry|[eat]","|-heal|p2a: Rotom-Wash|73/241|[from] item: Sitrus Berry","|","|turn|21","|","|move|p1a: Gengar|Hex|p2a: Rotom-Wash","|-crit|p2a: Rotom-Wash","|-damage|p2a: Rotom-Wash|0 fnt","|faint|p2a: Rotom-Wash","|","|","|switch|p2a: Keldeo|Keldeo|263/323 tox","|turn|22","|","|move|p1a: Gengar|Hex|p2a: Keldeo","|-damage|p2a: Keldeo|31/323 tox","|move|p2a: Keldeo|Hidden Power|p1a: Gengar","|-supereffective|p1a: Gengar","|-damage|p1a: Gengar|7/261","|","|-damage|p2a: Keldeo|11/323 tox|[from] psn","|turn|23","|","|move|p1a: Gengar|Hex|p2a: Keldeo","|-damage|p2a: Keldeo|0 fnt","|faint|p2a: Keldeo","|","|win|Guard Wanderer"],"p1rating":{"entryid":"9966","serverid":"eos","formatid":"monotype","userid":"guardwanderer","username":"Guard Wanderer","w":25,"l":"39","t":"0","gxe":40.9,"r":"1408.0739250347","rd":"46.901873765062","sigma":"0","rptime":"1440925200","rpr":1429.8313062589,"rprd":45.91554901903,"rpsigma":"0","acre":1146.9654552213,"lacre":1146.9654552213,"oldacre":"1129.7206626503"},"p2rating":{"entryid":"631432","serverid":"eos","formatid":"monotype","userid":"sovereigngenesect","username":"Sovereign♕Genesect","w":"2","l":6,"t":"0","gxe":37.8,"r":"1537.5167647046","rd":"122.10794825922","sigma":"0","rptime":"1440925200","rpr":1403.0960896621,"rprd":92.818097243658,"rpsigma":"0","acre":1009.4832427437,"lacre":1009.4832427437,"oldacre":"1018.2717109652"},"endType":"normal"}