{"seed":[17054,22189,58656,51530],"turns":25,"p1":"SS Zapdos","p2":"Crystal Blade64","p1team":[{"name":"Quagsire","species":"Quagsire","item":"leftovers","ability":"Water Absorb","moves":["toxic","recover","earthquake","scald"],"nature":"Impish","evs":{"hp":252,"atk":4,"def":252,"spa":0,"spd":0,"spe":0},"ivs":{"hp":31,"atk":31,"def":31,"spa":31,"spd":31,"spe":31}},{"name":"Mamoswine","species":"Mamoswine","item":"lifeorb","ability":"Thick Fat","moves":["iceshard","earthquake","iciclecrash","freezedry"],"nature":"Naive","evs":{"hp":0,"atk":244,"def":0,"spa":12,"spd":0,"spe":252},"ivs":{"hp":31,"atk":31,"def":31,"spa":31,"spd":31,"spe":31}},{"name":"Torterra","species":"Torterra","item":"leftovers","ability":"Shell Armor","moves":["earthquake","woodhammer","synthesis","leechseed"],"nature":"Adamant","evs":{"hp":252,"atk":252,"def":0,"spa":0,"spd":4,"spe":0},"ivs":{"hp":31,"atk":31,"def":31,"spa":31,"spd":31,"spe":31}},{"name":"Landorus","species":"Landorus","item":"lifeorb","ability":"Sheer Force","moves":["psychic","earthpower","focusblast","sludgewave"],"nature":"Timid","evs":{"hp":0,"atk":0,"def":0,"spa":252,"spd":4,"spe":252},"ivs":{"hp":31,"atk":31,"def":31,"spa":31,"spd":31,"spe":31}},{"name":"Gliscor","species":"Gliscor","item":"toxicorb","ability":"Poison Heal","moves":["roost","protect","toxic","earthquake"],"nature":"Impish","evs":{"hp":248,"atk":0,"def":188,"spa":0,"spd":0,"spe":72},"ivs":{"hp":31,"atk":31,"def":31,"spa":31,"spd":31,"spe":31}},{"name":"Garchomp","species":"Garchomp","item":"garchompite","ability":"Sand Veil","moves":["dragonclaw","fireblast","earthquake","ironhead"],"nature":"","evs":{"hp":0,"atk":0,"def":0,"spa":0,"spd":0,"spe":0},"ivs":{"hp":31,"atk":31,"def":31,"spa":31,"spd":31,"spe":31}}],"p2team":[{"name":"Reckless","species":"staraptor","item":"leftovers","ability":"Intimidate","moves":["bravebird","roost","featherdance","defog"],"nature":"Impish","evs":{"hp":252,"atk":4,"def":252,"spa":0,"spd":0,"spe":0},"ivs":{"hp":31,"atk":31,"def":31,"spa":31,"spd":31,"spe":31}},{"name":"BetterThanYou","species":"ditto","item":"choicescarf","ability":"Imposter","moves":["transform"],"nature":"Bold","evs":{"hp":248,"atk":0,"def":252,"spa":0,"spd":8,"spe":0},"happiness":0,"ivs":{"hp":31,"atk":31,"def":31,"spa":31,"spd":31,"spe":31}},{"name":"Nurse Joy pls","species":"chansey","item":"eviolite","ability":"Natural Cure","moves":["aromatherapy","softboiled","thunderwave","seismictoss"],"nature":"Bold","evs":{"hp":248,"atk":0,"def":252,"spa":0,"spd":8,"spe":0},"ivs":{"hp":31,"atk":31,"def":31,"spa":31,"spd":31,"spe":31}},{"name":"EnergizerBunny","species":"lopunny","item":"lopunnite","ability":"Cute Charm","moves":["fakeout","highjumpkick","icepunch","frustration"],"nature":"Jolly","evs":{"hp":4,"atk":252,"def":0,"spa":0,"spd":0,"spe":252},"happiness":0,"ivs":{"hp":31,"atk":31,"def":31,"spa":31,"spd":31,"spe":31}},{"name":"DownloadFreeRAM","species":"porygon2","item":"eviolite","ability":"Trace","moves":["toxic","recover","icebeam","discharge"],"nature":"Bold","evs":{"hp":248,"atk":0,"def":252,"spa":8,"spd":0,"spe":0},"ivs":{"hp":31,"atk":31,"def":31,"spa":31,"spd":31,"spe":31}},{"name":"Diggersby tho","species":"diggersby","item":"choiceband","ability":"Huge Power","moves":["earthquake","quickattack","frustration","uturn"],"nature":"Adamant","evs":{"hp":4,"atk":252,"def":0,"spa":0,"spd":0,"spe":252},"happiness":0,"ivs":{"hp":31,"atk":31,"def":31,"spa":31,"spd":31,"spe":31}}],"log":["|player|p1|SS Zapdos|38","|player|p2|Crystal Blade64|165","|gametype|singles","|gen|6","|tier|Monotype","|rated","|rule|Baton Pass Clause: Limit one Baton Passer, can't pass Spe and other stats simultaneously","|rule|Swagger Clause: Swagger is banned","|rule|Same Type Clause: Pokémon in a team must share a type","|clearpoke","|poke|p1|Quagsire, M","|poke|p1|Mamoswine, F","|poke|p1|Torterra, M","|poke|p1|Landorus, M","|poke|p1|Gliscor, M","|poke|p1|Garchomp, M","|poke|p2|Staraptor, F","|poke|p2|Ditto","|poke|p2|Chansey, F","|poke|p2|Lopunny, F","|poke|p2|Porygon2","|poke|p2|Diggersby, F","|rule|Sleep Clause Mod: Limit one foe put to sleep","|rule|Species Clause: Limit one of each Pokémon","|rule|OHKO Clause: OHKO moves are banned","|rule|Moody Clause: Moody is banned","|rule|Evasion Moves Clause: Evasion moves are banned","|rule|Endless Battle Clause: Forcing endless battles is banned","|rule|HP Percentage Mod: HP is shown in percentages","|teampreview","|","|start","|switch|p1a: Gliscor|Gliscor, M|353/353","|switch|p2a: EnergizerBunny|Lopunny, F|272/272","|turn|1","|","|detailschange|p2a: EnergizerBunny|Lopunny-Mega, F","|-mega|p2a: EnergizerBunny|Lopunny|Lopunnite","|move|p2a: EnergizerBunny|Ice Punch|p1a: Gliscor","|-supereffective|p1a: Gliscor","|-damage|p1a: Gliscor|97/353","|move|p1a: Gliscor|Toxic|p2a: EnergizerBunny","|-status|p2a: EnergizerBunny|tox","|","|-damage|p2a: EnergizerBunny|255/272 tox|[from] psn","|-status|p1a: Gliscor|tox|[from] item: Toxic Orb","|turn|2","|","|move|p1a: Gliscor|Protect|p1a: Gliscor","|-singleturn|p1a: Gliscor|Protect","|move|p2a: EnergizerBunny|Ice Punch|p1a: Gliscor","|-activate|p1a: Gliscor|Protect","|","|-damage|p2a: EnergizerBunny|221/272 tox|[from] psn","|-heal|p1a: Gliscor|141/353 tox|[from] ability: Poison Heal","|turn|3","|","|switch|p1a: Quagsire|Quagsire, M|394/394","|move|p2a: EnergizerBunny|Ice Punch|p1a: Quagsire","|-damage|p1a: Quagsire|324/394","|","|-heal|p1a: Quagsire|348/394|[from] item: Leftovers","|-damage|p2a: EnergizerBunny|170/272 tox|[from] psn","|turn|4","|","|switch|p2a: Nurse Joy pls|Chansey, F|703/703","|move|p1a: Quagsire|Scald|p2a: Nurse Joy pls","|-crit|p2a: Nurse Joy pls","|-damage|p2a: Nurse Joy pls|645/703","|","|-heal|p1a: Quagsire|372/394|[from] item: Leftovers","|turn|5","|","|move|p2a: Nurse Joy pls|Seismic Toss|p1a: Quagsire","|-damage|p1a: Quagsire|272/394","|move|p1a: Quagsire|Toxic|p2a: Nurse Joy pls","|-status|p2a: Nurse Joy pls|tox","|","|-heal|p1a: Quagsire|296/394|[from] item: Leftovers","|-damage|p2a: Nurse Joy pls|602/703 tox|[from] psn","|turn|6","|","|switch|p2a: DownloadFreeRAM|Porygon2|373/373","|-ability|p2a: DownloadFreeRAM|Water Absorb|[from] ability: Trace|[of] p1a: Quagsire","|move|p1a: Quagsire|Earthquake|p2a: DownloadFreeRAM","|-damage|p2a: DownloadFreeRAM|321/373","|","|-heal|p1a: Quagsire|320/394|[from] item: Leftovers","|turn|7","|","|move|p2a: DownloadFreeRAM|Toxic|p1a: Quagsire","|-status|p1a: Quagsire|tox","|move|p1a: Quagsire|Toxic|p2a: DownloadFreeRAM|[miss]","|-miss|p1a: Quagsire|p2a: DownloadFreeRAM","|","|-heal|p1a: Quagsire|344/394 tox|[from] item: Leftovers","|-damage|p1a: Quagsire|320/394 tox|[from] psn","|turn|8","|","|switch|p2a: EnergizerBunny|Lopunny-Mega, F|170/272 tox","|move|p1a: Quagsire|Toxic|p2a: EnergizerBunny","|-fail|p2a: EnergizerBunny|tox","|","|-heal|p1a: Quagsire|344/394 tox|[from] item: Leftovers","|-damage|p2a: EnergizerBunny|153/272 tox|[from] psn","|-damage|p1a: Quagsire|296/394 tox|[from] psn","|turn|9","|","|move|p2a: EnergizerBunny|Fake Out|p1a: Quagsire","|-damage|p1a: Quagsire|238/394 tox","|cant|p1a: Quagsire|flinch","|","|-heal|p1a: Quagsire|262/394 tox|[from] item: Leftovers","|-damage|p2a: EnergizerBunny|119/272 tox|[from] psn","|-damage|p1a: Quagsire|190/394 tox|[from] psn","|turn|10","|","|switch|p2a: Nurse Joy pls|Chansey, F|602/703","|move|p1a: Quagsire|Recover|p1a: Quagsire","|-heal|p1a: Quagsire|387/394 tox","|","|-heal|p1a: Quagsire|394/394 tox|[from] item: Leftovers","|-damage|p1a: Quagsire|298/394 tox|[from] psn","|turn|11","|","|move|p2a: Nurse Joy pls|Aromatherapy|p2a: Nurse Joy pls","|-cureteam|p2a: Nurse Joy pls|[from] move: Aromatherapy","|move|p1a: Quagsire|Toxic|p2a: Nurse Joy pls","|-status|p2a: Nurse Joy pls|tox","|","|-heal|p1a: Quagsire|322/394 tox|[from] item: Leftovers","|-damage|p2a: Nurse Joy pls|559/703 tox|[from] psn","|-damage|p1a: Quagsire|202/394 tox|[from] psn","|turn|12","|","|switch|p2a: Diggersby tho|Diggersby, F|312/312","|move|p1a: Quagsire|Scald|p2a: Diggersby tho","|-supereffective|p2a: Diggersby tho","|-damage|p2a: Diggersby tho|166/312","|","|-heal|p1a: Quagsire|226/394 tox|[from] item: Leftovers","|-damage|p1a: Quagsire|82/394 tox|[from] psn","|turn|13","|","|move|p2a: Diggersby tho|Frustration|p1a: Quagsire","|-damage|p1a: Quagsire|0 fnt","|faint|p1a: Quagsire","|","|","|switch|p1a: Torterra|Torterra, M|394/394","|turn|14","|","|move|p2a: Diggersby tho|Frustration|p1a: Torterra","|-damage|p1a: Torterra|40/394","|move|p1a: Torterra|Leech Seed|p2a: Diggersby tho|[miss]","|-miss|p1a: Torterra|p2a: Diggersby tho","|","|-heal|p1a: Torterra|64/394|[from] item: Leftovers","|turn|15","|","|move|p2a: Diggersby tho|Frustration|p1a: Torterra","|-damage|p1a: Torterra|0 fnt","|faint|p1a: Torterra","|","|","|switch|p1a: Mamoswine|Mamoswine, F|361/361","|turn|16","|","|switch|p2a: DownloadFreeRAM|Porygon2|321/373","|-ability|p2a: DownloadFreeRAM|Thick Fat|[from] ability: Trace|[of] p1a: Mamoswine","|move|p1a: Mamoswine|Ice Shard|p2a: DownloadFreeRAM","|-damage|p2a: DownloadFreeRAM|294/373","|-damage|p1a: Mamoswine|325/361|[from] item: Life Orb","|","|turn|17","|","|move|p1a: Mamoswine|Earthquake|p2a: DownloadFreeRAM","|-damage|p2a: DownloadFreeRAM|180/373","|-damage|p1a: Mamoswine|289/361|[from] item: Life Orb","|move|p2a: DownloadFreeRAM|Toxic|p1a: Mamoswine","|-status|p1a: Mamoswine|tox","|","|-damage|p1a: Mamoswine|267/361 tox|[from] psn","|turn|18","|","|move|p1a: Mamoswine|Freeze-Dry|p2a: DownloadFreeRAM","|-damage|p2a: DownloadFreeRAM|153/373","|-damage|p1a: Mamoswine|231/361 tox|[from] item: Life Orb","|move|p2a: DownloadFreeRAM|Recover|p2a: DownloadFreeRAM","|-heal|p2a: DownloadFreeRAM|340/373","|","|-damage|p1a: Mamoswine|187/361 tox|[from] psn","|turn|19","|","|move|p1a: Mamoswine|Icicle Crash|p2a: DownloadFreeRAM","|-damage|p2a: DownloadFreeRAM|284/373","|-damage|p1a: Mamoswine|151/361 tox|[from] item: Life Orb","|move|p2a: DownloadFreeRAM|Ice Beam|p1a: Mamoswine","|-damage|p1a: Mamoswine|87/361 tox","|","|-damage|p1a: Mamoswine|21/361 tox|[from] psn","|turn|20","|","|move|p1a: Mamoswine|Ice Shard|p2a: DownloadFreeRAM","|-damage|p2a: DownloadFreeRAM|261/373","|-damage|p1a: Mamoswine|0 fnt|[from] item: Life Orb","|faint|p1a: Mamoswine","|move|p2a: DownloadFreeRAM|Recover|p2a: DownloadFreeRAM","|-heal|p2a: DownloadFreeRAM|373/373","|","|","|switch|p1a: Gliscor|Gliscor, M|141/353 tox","|turn|21","|","|move|p1a: Gliscor|Toxic|p2a: DownloadFreeRAM","|-status|p2a: DownloadFreeRAM|tox","|move|p2a: DownloadFreeRAM|Ice Beam|p1a: Gliscor","|-supereffective|p1a: Gliscor","|-damage|p1a: Gliscor|0 fnt","|faint|p1a: Gliscor","|","|-damage|p2a: DownloadFreeRAM|350/373 tox|[from] psn","|","|switch|p1a: Landorus|Landorus, M|319/319","|turn|22","|","|move|p1a: Landorus|Focus Blast|p2a: DownloadFreeRAM|[miss]","|-miss|p1a: Landorus|p2a: DownloadFreeRAM","|move|p2a: DownloadFreeRAM|Ice Beam|p1a: Landorus","|-supereffective|p1a: Landorus","|-damage|p1a: Landorus|0 fnt","|faint|p1a: Landorus","|","|-damage|p2a: DownloadFreeRAM|304/373 tox|[from] psn","|","|switch|p1a: Garchomp|Garchomp, M|357/357","|turn|23","|","|detailschange|p1a: Garchomp|Garchomp-Mega, M","|-mega|p1a: Garchomp|Garchomp|Garchompite","|move|p1a: Garchomp|Iron Head|p2a: DownloadFreeRAM","|-damage|p2a: DownloadFreeRAM|249/373 tox","|move|p2a: DownloadFreeRAM|Ice Beam|p1a: Garchomp","|-supereffective|p1a: Garchomp","|-damage|p1a: Garchomp|25/357","|","|-damage|p2a: DownloadFreeRAM|180/373 tox|[from] psn","|turn|24","|","|switch|p2a: Reckless|Staraptor, F|374/374","|-ability|p2a: Reckless|Intimidate","|-unboost|p1a: Garchomp|atk|1","|move|p1a: Garchomp|Dragon Claw|p2a: Reckless","|-damage|p2a: Reckless|284/374","|","|-heal|p2a: Reckless|307/374|[from] item: Leftovers","|turn|25","|","|move|p2a: Reckless|Brave Bird|p1a: Garchomp","|-damage|p1a: Garchomp|0 fnt","|-damage|p2a: Reckless|299/374|[from] recoil|[of] p1a: Garchomp","|faint|p1a: Garchomp","|","|win|Crystal Blade64"],"p1rating":{"entryid":645821,"formatid":"monotype","userid":"sszapdos","username":"SS Zapdos","r":1500,"rd":130,"sigma":0,"rpr":1470.7954838171,"rprd":122.75456516182,"rpsigma":0,"rptime":1440925200,"w":0,"l":1,"t":0,"gxe":46.4,"acre":1000,"lacre":1000,"oldacre":1000},"p2rating":{"entryid":"73557","serverid":"eos","formatid":"monotype","userid":"crystalblade64","username":"Crystal Blade64","w":21,"l":"10","t":"0","gxe":65.4,"r":"1614.9763037679","rd":"61.885878768628","sigma":"0","rptime":"1440925200","rpr":1621.9698584885,"rprd":61.134706901848,"rpsigma":"0","acre":1190.0344297343,"lacre":1190.0344297343,"oldacre":"1176.7587470433"},"endType":"normal"}