{"seed":[64192,24525,28055,33261],"turns":28,"p1":"DJ Gible","p2":"Alliance ♋ akaFila","p1team":[{"name":"Calamari","species":"malamar","item":"choicescarf","ability":"Contrary","moves":["rockslide","psychocut","superpower","nightslash"],"nature":"Jolly","evs":{"hp":4,"atk":252,"def":0,"spa":0,"spd":0,"spe":252},"ivs":{"hp":31,"atk":31,"def":31,"spa":31,"spd":31,"spe":31}},{"name":"Hoodlum","species":"scrafty","item":"focussash","ability":"Moxie","moves":["dragondance","crunch","drainpunch","icepunch"],"nature":"Adamant","evs":{"hp":4,"atk":252,"def":0,"spa":0,"spd":0,"spe":252},"ivs":{"hp":31,"atk":31,"def":31,"spa":31,"spd":31,"spe":31}},{"name":"Tyrant","species":"tyranitar","item":"tyranitarite","ability":"Sand Stream","moves":["dragondance","stoneedge","earthquake","crunch"],"nature":"Adamant","evs":{"hp":0,"atk":252,"def":0,"spa":0,"spd":4,"spe":252},"ivs":{"hp":31,"atk":31,"def":31,"spa":31,"spd":31,"spe":31}},{"name":"Cpt. Buzz","species":"mandibuzz","item":"leftovers","ability":"Big Pecks","moves":["foulplay","roost","defog","whirlwind"],"nature":"Bold","evs":{"hp":252,"atk":0,"def":252,"spa":0,"spd":4,"spe":0},"ivs":{"hp":31,"atk":31,"def":31,"spa":31,"spd":31,"spe":31}},{"name":"Hoopa-Unbound","species":"Hoopa-Unbound","item":"lifeorb","ability":"Magician","moves":["zenheadbutt","hyperspacefury","gunkshot","substitute"],"nature":"Jolly","evs":{"hp":0,"atk":252,"def":0,"spa":0,"spd":4,"spe":252},"ivs":{"hp":31,"atk":31,"def":31,"spa":31,"spd":31,"spe":31}},{"name":"Hydreigon","species":"Hydreigon","item":"choicescarf","ability":"Levitate","moves":["dracometeor","hiddenpowergrass","darkpulse","flashcannon"],"nature":"Timid","evs":{"hp":0,"atk":0,"def":0,"spa":252,"spd":4,"spe":252},"ivs":{"hp":31,"atk":30,"def":31,"spa":30,"spd":31,"spe":31}}],"p2team":[{"name":"Hoopa-Unbound","species":"Hoopa-Unbound","item":"choiceband","ability":"Magician","moves":["hyperspacefury","facade","icepunch","drainpunch"],"nature":"Adamant","evs":{"hp":248,"atk":252,"def":0,"spa":0,"spd":8,"spe":0},"ivs":{"hp":31,"atk":31,"def":31,"spa":31,"spd":31,"spe":31}},{"name":"Sharpedo","species":"Sharpedo","item":"lifeorb","ability":"Speed Boost","moves":["hydropump","darkpulse","destinybond","protect"],"nature":"Modest","evs":{"hp":0,"atk":0,"def":0,"spa":252,"spd":4,"spe":252},"ivs":{"hp":31,"atk":31,"def":31,"spa":31,"spd":31,"spe":31}},{"name":"Pangoro","species":"Pangoro","item":"choicescarf","ability":"Iron Fist","moves":["drainpunch","knockoff","earthquake","partingshot"],"nature":"Jolly","evs":{"hp":0,"atk":252,"def":0,"spa":0,"spd":4,"spe":252},"ivs":{"hp":31,"atk":31,"def":31,"spa":31,"spd":31,"spe":31}},{"name":"Mandibuzz","species":"Mandibuzz","item":"rockyhelmet","ability":"Overcoat","moves":["foulplay","toxic","roost","defog"],"nature":"Bold","evs":{"hp":248,"atk":0,"def":252,"spa":0,"spd":8,"spe":0},"ivs":{"hp":31,"atk":31,"def":31,"spa":31,"spd":31,"spe":31}},{"name":"Tyranitar","species":"Tyranitar","item":"assaultvest","ability":"Sand Stream","moves":["crunch","earthquake","stoneedge","fireblast"],"nature":"Sassy","evs":{"hp":252,"atk":0,"def":6,"spa":0,"spd":252,"spe":0},"ivs":{"hp":31,"atk":31,"def":31,"spa":31,"spd":31,"spe":31}},{"name":"Bisharp","species":"Bisharp","item":"focussash","ability":"Defiant","moves":["swordsdance","knockoff","ironhead","suckerpunch"],"nature":"Adamant","evs":{"hp":248,"atk":252,"def":0,"spa":0,"spd":8,"spe":0},"ivs":{"hp":31,"atk":31,"def":31,"spa":31,"spd":31,"spe":31}}],"log":["|player|p1|DJ Gible|198","|player|p2|Alliance ♋ akaFila|allianceakafila.gif","|gametype|singles","|gen|6","|tier|Monotype","|rated","|rule|Baton Pass Clause: Limit one Baton Passer, can't pass Spe and other stats simultaneously","|rule|Swagger Clause: Swagger is banned","|rule|Same Type Clause: Pokémon in a team must share a type","|clearpoke","|poke|p1|Malamar, M","|poke|p1|Scrafty, M","|poke|p1|Tyranitar, M","|poke|p1|Mandibuzz, F","|poke|p1|Hoopa-Unbound","|poke|p1|Hydreigon, M","|poke|p2|Hoopa-Unbound","|poke|p2|Sharpedo, F","|poke|p2|Pangoro, F","|poke|p2|Mandibuzz, F","|poke|p2|Tyranitar, F","|poke|p2|Bisharp, M","|rule|Sleep Clause Mod: Limit one foe put to sleep","|rule|Species Clause: Limit one of each Pokémon","|rule|OHKO Clause: OHKO moves are banned","|rule|Moody Clause: Moody is banned","|rule|Evasion Moves Clause: Evasion moves are banned","|rule|Endless Battle Clause: Forcing endless battles is banned","|rule|HP Percentage Mod: HP is shown in percentages","|teampreview","|","|start","|switch|p1a: Calamari|Malamar, M|314/314","|switch|p2a: Sharpedo|Sharpedo, F|281/281","|turn|1","|","|move|p2a: Sharpedo|Protect|p2a: Sharpedo","|-singleturn|p2a: Sharpedo|Protect","|move|p1a: Calamari|Superpower|p2a: Sharpedo","|-activate|p2a: Sharpedo|Protect","|","|-boost|p2a: Sharpedo|spe|1|[from] ability: Speed Boost","|turn|2","|","|move|p2a: Sharpedo|Destiny Bond|p2a: Sharpedo","|-singlemove|p2a: Sharpedo|Destiny Bond","|move|p1a: Calamari|Superpower|p2a: Sharpedo","|-supereffective|p2a: Sharpedo","|-damage|p2a: Sharpedo|0 fnt","|-boost|p1a: Calamari|atk|1","|-boost|p1a: Calamari|def|1","|faint|p2a: Sharpedo","|-activate|p2a: Sharpedo|Destiny Bond","|faint|p1a: Calamari","|","|","|switch|p1a: Hoopa-Unbound|Hoopa-Unbound|301/301","|switch|p2a: Hoopa-Unbound|Hoopa-Unbound|363/363","|turn|3","|","|switch|p2a: Mandibuzz|Mandibuzz, F|423/423","|move|p1a: Hoopa-Unbound|Substitute|p1a: Hoopa-Unbound","|-start|p1a: Hoopa-Unbound|Substitute","|-damage|p1a: Hoopa-Unbound|226/301","|","|turn|4","|","|move|p1a: Hoopa-Unbound|Gunk Shot|p2a: Mandibuzz","|-crit|p2a: Mandibuzz","|-damage|p2a: Mandibuzz|198/423","|-damage|p1a: Hoopa-Unbound|196/301|[from] item: Life Orb","|move|p2a: Mandibuzz|Foul Play|p1a: Hoopa-Unbound","|-end|p1a: Hoopa-Unbound|Substitute","|","|turn|5","|","|move|p1a: Hoopa-Unbound|Substitute|p1a: Hoopa-Unbound","|-start|p1a: Hoopa-Unbound|Substitute","|-damage|p1a: Hoopa-Unbound|121/301","|move|p2a: Mandibuzz|Roost|p2a: Mandibuzz","|-heal|p2a: Mandibuzz|410/423","|","|turn|6","|","|move|p1a: Hoopa-Unbound|Gunk Shot|p2a: Mandibuzz","|-damage|p2a: Mandibuzz|262/423","|-damage|p1a: Hoopa-Unbound|91/301|[from] item: Life Orb","|move|p2a: Mandibuzz|Foul Play|p1a: Hoopa-Unbound","|-end|p1a: Hoopa-Unbound|Substitute","|","|turn|7","|","|switch|p1a: Cpt. Buzz|Mandibuzz, F|424/424","|move|p2a: Mandibuzz|Roost|p2a: Mandibuzz","|-heal|p2a: Mandibuzz|423/423","|","|turn|8","|","|move|p2a: Mandibuzz|Toxic|p1a: Cpt. Buzz","|-status|p1a: Cpt. Buzz|tox","|move|p1a: Cpt. Buzz|Whirlwind|p2a: Mandibuzz","|drag|p2a: Pangoro|Pangoro, F|331/331","|","|-damage|p1a: Cpt. Buzz|398/424 tox|[from] psn","|turn|9","|","|move|p2a: Pangoro|Knock Off|p1a: Cpt. Buzz","|-resisted|p1a: Cpt. Buzz","|-damage|p1a: Cpt. Buzz|344/424 tox","|-enditem|p1a: Cpt. Buzz|Leftovers|[from] move: Knock Off|[of] p2a: Pangoro","|move|p1a: Cpt. Buzz|Foul Play|p2a: Pangoro","|-resisted|p2a: Pangoro","|-damage|p2a: Pangoro|283/331","|","|-damage|p1a: Cpt. Buzz|292/424 tox|[from] psn","|turn|10","|","|switch|p2a: Mandibuzz|Mandibuzz, F|423/423","|move|p1a: Cpt. Buzz|Roost|p1a: Cpt. Buzz","|-heal|p1a: Cpt. Buzz|424/424 tox","|","|-damage|p1a: Cpt. Buzz|346/424 tox|[from] psn","|turn|11","|","|move|p2a: Mandibuzz|Foul Play|p1a: Cpt. Buzz","|-crit|p1a: Cpt. Buzz","|-resisted|p1a: Cpt. Buzz","|-damage|p1a: Cpt. Buzz|307/424 tox","|move|p1a: Cpt. Buzz|Foul Play|p2a: Mandibuzz","|-resisted|p2a: Mandibuzz","|-damage|p2a: Mandibuzz|396/423","|-damage|p1a: Cpt. Buzz|237/424 tox|[from] item: Rocky Helmet|[of] p2a: Mandibuzz","|","|-damage|p1a: Cpt. Buzz|133/424 tox|[from] psn","|turn|12","|","|move|p2a: Mandibuzz|Foul Play|p1a: Cpt. Buzz","|-resisted|p1a: Cpt. Buzz","|-damage|p1a: Cpt. Buzz|106/424 tox","|move|p1a: Cpt. Buzz|Roost|p1a: Cpt. Buzz","|-heal|p1a: Cpt. Buzz|318/424 tox","|","|-damage|p1a: Cpt. Buzz|188/424 tox|[from] psn","|turn|13","|","|move|p2a: Mandibuzz|Toxic|p1a: Cpt. Buzz","|-fail|p1a: Cpt. Buzz|tox","|move|p1a: Cpt. Buzz|Roost|p1a: Cpt. Buzz","|-heal|p1a: Cpt. Buzz|400/424 tox","|","|-damage|p1a: Cpt. Buzz|244/424 tox|[from] psn","|turn|14","|","|move|p1a: Cpt. Buzz|Roost|p1a: Cpt. Buzz","|-heal|p1a: Cpt. Buzz|424/424 tox","|move|p2a: Mandibuzz|Toxic|p1a: Cpt. Buzz","|-fail|p1a: Cpt. Buzz|tox","|","|-damage|p1a: Cpt. Buzz|242/424 tox|[from] psn","|turn|15","|","|move|p2a: Mandibuzz|Toxic|p1a: Cpt. Buzz|[miss]","|-miss|p2a: Mandibuzz|p1a: Cpt. Buzz","|move|p1a: Cpt. Buzz|Whirlwind|p2a: Mandibuzz","|drag|p2a: Tyranitar|Tyranitar, F|404/404","|-weather|Sandstorm","|","|-weather|Sandstorm|[upkeep]","|-damage|p1a: Cpt. Buzz|216/424 tox|[from] sandstorm","|-damage|p1a: Cpt. Buzz|8/424 tox|[from] psn","|turn|16","|","|switch|p2a: Mandibuzz|Mandibuzz, F|396/423","|move|p1a: Cpt. Buzz|Foul Play|p2a: Mandibuzz","|-crit|p2a: Mandibuzz","|-resisted|p2a: Mandibuzz","|-damage|p2a: Mandibuzz|357/423","|-damage|p1a: Cpt. Buzz|0 fnt|[from] item: Rocky Helmet|[of] p2a: Mandibuzz","|faint|p1a: Cpt. Buzz","|","|-weather|Sandstorm|[upkeep]","|","|switch|p1a: Hydreigon|Hydreigon, M|325/325","|turn|17","|","|switch|p2a: Tyranitar|Tyranitar, F|404/404","|move|p1a: Hydreigon|Draco Meteor|p2a: Tyranitar","|-damage|p2a: Tyranitar|331/404","|-unboost|p1a: Hydreigon|spa|2","|","|-weather|Sandstorm|[upkeep]","|-damage|p1a: Hydreigon|305/325|[from] sandstorm","|turn|18","|","|switch|p1a: Hoopa-Unbound|Hoopa-Unbound|91/301","|switch|p2a: Pangoro|Pangoro, F|283/331","|","|-weather|Sandstorm|[upkeep]","|-damage|p2a: Pangoro|263/331|[from] sandstorm","|-damage|p1a: Hoopa-Unbound|73/301|[from] sandstorm","|turn|19","|","|move|p2a: Pangoro|Drain Punch|p1a: Hoopa-Unbound","|-damage|p1a: Hoopa-Unbound|0 fnt","|-heal|p2a: Pangoro|300/331|[from] drain|[of] p1a: Hoopa-Unbound","|faint|p1a: Hoopa-Unbound","|","|-weather|none","|","|switch|p1a: Hoodlum|Scrafty, M|272/272","|turn|20","|","|switch|p2a: Mandibuzz|Mandibuzz, F|357/423","|move|p1a: Hoodlum|Dragon Dance|p1a: Hoodlum","|-boost|p1a: Hoodlum|atk|1","|-boost|p1a: Hoodlum|spe|1","|","|turn|21","|","|move|p1a: Hoodlum|Dragon Dance|p1a: Hoodlum","|-boost|p1a: Hoodlum|atk|1","|-boost|p1a: Hoodlum|spe|1","|move|p2a: Mandibuzz|Toxic|p1a: Hoodlum","|-status|p1a: Hoodlum|tox","|","|-damage|p1a: Hoodlum|255/272 tox|[from] psn","|turn|22","|","|move|p1a: Hoodlum|Ice Punch|p2a: Mandibuzz","|-supereffective|p2a: Mandibuzz","|-damage|p2a: Mandibuzz|155/423","|-damage|p1a: Hoodlum|210/272 tox|[from] item: Rocky Helmet|[of] p2a: Mandibuzz","|move|p2a: Mandibuzz|Foul Play|p1a: Hoodlum","|-resisted|p1a: Hoodlum","|-damage|p1a: Hoodlum|146/272 tox","|","|-damage|p1a: Hoodlum|112/272 tox|[from] psn","|turn|23","|","|move|p1a: Hoodlum|Ice Punch|p2a: Mandibuzz","|-supereffective|p2a: Mandibuzz","|-damage|p2a: Mandibuzz|0 fnt","|-damage|p1a: Hoodlum|67/272 tox|[from] item: Rocky Helmet|[of] p2a: Mandibuzz","|faint|p2a: Mandibuzz","|-boost|p1a: Hoodlum|atk|1|[from] ability: Moxie","|","|-damage|p1a: Hoodlum|16/272 tox|[from] psn","|","|switch|p2a: Pangoro|Pangoro, F|300/331","|turn|24","|","|move|p1a: Hoodlum|Drain Punch|p2a: Pangoro","|-supereffective|p2a: Pangoro","|-damage|p2a: Pangoro|0 fnt","|-heal|p1a: Hoodlum|166/272 tox|[from] drain|[of] p2a: Pangoro","|faint|p2a: Pangoro","|-boost|p1a: Hoodlum|atk|1|[from] ability: Moxie","|","|-damage|p1a: Hoodlum|98/272 tox|[from] psn","|","|switch|p2a: Bisharp|Bisharp, M|333/333","|turn|25","|","|move|p1a: Hoodlum|Drain Punch|p2a: Bisharp","|-supereffective|p2a: Bisharp","|-enditem|p2a: Bisharp|Focus Sash","|-damage|p2a: Bisharp|1/333","|-heal|p1a: Hoodlum|264/272 tox|[from] drain|[of] p2a: Bisharp","|move|p2a: Bisharp|Iron Head|p1a: Hoodlum","|-damage|p1a: Hoodlum|140/272 tox","|","|-damage|p1a: Hoodlum|55/272 tox|[from] psn","|turn|26","|","|move|p2a: Bisharp|Sucker Punch|p1a: Hoodlum","|-resisted|p1a: Hoodlum","|-damage|p1a: Hoodlum|21/272 tox","|move|p1a: Hoodlum|Drain Punch|p2a: Bisharp","|-supereffective|p2a: Bisharp","|-damage|p2a: Bisharp|0 fnt","|-heal|p1a: Hoodlum|22/272 tox|[from] drain|[of] p2a: Bisharp","|faint|p2a: Bisharp","|-boost|p1a: Hoodlum|atk|1|[from] ability: Moxie","|","|-damage|p1a: Hoodlum|0 fnt|[from] psn","|faint|p1a: Hoodlum","|","|switch|p1a: Tyrant|Tyranitar, M|341/341","|switch|p2a: Hoopa-Unbound|Hoopa-Unbound|363/363","|-weather|Sandstorm","|turn|27","|","|detailschange|p1a: Tyrant|Tyranitar-Mega, M","|-mega|p1a: Tyrant|Tyranitar|Tyranitarite","|move|p1a: Tyrant|Dragon Dance|p1a: Tyrant","|-boost|p1a: Tyrant|atk|1","|-boost|p1a: Tyrant|spe|1","|move|p2a: Hoopa-Unbound|Drain Punch|p1a: Tyrant","|-supereffective|p1a: Tyrant","|-damage|p1a: Tyrant|0 fnt","|faint|p1a: Tyrant","|","|-weather|Sandstorm|[upkeep]","|-damage|p2a: Hoopa-Unbound|341/363|[from] sandstorm","|","|switch|p1a: Hydreigon|Hydreigon, M|305/325","|turn|28","|","|move|p1a: Hydreigon|Flash Cannon|p2a: Hoopa-Unbound","|-damage|p2a: Hoopa-Unbound|264/363","|-unboost|p2a: Hoopa-Unbound|spd|1","|move|p2a: Hoopa-Unbound|Drain Punch|p1a: Hydreigon","|-supereffective|p1a: Hydreigon","|-damage|p1a: Hydreigon|0 fnt","|-heal|p2a: Hoopa-Unbound|363/363|[from] drain|[of] p1a: Hydreigon","|faint|p1a: Hydreigon","|","|win|Alliance ♋ akaFila"],"p1rating":{"entryid":"166635","serverid":"eos","formatid":"monotype","userid":"djgible","username":"DJ Gible","w":"22","l":27,"t":"0","gxe":47.5,"r":"1445.2119578153","rd":"55.33720328224","sigma":"0","rptime":"1440925200","rpr":1481.2268471019,"rprd":49.690759963821,"rpsigma":"0","acre":1132.4770654409,"lacre":1132.4770654409,"oldacre":"1156.0380611772"},"p2rating":{"entryid":"126995","serverid":"eos","formatid":"monotype","userid":"allianceakafila","username":"Alliance ♋ akaFila","w":25,"l":"18","t":"0","gxe":56.7,"r":"1529.6656786497","rd":"53.68495356234","sigma":"0","rptime":"1440925200","rpr":1551.4938730735,"rprd":52.053314754979,"rpsigma":"0","acre":1199.6196385914,"lacre":1199.6196385914,"oldacre":"1176.0586428551"},"endType":"normal"}