{"seed":[55986,29379,52701,27580],"turns":26,"p1":"Twizz","p2":"Leade✘ Jk","p1team":[{"name":"0.F.U","species":"magnezone","item":"leftovers","ability":"Sturdy","moves":["flashcannon","thunderbolt","protect","hiddenpowerice"],"nature":"Modest","evs":{"hp":76,"atk":0,"def":180,"spa":252,"spd":0,"spe":0},"ivs":{"hp":31,"atk":30,"def":30,"spa":31,"spd":31,"spe":31}},{"name":"Nope","species":"zapdos","item":"leftovers","ability":"Pressure","moves":["discharge","heatwave","toxic","roost"],"nature":"Bold","evs":{"hp":4,"atk":0,"def":252,"spa":56,"spd":196,"spe":0},"ivs":{"hp":31,"atk":31,"def":31,"spa":31,"spd":31,"spe":31}},{"name":"Amphabulous","species":"ampharos","item":"ampharosite","ability":"Static","moves":["cottonguard","rest","sleeptalk","dragonpulse"],"nature":"Bold","evs":{"hp":0,"atk":0,"def":252,"spa":136,"spd":120,"spe":0},"ivs":{"hp":31,"atk":31,"def":31,"spa":31,"spd":31,"spe":31}},{"name":"Raikou","species":"Raikou","item":"leftovers","ability":"Pressure","moves":["calmmind","substitute","thunderbolt","extrasensory"],"nature":"Timid","evs":{"hp":0,"atk":0,"def":0,"spa":252,"spd":4,"spe":252},"ivs":{"hp":31,"atk":30,"def":30,"spa":31,"spd":31,"spe":31}},{"name":"Fuck you","species":"rotomwash","item":"choicescarf","ability":"Levitate","moves":["voltswitch","hydropump","willowisp","trick"],"nature":"Timid","evs":{"hp":0,"atk":0,"def":0,"spa":252,"spd":4,"spe":252},"ivs":{"hp":31,"atk":31,"def":31,"spa":31,"spd":31,"spe":31}},{"name":"Thundurus","species":"Thundurus","item":"lifeorb","ability":"Prankster","moves":["thunderwave","thunderbolt","uturn","hiddenpowerflying"],"nature":"Serious","evs":{"hp":4,"atk":96,"def":0,"spa":156,"spd":0,"spe":252},"ivs":{"hp":30,"atk":30,"def":30,"spa":30,"spd":30,"spe":31}}],"p2team":[{"name":"toges.copy","species":"cobalion","item":"leftovers","ability":"Justified","moves":["stealthrock","taunt","ironhead","thunderwave"],"nature":"Impish","evs":{"hp":252,"atk":0,"def":212,"spa":0,"spd":0,"spe":44},"ivs":{"hp":31,"atk":31,"def":31,"spa":31,"spd":31,"spe":31}},{"name":"beyblade","species":"hitmontop","item":"assaultvest","ability":"Intimidate","moves":["endeavor","seismictoss","suckerpunch","rapidspin"],"nature":"Careful","evs":{"hp":252,"atk":0,"def":16,"spa":0,"spd":240,"spe":0},"ivs":{"hp":31,"atk":31,"def":31,"spa":31,"spd":31,"spe":31}},{"name":"the.punk","species":"scrafty","item":"leftovers","ability":"Shed Skin","moves":["crunch","drainpunch","bulkup","icepunch"],"nature":"Careful","evs":{"hp":252,"atk":4,"def":0,"spa":0,"spd":252,"spe":0},"ivs":{"hp":31,"atk":31,"def":31,"spa":31,"spd":31,"spe":31}},{"name":"diddy.kong","species":"infernape","item":"focussash","ability":"Blaze","moves":["flamethrower","vacuumwave","encore","nastyplot"],"nature":"Timid","evs":{"hp":0,"atk":0,"def":0,"spa":252,"spd":0,"spe":252},"ivs":{"hp":31,"atk":31,"def":31,"spa":31,"spd":31,"spe":31}},{"name":"beetle.juice","species":"heracross","item":"heracronite","ability":"Moxie","moves":["bulletseed","rockblast","closecombat","pinmissile"],"nature":"Adamant","evs":{"hp":252,"atk":232,"def":24,"spa":0,"spd":0,"spe":0},"ivs":{"hp":31,"atk":31,"def":31,"spa":31,"spd":31,"spe":31}},{"name":"doggy","species":"terrakion","item":"choicescarf","ability":"Justified","moves":["earthquake","ironhead","stoneedge","closecombat"],"nature":"Adamant","evs":{"hp":0,"atk":252,"def":0,"spa":0,"spd":0,"spe":252},"ivs":{"hp":31,"atk":31,"def":31,"spa":31,"spd":31,"spe":31}}],"log":["|player|p1|Twizz|264","|player|p2|Leade✘ Jk|196","|gametype|singles","|gen|6","|tier|Monotype","|rated","|rule|Baton Pass Clause: Limit one Baton Passer, can't pass Spe and other stats simultaneously","|rule|Swagger Clause: Swagger is banned","|rule|Same Type Clause: Pokémon in a team must share a type","|clearpoke","|poke|p1|Magnezone","|poke|p1|Zapdos","|poke|p1|Ampharos, M","|poke|p1|Raikou","|poke|p1|Rotom-Wash","|poke|p1|Thundurus, M","|poke|p2|Cobalion","|poke|p2|Hitmontop, M","|poke|p2|Scrafty, M","|poke|p2|Infernape, M","|poke|p2|Heracross, F","|poke|p2|Terrakion","|rule|Sleep Clause Mod: Limit one foe put to sleep","|rule|Species Clause: Limit one of each Pokémon","|rule|OHKO Clause: OHKO moves are banned","|rule|Moody Clause: Moody is banned","|rule|Evasion Moves Clause: Evasion moves are banned","|rule|Endless Battle Clause: Forcing endless battles is banned","|rule|HP Percentage Mod: HP is shown in percentages","|teampreview","|","|start","|switch|p1a: Fuck you|Rotom-Wash|241/241","|switch|p2a: beetle.juice|Heracross, F|364/364","|turn|1","|","|detailschange|p2a: beetle.juice|Heracross-Mega, F","|-mega|p2a: beetle.juice|Heracross|Heracronite","|move|p1a: Fuck you|Volt Switch|p2a: beetle.juice","|-damage|p2a: beetle.juice|261/364","|","|switch|p1a: Thundurus|Thundurus, M|299/299","|move|p2a: beetle.juice|Bullet Seed|p1a: Thundurus","|-resisted|p1a: Thundurus","|-damage|p1a: Thundurus|270/299","|-resisted|p1a: Thundurus","|-damage|p1a: Thundurus|239/299","|-resisted|p1a: Thundurus","|-damage|p1a: Thundurus|211/299","|-resisted|p1a: Thundurus","|-damage|p1a: Thundurus|184/299","|-resisted|p1a: Thundurus","|-damage|p1a: Thundurus|154/299","|-hitcount|p1a: Thundurus|5","|","|turn|2","|","|switch|p2a: beyblade|Hitmontop, M|304/304","|-ability|p2a: beyblade|Intimidate","|-unboost|p1a: Thundurus|atk|1","|move|p1a: Thundurus|Thunder Wave|p2a: beyblade","|-status|p2a: beyblade|par","|","|turn|3","|","|move|p1a: Thundurus|Hidden Power|p2a: beyblade","|-crit|p2a: beyblade","|-supereffective|p2a: beyblade","|-damage|p2a: beyblade|125/304 par","|-damage|p1a: Thundurus|125/299|[from] item: Life Orb","|move|p2a: beyblade|Seismic Toss|p1a: Thundurus","|-damage|p1a: Thundurus|25/299","|","|turn|4","|","|move|p2a: beyblade|Sucker Punch|p1a: Thundurus","|-damage|p1a: Thundurus|0 fnt","|faint|p1a: Thundurus","|","|","|switch|p1a: Amphabulous|Ampharos, M|321/321","|turn|5","|","|detailschange|p1a: Amphabulous|Ampharos-Mega, M","|-mega|p1a: Amphabulous|Ampharos|Ampharosite","|-ability|p1a: Amphabulous|Mold Breaker","|move|p1a: Amphabulous|Cotton Guard|p1a: Amphabulous","|-boost|p1a: Amphabulous|def|3","|move|p2a: beyblade|Endeavor|p1a: Amphabulous","|-damage|p1a: Amphabulous|125/321","|","|turn|6","|","|move|p1a: Amphabulous|Rest|p1a: Amphabulous","|-status|p1a: Amphabulous|slp","|-heal|p1a: Amphabulous|321/321 slp|[silent]","|-status|p1a: Amphabulous|slp|[from] move: Rest","|move|p2a: beyblade|Seismic Toss|p1a: Amphabulous","|-damage|p1a: Amphabulous|221/321 slp","|","|turn|7","|","|cant|p1a: Amphabulous|slp","|move|p1a: Amphabulous|Sleep Talk|p1a: Amphabulous","|move|p1a: Amphabulous|Cotton Guard|p1a: Amphabulous|[from]Sleep Talk","|-boost|p1a: Amphabulous|def|3","|cant|p2a: beyblade|par","|","|turn|8","|","|cant|p1a: Amphabulous|slp","|move|p1a: Amphabulous|Sleep Talk|p1a: Amphabulous","|move|p1a: Amphabulous|Rest|p1a: Amphabulous|[from]Sleep Talk","|-fail|p1a: Amphabulous","|move|p2a: beyblade|Endeavor|p1a: Amphabulous","|-damage|p1a: Amphabulous|125/321 slp","|","|turn|9","|","|-curestatus|p1a: Amphabulous|slp","|move|p1a: Amphabulous|Rest|p1a: Amphabulous","|-status|p1a: Amphabulous|slp","|-heal|p1a: Amphabulous|321/321 slp|[silent]","|-status|p1a: Amphabulous|slp|[from] move: Rest","|cant|p2a: beyblade|par","|","|turn|10","|","|cant|p1a: Amphabulous|slp","|move|p1a: Amphabulous|Sleep Talk|p1a: Amphabulous","|move|p1a: Amphabulous|Rest|p1a: Amphabulous|[from]Sleep Talk","|-fail|p1a: Amphabulous","|move|p2a: beyblade|Endeavor|p1a: Amphabulous","|-damage|p1a: Amphabulous|125/321 slp","|","|turn|11","|","|cant|p1a: Amphabulous|slp","|move|p1a: Amphabulous|Sleep Talk|p1a: Amphabulous","|move|p1a: Amphabulous|Dragon Pulse|p2a: beyblade|[from]Sleep Talk","|-damage|p2a: beyblade|55/304 par","|move|p2a: beyblade|Seismic Toss|p1a: Amphabulous","|-damage|p1a: Amphabulous|25/321 slp","|","|turn|12","|","|-curestatus|p1a: Amphabulous|slp","|move|p1a: Amphabulous|Rest|p1a: Amphabulous","|-status|p1a: Amphabulous|slp","|-heal|p1a: Amphabulous|321/321 slp|[silent]","|-status|p1a: Amphabulous|slp|[from] move: Rest","|move|p2a: beyblade|Endeavor|p1a: Amphabulous","|-damage|p1a: Amphabulous|55/321 slp","|","|turn|13","|","|switch|p1a: Fuck you|Rotom-Wash|241/241","|cant|p2a: beyblade|par","|","|turn|14","|","|move|p1a: Fuck you|Volt Switch|p2a: beyblade","|-damage|p2a: beyblade|1/304 par","|","|switch|p1a: Amphabulous|Ampharos-Mega, M|55/321 slp","|-ability|p1a: Amphabulous|Mold Breaker","|move|p2a: beyblade|Endeavor|p1a: Amphabulous","|-damage|p1a: Amphabulous|1/321 slp","|","|turn|15","|","|cant|p1a: Amphabulous|slp","|move|p1a: Amphabulous|Sleep Talk|p1a: Amphabulous","|move|p1a: Amphabulous|Rest|p1a: Amphabulous|[from]Sleep Talk","|-fail|p1a: Amphabulous","|move|p2a: beyblade|Seismic Toss|p1a: Amphabulous","|-damage|p1a: Amphabulous|0 fnt","|faint|p1a: Amphabulous","|","|","|switch|p1a: Fuck you|Rotom-Wash|241/241","|turn|16","|","|cant|p2a: beyblade|par","|move|p1a: Fuck you|Volt Switch|p2a: beyblade","|-damage|p2a: beyblade|0 fnt","|faint|p2a: beyblade","|","|switch|p1a: Raikou|Raikou|321/321","|-ability|p1a: Raikou|Pressure","|","|","|switch|p2a: beetle.juice|Heracross-Mega, F|261/364","|turn|17","|","|move|p1a: Raikou|Extrasensory|p2a: beetle.juice","|-supereffective|p2a: beetle.juice","|-damage|p2a: beetle.juice|95/364","|move|p2a: beetle.juice|Close Combat|p1a: Raikou","|-damage|p1a: Raikou|0 fnt","|-unboost|p2a: beetle.juice|def|1","|-unboost|p2a: beetle.juice|spd|1","|faint|p1a: Raikou","|","|","|switch|p1a: Fuck you|Rotom-Wash|241/241","|turn|18","|","|switch|p2a: the.punk|Scrafty, M|334/334","|move|p1a: Fuck you|Volt Switch|p2a: the.punk","|-damage|p2a: the.punk|267/334","|","|switch|p1a: Nope|Zapdos|322/322","|-ability|p1a: Nope|Pressure","|","|-heal|p2a: the.punk|287/334|[from] item: Leftovers","|turn|19","|","|move|p1a: Nope|Discharge|p2a: the.punk","|-damage|p2a: the.punk|215/334","|move|p2a: the.punk|Bulk Up|p2a: the.punk","|-boost|p2a: the.punk|atk|1","|-boost|p2a: the.punk|def|1","|","|-heal|p2a: the.punk|235/334|[from] item: Leftovers","|turn|20","|","|move|p1a: Nope|Discharge|p2a: the.punk","|-damage|p2a: the.punk|162/334","|-status|p2a: the.punk|par","|move|p2a: the.punk|Bulk Up|p2a: the.punk","|-boost|p2a: the.punk|atk|1","|-boost|p2a: the.punk|def|1","|","|-activate|p2a: the.punk|ability: Shed Skin","|-curestatus|p2a: the.punk|par","|-heal|p2a: the.punk|182/334|[from] item: Leftovers","|turn|21","|","|move|p1a: Nope|Discharge|p2a: the.punk","|-damage|p2a: the.punk|110/334","|move|p2a: the.punk|Ice Punch|p1a: Nope","|-supereffective|p1a: Nope","|-damage|p1a: Nope|156/322","|","|-heal|p1a: Nope|176/322|[from] item: Leftovers","|-heal|p2a: the.punk|130/334|[from] item: Leftovers","|turn|22","|","|move|p1a: Nope|Roost|p1a: Nope","|-heal|p1a: Nope|322/322","|move|p2a: the.punk|Drain Punch|p1a: Nope","|-damage|p1a: Nope|201/322","|-heal|p2a: the.punk|191/334|[from] drain|[of] p1a: Nope","|","|-heal|p1a: Nope|221/322|[from] item: Leftovers","|-heal|p2a: the.punk|211/334|[from] item: Leftovers","|turn|23","|","|move|p1a: Nope|Roost|p1a: Nope","|-heal|p1a: Nope|322/322","|move|p2a: the.punk|Crunch|p1a: Nope","|-damage|p1a: Nope|183/322","|","|-heal|p1a: Nope|203/322|[from] item: Leftovers","|-heal|p2a: the.punk|231/334|[from] item: Leftovers","|turn|24","|","|move|p1a: Nope|Discharge|p2a: the.punk","|-damage|p2a: the.punk|159/334","|move|p2a: the.punk|Ice Punch|p1a: Nope","|-supereffective|p1a: Nope","|-damage|p1a: Nope|31/322","|-status|p1a: Nope|frz","|","|-heal|p1a: Nope|51/322 frz|[from] item: Leftovers","|-heal|p2a: the.punk|179/334|[from] item: Leftovers","|turn|25","|","|-curestatus|p1a: Nope|frz","|move|p1a: Nope|Discharge|p2a: the.punk","|-damage|p2a: the.punk|94/334","|move|p2a: the.punk|Drain Punch|p1a: Nope","|-resisted|p1a: Nope","|-damage|p1a: Nope|0 fnt","|-heal|p2a: the.punk|120/334|[from] drain|[of] p1a: Nope","|faint|p1a: Nope","|","|-heal|p2a: the.punk|140/334|[from] item: Leftovers","|","|switch|p1a: Fuck you|Rotom-Wash|241/241","|turn|26","|","|win|Leade✘ Jk"],"p1rating":{"entryid":"66045","serverid":"eos","formatid":"monotype","userid":"twizz","username":"Twizz","w":"21","l":18,"t":"0","gxe":50.8,"r":"1523.045446932","rd":"57.070150049906","sigma":"0","rptime":"1440925200","rpr":1505.9429804561,"rprd":55.743350360718,"rpsigma":"0","acre":1064.333524117,"lacre":1064.333524117,"oldacre":"1095.072199476"},"p2rating":{"entryid":675189,"formatid":"monotype","userid":"leadejk","username":"Leade✘ Jk","r":1500,"rd":130,"sigma":0,"rpr":1544.9196064507,"rprd":122.02510036118,"rpsigma":0,"rptime":1440925200,"w":1,"l":0,"t":0,"gxe":55.6,"acre":1050.680336095,"lacre":1050.680336095,"oldacre":1000},"endType":"forfeit"}