{"seed":[13267,23342,23777,45485],"turns":31,"p1":"SL Lightoak","p2":"SL Espeon","p1team":[{"name":"Scizor","species":"Scizor","item":"scizorite","ability":"Swarm","moves":["swordsdance","bulletpunch","xscissor","roost"],"nature":"","evs":{"hp":0,"atk":0,"def":0,"spa":0,"spd":0,"spe":0},"ivs":{"hp":31,"atk":31,"def":31,"spa":31,"spd":31,"spe":31}},{"name":"Jirachi","species":"Jirachi","item":"leftovers","ability":"Serene Grace","moves":["thunderwave","ironhead","wish","poweruppunch"],"nature":"Adamant","evs":{"hp":224,"atk":252,"def":0,"spa":0,"spd":0,"spe":32},"ivs":{"hp":31,"atk":31,"def":31,"spa":31,"spd":31,"spe":31}},{"name":"Doublade","species":"Doublade","item":"eviolite","ability":"No Guard","moves":["rockslide","sacredsword","shadowsneak","swordsdance"],"nature":"Adamant","evs":{"hp":248,"atk":252,"def":0,"spa":0,"spd":8,"spe":0},"ivs":{"hp":31,"atk":31,"def":31,"spa":31,"spd":31,"spe":31}},{"name":"Skarmory","species":"Skarmory","item":"rockyhelmet","ability":"Keen Eye","moves":["roost","sandstorm","ironhead","defog"],"nature":"","evs":{"hp":0,"atk":0,"def":0,"spa":0,"spd":0,"spe":0},"ivs":{"hp":31,"atk":31,"def":31,"spa":31,"spd":31,"spe":31}},{"name":"Excadrill","species":"Excadrill","item":"lifeorb","ability":"Sand Rush","moves":["earthquake","ironhead","rockslide","xscissor"],"nature":"Adamant","evs":{"hp":0,"atk":252,"def":0,"spa":0,"spd":4,"spe":252},"ivs":{"hp":31,"atk":31,"def":31,"spa":31,"spd":31,"spe":31}},{"name":"Bronzong","species":"Bronzong","item":"lightclay","ability":"Levitate","moves":["lightscreen","reflect","sandstorm","psychic"],"nature":"Calm","evs":{"hp":248,"atk":0,"def":0,"spa":8,"spd":252,"spe":0},"ivs":{"hp":31,"atk":31,"def":31,"spa":31,"spd":31,"spe":31}}],"p2team":[{"name":"Jirachi","species":"Jirachi","item":"choicescarf","ability":"Serene Grace","moves":["drainpunch","uturn","zenheadbutt","icepunch"],"nature":"Jolly","evs":{"hp":0,"atk":252,"def":0,"spa":0,"spd":4,"spe":252},"ivs":{"hp":31,"atk":31,"def":31,"spa":31,"spd":31,"spe":31}},{"name":"Magnezone","species":"Magnezone","item":"choicescarf","ability":"Sturdy","moves":["voltswitch","thunderbolt","hiddenpowerice","flashcannon"],"nature":"Timid","evs":{"hp":0,"atk":0,"def":0,"spa":252,"spd":4,"spe":252},"ivs":{"hp":31,"atk":30,"def":30,"spa":31,"spd":31,"spe":31}},{"name":"Excadrill","species":"Excadrill","item":"choicescarf","ability":"Mold Breaker","moves":["rockslide","ironhead","xscissor","earthquake"],"nature":"Jolly","evs":{"hp":0,"atk":252,"def":0,"spa":0,"spd":4,"spe":252},"ivs":{"hp":31,"atk":31,"def":31,"spa":31,"spd":31,"spe":31}},{"name":"Lucario","species":"Lucario","item":"lifeorb","ability":"Inner Focus","moves":["vacuumwave","aurasphere","flashcannon","shadowball"],"nature":"Timid","evs":{"hp":0,"atk":0,"def":0,"spa":252,"spd":4,"spe":252},"ivs":{"hp":31,"atk":31,"def":31,"spa":31,"spd":31,"spe":31}},{"name":"Skarmory","species":"Skarmory","item":"rockyhelmet","ability":"Sturdy","moves":["bravebird","roost","stealthrock","defog"],"nature":"Impish","evs":{"hp":248,"atk":0,"def":236,"spa":0,"spd":0,"spe":24},"ivs":{"hp":31,"atk":31,"def":31,"spa":31,"spd":31,"spe":31}},{"name":"Heatran","species":"Heatran","item":"airballoon","ability":"Flash Fire","moves":["lavaplume","earthpower","protect","willowisp"],"nature":"Calm","evs":{"hp":248,"atk":0,"def":0,"spa":8,"spd":252,"spe":0},"ivs":{"hp":31,"atk":31,"def":31,"spa":31,"spd":31,"spe":31}}],"log":["|player|p1|SL Lightoak|lightofaknowing.png","|player|p2|SL Espeon|70","|gametype|singles","|gen|6","|tier|Monotype","|rated","|rule|Baton Pass Clause: Limit one Baton Passer, can't pass Spe and other stats simultaneously","|rule|Swagger Clause: Swagger is banned","|rule|Same Type Clause: Pokémon in a team must share a type","|clearpoke","|poke|p1|Scizor, M","|poke|p1|Jirachi","|poke|p1|Doublade, M","|poke|p1|Skarmory, F","|poke|p1|Excadrill, F","|poke|p1|Bronzong","|poke|p2|Jirachi","|poke|p2|Magnezone","|poke|p2|Excadrill, M","|poke|p2|Lucario, F","|poke|p2|Skarmory, F","|poke|p2|Heatran, M","|rule|Sleep Clause Mod: Limit one foe put to sleep","|rule|Species Clause: Limit one of each Pokémon","|rule|OHKO Clause: OHKO moves are banned","|rule|Moody Clause: Moody is banned","|rule|Evasion Moves Clause: Evasion moves are banned","|rule|Endless Battle Clause: Forcing endless battles is banned","|rule|HP Percentage Mod: HP is shown in percentages","|teampreview","|","|start","|switch|p1a: Bronzong|Bronzong|337/337","|switch|p2a: Heatran|Heatran, M|385/385","|-item|p2a: Heatran|Air Balloon","|turn|1","|","|move|p2a: Heatran|Earth Power|p1a: Bronzong","|-immune|p1a: Bronzong|[msg]","|move|p1a: Bronzong|Light Screen|p1a: Bronzong","|-sidestart|p1: SL Lightoak|move: Light Screen","|","|turn|2","|","|move|p2a: Heatran|Will-O-Wisp|p1a: Bronzong","|-status|p1a: Bronzong|brn","|move|p1a: Bronzong|Reflect|p1a: Bronzong","|-sidestart|p1: SL Lightoak|Reflect","|","|-damage|p1a: Bronzong|295/337 brn|[from] brn","|turn|3","|","|move|p2a: Heatran|Lava Plume|p1a: Bronzong","|-supereffective|p1a: Bronzong","|-damage|p1a: Bronzong|216/337 brn","|move|p1a: Bronzong|Psychic|p2a: Heatran","|-resisted|p2a: Heatran","|-damage|p2a: Heatran|354/385","|-enditem|p2a: Heatran|Air Balloon","|","|-damage|p1a: Bronzong|174/337 brn|[from] brn","|turn|4","|","|move|p2a: Heatran|Lava Plume|p1a: Bronzong","|-supereffective|p1a: Bronzong","|-damage|p1a: Bronzong|98/337 brn","|move|p1a: Bronzong|Sandstorm|p1a: Bronzong","|-weather|Sandstorm","|","|-weather|Sandstorm|[upkeep]","|-damage|p1a: Bronzong|56/337 brn|[from] brn","|turn|5","|","|move|p2a: Heatran|Lava Plume|p1a: Bronzong","|-supereffective|p1a: Bronzong","|-damage|p1a: Bronzong|0 fnt","|faint|p1a: Bronzong","|","|-weather|Sandstorm|[upkeep]","|","|switch|p1a: Excadrill|Excadrill, F|361/361","|turn|6","|","|move|p2a: Heatran|Protect|p2a: Heatran","|-singleturn|p2a: Heatran|Protect","|move|p1a: Excadrill|Earthquake|p2a: Heatran","|-activate|p2a: Heatran|Protect","|","|-weather|Sandstorm|[upkeep]","|turn|7","|","|move|p1a: Excadrill|Rock Slide|p2a: Heatran","|-damage|p2a: Heatran|240/385","|-damage|p1a: Excadrill|325/361|[from] item: Life Orb","|move|p2a: Heatran|Lava Plume|p1a: Excadrill","|-supereffective|p1a: Excadrill","|-damage|p1a: Excadrill|156/361","|","|-weather|Sandstorm|[upkeep]","|turn|8","|","|switch|p2a: Skarmory|Skarmory, F|333/333","|move|p1a: Excadrill|Earthquake|p2a: Skarmory","|-immune|p2a: Skarmory|[msg]","|","|-weather|none","|-sideend|p1: SL Lightoak|move: Light Screen","|turn|9","|","|move|p1a: Excadrill|Rock Slide|p2a: Skarmory","|-damage|p2a: Skarmory|259/333","|-damage|p1a: Excadrill|120/361|[from] item: Life Orb","|cant|p2a: Skarmory|flinch","|","|-sideend|p1: SL Lightoak|Reflect","|turn|10","|","|switch|p1a: Doublade|Doublade, M|321/321","|move|p2a: Skarmory|Stealth Rock|p1a: Doublade","|-sidestart|p1: SL Lightoak|move: Stealth Rock","|","|turn|11","|","|switch|p2a: Heatran|Heatran, M|240/385","|move|p1a: Doublade|Swords Dance|p1a: Doublade","|-boost|p1a: Doublade|atk|2","|","|turn|12","|","|move|p1a: Doublade|Shadow Sneak|p2a: Heatran","|-damage|p2a: Heatran|102/385","|move|p2a: Heatran|Will-O-Wisp|p1a: Doublade","|-status|p1a: Doublade|brn","|","|-damage|p1a: Doublade|281/321 brn|[from] brn","|turn|13","|","|move|p2a: Heatran|Protect|p2a: Heatran","|-singleturn|p2a: Heatran|Protect","|move|p1a: Doublade|Swords Dance|p1a: Doublade","|-boost|p1a: Doublade|atk|2","|","|-damage|p1a: Doublade|241/321 brn|[from] brn","|turn|14","|","|switch|p2a: Skarmory|Skarmory, F|259/333","|move|p1a: Doublade|Swords Dance|p1a: Doublade","|-boost|p1a: Doublade|atk|2","|","|-damage|p1a: Doublade|201/321 brn|[from] brn","|turn|15","|","|move|p2a: Skarmory|Roost|p2a: Skarmory","|-heal|p2a: Skarmory|333/333","|move|p1a: Doublade|Sacred Sword|p2a: Skarmory","|-supereffective|p2a: Skarmory","|-damage|p2a: Skarmory|114/333","|-damage|p1a: Doublade|148/321 brn|[from] item: Rocky Helmet|[of] p2a: Skarmory","|","|-damage|p1a: Doublade|108/321 brn|[from] brn","|turn|16","|","|move|p1a: Doublade|Shadow Sneak|p2a: Skarmory","|-damage|p2a: Skarmory|30/333","|-damage|p1a: Doublade|55/321 brn|[from] item: Rocky Helmet|[of] p2a: Skarmory","|move|p2a: Skarmory|Roost|p2a: Skarmory","|-heal|p2a: Skarmory|197/333","|","|-damage|p1a: Doublade|15/321 brn|[from] brn","|turn|17","|","|switch|p2a: Heatran|Heatran, M|102/385","|move|p1a: Doublade|Sacred Sword|p2a: Heatran","|-supereffective|p2a: Heatran","|-damage|p2a: Heatran|0 fnt","|faint|p2a: Heatran","|","|-damage|p1a: Doublade|0 fnt|[from] brn","|faint|p1a: Doublade","|","|switch|p2a: Magnezone|Magnezone|281/281","|switch|p1a: Skarmory|Skarmory, F|271/271","|-damage|p1a: Skarmory|238/271|[from] Stealth Rock","|turn|18","|","|move|p2a: Magnezone|Thunderbolt|p1a: Skarmory","|-supereffective|p1a: Skarmory","|-damage|p1a: Skarmory|0 fnt","|faint|p1a: Skarmory","|","|","|switch|p1a: Jirachi|Jirachi|397/397","|-damage|p1a: Jirachi|373/397|[from] Stealth Rock","|turn|19","|","|move|p2a: Magnezone|Thunderbolt|p1a: Jirachi","|-damage|p1a: Jirachi|216/397","|move|p1a: Jirachi|Power-Up Punch|p2a: Magnezone","|-crit|p2a: Magnezone","|-supereffective|p2a: Magnezone","|-damage|p2a: Magnezone|165/281","|-boost|p1a: Jirachi|atk|1","|","|-heal|p1a: Jirachi|240/397|[from] item: Leftovers","|turn|20","|","|move|p2a: Magnezone|Thunderbolt|p1a: Jirachi","|-damage|p1a: Jirachi|83/397","|move|p1a: Jirachi|Power-Up Punch|p2a: Magnezone","|-supereffective|p2a: Magnezone","|-damage|p2a: Magnezone|37/281","|-boost|p1a: Jirachi|atk|1","|","|-heal|p1a: Jirachi|107/397|[from] item: Leftovers","|turn|21","|","|move|p2a: Magnezone|Thunderbolt|p1a: Jirachi","|-damage|p1a: Jirachi|0 fnt","|faint|p1a: Jirachi","|","|","|switch|p1a: Scizor|Scizor, M|281/281","|-damage|p1a: Scizor|246/281|[from] Stealth Rock","|turn|22","|","|detailschange|p1a: Scizor|Scizor-Mega, M","|-mega|p1a: Scizor|Scizor|Scizorite","|move|p2a: Magnezone|Thunderbolt|p1a: Scizor","|-damage|p1a: Scizor|95/281","|move|p1a: Scizor|Swords Dance|p1a: Scizor","|-boost|p1a: Scizor|atk|2","|","|turn|23","|","|move|p1a: Scizor|Bullet Punch|p2a: Magnezone","|-resisted|p2a: Magnezone","|-damage|p2a: Magnezone|0 fnt","|faint|p2a: Magnezone","|","|","|switch|p2a: Lucario|Lucario, F|281/281","|turn|24","|","|switch|p2a: Skarmory|Skarmory, F|197/333","|move|p1a: Scizor|Roost|p1a: Scizor","|-heal|p1a: Scizor|236/281","|","|turn|25","|","|move|p1a: Scizor|Swords Dance|p1a: Scizor","|-boost|p1a: Scizor|atk|2","|move|p2a: Skarmory|Brave Bird|p1a: Scizor","|-damage|p1a: Scizor|146/281","|-damage|p2a: Skarmory|167/333|[from] recoil|[of] p1a: Scizor","|","|turn|26","|","|move|p1a: Scizor|Swords Dance|p1a: Scizor","|-boost|p1a: Scizor|atk|2","|move|p2a: Skarmory|Roost|p2a: Skarmory","|-heal|p2a: Skarmory|333/333","|","|turn|27","|","|move|p1a: Scizor|Roost|p1a: Scizor","|-heal|p1a: Scizor|281/281","|move|p2a: Skarmory|Brave Bird|p1a: Scizor","|-damage|p1a: Scizor|197/281","|-damage|p2a: Skarmory|305/333|[from] recoil|[of] p1a: Scizor","|","|turn|28","|","|move|p1a: Scizor|Bullet Punch|p2a: Skarmory","|-resisted|p2a: Skarmory","|-damage|p2a: Skarmory|181/333","|-damage|p1a: Scizor|151/281|[from] item: Rocky Helmet|[of] p2a: Skarmory","|move|p2a: Skarmory|Brave Bird|p1a: Scizor","|-damage|p1a: Scizor|69/281","|-damage|p2a: Skarmory|154/333|[from] recoil|[of] p1a: Scizor","|","|turn|29","|","|move|p1a: Scizor|Roost|p1a: Scizor","|-heal|p1a: Scizor|210/281","|move|p2a: Skarmory|Brave Bird|p1a: Scizor","|-damage|p1a: Scizor|120/281","|-damage|p2a: Skarmory|124/333|[from] recoil|[of] p1a: Scizor","|","|turn|30","|","|move|p1a: Scizor|Bullet Punch|p2a: Skarmory","|-resisted|p2a: Skarmory","|-damage|p2a: Skarmory|15/333","|-damage|p1a: Scizor|74/281|[from] item: Rocky Helmet|[of] p2a: Skarmory","|move|p2a: Skarmory|Brave Bird|p1a: Scizor","|-damage|p1a: Scizor|0 fnt","|-damage|p2a: Skarmory|0 fnt|[from] recoil|[of] p1a: Scizor","|faint|p1a: Scizor","|faint|p2a: Skarmory","|","|","|switch|p2a: Lucario|Lucario, F|281/281","|switch|p1a: Excadrill|Excadrill, F|120/361","|-damage|p1a: Excadrill|109/361|[from] Stealth Rock","|turn|31","|","|move|p2a: Lucario|Vacuum Wave|p1a: Excadrill","|-supereffective|p1a: Excadrill","|-damage|p1a: Excadrill|0 fnt","|-damage|p2a: Lucario|253/281|[from] item: Life Orb","|faint|p1a: Excadrill","|","|win|SL Espeon"],"p1rating":{"entryid":"530913","serverid":"eos","formatid":"monotype","userid":"sllightoak","username":"SL Lightoak","w":"7","l":6,"t":"0","gxe":53.5,"r":"1569.5869173409","rd":"107.16042444698","sigma":"0","rptime":"1440925200","rpr":1526.9092614332,"rprd":80.644527935203,"rpsigma":"0","acre":1094.581196908,"lacre":1094.581196908,"oldacre":"1118.3993473417"},"p2rating":{"entryid":"208929","serverid":"eos","formatid":"monotype","userid":"slespeon","username":"SL Espeon","w":7,"l":"6","t":"0","gxe":52.3,"r":"1495.6615754086","rd":"84.603328677793","sigma":"0","rptime":"1440925200","rpr":1517.907149128,"rprd":82.523183371201,"rpsigma":"0","acre":1158.6544134912,"lacre":1158.6544134912,"oldacre":"1134.8362630575"},"endType":"normal"}