{"seed":[17490,42229,34529,45119],"turns":25,"p1":"Hm Rider","p2":"Imp Donut","p1team":[{"name":"Keldeo-Resolute","species":"Keldeo-Resolute","item":"lifeorb","ability":"Justified","moves":["scald","secretsword","icywind","aquajet"],"nature":"Timid","evs":{"hp":0,"atk":0,"def":0,"spa":252,"spd":4,"spe":252},"shiny":true,"ivs":{"hp":31,"atk":31,"def":31,"spa":31,"spd":31,"spe":31}},{"name":"Terrakion","species":"Terrakion","item":"leftovers","ability":"Justified","moves":["stealthrock","closecombat","earthquake","stoneedge"],"nature":"Jolly","evs":{"hp":88,"atk":172,"def":4,"spa":0,"spd":0,"spe":244},"shiny":true,"ivs":{"hp":31,"atk":31,"def":31,"spa":31,"spd":31,"spe":31}},{"name":"Hawlucha","species":"Hawlucha","item":"","ability":"Unburden","moves":["brickbreak","acrobatics","poisonjab","highjumpkick"],"nature":"Jolly","evs":{"hp":0,"atk":252,"def":0,"spa":0,"spd":4,"spe":252},"shiny":true,"ivs":{"hp":31,"atk":31,"def":31,"spa":31,"spd":31,"spe":31}},{"name":"Gallade","species":"Gallade","item":"galladite","ability":"Steadfast","moves":["swordsdance","shadowsneak","psychocut","drainpunch"],"nature":"Jolly","evs":{"hp":0,"atk":252,"def":0,"spa":0,"spd":4,"spe":252},"shiny":true,"ivs":{"hp":31,"atk":31,"def":31,"spa":31,"spd":31,"spe":31}},{"name":"Breloom","species":"Breloom","item":"toxicorb","ability":"Poison Heal","moves":["spore","protect","leechseed","seedbomb"],"nature":"Jolly","evs":{"hp":252,"atk":4,"def":0,"spa":0,"spd":0,"spe":252},"shiny":true,"ivs":{"hp":31,"atk":31,"def":31,"spa":31,"spd":31,"spe":31}},{"name":"Mienshao","species":"Mienshao","item":"choicescarf","ability":"Reckless","moves":["highjumpkick","poisonjab","knockoff","stoneedge"],"nature":"Jolly","evs":{"hp":0,"atk":252,"def":0,"spa":0,"spd":4,"spe":252},"shiny":true,"ivs":{"hp":31,"atk":31,"def":31,"spa":31,"spd":31,"spe":31}}],"p2team":[{"name":"Excadrill","species":"Excadrill","item":"choicescarf","ability":"Mold Breaker","moves":["brickbreak","earthquake","ironhead","rockslide"],"nature":"Jolly","evs":{"hp":0,"atk":252,"def":0,"spa":0,"spd":4,"spe":252},"ivs":{"hp":31,"atk":31,"def":31,"spa":31,"spd":31,"spe":31}},{"name":"Heatran","species":"Heatran","item":"airballoon","ability":"Flash Fire","moves":["ancientpower","earthpower","lavaplume","hiddenpowergrass"],"nature":"Modest","evs":{"hp":232,"atk":0,"def":0,"spa":252,"spd":0,"spe":24},"ivs":{"hp":31,"atk":30,"def":31,"spa":30,"spd":31,"spe":31}},{"name":"Skarmory","species":"Skarmory","item":"rockyhelmet","ability":"Sturdy","moves":["bravebird","roost","stealthrock","whirlwind"],"nature":"Impish","evs":{"hp":248,"atk":0,"def":236,"spa":0,"spd":0,"spe":24},"ivs":{"hp":31,"atk":31,"def":31,"spa":31,"spd":31,"spe":31}},{"name":"Empoleon","species":"Empoleon","item":"leftovers","ability":"Torrent","moves":["scald","roar","knockoff","grassknot"],"nature":"Calm","evs":{"hp":196,"atk":0,"def":84,"spa":56,"spd":172,"spe":0},"ivs":{"hp":31,"atk":0,"def":31,"spa":31,"spd":31,"spe":31}},{"name":"Scizor","species":"Scizor","item":"scizorite","ability":"Technician","moves":["bulletpunch","roost","swordsdance","bugbite"],"nature":"Adamant","evs":{"hp":248,"atk":252,"def":0,"spa":0,"spd":8,"spe":0},"ivs":{"hp":31,"atk":31,"def":31,"spa":31,"spd":31,"spe":31}},{"name":"Bisharp","species":"Bisharp","item":"lumberry","ability":"Defiant","moves":["ironhead","knockoff","suckerpunch","swordsdance"],"nature":"Adamant","evs":{"hp":248,"atk":252,"def":0,"spa":0,"spd":8,"spe":0},"ivs":{"hp":31,"atk":31,"def":31,"spa":31,"spd":31,"spe":31}}],"log":["|player|p1|Hm Rider|13","|player|p2|Imp Donut|170","|gametype|singles","|gen|6","|tier|Monotype","|rated","|rule|Baton Pass Clause: Limit one Baton Passer, can't pass Spe and other stats simultaneously","|rule|Swagger Clause: Swagger is banned","|rule|Same Type Clause: Pokémon in a team must share a type","|clearpoke","|poke|p1|Keldeo-Resolute, shiny","|poke|p1|Terrakion, shiny","|poke|p1|Hawlucha, M, shiny","|poke|p1|Gallade, M, shiny","|poke|p1|Breloom, F, shiny","|poke|p1|Mienshao, M, shiny","|poke|p2|Excadrill, F","|poke|p2|Heatran, M","|poke|p2|Skarmory, M","|poke|p2|Empoleon, M","|poke|p2|Scizor, M","|poke|p2|Bisharp, M","|rule|Sleep Clause Mod: Limit one foe put to sleep","|rule|Species Clause: Limit one of each Pokémon","|rule|OHKO Clause: OHKO moves are banned","|rule|Moody Clause: Moody is banned","|rule|Evasion Moves Clause: Evasion moves are banned","|rule|Endless Battle Clause: Forcing endless battles is banned","|rule|HP Percentage Mod: HP is shown in percentages","|teampreview","|","|start","|switch|p1a: Hawlucha|Hawlucha, M, shiny|297/297","|switch|p2a: Scizor|Scizor, M|343/343","|turn|1","|","|detailschange|p2a: Scizor|Scizor-Mega, M","|-mega|p2a: Scizor|Scizor|Scizorite","|move|p2a: Scizor|Bullet Punch|p1a: Hawlucha","|-damage|p1a: Hawlucha|120/297","|move|p1a: Hawlucha|High Jump Kick|p2a: Scizor","|-damage|p2a: Scizor|205/343","|","|turn|2","|","|move|p2a: Scizor|Bullet Punch|p1a: Hawlucha","|-damage|p1a: Hawlucha|0 fnt","|faint|p1a: Hawlucha","|","|","|switch|p1a: Keldeo-Resolute|Keldeo-Resolute, shiny|323/323","|turn|3","|","|move|p1a: Keldeo-Resolute|Scald|p2a: Scizor","|-damage|p2a: Scizor|18/343","|-status|p2a: Scizor|brn","|-damage|p1a: Keldeo-Resolute|291/323|[from] item: Life Orb","|move|p2a: Scizor|Roost|p2a: Scizor","|-heal|p2a: Scizor|190/343 brn","|","|-damage|p2a: Scizor|148/343 brn|[from] brn","|turn|4","|","|move|p2a: Scizor|Bullet Punch|p1a: Keldeo-Resolute","|-resisted|p1a: Keldeo-Resolute","|-damage|p1a: Keldeo-Resolute|254/323","|move|p1a: Keldeo-Resolute|Secret Sword|p2a: Scizor","|-damage|p2a: Scizor|2/343 brn","|-damage|p1a: Keldeo-Resolute|222/323|[from] item: Life Orb","|","|-damage|p2a: Scizor|0 fnt|[from] brn","|faint|p2a: Scizor","|","|switch|p2a: Empoleon|Empoleon, M|358/358","|turn|5","|","|move|p1a: Keldeo-Resolute|Secret Sword|p2a: Empoleon","|-supereffective|p2a: Empoleon","|-damage|p2a: Empoleon|0 fnt","|-damage|p1a: Keldeo-Resolute|190/323|[from] item: Life Orb","|faint|p2a: Empoleon","|","|","|switch|p2a: Excadrill|Excadrill, F|361/361","|-ability|p2a: Excadrill|Mold Breaker","|turn|6","|","|move|p2a: Excadrill|Earthquake|p1a: Keldeo-Resolute","|-damage|p1a: Keldeo-Resolute|0 fnt","|faint|p1a: Keldeo-Resolute","|","|","|switch|p1a: Breloom|Breloom, F, shiny|324/324","|turn|7","|","|switch|p2a: Bisharp|Bisharp, M|333/333","|move|p1a: Breloom|Spore|p2a: Bisharp","|-status|p2a: Bisharp|slp","|-enditem|p2a: Bisharp|Lum Berry|[eat]","|-curestatus|p2a: Bisharp|slp","|","|-status|p1a: Breloom|tox|[from] item: Toxic Orb","|turn|8","|","|move|p1a: Breloom|Spore|p2a: Bisharp","|-status|p2a: Bisharp|slp","|cant|p2a: Bisharp|slp","|","|turn|9","|","|switch|p1a: Terrakion|Terrakion, shiny|345/345","|cant|p2a: Bisharp|slp","|","|turn|10","|","|move|p1a: Terrakion|Earthquake|p2a: Bisharp","|-supereffective|p2a: Bisharp","|-damage|p2a: Bisharp|105/333 slp","|cant|p2a: Bisharp|slp","|","|turn|11","|","|switch|p2a: Heatran|Heatran, M|381/381","|-item|p2a: Heatran|Air Balloon","|move|p1a: Terrakion|Earthquake|p2a: Heatran","|-immune|p2a: Heatran|[msg]","|","|turn|12","|","|move|p1a: Terrakion|Close Combat|p2a: Heatran","|-supereffective|p2a: Heatran","|-damage|p2a: Heatran|7/381","|-enditem|p2a: Heatran|Air Balloon","|-unboost|p1a: Terrakion|def|1","|-unboost|p1a: Terrakion|spd|1","|move|p2a: Heatran|Lava Plume|p1a: Terrakion","|-resisted|p1a: Terrakion","|-damage|p1a: Terrakion|211/345","|","|-heal|p1a: Terrakion|232/345|[from] item: Leftovers","|turn|13","|","|move|p1a: Terrakion|Earthquake|p2a: Heatran","|-supereffective|p2a: Heatran","|-damage|p2a: Heatran|0 fnt","|faint|p2a: Heatran","|","|-heal|p1a: Terrakion|253/345|[from] item: Leftovers","|","|switch|p2a: Excadrill|Excadrill, F|361/361","|-ability|p2a: Excadrill|Mold Breaker","|turn|14","|","|move|p2a: Excadrill|Iron Head|p1a: Terrakion","|-supereffective|p1a: Terrakion","|-damage|p1a: Terrakion|0 fnt","|faint|p1a: Terrakion","|","|","|switch|p1a: Mienshao|Mienshao, M, shiny|271/271","|turn|15","|","|switch|p2a: Bisharp|Bisharp, M|105/333 slp","|move|p1a: Mienshao|High Jump Kick|p2a: Bisharp|[miss]","|-miss|p1a: Mienshao|p2a: Bisharp","|-damage|p1a: Mienshao|136/271|[from] highjumpkick","|","|turn|16","|","|move|p1a: Mienshao|High Jump Kick|p2a: Bisharp","|-supereffective|p2a: Bisharp","|-damage|p2a: Bisharp|0 fnt","|faint|p2a: Bisharp","|","|","|switch|p2a: Skarmory|Skarmory, M|333/333","|turn|17","|","|move|p1a: Mienshao|High Jump Kick|p2a: Skarmory","|-damage|p2a: Skarmory|179/333","|-damage|p1a: Mienshao|91/271|[from] item: Rocky Helmet|[of] p2a: Skarmory","|move|p2a: Skarmory|Roost|p2a: Skarmory","|-heal|p2a: Skarmory|333/333","|","|turn|18","|","|move|p1a: Mienshao|High Jump Kick|p2a: Skarmory","|-damage|p2a: Skarmory|173/333","|-damage|p1a: Mienshao|46/271|[from] item: Rocky Helmet|[of] p2a: Skarmory","|move|p2a: Skarmory|Roost|p2a: Skarmory","|-heal|p2a: Skarmory|333/333","|","|turn|19","|","|move|p1a: Mienshao|High Jump Kick|p2a: Skarmory","|-damage|p2a: Skarmory|171/333","|-damage|p1a: Mienshao|1/271|[from] item: Rocky Helmet|[of] p2a: Skarmory","|move|p2a: Skarmory|Roost|p2a: Skarmory","|-heal|p2a: Skarmory|333/333","|","|turn|20","|","|move|p1a: Mienshao|High Jump Kick|p2a: Skarmory","|-damage|p2a: Skarmory|171/333","|-damage|p1a: Mienshao|0 fnt|[from] item: Rocky Helmet|[of] p2a: Skarmory","|faint|p1a: Mienshao","|move|p2a: Skarmory|Roost|p2a: Skarmory","|-heal|p2a: Skarmory|333/333","|","|","|switch|p1a: Gallade|Gallade, M, shiny|277/277","|turn|21","|","|detailschange|p1a: Gallade|Gallade-Mega, M, shiny","|-mega|p1a: Gallade|Gallade|Galladite","|move|p1a: Gallade|Swords Dance|p1a: Gallade","|-boost|p1a: Gallade|atk|2","|move|p2a: Skarmory|Brave Bird|p1a: Gallade","|-supereffective|p1a: Gallade","|-damage|p1a: Gallade|35/277","|-damage|p2a: Skarmory|253/333|[from] recoil|[of] p1a: Gallade","|","|turn|22","|","|move|p1a: Gallade|Drain Punch|p2a: Skarmory","|-damage|p2a: Skarmory|78/333","|-heal|p1a: Gallade|123/277|[from] drain|[of] p2a: Skarmory","|-damage|p1a: Gallade|77/277|[from] item: Rocky Helmet|[of] p2a: Skarmory","|move|p2a: Skarmory|Roost|p2a: Skarmory","|-heal|p2a: Skarmory|245/333","|","|turn|23","|","|move|p1a: Gallade|Drain Punch|p2a: Skarmory","|-damage|p2a: Skarmory|61/333","|-heal|p1a: Gallade|169/277|[from] drain|[of] p2a: Skarmory","|-damage|p1a: Gallade|123/277|[from] item: Rocky Helmet|[of] p2a: Skarmory","|move|p2a: Skarmory|Brave Bird|p1a: Gallade","|-supereffective|p1a: Gallade","|-damage|p1a: Gallade|0 fnt","|-damage|p2a: Skarmory|20/333|[from] recoil|[of] p1a: Gallade","|faint|p1a: Gallade","|","|","|switch|p1a: Breloom|Breloom, F, shiny|324/324 tox","|turn|24","|","|move|p1a: Breloom|Spore|p2a: Skarmory","|-status|p2a: Skarmory|slp","|cant|p2a: Skarmory|slp","|","|turn|25","|","|move|p1a: Breloom|Leech Seed|p2a: Skarmory","|-start|p2a: Skarmory|move: Leech Seed","|-curestatus|p2a: Skarmory|slp","|move|p2a: Skarmory|Brave Bird|p1a: Breloom","|-supereffective|p1a: Breloom","|-damage|p1a: Breloom|0 fnt","|-damage|p2a: Skarmory|0 fnt|[from] recoil|[of] p1a: Breloom","|faint|p1a: Breloom","|faint|p2a: Skarmory","|","|win|Imp Donut"],"p1rating":{"entryid":"552316","serverid":"eos","formatid":"monotype","userid":"hmrider","username":"Hm Rider","w":"12","l":11,"t":"0","gxe":53.2,"r":"1523.8678000592","rd":"74.021608155443","sigma":"0","rptime":"1440925200","rpr":1524.3184069498,"rprd":66.466197605551,"rpsigma":"0","acre":1113.0421926823,"lacre":1113.0421926823,"oldacre":"1143.9690915572"},"p2rating":{"entryid":"659054","serverid":"eos","formatid":"monotype","userid":"impdonut","username":"Imp Donut","w":3,"l":"1","t":"0","gxe":58.2,"r":"1500","rd":"130","sigma":"0","rptime":"1440925200","rpr":1564.8062006657,"rprd":105.98379008421,"rpsigma":"0","acre":1098.3518520025,"lacre":1098.3518520025,"oldacre":"1060.0030664038"},"endType":"normal"}