{"seed":[17249,31353,2466,46728],"turns":31,"p1":"Apex Salamence","p2":"DJ Gible","p1team":[{"name":"Typhoon","species":"gyarados","item":"gyaradosite","ability":"Intimidate","moves":["dragondance","crunch","earthquake","waterfall"],"nature":"Adamant","evs":{"hp":0,"atk":252,"def":0,"spa":0,"spd":4,"spe":252},"gender":"M","shiny":true,"ivs":{"hp":31,"atk":31,"def":31,"spa":31,"spd":31,"spe":31}},{"name":"Nightwing","species":"gliscor","item":"toxicorb","ability":"Poison Heal","moves":["aerialace","earthquake","protect","toxic"],"nature":"Impish","evs":{"hp":248,"atk":0,"def":188,"spa":0,"spd":0,"spe":72},"gender":"M","shiny":true,"ivs":{"hp":31,"atk":31,"def":31,"spa":31,"spd":31,"spe":31}},{"name":"Cherokee","species":"xatu","item":"leftovers","ability":"Magic Bounce","moves":["haze","nightshade","heatwave","roost"],"nature":"Calm","evs":{"hp":252,"atk":0,"def":0,"spa":4,"spd":252,"spe":0},"gender":"M","shiny":true,"ivs":{"hp":31,"atk":31,"def":31,"spa":31,"spd":31,"spe":31}},{"name":"Porunga","species":"dragonite","item":"weaknesspolicy","ability":"Multiscale","moves":["dragondance","dragonclaw","extremespeed","fly"],"nature":"Adamant","evs":{"hp":0,"atk":252,"def":0,"spa":0,"spd":4,"spe":252},"gender":"M","shiny":true,"ivs":{"hp":31,"atk":31,"def":31,"spa":31,"spd":31,"spe":31}},{"name":"Jupiter","species":"thundurus","item":"lifeorb","ability":"Prankster","moves":["nastyplot","thunderwave","thunderbolt","hiddenpowerice"],"nature":"Timid","evs":{"hp":0,"atk":0,"def":0,"spa":252,"spd":4,"spe":252},"ivs":{"hp":31,"atk":30,"def":30,"spa":31,"spd":31,"spe":31},"shiny":true},{"name":"DEATH","species":"togekiss","item":"leftovers","ability":"Serene Grace","moves":["airslash","thunderwave","nastyplot","wish"],"nature":"Calm","evs":{"hp":252,"atk":0,"def":0,"spa":4,"spd":252,"spe":0},"gender":"F","shiny":true,"ivs":{"hp":31,"atk":31,"def":31,"spa":31,"spd":31,"spe":31}}],"p2team":[{"name":"Calamari","species":"malamar","item":"choicescarf","ability":"Contrary","moves":["rockslide","psychocut","superpower","nightslash"],"nature":"Jolly","evs":{"hp":4,"atk":252,"def":0,"spa":0,"spd":0,"spe":252},"ivs":{"hp":31,"atk":31,"def":31,"spa":31,"spd":31,"spe":31}},{"name":"Hoodlum","species":"scrafty","item":"focussash","ability":"Moxie","moves":["dragondance","crunch","drainpunch","icepunch"],"nature":"Adamant","evs":{"hp":4,"atk":252,"def":0,"spa":0,"spd":0,"spe":252},"ivs":{"hp":31,"atk":31,"def":31,"spa":31,"spd":31,"spe":31}},{"name":"Tyrant","species":"tyranitar","item":"tyranitarite","ability":"Sand Stream","moves":["dragondance","stoneedge","earthquake","crunch"],"nature":"Adamant","evs":{"hp":0,"atk":252,"def":0,"spa":0,"spd":4,"spe":252},"ivs":{"hp":31,"atk":31,"def":31,"spa":31,"spd":31,"spe":31}},{"name":"Cpt. Buzz","species":"mandibuzz","item":"leftovers","ability":"Big Pecks","moves":["foulplay","roost","defog","whirlwind"],"nature":"Bold","evs":{"hp":252,"atk":0,"def":252,"spa":0,"spd":4,"spe":0},"ivs":{"hp":31,"atk":31,"def":31,"spa":31,"spd":31,"spe":31}},{"name":"Hoopa-Unbound","species":"Hoopa-Unbound","item":"lifeorb","ability":"Magician","moves":["zenheadbutt","hyperspacefury","gunkshot","substitute"],"nature":"Jolly","evs":{"hp":0,"atk":252,"def":0,"spa":0,"spd":4,"spe":252},"ivs":{"hp":31,"atk":31,"def":31,"spa":31,"spd":31,"spe":31}},{"name":"Hydreigon","species":"Hydreigon","item":"choicescarf","ability":"Levitate","moves":["dracometeor","hiddenpowergrass","darkpulse","flashcannon"],"nature":"Timid","evs":{"hp":0,"atk":0,"def":0,"spa":252,"spd":4,"spe":252},"ivs":{"hp":31,"atk":30,"def":31,"spa":30,"spd":31,"spe":31}}],"log":["|player|p1|Apex Salamence|266","|player|p2|DJ Gible|198","|gametype|singles","|gen|6","|tier|Monotype","|rated","|rule|Baton Pass Clause: Limit one Baton Passer, can't pass Spe and other stats simultaneously","|rule|Swagger Clause: Swagger is banned","|rule|Same Type Clause: Pokémon in a team must share a type","|clearpoke","|poke|p1|Gyarados, M, shiny","|poke|p1|Gliscor, M, shiny","|poke|p1|Xatu, M, shiny","|poke|p1|Dragonite, M, shiny","|poke|p1|Thundurus, M, shiny","|poke|p1|Togekiss, F, shiny","|poke|p2|Malamar, F","|poke|p2|Scrafty, F","|poke|p2|Tyranitar, F","|poke|p2|Mandibuzz, F","|poke|p2|Hoopa-Unbound","|poke|p2|Hydreigon, M","|rule|Sleep Clause Mod: Limit one foe put to sleep","|rule|Species Clause: Limit one of each Pokémon","|rule|OHKO Clause: OHKO moves are banned","|rule|Moody Clause: Moody is banned","|rule|Evasion Moves Clause: Evasion moves are banned","|rule|Endless Battle Clause: Forcing endless battles is banned","|rule|HP Percentage Mod: HP is shown in percentages","|teampreview","|","|start","|switch|p1a: Jupiter|Thundurus, M, shiny|299/299","|switch|p2a: Calamari|Malamar, F|314/314","|turn|1","|","|move|p1a: Jupiter|Nasty Plot|p1a: Jupiter","|-boost|p1a: Jupiter|spa|2","|move|p2a: Calamari|Rock Slide|p1a: Jupiter","|-supereffective|p1a: Jupiter","|-damage|p1a: Jupiter|103/299","|","|turn|2","|","|move|p2a: Calamari|Rock Slide|p1a: Jupiter","|-supereffective|p1a: Jupiter","|-damage|p1a: Jupiter|0 fnt","|faint|p1a: Jupiter","|","|","|switch|p1a: Nightwing|Gliscor, M, shiny|353/353","|turn|3","|","|move|p1a: Nightwing|Protect|p1a: Nightwing","|-singleturn|p1a: Nightwing|Protect","|move|p2a: Calamari|Rock Slide|p1a: Nightwing","|-activate|p1a: Nightwing|Protect","|","|-status|p1a: Nightwing|tox|[from] item: Toxic Orb","|turn|4","|","|move|p2a: Calamari|Rock Slide|p1a: Nightwing","|-damage|p1a: Nightwing|304/353 tox","|move|p1a: Nightwing|Toxic|p2a: Calamari","|-status|p2a: Calamari|tox","|","|-damage|p2a: Calamari|295/314 tox|[from] psn","|-heal|p1a: Nightwing|348/353 tox|[from] ability: Poison Heal","|turn|5","|","|move|p1a: Nightwing|Protect|p1a: Nightwing","|-singleturn|p1a: Nightwing|Protect","|move|p2a: Calamari|Rock Slide|p1a: Nightwing","|-activate|p1a: Nightwing|Protect","|","|-damage|p2a: Calamari|257/314 tox|[from] psn","|-heal|p1a: Nightwing|353/353 tox|[from] ability: Poison Heal","|turn|6","|","|move|p2a: Calamari|Rock Slide|p1a: Nightwing","|-damage|p1a: Nightwing|305/353 tox","|move|p1a: Nightwing|Earthquake|p2a: Calamari","|-damage|p2a: Calamari|130/314 tox","|","|-damage|p2a: Calamari|73/314 tox|[from] psn","|-heal|p1a: Nightwing|349/353 tox|[from] ability: Poison Heal","|turn|7","|","|move|p1a: Nightwing|Protect|p1a: Nightwing","|-singleturn|p1a: Nightwing|Protect","|move|p2a: Calamari|Rock Slide|p1a: Nightwing","|-activate|p1a: Nightwing|Protect","|","|-damage|p2a: Calamari|0 fnt|[from] psn","|-heal|p1a: Nightwing|353/353 tox|[from] ability: Poison Heal","|faint|p2a: Calamari","|","|switch|p2a: Hoopa-Unbound|Hoopa-Unbound|301/301","|turn|8","|","|move|p2a: Hoopa-Unbound|Substitute|p2a: Hoopa-Unbound","|-start|p2a: Hoopa-Unbound|Substitute","|-damage|p2a: Hoopa-Unbound|226/301","|move|p1a: Nightwing|Toxic|p2a: Hoopa-Unbound","|-fail|p2a: Hoopa-Unbound","|","|turn|9","|","|move|p2a: Hoopa-Unbound|Hyperspace Fury|p1a: Nightwing","|-damage|p1a: Nightwing|176/353 tox","|-unboost|p2a: Hoopa-Unbound|def|1","|-damage|p2a: Hoopa-Unbound|196/301|[from] item: Life Orb","|move|p1a: Nightwing|Earthquake|p2a: Hoopa-Unbound","|-end|p2a: Hoopa-Unbound|Substitute","|","|-heal|p1a: Nightwing|220/353 tox|[from] ability: Poison Heal","|turn|10","|","|move|p2a: Hoopa-Unbound|Substitute|p2a: Hoopa-Unbound","|-start|p2a: Hoopa-Unbound|Substitute","|-damage|p2a: Hoopa-Unbound|121/301","|move|p1a: Nightwing|Earthquake|p2a: Hoopa-Unbound","|-end|p2a: Hoopa-Unbound|Substitute","|","|-heal|p1a: Nightwing|264/353 tox|[from] ability: Poison Heal","|turn|11","|","|switch|p2a: Hydreigon|Hydreigon, M|325/325","|move|p1a: Nightwing|Protect|p1a: Nightwing","|-fail|p1a: Nightwing","|","|-heal|p1a: Nightwing|308/353 tox|[from] ability: Poison Heal","|turn|12","|","|move|p2a: Hydreigon|Dark Pulse|p1a: Nightwing","|-damage|p1a: Nightwing|137/353 tox","|move|p1a: Nightwing|Toxic|p2a: Hydreigon|[miss]","|-miss|p1a: Nightwing|p2a: Hydreigon","|","|-heal|p1a: Nightwing|181/353 tox|[from] ability: Poison Heal","|turn|13","|","|move|p2a: Hydreigon|Dark Pulse|p1a: Nightwing","|-damage|p1a: Nightwing|1/353 tox","|move|p1a: Nightwing|Toxic|p2a: Hydreigon","|-status|p2a: Hydreigon|tox","|","|-damage|p2a: Hydreigon|305/325 tox|[from] psn","|-heal|p1a: Nightwing|45/353 tox|[from] ability: Poison Heal","|turn|14","|","|move|p1a: Nightwing|Protect|p1a: Nightwing","|-singleturn|p1a: Nightwing|Protect","|move|p2a: Hydreigon|Dark Pulse|p1a: Nightwing","|-activate|p1a: Nightwing|Protect","|","|-damage|p2a: Hydreigon|265/325 tox|[from] psn","|-heal|p1a: Nightwing|89/353 tox|[from] ability: Poison Heal","|turn|15","|","|move|p2a: Hydreigon|Dark Pulse|p1a: Nightwing","|-damage|p1a: Nightwing|0 fnt","|faint|p1a: Nightwing","|","|-damage|p2a: Hydreigon|205/325 tox|[from] psn","|","|switch|p1a: DEATH|Togekiss, F, shiny|374/374","|turn|16","|","|switch|p2a: Hoopa-Unbound|Hoopa-Unbound|121/301","|move|p1a: DEATH|Nasty Plot|p1a: DEATH","|-boost|p1a: DEATH|spa|2","|","|turn|17","|","|move|p2a: Hoopa-Unbound|Gunk Shot|p1a: DEATH","|-supereffective|p1a: DEATH","|-damage|p1a: DEATH|0 fnt","|-damage|p2a: Hoopa-Unbound|91/301|[from] item: Life Orb","|faint|p1a: DEATH","|","|","|switch|p1a: Porunga|Dragonite, M, shiny|323/323","|turn|18","|","|move|p1a: Porunga|Extreme Speed|p2a: Hoopa-Unbound","|-damage|p2a: Hoopa-Unbound|0 fnt","|faint|p2a: Hoopa-Unbound","|","|","|switch|p2a: Hydreigon|Hydreigon, M|205/325 tox","|turn|19","|","|move|p2a: Hydreigon|Draco Meteor|p1a: Porunga","|-supereffective|p1a: Porunga","|-damage|p1a: Porunga|98/323","|-enditem|p1a: Porunga|Weakness Policy","|-boost|p1a: Porunga|atk|2|[from] item: Weakness Policy","|-boost|p1a: Porunga|spa|2|[from] item: Weakness Policy","|-unboost|p2a: Hydreigon|spa|2","|move|p1a: Porunga|Dragon Dance|p1a: Porunga","|-boost|p1a: Porunga|atk|1","|-boost|p1a: Porunga|spe|1","|","|-damage|p2a: Hydreigon|185/325 tox|[from] psn","|turn|20","|","|move|p1a: Porunga|Extreme Speed|p2a: Hydreigon","|-damage|p2a: Hydreigon|0 fnt","|faint|p2a: Hydreigon","|","|","|switch|p2a: Hoodlum|Scrafty, F|272/272","|turn|21","|","|move|p1a: Porunga|Dragon Dance|p1a: Porunga","|-boost|p1a: Porunga|atk|1","|-boost|p1a: Porunga|spe|1","|move|p2a: Hoodlum|Ice Punch|p1a: Porunga","|-supereffective|p1a: Porunga","|-damage|p1a: Porunga|0 fnt","|faint|p1a: Porunga","|-boost|p2a: Hoodlum|atk|1|[from] ability: Moxie","|","|","|switch|p1a: Typhoon|Gyarados, M, shiny|331/331","|-ability|p1a: Typhoon|Intimidate","|-unboost|p2a: Hoodlum|atk|1","|turn|22","|","|detailschange|p1a: Typhoon|Gyarados-Mega, M, shiny","|-mega|p1a: Typhoon|Gyarados|Gyaradosite","|-ability|p1a: Typhoon|Mold Breaker","|move|p1a: Typhoon|Dragon Dance|p1a: Typhoon","|-boost|p1a: Typhoon|atk|1","|-boost|p1a: Typhoon|spe|1","|move|p2a: Hoodlum|Dragon Dance|p2a: Hoodlum","|-boost|p2a: Hoodlum|atk|1","|-boost|p2a: Hoodlum|spe|1","|","|turn|23","|","|move|p1a: Typhoon|Waterfall|p2a: Hoodlum","|-damage|p2a: Hoodlum|17/272","|move|p2a: Hoodlum|Drain Punch|p1a: Typhoon","|-supereffective|p1a: Typhoon","|-damage|p1a: Typhoon|5/331","|-heal|p2a: Hoodlum|180/272|[from] drain|[of] p1a: Typhoon","|","|turn|24","|","|move|p1a: Typhoon|Waterfall|p2a: Hoodlum","|-damage|p2a: Hoodlum|0 fnt","|faint|p2a: Hoodlum","|","|","|switch|p2a: Cpt. Buzz|Mandibuzz, F|424/424","|turn|25","|","|move|p1a: Typhoon|Waterfall|p2a: Cpt. Buzz","|-damage|p2a: Cpt. Buzz|229/424","|move|p2a: Cpt. Buzz|Foul Play|p1a: Typhoon","|-resisted|p1a: Typhoon","|-damage|p1a: Typhoon|0 fnt","|faint|p1a: Typhoon","|","|-heal|p2a: Cpt. Buzz|255/424|[from] item: Leftovers","|","|switch|p1a: Cherokee|Xatu, M, shiny|334/334","|turn|26","|","|move|p1a: Cherokee|Night Shade|p2a: Cpt. Buzz","|-damage|p2a: Cpt. Buzz|155/424","|move|p2a: Cpt. Buzz|Roost|p2a: Cpt. Buzz","|-heal|p2a: Cpt. Buzz|367/424","|","|-heal|p2a: Cpt. Buzz|393/424|[from] item: Leftovers","|turn|27","|","|move|p1a: Cherokee|Night Shade|p2a: Cpt. Buzz","|-damage|p2a: Cpt. Buzz|293/424","|move|p2a: Cpt. Buzz|Foul Play|p1a: Cherokee","|-supereffective|p1a: Cherokee","|-damage|p1a: Cherokee|136/334","|","|-heal|p1a: Cherokee|156/334|[from] item: Leftovers","|-heal|p2a: Cpt. Buzz|319/424|[from] item: Leftovers","|turn|28","|","|move|p1a: Cherokee|Roost|p1a: Cherokee","|-heal|p1a: Cherokee|323/334","|move|p2a: Cpt. Buzz|Foul Play|p1a: Cherokee","|-supereffective|p1a: Cherokee","|-damage|p1a: Cherokee|107/334","|","|-heal|p1a: Cherokee|127/334|[from] item: Leftovers","|-heal|p2a: Cpt. Buzz|345/424|[from] item: Leftovers","|turn|29","|","|move|p1a: Cherokee|Roost|p1a: Cherokee","|-heal|p1a: Cherokee|294/334","|move|p2a: Cpt. Buzz|Foul Play|p1a: Cherokee","|-supereffective|p1a: Cherokee","|-damage|p1a: Cherokee|64/334","|","|-heal|p1a: Cherokee|84/334|[from] item: Leftovers","|-heal|p2a: Cpt. Buzz|371/424|[from] item: Leftovers","|turn|30","|","|move|p1a: Cherokee|Roost|p1a: Cherokee","|-heal|p1a: Cherokee|251/334","|move|p2a: Cpt. Buzz|Foul Play|p1a: Cherokee","|-supereffective|p1a: Cherokee","|-damage|p1a: Cherokee|33/334","|","|-heal|p1a: Cherokee|53/334|[from] item: Leftovers","|-heal|p2a: Cpt. Buzz|397/424|[from] item: Leftovers","|turn|31","|","|move|p1a: Cherokee|Night Shade|p2a: Cpt. Buzz","|-damage|p2a: Cpt. Buzz|297/424","|move|p2a: Cpt. Buzz|Foul Play|p1a: Cherokee","|-supereffective|p1a: Cherokee","|-damage|p1a: Cherokee|0 fnt","|faint|p1a: Cherokee","|","|win|DJ Gible"],"p1rating":{"entryid":"1755","serverid":"eos","formatid":"monotype","userid":"apexsalamence","username":"Apex Salamence","w":"44","l":36,"t":"0","gxe":56,"r":"1555.5663821576","rd":"40.745575440078","sigma":"0","rptime":"1440925200","rpr":1545.4023519991,"rprd":40.242119951722,"rpsigma":"0","acre":1100.7231828168,"lacre":1100.7231828168,"oldacre":"1125.2210801928"},"p2rating":{"entryid":"166635","serverid":"eos","formatid":"monotype","userid":"djgible","username":"DJ Gible","w":20,"l":"25","t":"0","gxe":47.3,"r":"1445.2119578153","rd":"55.33720328224","sigma":"0","rptime":"1440925200","rpr":1479.1894111559,"rprd":51.582722028967,"rpsigma":"0","acre":1156.6978487948,"lacre":1156.6978487948,"oldacre":"1132.1999514188"},"endType":"normal"}