{"seed":[13571,8362,38194,28429],"turns":25,"p1":"SL Wyvern","p2":"SL Epic","p1team":[{"name":"Aegislash","species":"Aegislash","item":"weaknesspolicy","ability":"Stance Change","moves":["shadowsneak","kingsshield","gyroball","sacredsword"],"nature":"Brave","evs":{"hp":248,"atk":252,"def":0,"spa":0,"spd":8,"spe":0},"ivs":{"hp":31,"atk":31,"def":31,"spa":31,"spd":31,"spe":0},"shiny":true},{"name":"Sableye","species":"Sableye","item":"sablenite","ability":"Keen Eye","moves":["calmmind","metalburst","dazzlinggleam","substitute"],"nature":"Bold","evs":{"hp":248,"atk":0,"def":252,"spa":8,"spd":0,"spe":0},"ivs":{"hp":31,"atk":31,"def":31,"spa":31,"spd":31,"spe":31}},{"name":"Chandelure","species":"Chandelure","item":"weaknesspolicy","ability":"Flame Body","moves":["willowisp","hex","energyball","hiddenpowerfighting"],"nature":"Modest","evs":{"hp":248,"atk":0,"def":0,"spa":252,"spd":8,"spe":0},"ivs":{"hp":31,"atk":31,"def":30,"spa":30,"spd":30,"spe":30},"shiny":true},{"name":"Hoopa","species":"Hoopa","item":"assaultvest","ability":"Magician","moves":["hyperspacehole","hyperspacefury","shadowball","focusblast"],"nature":"Mild","evs":{"hp":248,"atk":8,"def":0,"spa":252,"spd":0,"spe":0},"ivs":{"hp":31,"atk":31,"def":31,"spa":31,"spd":31,"spe":31}},{"name":"Shedinja","species":"Shedinja","item":"focussash","ability":"Wonder Guard","moves":["endure","phantomforce","xscissor","suckerpunch"],"nature":"Jolly","evs":{"hp":0,"atk":252,"def":4,"spa":0,"spd":0,"spe":252},"ivs":{"hp":31,"atk":31,"def":31,"spa":31,"spd":31,"spe":31}},{"name":"Golurk","species":"Golurk","item":"assaultvest","ability":"Iron Fist","moves":["earthquake","poweruppunch","shadowpunch","firepunch"],"nature":"","shiny":true,"evs":{"hp":0,"atk":0,"def":0,"spa":0,"spd":0,"spe":0},"ivs":{"hp":31,"atk":31,"def":31,"spa":31,"spd":31,"spe":31}}],"p2team":[{"name":"Squid Squad","species":"tentacruel","item":"blacksludge","ability":"Liquid Ooze","moves":["acidspray","rapidspin","scald","toxicspikes"],"nature":"Timid","evs":{"hp":0,"atk":0,"def":0,"spa":252,"spd":4,"spe":252},"ivs":{"hp":31,"atk":31,"def":31,"spa":31,"spd":31,"spe":31}},{"name":"Cross","species":"drapion","item":"scopelens","ability":"Battle Armor","moves":["earthquake","crosspoison","nightslash","xscissor"],"nature":"Adamant","evs":{"hp":248,"atk":252,"def":0,"spa":0,"spd":8,"spe":0},"ivs":{"hp":31,"atk":31,"def":31,"spa":31,"spd":31,"spe":31}},{"name":"Nidoking","species":"Nidoking","item":"assaultvest","ability":"Sheer Force","moves":["icebeam","earthpower","sludgewave","thunderbolt"],"nature":"Modest","evs":{"hp":248,"atk":0,"def":0,"spa":252,"spd":8,"spe":0},"ivs":{"hp":31,"atk":31,"def":31,"spa":31,"spd":31,"spe":31}},{"name":"Big Papa","species":"venusaur","item":"venusaurite","ability":"Chlorophyll","moves":["hiddenpowerfire","sludgebomb","gigadrain","synthesis"],"nature":"Modest","evs":{"hp":0,"atk":0,"def":0,"spa":252,"spd":4,"spe":252},"ivs":{"hp":31,"atk":30,"def":31,"spa":30,"spd":31,"spe":30}},{"name":"Zuz-Zuz","species":"crobat","item":"blacksludge","ability":"Infiltrator","moves":["taunt","bravebird","superfang","roost"],"nature":"Jolly","evs":{"hp":252,"atk":4,"def":0,"spa":0,"spd":0,"spe":252},"ivs":{"hp":31,"atk":31,"def":31,"spa":31,"spd":31,"spe":31}},{"name":"Epic","species":"toxicroak","item":"lifeorb","ability":"Dry Skin","moves":["fakeout","bulletpunch","drainpunch","poisonjab"],"nature":"Jolly","evs":{"hp":0,"atk":252,"def":0,"spa":0,"spd":4,"spe":252},"ivs":{"hp":31,"atk":31,"def":31,"spa":31,"spd":31,"spe":31}}],"log":["|player|p1|SL Wyvern|269","|player|p2|SL Epic|279","|gametype|singles","|gen|6","|tier|Monotype","|rated","|rule|Baton Pass Clause: Limit one Baton Passer, can't pass Spe and other stats simultaneously","|rule|Swagger Clause: Swagger is banned","|rule|Same Type Clause: Pokémon in a team must share a type","|clearpoke","|poke|p1|Aegislash, F, shiny","|poke|p1|Sableye, M","|poke|p1|Chandelure, M, shiny","|poke|p1|Hoopa","|poke|p1|Shedinja","|poke|p1|Golurk, shiny","|poke|p2|Tentacruel, M","|poke|p2|Drapion, M","|poke|p2|Nidoking, M","|poke|p2|Venusaur, M","|poke|p2|Crobat, F","|poke|p2|Toxicroak, F","|rule|Sleep Clause Mod: Limit one foe put to sleep","|rule|Species Clause: Limit one of each Pokémon","|rule|OHKO Clause: OHKO moves are banned","|rule|Moody Clause: Moody is banned","|rule|Evasion Moves Clause: Evasion moves are banned","|rule|Endless Battle Clause: Forcing endless battles is banned","|rule|HP Percentage Mod: HP is shown in percentages","|teampreview","|","|start","|switch|p1a: Golurk|Golurk, shiny|319/319","|switch|p2a: Squid Squad|Tentacruel, M|301/301","|turn|1","|","|move|p2a: Squid Squad|Scald|p1a: Golurk","|-supereffective|p1a: Golurk","|-damage|p1a: Golurk|151/319","|move|p1a: Golurk|Earthquake|p2a: Squid Squad","|-supereffective|p2a: Squid Squad","|-damage|p2a: Squid Squad|0 fnt","|faint|p2a: Squid Squad","|","|","|switch|p2a: Cross|Drapion, M|343/343","|turn|2","|","|move|p2a: Cross|Night Slash|p1a: Golurk","|-supereffective|p1a: Golurk","|-damage|p1a: Golurk|0 fnt","|faint|p1a: Golurk","|","|","|switch|p1a: Chandelure|Chandelure, M, shiny|323/323","|turn|3","|","|move|p2a: Cross|Night Slash|p1a: Chandelure","|-supereffective|p1a: Chandelure","|-damage|p1a: Chandelure|105/323","|-enditem|p1a: Chandelure|Weakness Policy","|-boost|p1a: Chandelure|atk|2|[from] item: Weakness Policy","|-boost|p1a: Chandelure|spa|2|[from] item: Weakness Policy","|move|p1a: Chandelure|Hidden Power|p2a: Cross","|-damage|p2a: Cross|141/343","|","|turn|4","|","|move|p2a: Cross|Night Slash|p1a: Chandelure","|-crit|p1a: Chandelure","|-supereffective|p1a: Chandelure","|-damage|p1a: Chandelure|0 fnt","|faint|p1a: Chandelure","|","|","|switch|p1a: Shedinja|Shedinja|1/1","|turn|5","|","|move|p2a: Cross|Night Slash|p1a: Shedinja","|-crit|p1a: Shedinja","|-supereffective|p1a: Shedinja","|-enditem|p1a: Shedinja|Focus Sash","|-damage|p1a: Shedinja|1/1","|move|p1a: Shedinja|X-Scissor|p2a: Cross","|-damage|p2a: Cross|44/343","|","|turn|6","|","|move|p1a: Shedinja|Endure|p1a: Shedinja","|-singleturn|p1a: Shedinja|move: Endure","|move|p2a: Cross|Night Slash|p1a: Shedinja","|-supereffective|p1a: Shedinja","|-activate|p1a: Shedinja|move: Endure","|-damage|p1a: Shedinja|1/1","|","|turn|7","|","|switch|p1a: Aegislash|Aegislash, F, shiny|323/323","|move|p2a: Cross|Night Slash|p1a: Aegislash","|-crit|p1a: Aegislash","|-supereffective|p1a: Aegislash","|-damage|p1a: Aegislash|107/323","|-enditem|p1a: Aegislash|Weakness Policy","|-boost|p1a: Aegislash|atk|2|[from] item: Weakness Policy","|-boost|p1a: Aegislash|spa|2|[from] item: Weakness Policy","|","|turn|8","|","|-formechange|p1a: Aegislash|Aegislash-Blade","|move|p1a: Aegislash|Shadow Sneak|p2a: Cross","|-resisted|p2a: Cross","|-damage|p2a: Cross|0 fnt","|faint|p2a: Cross","|","|","|switch|p2a: Big Papa|Venusaur, M|301/301","|turn|9","|","|detailschange|p2a: Big Papa|Venusaur-Mega, M","|-mega|p2a: Big Papa|Venusaur|Venusaurite","|-formechange|p1a: Aegislash|Aegislash","|move|p1a: Aegislash|King's Shield|p1a: Aegislash","|-singleturn|p1a: Aegislash|Protect","|move|p2a: Big Papa|Hidden Power|p1a: Aegislash","|-activate|p1a: Aegislash|Protect","|","|turn|10","|","|move|p2a: Big Papa|Hidden Power|p1a: Aegislash","|-crit|p1a: Aegislash","|-supereffective|p1a: Aegislash","|-damage|p1a: Aegislash|0 fnt","|faint|p1a: Aegislash","|","|","|switch|p1a: Hoopa|Hoopa|363/363","|turn|11","|","|move|p2a: Big Papa|Giga Drain|p1a: Hoopa","|-damage|p1a: Hoopa|288/363","|move|p1a: Hoopa|Hyperspace Hole|p2a: Big Papa","|-supereffective|p2a: Big Papa","|-damage|p2a: Big Papa|1/301","|","|turn|12","|","|move|p2a: Big Papa|Giga Drain|p1a: Hoopa","|-damage|p1a: Hoopa|213/363","|-heal|p2a: Big Papa|39/301|[from] drain|[of] p1a: Hoopa","|move|p1a: Hoopa|Shadow Ball|p2a: Big Papa","|-damage|p2a: Big Papa|0 fnt","|faint|p2a: Big Papa","|","|","|switch|p2a: Nidoking|Nidoking, M|365/365","|turn|13","|","|move|p2a: Nidoking|Earth Power|p1a: Hoopa","|-damage|p1a: Hoopa|128/363","|move|p1a: Hoopa|Hyperspace Hole|p2a: Nidoking","|-supereffective|p2a: Nidoking","|-damage|p2a: Nidoking|77/365","|","|turn|14","|","|move|p2a: Nidoking|Thunderbolt|p1a: Hoopa","|-damage|p1a: Hoopa|72/363","|move|p1a: Hoopa|Hyperspace Hole|p2a: Nidoking","|-supereffective|p2a: Nidoking","|-damage|p2a: Nidoking|0 fnt","|faint|p2a: Nidoking","|","|","|switch|p2a: Zuz-Zuz|Crobat, F|374/374","|turn|15","|","|move|p2a: Zuz-Zuz|Brave Bird|p1a: Hoopa","|-damage|p1a: Hoopa|0 fnt","|-damage|p2a: Zuz-Zuz|350/374|[from] recoil|[of] p1a: Hoopa","|faint|p1a: Hoopa","|","|-heal|p2a: Zuz-Zuz|373/374|[from] item: Black Sludge","|","|switch|p1a: Sableye|Sableye, M|303/303","|turn|16","|","|detailschange|p1a: Sableye|Sableye-Mega, M","|-mega|p1a: Sableye|Sableye|Sablenite","|move|p2a: Zuz-Zuz|Taunt|p1a: Sableye","|move|p1a: Sableye|Taunt|p2a: Zuz-Zuz|[from]Magic Bounce","|-start|p2a: Zuz-Zuz|move: Taunt","|move|p1a: Sableye|Metal Burst|p2a: Zuz-Zuz","|-fail|p2a: Zuz-Zuz","|","|-heal|p2a: Zuz-Zuz|374/374|[from] item: Black Sludge","|turn|17","|","|move|p2a: Zuz-Zuz|Brave Bird|p1a: Sableye","|-damage|p1a: Sableye|224/303","|-damage|p2a: Zuz-Zuz|348/374|[from] recoil|[of] p1a: Sableye","|move|p1a: Sableye|Metal Burst|p2a: Zuz-Zuz","|-damage|p2a: Zuz-Zuz|230/374","|","|-heal|p2a: Zuz-Zuz|253/374|[from] item: Black Sludge","|turn|18","|","|move|p2a: Zuz-Zuz|Brave Bird|p1a: Sableye","|-crit|p1a: Sableye","|-damage|p1a: Sableye|104/303","|-damage|p2a: Zuz-Zuz|213/374|[from] recoil|[of] p1a: Sableye","|move|p1a: Sableye|Substitute|p1a: Sableye","|-start|p1a: Sableye|Substitute","|-damage|p1a: Sableye|29/303","|","|-heal|p2a: Zuz-Zuz|236/374|[from] item: Black Sludge","|turn|19","|","|switch|p2a: Epic|Toxicroak, F|307/307","|move|p1a: Sableye|Dazzling Gleam|p2a: Epic","|-damage|p2a: Epic|234/307","|","|turn|20","|","|move|p2a: Epic|Poison Jab|p1a: Sableye","|-resisted|p1a: Sableye","|-activate|p1a: Sableye|Substitute|[damage]","|-damage|p2a: Epic|204/307|[from] item: Life Orb","|move|p1a: Sableye|Calm Mind|p1a: Sableye","|-boost|p1a: Sableye|spa|1","|-boost|p1a: Sableye|spd|1","|","|turn|21","|","|move|p2a: Epic|Bullet Punch|p1a: Sableye","|-end|p1a: Sableye|Substitute","|-damage|p2a: Epic|174/307|[from] item: Life Orb","|move|p1a: Sableye|Dazzling Gleam|p2a: Epic","|-damage|p2a: Epic|59/307","|","|turn|22","|","|switch|p1a: Shedinja|Shedinja|1/1","|move|p2a: Epic|Bullet Punch|p1a: Shedinja","|-activate|p1a: Shedinja|ability: Wonder Guard","|","|turn|23","|","|switch|p2a: Zuz-Zuz|Crobat, F|236/374","|move|p1a: Shedinja|Sucker Punch|p2a: Zuz-Zuz","|-fail|p1a: Shedinja","|","|-heal|p2a: Zuz-Zuz|259/374|[from] item: Black Sludge","|turn|24","|","|move|p1a: Shedinja|Sucker Punch|p2a: Zuz-Zuz","|-crit|p2a: Zuz-Zuz","|-damage|p2a: Zuz-Zuz|126/374","|move|p2a: Zuz-Zuz|Brave Bird|p1a: Shedinja","|-supereffective|p1a: Shedinja","|-damage|p1a: Shedinja|0 fnt","|-damage|p2a: Zuz-Zuz|125/374|[from] recoil|[of] p1a: Shedinja","|faint|p1a: Shedinja","|","|-heal|p2a: Zuz-Zuz|148/374|[from] item: Black Sludge","|","|switch|p1a: Sableye|Sableye-Mega, M|29/303","|turn|25","|","|move|p2a: Zuz-Zuz|Brave Bird|p1a: Sableye","|-damage|p1a: Sableye|0 fnt","|-damage|p2a: Zuz-Zuz|138/374|[from] recoil|[of] p1a: Sableye","|faint|p1a: Sableye","|","|win|SL Epic"],"p1rating":{"entryid":"638197","serverid":"eos","formatid":"monotype","userid":"slwyvern","username":"SL Wyvern","w":"3","l":6,"t":"0","gxe":44.2,"r":"1555.3371870395","rd":"122.52703551501","sigma":"0","rptime":"1440925200","rpr":1454.8767461325,"rprd":89.008104044992,"rpsigma":"0","acre":1017.9905621898,"lacre":1017.9905621898,"oldacre":"1034.711527468"},"p2rating":{"entryid":"670823","serverid":"eos","formatid":"monotype","userid":"slepic","username":"SL Epic","w":1,"l":"2","t":"0","gxe":46,"r":"1500","rd":"130","sigma":"0","rptime":"1440925200","rpr":1468.1421463571,"rprd":111.23786731141,"rpsigma":"0","acre":1043.9830686693,"lacre":1043.9830686693,"oldacre":"1000"},"endType":"normal"}