{"seed":[19117,20335,63201,2150],"turns":28,"p1":"SL Wyvern","p2":"Void Wiley","p1team":[{"name":"Latias","species":"Latias","item":"latiasite","ability":"Levitate","moves":["dracometeor","psyshock","thunderbolt","surf"],"nature":"Timid","evs":{"hp":0,"atk":0,"def":0,"spa":252,"spd":4,"spe":252},"ivs":{"hp":31,"atk":31,"def":31,"spa":31,"spd":31,"spe":31}},{"name":"Haxorus","species":"Haxorus","item":"focussash","ability":"Mold Breaker","moves":["dragondance","earthquake","dragonclaw","rockslide"],"nature":"Adamant","evs":{"hp":0,"atk":252,"def":0,"spa":0,"spd":36,"spe":220},"shiny":true,"ivs":{"hp":31,"atk":31,"def":31,"spa":31,"spd":31,"spe":31}},{"name":"Goodra","species":"Goodra","item":"assaultvest","ability":"Gooey","moves":["dracometeor","flamethrower","sludgebomb","thunderbolt"],"nature":"Modest","evs":{"hp":248,"atk":0,"def":0,"spa":252,"spd":8,"spe":0},"ivs":{"hp":31,"atk":31,"def":31,"spa":31,"spd":31,"spe":31}},{"name":"Dragonite","species":"Dragonite","item":"lumberry","ability":"Multiscale","moves":["outrage","dragondance","extremespeed","earthquake"],"nature":"Adamant","evs":{"hp":0,"atk":252,"def":4,"spa":0,"spd":0,"spe":252},"ivs":{"hp":31,"atk":31,"def":31,"spa":31,"spd":31,"spe":31}},{"name":"Kyurem-Black","species":"Kyurem-Black","item":"lifeorb","ability":"Teravolt","moves":["icebeam","earthpower","fusionbolt","roost"],"nature":"Lax","evs":{"hp":248,"atk":8,"def":252,"spa":0,"spd":0,"spe":0},"ivs":{"hp":31,"atk":31,"def":31,"spa":31,"spd":31,"spe":31}},{"name":"Kingdra","species":"Kingdra","item":"choicespecs","ability":"Sniper","moves":["flashcannon","dragonpulse","scald","icebeam"],"nature":"Modest","evs":{"hp":28,"atk":0,"def":0,"spa":252,"spd":0,"spe":228},"ivs":{"hp":31,"atk":31,"def":31,"spa":31,"spd":31,"spe":31}}],"p2team":[{"name":"Tuba","species":"slurpuff","item":"sitrusberry","ability":"Unburden","moves":["bellydrum","drainpunch","playrough","aromatherapy"],"nature":"Jolly","evs":{"hp":4,"atk":252,"def":0,"spa":0,"spd":0,"spe":252},"ivs":{"hp":31,"atk":31,"def":31,"spa":31,"spd":31,"spe":31}},{"name":"Clarinet","species":"azumarill","item":"sitrusberry","ability":"Huge Power","moves":["bellydrum","aquajet","brickbreak","playrough"],"nature":"Adamant","evs":{"hp":252,"atk":252,"def":0,"spa":0,"spd":4,"spe":0},"ivs":{"hp":31,"atk":31,"def":31,"spa":31,"spd":31,"spe":31}},{"name":"Flute","species":"gardevoir","item":"gardevoirite","ability":"Synchronize","moves":["psyshock","hypervoice","energyball","focusblast"],"nature":"Timid","evs":{"hp":4,"atk":0,"def":0,"spa":252,"spd":0,"spe":252},"ivs":{"hp":31,"atk":31,"def":31,"spa":31,"spd":31,"spe":31}},{"name":"Alto","species":"togekiss","item":"choicescarf","ability":"Serene Grace","moves":["airslash","flamethrower","aurasphere","dazzlinggleam"],"nature":"Timid","evs":{"hp":0,"atk":0,"def":0,"spa":252,"spd":4,"spe":252},"ivs":{"hp":31,"atk":31,"def":31,"spa":31,"spd":31,"spe":31}},{"name":"Sax","species":"klefki","item":"lightclay","ability":"Prankster","moves":["thunderwave","lightscreen","reflect","foulplay"],"nature":"Bold","evs":{"hp":248,"atk":0,"def":252,"spa":0,"spd":8,"spe":0},"ivs":{"hp":31,"atk":31,"def":31,"spa":31,"spd":31,"spe":31}},{"name":"Trumpet","species":"sylveon","item":"leftovers","ability":"Pixilate","moves":["hypervoice","wish","protect","calmmind"],"nature":"Bold","evs":{"hp":252,"atk":0,"def":252,"spa":4,"spd":0,"spe":0},"ivs":{"hp":31,"atk":31,"def":31,"spa":31,"spd":31,"spe":31}}],"log":["|player|p1|SL Wyvern|266","|player|p2|Void Wiley|voidwiley.png","|gametype|singles","|gen|6","|tier|Monotype","|rated","|rule|Baton Pass Clause: Limit one Baton Passer, can't pass Spe and other stats simultaneously","|rule|Swagger Clause: Swagger is banned","|rule|Same Type Clause: Pokémon in a team must share a type","|clearpoke","|poke|p1|Latias, F","|poke|p1|Haxorus, F, shiny","|poke|p1|Goodra, M","|poke|p1|Dragonite, M","|poke|p1|Kyurem-Black","|poke|p1|Kingdra, F","|poke|p2|Slurpuff, M","|poke|p2|Azumarill, F","|poke|p2|Gardevoir, M","|poke|p2|Togekiss, M","|poke|p2|Klefki, F","|poke|p2|Sylveon, M","|rule|Sleep Clause Mod: Limit one foe put to sleep","|rule|Species Clause: Limit one of each Pokémon","|rule|OHKO Clause: OHKO moves are banned","|rule|Moody Clause: Moody is banned","|rule|Evasion Moves Clause: Evasion moves are banned","|rule|Endless Battle Clause: Forcing endless battles is banned","|rule|HP Percentage Mod: HP is shown in percentages","|teampreview","|","|start","|switch|p1a: Latias|Latias, F|301/301","|switch|p2a: Sax|Klefki, F|317/317","|turn|1","|","|detailschange|p1a: Latias|Latias-Mega, F","|-mega|p1a: Latias|Latias|Latiasite","|move|p2a: Sax|Thunder Wave|p1a: Latias","|-status|p1a: Latias|par","|move|p1a: Latias|Psyshock|p2a: Sax","|-resisted|p2a: Sax","|-damage|p2a: Sax|260/317","|","|turn|2","|","|move|p2a: Sax|Foul Play|p1a: Latias","|-supereffective|p1a: Latias","|-damage|p1a: Latias|187/301 par","|move|p1a: Latias|Thunderbolt|p2a: Sax","|-damage|p2a: Sax|141/317","|","|turn|3","|","|move|p2a: Sax|Foul Play|p1a: Latias","|-crit|p1a: Latias","|-supereffective|p1a: Latias","|-damage|p1a: Latias|13/301 par","|cant|p1a: Latias|par","|","|turn|4","|","|switch|p1a: Kingdra|Kingdra, F|298/298","|move|p2a: Sax|Foul Play|p1a: Kingdra","|-damage|p1a: Kingdra|233/298","|","|turn|5","|","|move|p2a: Sax|Thunder Wave|p1a: Kingdra","|-status|p1a: Kingdra|par","|move|p1a: Kingdra|Scald|p2a: Sax","|-damage|p2a: Sax|0 fnt","|faint|p2a: Sax","|","|","|switch|p2a: Tuba|Slurpuff, M|306/306","|turn|6","|","|move|p2a: Tuba|Belly Drum|p2a: Tuba","|-damage|p2a: Tuba|153/306","|-setboost|p2a: Tuba|atk|6|[from] move: Belly Drum","|-enditem|p2a: Tuba|Sitrus Berry|[eat]","|-heal|p2a: Tuba|229/306|[from] item: Sitrus Berry","|move|p1a: Kingdra|Scald|p2a: Tuba","|-damage|p2a: Tuba|0 fnt","|faint|p2a: Tuba","|","|","|switch|p2a: Clarinet|Azumarill, F|404/404","|turn|7","|","|switch|p1a: Kyurem-Black|Kyurem-Black|453/453","|-ability|p1a: Kyurem-Black|Teravolt","|move|p2a: Clarinet|Play Rough|p1a: Kyurem-Black","|-supereffective|p1a: Kyurem-Black","|-damage|p1a: Kyurem-Black|147/453","|","|turn|8","|","|move|p1a: Kyurem-Black|Fusion Bolt|p2a: Clarinet","|-crit|p2a: Clarinet","|-supereffective|p2a: Clarinet","|-damage|p2a: Clarinet|0 fnt","|-damage|p1a: Kyurem-Black|102/453|[from] item: Life Orb","|faint|p2a: Clarinet","|","|","|switch|p2a: Trumpet|Sylveon, M|394/394","|turn|9","|","|move|p1a: Kyurem-Black|Roost|p1a: Kyurem-Black","|-heal|p1a: Kyurem-Black|329/453","|move|p2a: Trumpet|Hyper Voice|p1a: Kyurem-Black","|-supereffective|p1a: Kyurem-Black","|-damage|p1a: Kyurem-Black|0 fnt","|faint|p1a: Kyurem-Black","|","|","|switch|p1a: Goodra|Goodra, M|383/383","|turn|10","|","|move|p1a: Goodra|Sludge Bomb|p2a: Trumpet","|-crit|p2a: Trumpet","|-supereffective|p2a: Trumpet","|-damage|p2a: Trumpet|132/394","|move|p2a: Trumpet|Hyper Voice|p1a: Goodra","|-supereffective|p1a: Goodra","|-damage|p1a: Goodra|245/383","|","|-heal|p2a: Trumpet|156/394|[from] item: Leftovers","|turn|11","|","|move|p2a: Trumpet|Protect|p2a: Trumpet","|-singleturn|p2a: Trumpet|Protect","|move|p1a: Goodra|Sludge Bomb|p2a: Trumpet","|-activate|p2a: Trumpet|Protect","|","|-heal|p2a: Trumpet|180/394|[from] item: Leftovers","|turn|12","|","|move|p1a: Goodra|Sludge Bomb|p2a: Trumpet","|-supereffective|p2a: Trumpet","|-damage|p2a: Trumpet|2/394","|move|p2a: Trumpet|Wish|p2a: Trumpet","|","|-heal|p2a: Trumpet|26/394|[from] item: Leftovers","|turn|13","|","|move|p2a: Trumpet|Protect|p2a: Trumpet","|-singleturn|p2a: Trumpet|Protect","|move|p1a: Goodra|Sludge Bomb|p2a: Trumpet","|-activate|p2a: Trumpet|Protect","|","|-heal|p2a: Trumpet|223/394|[from] move: Wish|[wisher] Trumpet","|-heal|p2a: Trumpet|247/394|[from] item: Leftovers","|turn|14","|","|move|p1a: Goodra|Sludge Bomb|p2a: Trumpet","|-supereffective|p2a: Trumpet","|-damage|p2a: Trumpet|87/394","|move|p2a: Trumpet|Wish|p2a: Trumpet","|","|-heal|p2a: Trumpet|111/394|[from] item: Leftovers","|turn|15","|","|move|p2a: Trumpet|Protect|p2a: Trumpet","|-singleturn|p2a: Trumpet|Protect","|move|p1a: Goodra|Sludge Bomb|p2a: Trumpet","|-activate|p2a: Trumpet|Protect","|","|-heal|p2a: Trumpet|308/394|[from] move: Wish|[wisher] Trumpet","|-heal|p2a: Trumpet|332/394|[from] item: Leftovers","|turn|16","|","|move|p1a: Goodra|Sludge Bomb|p2a: Trumpet","|-supereffective|p2a: Trumpet","|-damage|p2a: Trumpet|172/394","|move|p2a: Trumpet|Hyper Voice|p1a: Goodra","|-supereffective|p1a: Goodra","|-damage|p1a: Goodra|117/383","|","|-heal|p2a: Trumpet|196/394|[from] item: Leftovers","|turn|17","|","|move|p1a: Goodra|Sludge Bomb|p2a: Trumpet","|-supereffective|p2a: Trumpet","|-damage|p2a: Trumpet|14/394","|move|p2a: Trumpet|Wish|p2a: Trumpet","|","|-heal|p2a: Trumpet|38/394|[from] item: Leftovers","|turn|18","|","|switch|p1a: Dragonite|Dragonite, M|323/323","|move|p2a: Trumpet|Protect|p2a: Trumpet","|-fail|p2a: Trumpet","|","|-heal|p2a: Trumpet|235/394|[from] move: Wish|[wisher] Trumpet","|-heal|p2a: Trumpet|259/394|[from] item: Leftovers","|turn|19","|","|move|p1a: Dragonite|Earthquake|p2a: Trumpet","|-damage|p2a: Trumpet|128/394","|move|p2a: Trumpet|Hyper Voice|p1a: Dragonite","|-supereffective|p1a: Dragonite","|-damage|p1a: Dragonite|185/323","|","|-heal|p2a: Trumpet|152/394|[from] item: Leftovers","|turn|20","|","|move|p1a: Dragonite|Extreme Speed|p2a: Trumpet","|-damage|p2a: Trumpet|51/394","|move|p2a: Trumpet|Wish|p2a: Trumpet","|","|-heal|p2a: Trumpet|75/394|[from] item: Leftovers","|turn|21","|","|move|p2a: Trumpet|Protect|p2a: Trumpet","|-singleturn|p2a: Trumpet|Protect","|move|p1a: Dragonite|Dragon Dance|p1a: Dragonite","|-boost|p1a: Dragonite|atk|1","|-boost|p1a: Dragonite|spe|1","|","|-heal|p2a: Trumpet|272/394|[from] move: Wish|[wisher] Trumpet","|-heal|p2a: Trumpet|296/394|[from] item: Leftovers","|turn|22","|","|move|p1a: Dragonite|Earthquake|p2a: Trumpet","|-damage|p2a: Trumpet|109/394","|move|p2a: Trumpet|Hyper Voice|p1a: Dragonite","|-crit|p1a: Dragonite","|-supereffective|p1a: Dragonite","|-damage|p1a: Dragonite|0 fnt","|faint|p1a: Dragonite","|","|-heal|p2a: Trumpet|133/394|[from] item: Leftovers","|","|switch|p1a: Goodra|Goodra, M|117/383","|turn|23","|","|move|p2a: Trumpet|Protect|p2a: Trumpet","|-singleturn|p2a: Trumpet|Protect","|move|p1a: Goodra|Sludge Bomb|p2a: Trumpet","|-activate|p2a: Trumpet|Protect","|","|-heal|p2a: Trumpet|157/394|[from] item: Leftovers","|turn|24","|","|move|p2a: Trumpet|Protect|p2a: Trumpet","|-fail|p2a: Trumpet","|move|p1a: Goodra|Sludge Bomb|p2a: Trumpet","|-supereffective|p2a: Trumpet","|-damage|p2a: Trumpet|0 fnt","|faint|p2a: Trumpet","|","|","|switch|p2a: Flute|Gardevoir, M|278/278","|turn|25","|","|detailschange|p2a: Flute|Gardevoir-Mega, M","|-mega|p2a: Flute|Gardevoir|Gardevoirite","|move|p2a: Flute|Hyper Voice|p1a: Goodra","|-supereffective|p1a: Goodra","|-damage|p1a: Goodra|0 fnt","|faint|p1a: Goodra","|","|","|switch|p1a: Haxorus|Haxorus, F, shiny|293/293","|-ability|p1a: Haxorus|Mold Breaker","|turn|26","|","|move|p2a: Flute|Hyper Voice|p1a: Haxorus","|-supereffective|p1a: Haxorus","|-enditem|p1a: Haxorus|Focus Sash","|-damage|p1a: Haxorus|1/293","|move|p1a: Haxorus|Dragon Dance|p1a: Haxorus","|-boost|p1a: Haxorus|atk|1","|-boost|p1a: Haxorus|spe|1","|","|turn|27","|","|move|p1a: Haxorus|Earthquake|p2a: Flute","|-damage|p2a: Flute|0 fnt","|faint|p2a: Flute","|","|","|switch|p2a: Alto|Togekiss, M|311/311","|turn|28","|","|move|p1a: Haxorus|Rock Slide|p2a: Alto","|-supereffective|p2a: Alto","|-damage|p2a: Alto|0 fnt","|faint|p2a: Alto","|","|win|SL Wyvern"],"p1rating":{"entryid":638197,"formatid":"monotype","userid":"slwyvern","username":"SL Wyvern","r":1500,"rd":130,"sigma":0,"rpr":1555.3371870395,"rprd":122.52703551501,"rpsigma":0,"rptime":1440838800,"w":1,"l":0,"t":0,"gxe":56.9,"acre":1043.0058923496,"lacre":1043.0058923496,"oldacre":1000},"p2rating":{"entryid":"91212","serverid":"eos","formatid":"monotype","userid":"voidwiley","username":"Void Wiley","w":"47","l":32,"t":"0","gxe":60.4,"r":"1605.6275296287","rd":"42.886996725729","sigma":"0","rptime":"1440838800","rpr":1579.6352113547,"rprd":41.845111302056,"rpsigma":"0","acre":1011.1881081241,"lacre":1011.1881081241,"oldacre":"1026.158162993"},"endType":"normal"}