{"seed":[28769,33273,28078,62763],"turns":32,"p1":"Sovereign♕KingJJ","p2":"SL Lightoak","p1team":[{"name":"Sawsbuck","species":"Sawsbuck","item":"focussash","ability":"Serene Grace","moves":["hornleech","jumpkick","megahorn","bounce"],"nature":"Adamant","evs":{"hp":248,"atk":252,"def":0,"spa":0,"spd":8,"spe":0},"ivs":{"hp":31,"atk":31,"def":31,"spa":31,"spd":31,"spe":31}},{"name":"Porygon-Z","species":"Porygon-Z","item":"leftovers","ability":"Download","moves":["discharge","shadowball","conversion2","painsplit"],"nature":"Modest","evs":{"hp":252,"atk":0,"def":0,"spa":252,"spd":4,"spe":0},"shiny":true,"ivs":{"hp":31,"atk":31,"def":31,"spa":31,"spd":31,"spe":31}},{"name":"Lopunny","species":"Lopunny","item":"lopunnite","ability":"Cute Charm","moves":["magiccoat","fakeout","return","highjumpkick"],"nature":"Jolly","evs":{"hp":0,"atk":252,"def":0,"spa":0,"spd":4,"spe":252},"gender":"F","shiny":true,"ivs":{"hp":31,"atk":31,"def":31,"spa":31,"spd":31,"spe":31}},{"name":"Chansey","species":"Chansey","item":"focussash","ability":"Serene Grace","moves":["aromatherapy","counter","softboiled","toxic"],"nature":"Bold","evs":{"hp":248,"atk":0,"def":252,"spa":0,"spd":8,"spe":0},"shiny":true,"ivs":{"hp":31,"atk":31,"def":31,"spa":31,"spd":31,"spe":31}},{"name":"Slaking","species":"Slaking","item":"leftovers","ability":"Truant","moves":["return","brickbreak","playrough","slackoff"],"nature":"Serious","evs":{"hp":248,"atk":8,"def":252,"spa":0,"spd":0,"spe":0},"gender":"M","shiny":true,"ivs":{"hp":31,"atk":31,"def":31,"spa":31,"spd":31,"spe":31}},{"name":"Meloetta","species":"Meloetta","item":"lifeorb","ability":"Serene Grace","moves":["psychic","calmmind","energyball","shadowball"],"nature":"Modest","evs":{"hp":248,"atk":0,"def":0,"spa":252,"spd":8,"spe":0},"ivs":{"hp":31,"atk":31,"def":31,"spa":31,"spd":31,"spe":31}}],"p2team":[{"name":"DJ","species":"exploud","item":"wiseglasses","ability":"Scrappy","moves":["boomburst","icebeam","flamethrower","shadowball"],"nature":"Modest","evs":{"hp":248,"atk":0,"def":0,"spa":252,"spd":8,"spe":0},"gender":"M","ivs":{"hp":31,"atk":31,"def":31,"spa":31,"spd":31,"spe":31}},{"name":"Egg","species":"chansey","item":"eviolite","ability":"Natural Cure","moves":["healbell","wish","toxic","seismictoss"],"nature":"Bold","evs":{"hp":248,"atk":0,"def":252,"spa":0,"spd":8,"spe":0},"ivs":{"hp":31,"atk":31,"def":31,"spa":31,"spd":31,"spe":31}},{"name":"Merica","species":"braviary","item":"choicescarf","ability":"Sheer Force","moves":["bravebird","rockslide","thrash","steelwing"],"nature":"Jolly","evs":{"hp":0,"atk":252,"def":0,"spa":0,"spd":4,"spe":252},"shiny":true,"ivs":{"hp":31,"atk":31,"def":31,"spa":31,"spd":31,"spe":31}},{"name":"Melo","species":"meloetta","item":"assaultvest","ability":"Serene Grace","moves":["shadowball","psychic","energyball","hypervoice"],"nature":"Modest","evs":{"hp":248,"atk":0,"def":0,"spa":252,"spd":8,"spe":0},"ivs":{"hp":31,"atk":31,"def":31,"spa":31,"spd":31,"spe":31}},{"name":"FanService","species":"lopunny","item":"lopunnite","ability":"Cute Charm","moves":["fakeout","drainpunch","frustration","icepunch"],"nature":"Jolly","evs":{"hp":0,"atk":252,"def":0,"spa":0,"spd":4,"spe":252},"gender":"F","happiness":0,"ivs":{"hp":31,"atk":31,"def":31,"spa":31,"spd":31,"spe":31}},{"name":"Dough","species":"snorlax","item":"weaknesspolicy","ability":"Thick Fat","moves":["curse","rest","frustration","crunch"],"nature":"Adamant","evs":{"hp":248,"atk":252,"def":0,"spa":0,"spd":8,"spe":0},"gender":"M","happiness":0,"ivs":{"hp":31,"atk":31,"def":31,"spa":31,"spd":31,"spe":31}}],"log":["|player|p1|Sovereign♕KingJJ|269","|player|p2|SL Lightoak|lightofaknowing.png","|gametype|singles","|gen|6","|tier|Monotype","|rated","|rule|Baton Pass Clause: Limit one Baton Passer, can't pass Spe and other stats simultaneously","|rule|Swagger Clause: Swagger is banned","|rule|Same Type Clause: Pokémon in a team must share a type","|clearpoke","|poke|p1|Sawsbuck, F","|poke|p1|Porygon-Z, shiny","|poke|p1|Lopunny, F, shiny","|poke|p1|Chansey, F, shiny","|poke|p1|Slaking, M, shiny","|poke|p1|Meloetta","|poke|p2|Exploud, M","|poke|p2|Chansey, F","|poke|p2|Braviary, M, shiny","|poke|p2|Meloetta","|poke|p2|Lopunny, F","|poke|p2|Snorlax, M","|rule|Sleep Clause Mod: Limit one foe put to sleep","|rule|Species Clause: Limit one of each Pokémon","|rule|OHKO Clause: OHKO moves are banned","|rule|Moody Clause: Moody is banned","|rule|Evasion Moves Clause: Evasion moves are banned","|rule|Endless Battle Clause: Forcing endless battles is banned","|rule|HP Percentage Mod: HP is shown in percentages","|teampreview","|","|start","|switch|p1a: Slaking|Slaking, M, shiny|503/503","|switch|p2a: FanService|Lopunny, F|271/271","|turn|1","|","|detailschange|p2a: FanService|Lopunny-Mega, F","|-mega|p2a: FanService|Lopunny|Lopunnite","|move|p2a: FanService|Fake Out|p1a: Slaking","|-damage|p1a: Slaking|439/503","|cant|p1a: Slaking|flinch","|","|-heal|p1a: Slaking|470/503|[from] item: Leftovers","|turn|2","|","|move|p2a: FanService|Drain Punch|p1a: Slaking","|-supereffective|p1a: Slaking","|-damage|p1a: Slaking|254/503","|cant|p1a: Slaking|ability: Truant|Play Rough","|","|-heal|p1a: Slaking|285/503|[from] item: Leftovers","|turn|3","|","|move|p2a: FanService|Drain Punch|p1a: Slaking","|-supereffective|p1a: Slaking","|-damage|p1a: Slaking|79/503","|move|p1a: Slaking|Play Rough|p2a: FanService|[miss]","|-miss|p1a: Slaking|p2a: FanService","|","|-heal|p1a: Slaking|110/503|[from] item: Leftovers","|turn|4","|","|move|p2a: FanService|Drain Punch|p1a: Slaking","|-supereffective|p1a: Slaking","|-damage|p1a: Slaking|0 fnt","|faint|p1a: Slaking","|","|","|switch|p1a: Meloetta|Meloetta|403/403","|turn|5","|","|switch|p2a: Melo|Meloetta|403/403","|move|p1a: Meloetta|Psychic|p2a: Melo","|-resisted|p2a: Melo","|-damage|p2a: Melo|337/403","|-damage|p1a: Meloetta|363/403|[from] item: Life Orb","|","|turn|6","|","|move|p1a: Meloetta|Shadow Ball|p2a: Melo","|-immune|p2a: Melo|[msg]","|move|p2a: Melo|Hyper Voice|p1a: Meloetta","|-damage|p1a: Meloetta|230/403","|","|turn|7","|","|move|p2a: Melo|Hyper Voice|p1a: Meloetta","|-damage|p1a: Meloetta|85/403","|move|p1a: Meloetta|Energy Ball|p2a: Melo","|-damage|p2a: Melo|251/403","|-damage|p1a: Meloetta|45/403|[from] item: Life Orb","|","|turn|8","|","|move|p2a: Melo|Hyper Voice|p1a: Meloetta","|-damage|p1a: Meloetta|0 fnt","|faint|p1a: Meloetta","|","|","|switch|p1a: Chansey|Chansey, F, shiny|703/703","|turn|9","|","|switch|p2a: Dough|Snorlax, M|523/523","|move|p1a: Chansey|Toxic|p2a: Dough","|-status|p2a: Dough|tox","|","|-damage|p2a: Dough|491/523 tox|[from] psn","|turn|10","|","|move|p2a: Dough|Curse|p2a: Dough","|-unboost|p2a: Dough|spe|1","|-boost|p2a: Dough|atk|1","|-boost|p2a: Dough|def|1","|move|p1a: Chansey|Counter|p2a: Dough","|-fail|p2a: Dough","|","|-damage|p2a: Dough|427/523 tox|[from] psn","|turn|11","|","|move|p2a: Dough|Curse|p2a: Dough","|-unboost|p2a: Dough|spe|1","|-boost|p2a: Dough|atk|1","|-boost|p2a: Dough|def|1","|move|p1a: Chansey|Counter|p2a: Dough","|-fail|p2a: Dough","|","|-damage|p2a: Dough|331/523 tox|[from] psn","|turn|12","|","|move|p2a: Dough|Rest|p2a: Dough","|-status|p2a: Dough|slp","|-heal|p2a: Dough|523/523 slp|[silent]","|-status|p2a: Dough|slp|[from] move: Rest","|move|p1a: Chansey|Counter|p2a: Dough","|-fail|p2a: Dough","|","|turn|13","|","|cant|p2a: Dough|slp","|move|p1a: Chansey|Counter|p2a: Dough","|-fail|p2a: Dough","|","|turn|14","|","|cant|p2a: Dough|slp","|move|p1a: Chansey|Counter|p2a: Dough","|-fail|p2a: Dough","|","|turn|15","|","|move|p1a: Chansey|Toxic|p2a: Dough","|-fail|p2a: Dough","|-curestatus|p2a: Dough|slp","|move|p2a: Dough|Curse|p2a: Dough","|-unboost|p2a: Dough|spe|1","|-boost|p2a: Dough|atk|1","|-boost|p2a: Dough|def|1","|","|turn|16","|","|move|p1a: Chansey|Toxic|p2a: Dough","|-status|p2a: Dough|tox","|move|p2a: Dough|Curse|p2a: Dough","|-unboost|p2a: Dough|spe|1","|-boost|p2a: Dough|atk|1","|-boost|p2a: Dough|def|1","|","|-damage|p2a: Dough|491/523 tox|[from] psn","|turn|17","|","|move|p2a: Dough|Curse|p2a: Dough","|-unboost|p2a: Dough|spe|1","|-boost|p2a: Dough|atk|1","|-boost|p2a: Dough|def|1","|move|p1a: Chansey|Counter|p2a: Dough","|-fail|p2a: Dough","|","|-damage|p2a: Dough|427/523 tox|[from] psn","|turn|18","|","|move|p2a: Dough|Curse|p2a: Dough","|-unboost|p2a: Dough|spe|1","|-boost|p2a: Dough|atk|1","|-boost|p2a: Dough|def|1","|move|p1a: Chansey|Counter|p2a: Dough","|-fail|p2a: Dough","|","|-damage|p2a: Dough|331/523 tox|[from] psn","|turn|19","|","|move|p2a: Dough|Rest|p2a: Dough","|-status|p2a: Dough|slp","|-heal|p2a: Dough|523/523 slp|[silent]","|-status|p2a: Dough|slp|[from] move: Rest","|move|p1a: Chansey|Counter|p2a: Dough","|-fail|p2a: Dough","|","|turn|20","|","|cant|p2a: Dough|slp","|move|p1a: Chansey|Counter|p2a: Dough","|-fail|p2a: Dough","|","|turn|21","|","|cant|p2a: Dough|slp","|move|p1a: Chansey|Counter|p2a: Dough","|-fail|p2a: Dough","|","|turn|22","|","|-curestatus|p2a: Dough|slp","|move|p2a: Dough|Frustration|p1a: Chansey","|-enditem|p1a: Chansey|Focus Sash","|-damage|p1a: Chansey|1/703","|move|p1a: Chansey|Counter|p2a: Dough","|-damage|p2a: Dough|0 fnt","|faint|p2a: Dough","|","|","|switch|p2a: FanService|Lopunny-Mega, F|271/271","|turn|23","|","|move|p2a: FanService|Fake Out|p1a: Chansey","|-damage|p1a: Chansey|0 fnt","|faint|p1a: Chansey","|","|","|switch|p1a: Sawsbuck|Sawsbuck, F|363/363","|turn|24","|","|move|p2a: FanService|Drain Punch|p1a: Sawsbuck","|-supereffective|p1a: Sawsbuck","|-damage|p1a: Sawsbuck|3/363","|move|p1a: Sawsbuck|Bounce|p2a: FanService|[still]","|-prepare|p1a: Sawsbuck|Bounce|p2a: FanService","|","|turn|25","|","|switch|p2a: Egg|Chansey, F|703/703","|move|p1a: Sawsbuck|Bounce|p2a: Egg|[from]lockedmove|[miss]","|-miss|p1a: Sawsbuck|p2a: Egg","|","|turn|26","|","|move|p1a: Sawsbuck|Jump Kick|p2a: Egg","|-supereffective|p2a: Egg","|-damage|p2a: Egg|413/703","|move|p2a: Egg|Seismic Toss|p1a: Sawsbuck","|-damage|p1a: Sawsbuck|0 fnt","|faint|p1a: Sawsbuck","|","|","|switch|p1a: Lopunny|Lopunny, F, shiny|271/271","|turn|27","|","|switch|p2a: Merica|Braviary, M, shiny|341/341","|detailschange|p1a: Lopunny|Lopunny-Mega, F, shiny","|-mega|p1a: Lopunny|Lopunny|Lopunnite","|move|p1a: Lopunny|Fake Out|p2a: Merica","|-damage|p2a: Merica|245/341","|","|turn|28","|","|move|p2a: Merica|Thrash|p1a: Lopunny","|-damage|p1a: Lopunny|72/271","|move|p1a: Lopunny|High Jump Kick|p2a: Merica","|-damage|p2a: Merica|0 fnt","|faint|p2a: Merica","|","|","|switch|p2a: Melo|Meloetta|251/403","|turn|29","|","|move|p1a: Lopunny|Return|p2a: Melo","|-damage|p2a: Melo|34/403","|move|p2a: Melo|Psychic|p1a: Lopunny","|-supereffective|p1a: Lopunny","|-damage|p1a: Lopunny|0 fnt","|faint|p1a: Lopunny","|","|","|switch|p1a: Porygon-Z|Porygon-Z, shiny|374/374","|-boost|p1a: Porygon-Z|atk|1|[from] ability: Download","|turn|30","|","|move|p2a: Melo|Hyper Voice|p1a: Porygon-Z","|-damage|p1a: Porygon-Z|154/374","|move|p1a: Porygon-Z|Shadow Ball|p2a: Melo","|-immune|p2a: Melo|[msg]","|","|-heal|p1a: Porygon-Z|177/374|[from] item: Leftovers","|turn|31","|","|move|p1a: Porygon-Z|Discharge|p2a: Melo","|-damage|p2a: Melo|0 fnt","|faint|p2a: Melo","|","|-heal|p1a: Porygon-Z|200/374|[from] item: Leftovers","|","|switch|p2a: DJ|Exploud, M|411/411","|turn|32","|","|move|p1a: Porygon-Z|Discharge|p2a: DJ","|-damage|p2a: DJ|282/411","|move|p2a: DJ|Boomburst|p1a: Porygon-Z","|-damage|p1a: Porygon-Z|0 fnt","|faint|p1a: Porygon-Z","|","|win|SL Lightoak"],"p1rating":{"entryid":"452185","serverid":"eos","formatid":"monotype","userid":"sovereignkingjj","username":"Sovereign♕KingJJ","w":"0","l":4,"t":"0","gxe":34.8,"r":"1427.1227468295","rd":"117.30840108012","sigma":"0","rptime":"1440925200","rpr":1376.4045362653,"rprd":107.3623042045,"rpsigma":"0","acre":1000,"lacre":1000,"oldacre":"1000"},"p2rating":{"entryid":"530913","serverid":"eos","formatid":"monotype","userid":"sllightoak","username":"SL Lightoak","w":6,"l":"4","t":"0","gxe":55.9,"r":"1569.5869173409","rd":"107.16042444698","sigma":"0","rptime":"1440925200","rpr":1545.9258228915,"rprd":87.531202646606,"rpsigma":"0","acre":1117.1123368149,"lacre":1117.1123368149,"oldacre":"1098.9282781049"},"endType":"normal"}