{"seed":[30111,46973,21032,27729],"turns":25,"p1":"SL Wyvern","p2":"Crystal★Tempo","p1team":[{"name":"Klefki","species":"Klefki","item":"leftovers","ability":"Prankster","moves":["thunderwave","spikes","playrough","irondefense"],"nature":"Careful","evs":{"hp":248,"atk":8,"def":0,"spa":0,"spd":252,"spe":0},"shiny":true,"ivs":{"hp":31,"atk":31,"def":31,"spa":31,"spd":31,"spe":31}},{"name":"Sylveon","species":"Sylveon","item":"weaknesspolicy","ability":"Pixilate","moves":["hypervoice","wish","protect","moonblast"],"nature":"Calm","evs":{"hp":248,"atk":0,"def":0,"spa":8,"spd":252,"spe":0},"ivs":{"hp":31,"atk":31,"def":31,"spa":31,"spd":31,"spe":31}},{"name":"Slurpuff","species":"Slurpuff","item":"sitrusberry","ability":"Unburden","moves":["bellydrum","drainpunch","return","playrough"],"nature":"Adamant","evs":{"hp":4,"atk":252,"def":0,"spa":0,"spd":0,"spe":252},"shiny":true,"ivs":{"hp":31,"atk":31,"def":31,"spa":31,"spd":31,"spe":31}},{"name":"Gardevoir","species":"Gardevoir","item":"gardevoirite","ability":"Synchronize","moves":["hypervoice","bodyslam","calmmind","psychic"],"nature":"Mild","evs":{"hp":248,"atk":8,"def":0,"spa":252,"spd":0,"spe":0},"ivs":{"hp":31,"atk":31,"def":31,"spa":31,"spd":31,"spe":31}},{"name":"Togekiss","species":"Togekiss","item":"weaknesspolicy","ability":"Serene Grace","moves":["airslash","ancientpower","psychic","triattack"],"nature":"Modest","evs":{"hp":248,"atk":0,"def":0,"spa":252,"spd":8,"spe":0},"shiny":true,"ivs":{"hp":31,"atk":31,"def":31,"spa":31,"spd":31,"spe":31}},{"name":"Whimsicott","species":"Whimsicott","item":"leftovers","ability":"Prankster","moves":["leechseed","dazzlinggleam","stunspore","gigadrain"],"nature":"Timid","evs":{"hp":0,"atk":0,"def":0,"spa":252,"spd":4,"spe":252},"shiny":true,"ivs":{"hp":31,"atk":31,"def":31,"spa":31,"spd":31,"spe":31}}],"p2team":[{"name":"Leafeon","species":"Leafeon","item":"lifeorb","ability":"Leaf Guard","moves":["swordsdance","leafblade","knockoff","synthesis"],"nature":"Adamant","evs":{"hp":20,"atk":252,"def":0,"spa":0,"spd":0,"spe":236},"ivs":{"hp":31,"atk":31,"def":31,"spa":31,"spd":31,"spe":31}},{"name":"Celebi","species":"Celebi","item":"lightclay","ability":"Natural Cure","moves":["reflect","lightscreen","perishsong","stealthrock"],"nature":"Calm","evs":{"hp":248,"atk":0,"def":0,"spa":0,"spd":224,"spe":36},"ivs":{"hp":31,"atk":31,"def":31,"spa":31,"spd":31,"spe":31}},{"name":"Leavanny","species":"Leavanny","item":"focussash","ability":"Chlorophyll","moves":["stickyweb","leafblade","xscissor","poisonjab"],"nature":"Adamant","evs":{"hp":0,"atk":252,"def":0,"spa":0,"spd":4,"spe":252},"ivs":{"hp":31,"atk":31,"def":31,"spa":31,"spd":31,"spe":31}},{"name":"Ferrothorn","species":"Ferrothorn","item":"rockyhelmet","ability":"Iron Barbs","moves":["spikes","thunderwave","leechseed","gyroball"],"nature":"Relaxed","evs":{"hp":248,"atk":8,"def":252,"spa":0,"spd":0,"spe":0},"ivs":{"hp":31,"atk":31,"def":31,"spa":31,"spd":31,"spe":0}},{"name":"Whimsicott","species":"Whimsicott","item":"sitrusberry","ability":"Prankster","moves":["tailwind","memento","moonblast","taunt"],"nature":"Bold","evs":{"hp":248,"atk":0,"def":252,"spa":8,"spd":0,"spe":0},"ivs":{"hp":31,"atk":31,"def":31,"spa":31,"spd":31,"spe":31}},{"name":"Abomasnow","species":"Abomasnow","item":"abomasite","ability":"Snow Warning","moves":["iceshard","energyball","blizzard","shadowball"],"nature":"Mild","evs":{"hp":248,"atk":8,"def":0,"spa":252,"spd":0,"spe":0},"ivs":{"hp":31,"atk":31,"def":31,"spa":31,"spd":31,"spe":31}}],"log":["|player|p1|SL Wyvern|269","|player|p2|Crystal★Tempo|266","|gametype|singles","|gen|6","|tier|Monotype","|rated","|rule|Baton Pass Clause: Limit one Baton Passer, can't pass Spe and other stats simultaneously","|rule|Swagger Clause: Swagger is banned","|rule|Same Type Clause: Pokémon in a team must share a type","|clearpoke","|poke|p1|Klefki, F, shiny","|poke|p1|Sylveon, M","|poke|p1|Slurpuff, M, shiny","|poke|p1|Gardevoir, M","|poke|p1|Togekiss, M, shiny","|poke|p1|Whimsicott, F, shiny","|poke|p2|Leafeon, M","|poke|p2|Celebi","|poke|p2|Leavanny, F","|poke|p2|Ferrothorn, M","|poke|p2|Whimsicott, F","|poke|p2|Abomasnow, M","|rule|Sleep Clause Mod: Limit one foe put to sleep","|rule|Species Clause: Limit one of each Pokémon","|rule|OHKO Clause: OHKO moves are banned","|rule|Moody Clause: Moody is banned","|rule|Evasion Moves Clause: Evasion moves are banned","|rule|Endless Battle Clause: Forcing endless battles is banned","|rule|HP Percentage Mod: HP is shown in percentages","|teampreview","|","|start","|switch|p1a: Klefki|Klefki, F, shiny|317/317","|switch|p2a: Celebi|Celebi|403/403","|turn|1","|","|move|p1a: Klefki|Thunder Wave|p2a: Celebi","|-status|p2a: Celebi|par","|move|p2a: Celebi|Reflect|p2a: Celebi","|-sidestart|p2: Crystal★Tempo|Reflect","|","|turn|2","|","|move|p1a: Klefki|Spikes|p2a: Celebi","|-sidestart|p2: Crystal★Tempo|Spikes","|move|p2a: Celebi|Light Screen|p2a: Celebi","|-sidestart|p2: Crystal★Tempo|move: Light Screen","|","|turn|3","|","|move|p1a: Klefki|Play Rough|p2a: Celebi","|-damage|p2a: Celebi|359/403 par","|move|p2a: Celebi|Perish Song|p2a: Celebi","|-start|p1a: Klefki|perish3|[silent]","|-start|p2a: Celebi|perish3|[silent]","|-fieldactivate|move: Perish Song","|","|-start|p1a: Klefki|perish3","|-start|p2a: Celebi|perish3","|turn|4","|","|switch|p1a: Slurpuff|Slurpuff, M, shiny|306/306","|cant|p2a: Celebi|par","|","|-start|p2a: Celebi|perish2","|turn|5","|","|move|p1a: Slurpuff|Belly Drum|p1a: Slurpuff","|-damage|p1a: Slurpuff|153/306","|-setboost|p1a: Slurpuff|atk|6|[from] move: Belly Drum","|-enditem|p1a: Slurpuff|Sitrus Berry|[eat]","|-heal|p1a: Slurpuff|229/306|[from] item: Sitrus Berry","|move|p2a: Celebi|Perish Song|p2a: Celebi","|-start|p1a: Slurpuff|perish3|[silent]","|-fieldactivate|move: Perish Song","|","|-start|p1a: Slurpuff|perish3","|-start|p2a: Celebi|perish1","|turn|6","|","|move|p1a: Slurpuff|Play Rough|p2a: Celebi","|-damage|p2a: Celebi|116/403 par","|move|p2a: Celebi|Stealth Rock|p1a: Slurpuff","|-sidestart|p1: SL Wyvern|move: Stealth Rock","|","|-start|p1a: Slurpuff|perish2","|-start|p2a: Celebi|perish0","|faint|p2a: Celebi","|","|switch|p2a: Ferrothorn|Ferrothorn, M|351/351","|-damage|p2a: Ferrothorn|308/351|[from] Spikes","|turn|7","|","|move|p1a: Slurpuff|Drain Punch|p2a: Ferrothorn","|-supereffective|p2a: Ferrothorn","|-damage|p2a: Ferrothorn|130/351","|-heal|p1a: Slurpuff|306/306|[from] drain|[of] p2a: Ferrothorn","|-damage|p1a: Slurpuff|268/306|[from] ability: Iron Barbs|[of] p2a: Ferrothorn","|-damage|p1a: Slurpuff|217/306|[from] item: Rocky Helmet|[of] p2a: Ferrothorn","|move|p2a: Ferrothorn|Spikes|p1a: Slurpuff","|-sidestart|p1: SL Wyvern|Spikes","|","|-start|p1a: Slurpuff|perish1","|turn|8","|","|switch|p1a: Whimsicott|Whimsicott, F, shiny|261/261","|-damage|p1a: Whimsicott|229/261|[from] Stealth Rock","|-damage|p1a: Whimsicott|197/261|[from] Spikes","|move|p2a: Ferrothorn|Spikes|p1a: Whimsicott","|-sidestart|p1: SL Wyvern|Spikes","|","|-heal|p1a: Whimsicott|213/261|[from] item: Leftovers","|-sideend|p2: Crystal★Tempo|Reflect","|turn|9","|","|move|p1a: Whimsicott|Dazzling Gleam|p2a: Ferrothorn","|-resisted|p2a: Ferrothorn","|-damage|p2a: Ferrothorn|110/351","|move|p2a: Ferrothorn|Gyro Ball|p1a: Whimsicott","|-supereffective|p1a: Whimsicott","|-damage|p1a: Whimsicott|0 fnt","|faint|p1a: Whimsicott","|","|-sideend|p2: Crystal★Tempo|move: Light Screen","|","|switch|p1a: Gardevoir|Gardevoir, M|339/339","|-damage|p1a: Gardevoir|283/339|[from] Spikes","|-damage|p1a: Gardevoir|241/339|[from] Stealth Rock","|turn|10","|","|detailschange|p1a: Gardevoir|Gardevoir-Mega, M","|-mega|p1a: Gardevoir|Gardevoir|Gardevoirite","|move|p1a: Gardevoir|Psychic|p2a: Ferrothorn","|-resisted|p2a: Ferrothorn","|-damage|p2a: Ferrothorn|11/351","|move|p2a: Ferrothorn|Thunder Wave|p1a: Gardevoir","|-status|p1a: Gardevoir|par","|","|turn|11","|","|move|p1a: Gardevoir|Psychic|p2a: Ferrothorn","|-resisted|p2a: Ferrothorn","|-damage|p2a: Ferrothorn|0 fnt","|faint|p2a: Ferrothorn","|","|","|switch|p2a: Whimsicott|Whimsicott, F|323/323","|-damage|p2a: Whimsicott|283/323|[from] Spikes","|turn|12","|","|move|p2a: Whimsicott|Tailwind|p2a: Whimsicott","|-sidestart|p2: Crystal★Tempo|move: Tailwind","|move|p1a: Gardevoir|Calm Mind|p1a: Gardevoir","|-boost|p1a: Gardevoir|spa|1","|-boost|p1a: Gardevoir|spd|1","|","|turn|13","|","|move|p2a: Whimsicott|Memento|p1a: Gardevoir","|-unboost|p1a: Gardevoir|atk|2","|-unboost|p1a: Gardevoir|spa|2","|faint|p2a: Whimsicott","|move|p1a: Gardevoir|Psychic|p2: Whimsicott|[notarget]","|-notarget","|","|","|switch|p2a: Leafeon|Leafeon, M|276/276","|-damage|p2a: Leafeon|242/276|[from] Spikes","|turn|14","|","|move|p2a: Leafeon|Swords Dance|p2a: Leafeon","|-boost|p2a: Leafeon|atk|2","|move|p1a: Gardevoir|Hyper Voice|p2a: Leafeon","|-damage|p2a: Leafeon|0 fnt","|faint|p2a: Leafeon","|","|","|switch|p2a: Abomasnow|Abomasnow, M|383/383","|-damage|p2a: Abomasnow|336/383|[from] Spikes","|-weather|Hail","|turn|15","|","|detailschange|p2a: Abomasnow|Abomasnow-Mega, M","|-mega|p2a: Abomasnow|Abomasnow|Abomasite","|move|p2a: Abomasnow|Ice Shard|p1a: Gardevoir","|-damage|p1a: Gardevoir|150/339 par","|cant|p1a: Gardevoir|par","|","|-weather|Hail|[upkeep]","|-damage|p1a: Gardevoir|129/339 par|[from] hail","|-sideend|p2: Crystal★Tempo|move: Tailwind","|turn|16","|","|move|p2a: Abomasnow|Shadow Ball|p1a: Gardevoir","|-supereffective|p1a: Gardevoir","|-damage|p1a: Gardevoir|27/339 par","|move|p1a: Gardevoir|Hyper Voice|p2a: Abomasnow","|-damage|p2a: Abomasnow|167/383","|","|-weather|Hail|[upkeep]","|-damage|p1a: Gardevoir|6/339 par|[from] hail","|turn|17","|","|switch|p1a: Sylveon|Sylveon, M|393/393","|-damage|p1a: Sylveon|328/393|[from] Spikes","|-damage|p1a: Sylveon|279/393|[from] Stealth Rock","|move|p2a: Abomasnow|Ice Shard|p1a: Sylveon","|-crit|p1a: Sylveon","|-damage|p1a: Sylveon|146/393","|","|-weather|Hail|[upkeep]","|-damage|p1a: Sylveon|122/393|[from] hail","|turn|18","|","|move|p2a: Abomasnow|Ice Shard|p1a: Sylveon","|-damage|p1a: Sylveon|31/393","|move|p1a: Sylveon|Wish|p1a: Sylveon","|","|-weather|Hail|[upkeep]","|-damage|p1a: Sylveon|7/393|[from] hail","|turn|19","|","|move|p1a: Sylveon|Protect|p1a: Sylveon","|-singleturn|p1a: Sylveon|Protect","|move|p2a: Abomasnow|Blizzard|p1a: Sylveon","|-activate|p1a: Sylveon|Protect","|","|-weather|none","|-heal|p1a: Sylveon|203/393|[from] move: Wish|[wisher] Sylveon","|turn|20","|","|move|p2a: Abomasnow|Ice Shard|p1a: Sylveon","|-damage|p1a: Sylveon|115/393","|move|p1a: Sylveon|Wish|p1a: Sylveon","|","|turn|21","|","|move|p1a: Sylveon|Protect|p1a: Sylveon","|-singleturn|p1a: Sylveon|Protect","|move|p2a: Abomasnow|Blizzard|p1a: Sylveon","|-activate|p1a: Sylveon|Protect","|","|-heal|p1a: Sylveon|311/393|[from] move: Wish|[wisher] Sylveon","|turn|22","|","|move|p1a: Sylveon|Hyper Voice|p2a: Abomasnow","|-damage|p2a: Abomasnow|17/383","|move|p2a: Abomasnow|Blizzard|p1a: Sylveon","|-miss|p2a: Abomasnow|p1a: Sylveon","|","|turn|23","|","|move|p2a: Abomasnow|Ice Shard|p1a: Sylveon","|-damage|p1a: Sylveon|226/393","|move|p1a: Sylveon|Moonblast|p2a: Abomasnow","|-damage|p2a: Abomasnow|0 fnt","|faint|p2a: Abomasnow","|","|","|switch|p2a: Leavanny|Leavanny, F|291/291","|-damage|p2a: Leavanny|255/291|[from] Spikes","|turn|24","|","|move|p2a: Leavanny|Poison Jab|p1a: Sylveon","|-supereffective|p1a: Sylveon","|-damage|p1a: Sylveon|0 fnt","|faint|p1a: Sylveon","|","|","|switch|p1a: Togekiss|Togekiss, M, shiny|373/373","|-damage|p1a: Togekiss|280/373|[from] Stealth Rock","|turn|25","|","|move|p2a: Leavanny|Poison Jab|p1a: Togekiss","|-supereffective|p1a: Togekiss","|-damage|p1a: Togekiss|84/373","|-enditem|p1a: Togekiss|Weakness Policy","|-boost|p1a: Togekiss|atk|2|[from] item: Weakness Policy","|-boost|p1a: Togekiss|spa|2|[from] item: Weakness Policy","|move|p1a: Togekiss|Tri Attack|p2a: Leavanny","|-damage|p2a: Leavanny|0 fnt","|faint|p2a: Leavanny","|","|win|SL Wyvern"],"p1rating":{"entryid":"638197","serverid":"eos","formatid":"monotype","userid":"slwyvern","username":"SL Wyvern","w":2,"l":"0","t":"0","gxe":60.8,"r":"1555.3371870395","rd":"122.52703551501","sigma":"0","rptime":"1440925200","rpr":1587.4406207227,"rprd":116.14350779295,"rpsigma":"0","acre":1081.2382420182,"lacre":1081.2382420182,"oldacre":"1043.0058923496"},"p2rating":{"entryid":"95965","serverid":"eos","formatid":"monotype","userid":"crystaltempo","username":"Crystal★Tempo","w":"5","l":6,"t":"0","gxe":48.3,"r":"1504.1071416021","rd":"88.707102299496","sigma":"0","rptime":"1440925200","rpr":1486.8406000883,"rprd":86.340590556365,"rpsigma":"0","acre":1064.732055038,"lacre":1064.732055038,"oldacre":"1091.8243516141"},"endType":"normal"}