{"seed":[33657,35944,12304,52534],"turns":26,"p1":"SL Lightoak","p2":"DJ Gible","p1team":[{"name":"Scizor","species":"Scizor","item":"scizorite","ability":"Swarm","moves":["swordsdance","bulletpunch","xscissor","roost"],"nature":"","evs":{"hp":0,"atk":0,"def":0,"spa":0,"spd":0,"spe":0},"ivs":{"hp":31,"atk":31,"def":31,"spa":31,"spd":31,"spe":31}},{"name":"Jirachi","species":"Jirachi","item":"leftovers","ability":"Serene Grace","moves":["thunderwave","ironhead","wish","poweruppunch"],"nature":"Adamant","evs":{"hp":224,"atk":252,"def":0,"spa":0,"spd":0,"spe":32},"ivs":{"hp":31,"atk":31,"def":31,"spa":31,"spd":31,"spe":31}},{"name":"Doublade","species":"Doublade","item":"eviolite","ability":"No Guard","moves":["rockslide","sacredsword","shadowsneak","swordsdance"],"nature":"Adamant","evs":{"hp":248,"atk":252,"def":0,"spa":0,"spd":8,"spe":0},"ivs":{"hp":31,"atk":31,"def":31,"spa":31,"spd":31,"spe":31}},{"name":"Skarmory","species":"Skarmory","item":"rockyhelmet","ability":"Keen Eye","moves":["roost","sandstorm","ironhead","defog"],"nature":"","evs":{"hp":0,"atk":0,"def":0,"spa":0,"spd":0,"spe":0},"ivs":{"hp":31,"atk":31,"def":31,"spa":31,"spd":31,"spe":31}},{"name":"Excadrill","species":"Excadrill","item":"lifeorb","ability":"Sand Rush","moves":["earthquake","ironhead","rockslide","xscissor"],"nature":"Adamant","evs":{"hp":0,"atk":252,"def":0,"spa":0,"spd":4,"spe":252},"ivs":{"hp":31,"atk":31,"def":31,"spa":31,"spd":31,"spe":31}},{"name":"Bronzong","species":"Bronzong","item":"lightclay","ability":"Levitate","moves":["lightscreen","reflect","sandstorm","psychic"],"nature":"Calm","evs":{"hp":248,"atk":0,"def":0,"spa":8,"spd":252,"spe":0},"ivs":{"hp":31,"atk":31,"def":31,"spa":31,"spd":31,"spe":31}}],"p2team":[{"name":"Calamari","species":"malamar","item":"choicescarf","ability":"Contrary","moves":["rockslide","psychocut","superpower","nightslash"],"nature":"Jolly","evs":{"hp":4,"atk":252,"def":0,"spa":0,"spd":0,"spe":252},"ivs":{"hp":31,"atk":31,"def":31,"spa":31,"spd":31,"spe":31}},{"name":"Hoodlum","species":"scrafty","item":"focussash","ability":"Moxie","moves":["dragondance","crunch","drainpunch","icepunch"],"nature":"Adamant","evs":{"hp":4,"atk":252,"def":0,"spa":0,"spd":0,"spe":252},"ivs":{"hp":31,"atk":31,"def":31,"spa":31,"spd":31,"spe":31}},{"name":"Tyrant","species":"tyranitar","item":"tyranitarite","ability":"Sand Stream","moves":["dragondance","stoneedge","earthquake","crunch"],"nature":"Adamant","evs":{"hp":0,"atk":252,"def":0,"spa":0,"spd":4,"spe":252},"ivs":{"hp":31,"atk":31,"def":31,"spa":31,"spd":31,"spe":31}},{"name":"Cpt. Buzz","species":"mandibuzz","item":"leftovers","ability":"Big Pecks","moves":["foulplay","roost","defog","whirlwind"],"nature":"Bold","evs":{"hp":252,"atk":0,"def":252,"spa":0,"spd":4,"spe":0},"ivs":{"hp":31,"atk":31,"def":31,"spa":31,"spd":31,"spe":31}},{"name":"Hoopa-Unbound","species":"Hoopa-Unbound","item":"lifeorb","ability":"Magician","moves":["zenheadbutt","hyperspacefury","gunkshot","substitute"],"nature":"Jolly","evs":{"hp":0,"atk":252,"def":0,"spa":0,"spd":4,"spe":252},"ivs":{"hp":31,"atk":31,"def":31,"spa":31,"spd":31,"spe":31}},{"name":"Hydreigon","species":"Hydreigon","item":"choicescarf","ability":"Levitate","moves":["dracometeor","hiddenpowergrass","darkpulse","flashcannon"],"nature":"Timid","evs":{"hp":0,"atk":0,"def":0,"spa":252,"spd":4,"spe":252},"ivs":{"hp":31,"atk":30,"def":31,"spa":30,"spd":31,"spe":31}}],"log":["|player|p1|SL Lightoak|lightofaknowing.png","|player|p2|DJ Gible|198","|gametype|singles","|gen|6","|tier|Monotype","|rated","|rule|Baton Pass Clause: Limit one Baton Passer, can't pass Spe and other stats simultaneously","|rule|Swagger Clause: Swagger is banned","|rule|Same Type Clause: Pokémon in a team must share a type","|clearpoke","|poke|p1|Scizor, F","|poke|p1|Jirachi","|poke|p1|Doublade, M","|poke|p1|Skarmory, F","|poke|p1|Excadrill, M","|poke|p1|Bronzong","|poke|p2|Malamar, M","|poke|p2|Scrafty, F","|poke|p2|Tyranitar, F","|poke|p2|Mandibuzz, F","|poke|p2|Hoopa-Unbound","|poke|p2|Hydreigon, M","|rule|Sleep Clause Mod: Limit one foe put to sleep","|rule|Species Clause: Limit one of each Pokémon","|rule|OHKO Clause: OHKO moves are banned","|rule|Moody Clause: Moody is banned","|rule|Evasion Moves Clause: Evasion moves are banned","|rule|Endless Battle Clause: Forcing endless battles is banned","|rule|HP Percentage Mod: HP is shown in percentages","|teampreview","|","|start","|switch|p1a: Skarmory|Skarmory, F|271/271","|switch|p2a: Cpt. Buzz|Mandibuzz, F|424/424","|turn|1","|","|move|p2a: Cpt. Buzz|Defog|p1a: Skarmory","|-unboost|p1a: Skarmory|evasion|1","|move|p1a: Skarmory|Sandstorm|p1a: Skarmory","|-weather|Sandstorm","|","|-weather|Sandstorm|[upkeep]","|-damage|p2a: Cpt. Buzz|398/424|[from] sandstorm","|-heal|p2a: Cpt. Buzz|424/424|[from] item: Leftovers","|turn|2","|","|switch|p1a: Jirachi|Jirachi|397/397","|move|p2a: Cpt. Buzz|Whirlwind|p1a: Jirachi","|drag|p1a: Bronzong|Bronzong|337/337","|","|-weather|Sandstorm|[upkeep]","|-damage|p2a: Cpt. Buzz|398/424|[from] sandstorm","|-heal|p2a: Cpt. Buzz|424/424|[from] item: Leftovers","|turn|3","|","|move|p2a: Cpt. Buzz|Foul Play|p1a: Bronzong","|-supereffective|p1a: Bronzong","|-damage|p1a: Bronzong|187/337","|move|p1a: Bronzong|Reflect|p1a: Bronzong","|-sidestart|p1: SL Lightoak|Reflect","|","|-weather|Sandstorm|[upkeep]","|-damage|p2a: Cpt. Buzz|398/424|[from] sandstorm","|-heal|p2a: Cpt. Buzz|424/424|[from] item: Leftovers","|turn|4","|","|move|p2a: Cpt. Buzz|Foul Play|p1a: Bronzong","|-supereffective|p1a: Bronzong","|-damage|p1a: Bronzong|99/337","|move|p1a: Bronzong|Light Screen|p1a: Bronzong","|-sidestart|p1: SL Lightoak|move: Light Screen","|","|-weather|Sandstorm|[upkeep]","|-damage|p2a: Cpt. Buzz|398/424|[from] sandstorm","|-heal|p2a: Cpt. Buzz|424/424|[from] item: Leftovers","|turn|5","|","|switch|p1a: Skarmory|Skarmory, F|271/271","|move|p2a: Cpt. Buzz|Foul Play|p1a: Skarmory","|-damage|p1a: Skarmory|237/271","|-damage|p2a: Cpt. Buzz|354/424|[from] item: Rocky Helmet|[of] p1a: Skarmory","|","|-weather|none","|-heal|p2a: Cpt. Buzz|380/424|[from] item: Leftovers","|turn|6","|","|move|p1a: Skarmory|Sandstorm|p1a: Skarmory","|-weather|Sandstorm","|move|p2a: Cpt. Buzz|Whirlwind|p1a: Skarmory","|drag|p1a: Scizor|Scizor, F|281/281","|","|-weather|Sandstorm|[upkeep]","|-damage|p2a: Cpt. Buzz|354/424|[from] sandstorm","|-heal|p2a: Cpt. Buzz|380/424|[from] item: Leftovers","|turn|7","|","|move|p2a: Cpt. Buzz|Foul Play|p1a: Scizor","|-damage|p1a: Scizor|206/281","|move|p1a: Scizor|Swords Dance|p1a: Scizor","|-boost|p1a: Scizor|atk|2","|","|-weather|Sandstorm|[upkeep]","|-damage|p2a: Cpt. Buzz|354/424|[from] sandstorm","|-heal|p2a: Cpt. Buzz|380/424|[from] item: Leftovers","|turn|8","|","|detailschange|p1a: Scizor|Scizor-Mega, F","|-mega|p1a: Scizor|Scizor|Scizorite","|move|p1a: Scizor|Bullet Punch|p2a: Cpt. Buzz","|-damage|p2a: Cpt. Buzz|239/424","|move|p2a: Cpt. Buzz|Foul Play|p1a: Scizor","|-damage|p1a: Scizor|94/281","|","|-weather|Sandstorm|[upkeep]","|-damage|p2a: Cpt. Buzz|213/424|[from] sandstorm","|-heal|p2a: Cpt. Buzz|239/424|[from] item: Leftovers","|turn|9","|","|move|p2a: Cpt. Buzz|Roost|p2a: Cpt. Buzz","|-heal|p2a: Cpt. Buzz|424/424","|move|p1a: Scizor|Roost|p1a: Scizor","|-heal|p1a: Scizor|235/281","|","|-weather|Sandstorm|[upkeep]","|-damage|p2a: Cpt. Buzz|398/424|[from] sandstorm","|-heal|p2a: Cpt. Buzz|424/424|[from] item: Leftovers","|turn|10","|","|move|p1a: Scizor|Bullet Punch|p2a: Cpt. Buzz","|-damage|p2a: Cpt. Buzz|295/424","|move|p2a: Cpt. Buzz|Foul Play|p1a: Scizor","|-damage|p1a: Scizor|121/281","|","|-weather|none","|-heal|p2a: Cpt. Buzz|321/424|[from] item: Leftovers","|-sideend|p1: SL Lightoak|Reflect","|turn|11","|","|move|p2a: Cpt. Buzz|Foul Play|p1a: Scizor","|-damage|p1a: Scizor|0 fnt","|faint|p1a: Scizor","|","|-heal|p2a: Cpt. Buzz|347/424|[from] item: Leftovers","|-sideend|p1: SL Lightoak|move: Light Screen","|","|switch|p1a: Skarmory|Skarmory, F|237/271","|turn|12","|","|move|p1a: Skarmory|Sandstorm|p1a: Skarmory","|-weather|Sandstorm","|move|p2a: Cpt. Buzz|Whirlwind|p1a: Skarmory","|drag|p1a: Excadrill|Excadrill, M|361/361","|","|-weather|Sandstorm|[upkeep]","|-damage|p2a: Cpt. Buzz|321/424|[from] sandstorm","|-heal|p2a: Cpt. Buzz|347/424|[from] item: Leftovers","|turn|13","|","|move|p1a: Excadrill|Rock Slide|p2a: Cpt. Buzz","|-supereffective|p2a: Cpt. Buzz","|-damage|p2a: Cpt. Buzz|175/424","|-damage|p1a: Excadrill|325/361|[from] item: Life Orb","|move|p2a: Cpt. Buzz|Foul Play|p1a: Excadrill","|-damage|p1a: Excadrill|43/361","|","|-weather|Sandstorm|[upkeep]","|-damage|p2a: Cpt. Buzz|149/424|[from] sandstorm","|-heal|p2a: Cpt. Buzz|175/424|[from] item: Leftovers","|turn|14","|","|move|p1a: Excadrill|Rock Slide|p2a: Cpt. Buzz","|-supereffective|p2a: Cpt. Buzz","|-damage|p2a: Cpt. Buzz|0 fnt","|-damage|p1a: Excadrill|7/361|[from] item: Life Orb","|faint|p2a: Cpt. Buzz","|","|-weather|Sandstorm|[upkeep]","|","|switch|p2a: Hydreigon|Hydreigon, M|325/325","|turn|15","|","|move|p1a: Excadrill|X-Scissor|p2a: Hydreigon","|-supereffective|p2a: Hydreigon","|-damage|p2a: Hydreigon|0 fnt","|-damage|p1a: Excadrill|0 fnt|[from] item: Life Orb","|faint|p2a: Hydreigon","|faint|p1a: Excadrill","|","|-weather|Sandstorm|[upkeep]","|","|switch|p2a: Hoopa-Unbound|Hoopa-Unbound|301/301","|switch|p1a: Doublade|Doublade, M|321/321","|turn|16","|","|switch|p1a: Bronzong|Bronzong|99/337","|move|p2a: Hoopa-Unbound|Substitute|p2a: Hoopa-Unbound","|-start|p2a: Hoopa-Unbound|Substitute","|-damage|p2a: Hoopa-Unbound|226/301","|","|-weather|none","|turn|17","|","|move|p2a: Hoopa-Unbound|Hyperspace Fury|p1a: Bronzong","|-supereffective|p1a: Bronzong","|-damage|p1a: Bronzong|0 fnt","|-unboost|p2a: Hoopa-Unbound|def|1","|-damage|p2a: Hoopa-Unbound|196/301|[from] item: Life Orb","|faint|p1a: Bronzong","|","|","|switch|p1a: Skarmory|Skarmory, F|237/271","|turn|18","|","|move|p2a: Hoopa-Unbound|Hyperspace Fury|p1a: Skarmory","|-damage|p1a: Skarmory|41/271","|-unboost|p2a: Hoopa-Unbound|def|1","|-damage|p2a: Hoopa-Unbound|166/301|[from] item: Life Orb","|move|p1a: Skarmory|Sandstorm|p1a: Skarmory","|-weather|Sandstorm","|","|-weather|Sandstorm|[upkeep]","|-damage|p2a: Hoopa-Unbound|148/301|[from] sandstorm","|turn|19","|","|move|p2a: Hoopa-Unbound|Hyperspace Fury|p1a: Skarmory","|-damage|p1a: Skarmory|0 fnt","|-unboost|p2a: Hoopa-Unbound|def|1","|-damage|p2a: Hoopa-Unbound|118/301|[from] item: Life Orb","|faint|p1a: Skarmory","|","|-weather|Sandstorm|[upkeep]","|-damage|p2a: Hoopa-Unbound|100/301|[from] sandstorm","|","|switch|p1a: Doublade|Doublade, M|321/321","|turn|20","|","|move|p1a: Doublade|Shadow Sneak|p2a: Hoopa-Unbound","|-end|p2a: Hoopa-Unbound|Substitute","|move|p2a: Hoopa-Unbound|Hyperspace Fury|p1a: Doublade","|-supereffective|p1a: Doublade","|-damage|p1a: Doublade|69/321","|-unboost|p2a: Hoopa-Unbound|def|1","|-damage|p2a: Hoopa-Unbound|70/301|[from] item: Life Orb","|","|-weather|Sandstorm|[upkeep]","|-damage|p2a: Hoopa-Unbound|52/301|[from] sandstorm","|turn|21","|","|switch|p2a: Tyrant|Tyranitar, F|341/341","|move|p1a: Doublade|Shadow Sneak|p2a: Tyrant","|-resisted|p2a: Tyrant","|-damage|p2a: Tyrant|311/341","|","|-weather|Sandstorm|[upkeep]","|turn|22","|","|detailschange|p2a: Tyrant|Tyranitar-Mega, F","|-mega|p2a: Tyrant|Tyranitar|Tyranitarite","|move|p2a: Tyrant|Crunch|p1a: Doublade","|-supereffective|p1a: Doublade","|-damage|p1a: Doublade|0 fnt","|faint|p1a: Doublade","|","|-weather|none","|","|switch|p1a: Jirachi|Jirachi|397/397","|turn|23","|","|move|p1a: Jirachi|Thunder Wave|p2a: Tyrant","|-status|p2a: Tyrant|par","|move|p2a: Tyrant|Crunch|p1a: Jirachi","|-supereffective|p1a: Jirachi","|-damage|p1a: Jirachi|47/397","|-unboost|p1a: Jirachi|def|1","|","|-heal|p1a: Jirachi|71/397|[from] item: Leftovers","|turn|24","|","|move|p1a: Jirachi|Iron Head|p2a: Tyrant","|-supereffective|p2a: Tyrant","|-damage|p2a: Tyrant|131/341 par","|cant|p2a: Tyrant|flinch","|","|-heal|p1a: Jirachi|95/397|[from] item: Leftovers","|turn|25","|","|move|p1a: Jirachi|Iron Head|p2a: Tyrant","|-supereffective|p2a: Tyrant","|-damage|p2a: Tyrant|0 fnt","|faint|p2a: Tyrant","|","|-heal|p1a: Jirachi|119/397|[from] item: Leftovers","|","|switch|p2a: Calamari|Malamar, M|314/314","|turn|26","|","|move|p2a: Calamari|Night Slash|p1a: Jirachi","|-crit|p1a: Jirachi","|-supereffective|p1a: Jirachi","|-damage|p1a: Jirachi|0 fnt","|faint|p1a: Jirachi","|","|win|DJ Gible"],"p1rating":{"entryid":"530913","serverid":"eos","formatid":"monotype","userid":"sllightoak","username":"SL Lightoak","w":"7","l":9,"t":"0","gxe":46.6,"r":"1569.5869173409","rd":"107.16042444698","sigma":"0","rptime":"1440925200","rpr":1474.1379655901,"rprd":75.500083853038,"rpsigma":"0","acre":1038.6830035165,"lacre":1038.6830035165,"oldacre":"1053.7871424037"},"p2rating":{"entryid":"166635","serverid":"eos","formatid":"monotype","userid":"djgible","username":"DJ Gible","w":19,"l":"25","t":"0","gxe":46,"r":"1445.2119578153","rd":"55.33720328224","sigma":"0","rptime":"1440925200","rpr":1469.7606678706,"rprd":52.097471426554,"rpsigma":"0","acre":1132.1999514188,"lacre":1132.1999514188,"oldacre":"1111.3010151325"},"endType":"normal"}