{"seed":[13153,31227,58222,53424],"turns":24,"p1":"Emg UnownMaN","p2":"SL Aqua","p1team":[{"name":"Diggersby","species":"Diggersby","item":"focussash","ability":"Huge Power","moves":["return","earthquake","knockoff","firepunch"],"nature":"Adamant","evs":{"hp":0,"atk":252,"def":4,"spa":0,"spd":0,"spe":252},"gender":"M","ivs":{"hp":31,"atk":31,"def":31,"spa":31,"spd":31,"spe":31}},{"name":"Lopunny","species":"Lopunny","item":"lopunnite","ability":"Limber","moves":["fakeout","return","highjumpkick","icepunch"],"nature":"Jolly","evs":{"hp":0,"atk":252,"def":4,"spa":0,"spd":0,"spe":252},"gender":"F","ivs":{"hp":31,"atk":31,"def":31,"spa":31,"spd":31,"spe":31}},{"name":"Smeargle","species":"Smeargle","item":"focussash","ability":"Own Tempo","moves":["spore","stealthrock","stickyweb","endeavor"],"nature":"Jolly","evs":{"hp":0,"atk":252,"def":0,"spa":4,"spd":0,"spe":252},"gender":"M","ivs":{"hp":31,"atk":31,"def":31,"spa":31,"spd":31,"spe":31}},{"name":"Staraptor","species":"Staraptor","item":"choiceband","ability":"Reckless","moves":["bravebird","doubleedge","closecombat","quickattack"],"nature":"Jolly","evs":{"hp":0,"atk":252,"def":4,"spa":0,"spd":0,"spe":252},"gender":"M","shiny":true,"ivs":{"hp":31,"atk":31,"def":31,"spa":31,"spd":31,"spe":31}},{"name":"Chansey","species":"Chansey","item":"eviolite","ability":"Natural Cure","moves":["thunderwave","softboiled","seismictoss","aromatherapy"],"nature":"Bold","evs":{"hp":4,"atk":0,"def":252,"spa":0,"spd":252,"spe":0},"ivs":{"hp":31,"atk":31,"def":31,"spa":31,"spd":31,"spe":31}},{"name":"Heliolisk","species":"Heliolisk","item":"lifeorb","ability":"Dry Skin","moves":["thunderbolt","hypervoice","surf","voltswitch"],"nature":"Timid","evs":{"hp":0,"atk":0,"def":0,"spa":252,"spd":4,"spe":252},"gender":"M","shiny":true,"ivs":{"hp":31,"atk":31,"def":31,"spa":31,"spd":31,"spe":31}}],"p2team":[{"name":"Sharpedo","species":"Sharpedo","item":"sharpedonite","ability":"Speed Boost","moves":["protect","crunch","waterfall","icefang"],"nature":"Adamant","evs":{"hp":4,"atk":252,"def":0,"spa":0,"spd":0,"spe":252},"gender":"M","ivs":{"hp":31,"atk":31,"def":31,"spa":31,"spd":31,"spe":31}},{"name":"Rotom-Wash","species":"Rotom-Wash","item":"choicescarf","ability":"Levitate","moves":["voltswitch","hydropump","thunderbolt","trick"],"nature":"Modest","evs":{"hp":4,"atk":0,"def":0,"spa":252,"spd":0,"spe":252},"ivs":{"hp":31,"atk":31,"def":31,"spa":31,"spd":31,"spe":31}},{"name":"Quagsire","species":"Quagsire","item":"leftovers","ability":"Water Absorb","moves":["toxic","recover","scald","earthpower"],"nature":"Bold","evs":{"hp":252,"atk":0,"def":252,"spa":4,"spd":0,"spe":0},"gender":"M","ivs":{"hp":31,"atk":31,"def":31,"spa":31,"spd":31,"spe":31}},{"name":"Kingdra","species":"Kingdra","item":"lifeorb","ability":"Swift Swim","moves":["raindance","scald","flashcannon","dragonpulse"],"nature":"Timid","evs":{"hp":4,"atk":0,"def":0,"spa":252,"spd":0,"spe":252},"gender":"M","ivs":{"hp":31,"atk":31,"def":31,"spa":31,"spd":31,"spe":31}},{"name":"Cloyster","species":"Cloyster","item":"focussash","ability":"Skill Link","moves":["shellsmash","iceshard","iciclespear","rockblast"],"nature":"Adamant","evs":{"hp":0,"atk":252,"def":0,"spa":0,"spd":4,"spe":252},"gender":"M","ivs":{"hp":31,"atk":31,"def":31,"spa":31,"spd":31,"spe":31}},{"name":"Manaphy","species":"Manaphy","item":"lifeorb","ability":"Hydration","moves":["tailglow","icebeam","scald","energyball"],"nature":"Timid","evs":{"hp":0,"atk":0,"def":128,"spa":0,"spd":128,"spe":252},"ivs":{"hp":31,"atk":31,"def":31,"spa":31,"spd":31,"spe":31}}],"log":["|player|p1|Emg UnownMaN|168","|player|p2|SL Aqua|141","|gametype|singles","|gen|6","|tier|Monotype","|rated","|rule|Baton Pass Clause: Limit one Baton Passer, can't pass Spe and other stats simultaneously","|rule|Swagger Clause: Swagger is banned","|rule|Same Type Clause: Pokémon in a team must share a type","|clearpoke","|poke|p1|Diggersby, M","|poke|p1|Lopunny, F","|poke|p1|Smeargle, M","|poke|p1|Staraptor, M, shiny","|poke|p1|Chansey, F","|poke|p1|Heliolisk, M, shiny","|poke|p2|Sharpedo, M","|poke|p2|Rotom-Wash","|poke|p2|Quagsire, M","|poke|p2|Kingdra, M","|poke|p2|Cloyster, M","|poke|p2|Manaphy","|rule|Sleep Clause Mod: Limit one foe put to sleep","|rule|Species Clause: Limit one of each Pokémon","|rule|OHKO Clause: OHKO moves are banned","|rule|Moody Clause: Moody is banned","|rule|Evasion Moves Clause: Evasion moves are banned","|rule|Endless Battle Clause: Forcing endless battles is banned","|rule|HP Percentage Mod: HP is shown in percentages","|teampreview","|","|start","|switch|p1a: Smeargle|Smeargle, M|251/251","|switch|p2a: Manaphy|Manaphy|341/341","|turn|1","|","|move|p2a: Manaphy|Tail Glow|p2a: Manaphy","|-boost|p2a: Manaphy|spa|3","|move|p1a: Smeargle|Stealth Rock|p2a: Manaphy","|-sidestart|p2: SL Aqua|move: Stealth Rock","|","|turn|2","|","|move|p2a: Manaphy|Scald|p1a: Smeargle","|-enditem|p1a: Smeargle|Focus Sash","|-damage|p1a: Smeargle|1/251","|-damage|p2a: Manaphy|307/341|[from] item: Life Orb","|move|p1a: Smeargle|Spore|p2a: Manaphy","|-status|p2a: Manaphy|slp","|","|turn|3","|","|cant|p2a: Manaphy|slp","|move|p1a: Smeargle|Endeavor|p2a: Manaphy","|-damage|p2a: Manaphy|1/341 slp","|","|turn|4","|","|switch|p1a: Heliolisk|Heliolisk, M, shiny|265/265","|cant|p2a: Manaphy|slp","|","|turn|5","|","|move|p1a: Heliolisk|Hyper Voice|p2a: Manaphy","|-damage|p2a: Manaphy|0 fnt","|-damage|p1a: Heliolisk|239/265|[from] item: Life Orb","|faint|p2a: Manaphy","|","|","|switch|p2a: Sharpedo|Sharpedo, M|282/282","|-damage|p2a: Sharpedo|247/282|[from] Stealth Rock","|turn|6","|","|move|p2a: Sharpedo|Protect|p2a: Sharpedo","|-singleturn|p2a: Sharpedo|Protect","|move|p1a: Heliolisk|Volt Switch|p2a: Sharpedo","|-activate|p2a: Sharpedo|Protect","|","|-boost|p2a: Sharpedo|spe|1|[from] ability: Speed Boost","|turn|7","|","|detailschange|p2a: Sharpedo|Sharpedo-Mega, M","|-mega|p2a: Sharpedo|Sharpedo|Sharpedonite","|move|p2a: Sharpedo|Crunch|p1a: Heliolisk","|-damage|p1a: Heliolisk|0 fnt","|faint|p1a: Heliolisk","|","|","|switch|p1a: Staraptor|Staraptor, M, shiny|311/311","|turn|8","|","|move|p1a: Staraptor|Quick Attack|p2a: Sharpedo","|-damage|p2a: Sharpedo|106/282","|move|p2a: Sharpedo|Ice Fang|p1a: Staraptor","|-supereffective|p1a: Staraptor","|-damage|p1a: Staraptor|0 fnt","|faint|p1a: Staraptor","|","|","|switch|p1a: Lopunny|Lopunny, F|271/271","|turn|9","|","|detailschange|p1a: Lopunny|Lopunny-Mega, F","|-mega|p1a: Lopunny|Lopunny|Lopunnite","|move|p2a: Sharpedo|Protect|p2a: Sharpedo","|-singleturn|p2a: Sharpedo|Protect","|move|p1a: Lopunny|Fake Out|p2a: Sharpedo","|-activate|p2a: Sharpedo|Protect","|","|turn|10","|","|move|p2a: Sharpedo|Waterfall|p1a: Lopunny","|-damage|p1a: Lopunny|91/271","|move|p1a: Lopunny|Return|p2a: Sharpedo","|-damage|p2a: Sharpedo|0 fnt","|faint|p2a: Sharpedo","|","|","|switch|p2a: Kingdra|Kingdra, M|292/292","|-damage|p2a: Kingdra|256/292|[from] Stealth Rock","|turn|11","|","|switch|p1a: Chansey|Chansey, F|642/642","|move|p2a: Kingdra|Rain Dance|p2a: Kingdra","|-weather|RainDance","|","|-weather|RainDance|[upkeep]","|turn|12","|","|move|p2a: Kingdra|Scald|p1a: Chansey","|-damage|p1a: Chansey|525/642","|-status|p1a: Chansey|brn","|-damage|p2a: Kingdra|227/292|[from] item: Life Orb","|move|p1a: Chansey|Thunder Wave|p2a: Kingdra","|-status|p2a: Kingdra|par","|","|-weather|RainDance|[upkeep]","|-damage|p1a: Chansey|445/642 brn|[from] brn","|turn|13","|","|move|p2a: Kingdra|Scald|p1a: Chansey","|-damage|p1a: Chansey|338/642 brn","|-damage|p2a: Kingdra|198/292 par|[from] item: Life Orb","|move|p1a: Chansey|Soft-Boiled|p1a: Chansey","|-heal|p1a: Chansey|642/642 brn","|","|-weather|RainDance|[upkeep]","|-damage|p1a: Chansey|562/642 brn|[from] brn","|turn|14","|","|cant|p2a: Kingdra|par","|move|p1a: Chansey|Seismic Toss|p2a: Kingdra","|-damage|p2a: Kingdra|98/292 par","|","|-weather|RainDance|[upkeep]","|-damage|p1a: Chansey|482/642 brn|[from] brn","|turn|15","|","|move|p2a: Kingdra|Scald|p1a: Chansey","|-damage|p1a: Chansey|372/642 brn","|-damage|p2a: Kingdra|69/292 par|[from] item: Life Orb","|move|p1a: Chansey|Seismic Toss|p2a: Kingdra","|-damage|p2a: Kingdra|0 fnt","|faint|p2a: Kingdra","|","|-weather|none","|-damage|p1a: Chansey|292/642 brn|[from] brn","|","|switch|p2a: Cloyster|Cloyster, M|241/241","|-damage|p2a: Cloyster|181/241|[from] Stealth Rock","|turn|16","|","|move|p2a: Cloyster|Icicle Spear|p1a: Chansey","|-damage|p1a: Chansey|237/642 brn","|-damage|p1a: Chansey|179/642 brn","|-damage|p1a: Chansey|127/642 brn","|-damage|p1a: Chansey|78/642 brn","|-damage|p1a: Chansey|27/642 brn","|-hitcount|p1a: Chansey|5","|move|p1a: Chansey|Thunder Wave|p2a: Cloyster","|-status|p2a: Cloyster|par","|","|-damage|p1a: Chansey|0 fnt|[from] brn","|faint|p1a: Chansey","|","|switch|p1a: Lopunny|Lopunny-Mega, F|91/271","|turn|17","|","|move|p1a: Lopunny|Fake Out|p2a: Cloyster","|-crit|p2a: Cloyster","|-damage|p2a: Cloyster|114/241 par","|cant|p2a: Cloyster|flinch","|","|turn|18","|","|move|p2a: Cloyster|Ice Shard|p1a: Lopunny","|-damage|p1a: Lopunny|27/271","|move|p1a: Lopunny|High Jump Kick|p2a: Cloyster","|-supereffective|p2a: Cloyster","|-damage|p2a: Cloyster|0 fnt","|faint|p2a: Cloyster","|","|","|switch|p2a: Quagsire|Quagsire, M|394/394","|-damage|p2a: Quagsire|370/394|[from] Stealth Rock","|turn|19","|","|switch|p1a: Smeargle|Smeargle, M|1/251","|move|p2a: Quagsire|Scald|p1a: Smeargle","|-damage|p1a: Smeargle|0 fnt","|faint|p1a: Smeargle","|","|-heal|p2a: Quagsire|394/394|[from] item: Leftovers","|","|switch|p1a: Lopunny|Lopunny-Mega, F|27/271","|turn|20","|","|move|p1a: Lopunny|Fake Out|p2a: Quagsire","|-damage|p2a: Quagsire|334/394","|cant|p2a: Quagsire|flinch","|","|-heal|p2a: Quagsire|358/394|[from] item: Leftovers","|turn|21","|","|move|p1a: Lopunny|High Jump Kick|p2a: Quagsire","|-damage|p2a: Quagsire|168/394","|move|p2a: Quagsire|Scald|p1a: Lopunny","|-damage|p1a: Lopunny|0 fnt","|faint|p1a: Lopunny","|","|-heal|p2a: Quagsire|192/394|[from] item: Leftovers","|","|switch|p1a: Diggersby|Diggersby, M|311/311","|turn|22","|","|move|p1a: Diggersby|Return|p2a: Quagsire","|-damage|p2a: Quagsire|0 fnt","|faint|p2a: Quagsire","|","|","|switch|p2a: Rotom-Wash|Rotom-Wash|242/242","|-damage|p2a: Rotom-Wash|212/242|[from] Stealth Rock","|turn|23","|","|move|p2a: Rotom-Wash|Hydro Pump|p1a: Diggersby","|-supereffective|p1a: Diggersby","|-enditem|p1a: Diggersby|Focus Sash","|-damage|p1a: Diggersby|1/311","|move|p1a: Diggersby|Return|p2a: Rotom-Wash","|-damage|p2a: Rotom-Wash|8/242","|","|turn|24","|","|move|p2a: Rotom-Wash|Hydro Pump|p1a: Diggersby","|-crit|p1a: Diggersby","|-supereffective|p1a: Diggersby","|-damage|p1a: Diggersby|0 fnt","|faint|p1a: Diggersby","|","|win|SL Aqua"],"p1rating":{"entryid":"180774","serverid":"eos","formatid":"monotype","userid":"emgunownman","username":"Emg UnownMaN","w":"8","l":8,"t":"0","gxe":48.5,"r":"1438.7677191335","rd":"87.923511906408","sigma":"0","rptime":"1440925200","rpr":1488.4238960878,"rprd":76.688062113569,"rpsigma":"0","acre":1116.1005059281,"lacre":1116.1005059281,"oldacre":"1146.0367377793"},"p2rating":{"entryid":"663579","serverid":"eos","formatid":"monotype","userid":"slaqua","username":"SL Aqua","w":4,"l":"2","t":"0","gxe":57.2,"r":"1500","rd":"130","sigma":"0","rptime":"1440925200","rpr":1556.3108167482,"rprd":97.614784135294,"rpsigma":"0","acre":1110.6760146166,"lacre":1110.6760146166,"oldacre":"1076.5228845349"},"endType":"normal"}