{"seed":[52328,25346,19136,44635],"turns":40,"p1":"Hm Rider","p2":"the__draco__meta11","p1team":[{"name":"Venusaur","species":"Venusaur","item":"venusaurite","ability":"Overgrow","moves":["sludgebomb","gigadrain","leechseed","protect"],"nature":"Bold","evs":{"hp":248,"atk":0,"def":252,"spa":8,"spd":0,"spe":0},"ivs":{"hp":31,"atk":31,"def":31,"spa":31,"spd":31,"spe":31}},{"name":"Ferrothorn","species":"Ferrothorn","item":"rockyhelmet","ability":"Iron Barbs","moves":["gyroball","curse","leechseed","protect"],"nature":"Serious","evs":{"hp":4,"atk":252,"def":0,"spa":0,"spd":252,"spe":0},"ivs":{"hp":31,"atk":31,"def":31,"spa":31,"spd":31,"spe":0}},{"name":"Whimsicott","species":"Whimsicott","item":"choicespecs","ability":"Prankster","moves":["substitute","switcheroo","moonblast","leechseed"],"nature":"Bold","evs":{"hp":200,"atk":0,"def":252,"spa":8,"spd":0,"spe":48},"ivs":{"hp":31,"atk":31,"def":31,"spa":31,"spd":31,"spe":31}},{"name":"Serperior","species":"Serperior","item":"choicescarf","ability":"Contrary","moves":["leafstorm","dragonpulse","hiddenpowerfire","sleeptalk"],"nature":"Modest","evs":{"hp":0,"atk":0,"def":0,"spa":252,"spd":4,"spe":252},"ivs":{"hp":31,"atk":30,"def":31,"spa":30,"spd":31,"spe":30}},{"name":"Breloom","species":"Breloom","item":"focussash","ability":"Technician","moves":["machpunch","rocktomb","bulletseed","spore"],"nature":"","evs":{"hp":0,"atk":0,"def":0,"spa":0,"spd":0,"spe":0},"ivs":{"hp":31,"atk":31,"def":31,"spa":31,"spd":31,"spe":31}},{"name":"Chesnaught","species":"Chesnaught","item":"leftovers","ability":"Bulletproof","moves":["spikyshield","drainpunch","spikes","roar"],"nature":"Serious","evs":{"hp":252,"atk":0,"def":0,"spa":0,"spd":252,"spe":0},"ivs":{"hp":31,"atk":31,"def":31,"spa":31,"spd":31,"spe":31}}],"p2team":[{"name":"Altaria","species":"Altaria","item":"","ability":"Natural Cure","moves":["agility","roost","dragonclaw","dracometeor"],"nature":"","evs":{"hp":144,"atk":0,"def":0,"spa":92,"spd":20,"spe":252},"ivs":{"hp":31,"atk":31,"def":31,"spa":31,"spd":31,"spe":31}},{"name":"Dragonite","species":"Dragonite","item":"","ability":"Inner Focus","moves":["aerialace","hurricane","roost","brickbreak"],"nature":"","evs":{"hp":252,"atk":0,"def":4,"spa":0,"spd":0,"spe":252},"ivs":{"hp":31,"atk":31,"def":31,"spa":31,"spd":31,"spe":31}},{"name":"Charizard","species":"Charizard","item":"dragonfang","ability":"Blaze","moves":["ancientpower","aerialace","dragonclaw","brickbreak"],"nature":"","evs":{"hp":72,"atk":60,"def":0,"spa":76,"spd":92,"spe":208},"ivs":{"hp":31,"atk":31,"def":31,"spa":31,"spd":31,"spe":31}},{"name":"Gyarados","species":"Gyarados","item":"icyrock","ability":"Intimidate","moves":["bounce","hiddenpowerflying","aquatail","avalanche"],"nature":"","evs":{"hp":204,"atk":0,"def":0,"spa":52,"spd":0,"spe":252},"ivs":{"hp":30,"atk":30,"def":30,"spa":30,"spd":30,"spe":31}},{"name":"Gliscor","species":"Gliscor","item":"","ability":"Hyper Cutter","moves":["aquatail","darkpulse","roost","firefang"],"nature":"","evs":{"hp":88,"atk":0,"def":0,"spa":168,"spd":44,"spe":208},"ivs":{"hp":31,"atk":31,"def":31,"spa":31,"spd":31,"spe":31}},{"name":"Staraptor","species":"Staraptor","item":"berryjuice","ability":"Intimidate","moves":["skyattack","bravebird","closecombat","protect"],"nature":"","evs":{"hp":0,"atk":0,"def":0,"spa":0,"spd":0,"spe":208},"ivs":{"hp":31,"atk":31,"def":31,"spa":31,"spd":31,"spe":31}}],"log":["|player|p1|Hm Rider|13","|player|p2|the__draco__meta11|209","|gametype|singles","|gen|6","|tier|Monotype","|rated","|rule|Baton Pass Clause: Limit one Baton Passer, can't pass Spe and other stats simultaneously","|rule|Swagger Clause: Swagger is banned","|rule|Same Type Clause: Pokémon in a team must share a type","|clearpoke","|poke|p1|Venusaur, M","|poke|p1|Ferrothorn, M","|poke|p1|Whimsicott, F","|poke|p1|Serperior, M","|poke|p1|Breloom, F","|poke|p1|Chesnaught, F","|poke|p2|Altaria, M","|poke|p2|Dragonite, F","|poke|p2|Charizard, F","|poke|p2|Gyarados, F","|poke|p2|Gliscor, M","|poke|p2|Staraptor, F","|rule|Sleep Clause Mod: Limit one foe put to sleep","|rule|Species Clause: Limit one of each Pokémon","|rule|OHKO Clause: OHKO moves are banned","|rule|Moody Clause: Moody is banned","|rule|Evasion Moves Clause: Evasion moves are banned","|rule|Endless Battle Clause: Forcing endless battles is banned","|rule|HP Percentage Mod: HP is shown in percentages","|teampreview","|","|start","|switch|p1a: Ferrothorn|Ferrothorn, M|290/290","|switch|p2a: Gliscor|Gliscor, M|313/313","|turn|1","|","|move|p2a: Gliscor|Dark Pulse|p1a: Ferrothorn","|-damage|p1a: Ferrothorn|258/290","|move|p1a: Ferrothorn|Curse|p1a: Ferrothorn","|-unboost|p1a: Ferrothorn|spe|1","|-boost|p1a: Ferrothorn|atk|1","|-boost|p1a: Ferrothorn|def|1","|","|turn|2","|","|move|p2a: Gliscor|Fire Fang|p1a: Ferrothorn","|-supereffective|p1a: Ferrothorn","|-damage|p1a: Ferrothorn|146/290","|-damage|p2a: Gliscor|274/313|[from] ability: Iron Barbs|[of] p1a: Ferrothorn","|-damage|p2a: Gliscor|222/313|[from] item: Rocky Helmet|[of] p1a: Ferrothorn","|cant|p1a: Ferrothorn|flinch","|","|turn|3","|","|move|p2a: Gliscor|Dark Pulse|p1a: Ferrothorn","|-damage|p1a: Ferrothorn|114/290","|move|p1a: Ferrothorn|Gyro Ball|p2a: Gliscor","|-damage|p2a: Gliscor|0 fnt","|faint|p2a: Gliscor","|","|","|switch|p2a: Gyarados|Gyarados, F|381/381","|-ability|p2a: Gyarados|Intimidate","|-unboost|p1a: Ferrothorn|atk|1","|turn|4","|","|move|p2a: Gyarados|Bounce|p1a: Ferrothorn|[still]","|-prepare|p2a: Gyarados|Bounce|p1a: Ferrothorn","|move|p1a: Ferrothorn|Leech Seed|p2a: Gyarados|[miss]","|-miss|p1a: Ferrothorn|p2a: Gyarados","|","|turn|5","|","|move|p1a: Ferrothorn|Protect|p1a: Ferrothorn","|-singleturn|p1a: Ferrothorn|Protect","|move|p2a: Gyarados|Bounce|p1a: Ferrothorn|[from]lockedmove","|-activate|p1a: Ferrothorn|Protect","|","|turn|6","|","|move|p2a: Gyarados|Bounce|p1a: Ferrothorn|[still]","|-prepare|p2a: Gyarados|Bounce|p1a: Ferrothorn","|move|p1a: Ferrothorn|Gyro Ball|p2a: Gyarados|[miss]","|-miss|p1a: Ferrothorn|p2a: Gyarados","|","|turn|7","|","|move|p1a: Ferrothorn|Protect|p1a: Ferrothorn","|-singleturn|p1a: Ferrothorn|Protect","|move|p2a: Gyarados|Bounce|p1a: Ferrothorn|[from]lockedmove","|-activate|p1a: Ferrothorn|Protect","|","|turn|8","|","|move|p2a: Gyarados|Bounce|p1a: Ferrothorn|[still]","|-prepare|p2a: Gyarados|Bounce|p1a: Ferrothorn","|move|p1a: Ferrothorn|Curse|p1a: Ferrothorn","|-unboost|p1a: Ferrothorn|spe|1","|-boost|p1a: Ferrothorn|atk|1","|-boost|p1a: Ferrothorn|def|1","|","|turn|9","|","|move|p1a: Ferrothorn|Protect|p1a: Ferrothorn","|-singleturn|p1a: Ferrothorn|Protect","|move|p2a: Gyarados|Bounce|p1a: Ferrothorn|[from]lockedmove","|-activate|p1a: Ferrothorn|Protect","|","|turn|10","|","|move|p2a: Gyarados|Bounce|p1a: Ferrothorn|[still]","|-prepare|p2a: Gyarados|Bounce|p1a: Ferrothorn","|move|p1a: Ferrothorn|Curse|p1a: Ferrothorn","|-unboost|p1a: Ferrothorn|spe|1","|-boost|p1a: Ferrothorn|atk|1","|-boost|p1a: Ferrothorn|def|1","|","|turn|11","|","|move|p1a: Ferrothorn|Protect|p1a: Ferrothorn","|-singleturn|p1a: Ferrothorn|Protect","|move|p2a: Gyarados|Bounce|p1a: Ferrothorn|[from]lockedmove","|-activate|p1a: Ferrothorn|Protect","|","|turn|12","|","|move|p2a: Gyarados|Bounce|p1a: Ferrothorn|[still]","|-prepare|p2a: Gyarados|Bounce|p1a: Ferrothorn","|move|p1a: Ferrothorn|Gyro Ball|p2a: Gyarados|[miss]","|-miss|p1a: Ferrothorn|p2a: Gyarados","|","|turn|13","|","|move|p1a: Ferrothorn|Protect|p1a: Ferrothorn","|-singleturn|p1a: Ferrothorn|Protect","|move|p2a: Gyarados|Bounce|p1a: Ferrothorn|[from]lockedmove","|-activate|p1a: Ferrothorn|Protect","|","|turn|14","|","|move|p2a: Gyarados|Bounce|p1a: Ferrothorn|[still]","|-prepare|p2a: Gyarados|Bounce|p1a: Ferrothorn","|move|p1a: Ferrothorn|Leech Seed|p2a: Gyarados|[miss]","|-miss|p1a: Ferrothorn|p2a: Gyarados","|","|turn|15","|","|move|p2a: Gyarados|Bounce|p1a: Ferrothorn|[from]lockedmove","|-damage|p1a: Ferrothorn|74/290","|-damage|p2a: Gyarados|334/381|[from] ability: Iron Barbs|[of] p1a: Ferrothorn","|-damage|p2a: Gyarados|271/381|[from] item: Rocky Helmet|[of] p1a: Ferrothorn","|-status|p1a: Ferrothorn|par","|move|p1a: Ferrothorn|Gyro Ball|p2a: Gyarados","|-resisted|p2a: Gyarados","|-damage|p2a: Gyarados|4/381","|","|turn|16","|","|move|p2a: Gyarados|Bounce|p1a: Ferrothorn|[still]","|-prepare|p2a: Gyarados|Bounce|p1a: Ferrothorn","|move|p1a: Ferrothorn|Leech Seed|p2a: Gyarados|[miss]","|-miss|p1a: Ferrothorn|p2a: Gyarados","|","|turn|17","|","|move|p1a: Ferrothorn|Protect|p1a: Ferrothorn","|-singleturn|p1a: Ferrothorn|Protect","|move|p2a: Gyarados|Bounce|p1a: Ferrothorn|[from]lockedmove","|-activate|p1a: Ferrothorn|Protect","|","|turn|18","|","|move|p2a: Gyarados|Bounce|p1a: Ferrothorn|[still]","|-prepare|p2a: Gyarados|Bounce|p1a: Ferrothorn","|move|p1a: Ferrothorn|Leech Seed|p2a: Gyarados|[miss]","|-miss|p1a: Ferrothorn|p2a: Gyarados","|","|turn|19","|","|move|p1a: Ferrothorn|Protect|p1a: Ferrothorn","|-singleturn|p1a: Ferrothorn|Protect","|move|p2a: Gyarados|Bounce|p1a: Ferrothorn|[from]lockedmove","|-activate|p1a: Ferrothorn|Protect","|","|turn|20","|","|move|p1a: Ferrothorn|Leech Seed|p2a: Gyarados","|-start|p2a: Gyarados|move: Leech Seed","|move|p2a: Gyarados|Avalanche|p1a: Ferrothorn","|-damage|p1a: Ferrothorn|56/290 par","|-damage|p2a: Gyarados|0 fnt|[from] ability: Iron Barbs|[of] p1a: Ferrothorn","|faint|p2a: Gyarados","|","|","|switch|p2a: Charizard|Charizard, F|315/315","|turn|21","|","|move|p2a: Charizard|Brick Break|p1a: Ferrothorn","|-supereffective|p1a: Ferrothorn","|-damage|p1a: Ferrothorn|18/290 par","|-damage|p2a: Charizard|276/315|[from] ability: Iron Barbs|[of] p1a: Ferrothorn","|-damage|p2a: Charizard|224/315|[from] item: Rocky Helmet|[of] p1a: Ferrothorn","|cant|p1a: Ferrothorn|par","|","|turn|22","|","|move|p2a: Charizard|Ancient Power|p1a: Ferrothorn","|-resisted|p1a: Ferrothorn","|-damage|p1a: Ferrothorn|0 fnt","|faint|p1a: Ferrothorn","|","|","|switch|p1a: Whimsicott|Whimsicott, F|311/311","|turn|23","|","|move|p1a: Whimsicott|Switcheroo|p2a: Charizard","|-activate|p1a: Whimsicott|move: Trick|[of] p2a: Charizard","|-item|p2a: Charizard|Choice Specs|[from] Trick","|-item|p1a: Whimsicott|Dragon Fang|[from] Trick","|move|p2a: Charizard|Dragon Claw|p1a: Whimsicott","|-immune|p1a: Whimsicott|[msg]","|","|turn|24","|","|move|p2a: Charizard|Dragon Claw|p1a: Whimsicott","|-immune|p1a: Whimsicott|[msg]","|move|p1a: Whimsicott|Moonblast|p2a: Charizard","|-resisted|p2a: Charizard","|-damage|p2a: Charizard|174/315","|","|turn|25","|","|move|p1a: Whimsicott|Substitute|p1a: Whimsicott","|-start|p1a: Whimsicott|Substitute","|-damage|p1a: Whimsicott|234/311","|move|p2a: Charizard|Dragon Claw|p1a: Whimsicott","|-immune|p1a: Whimsicott|[msg]","|","|turn|26","|","|move|p1a: Whimsicott|Leech Seed|p2a: Charizard","|-start|p2a: Charizard|move: Leech Seed","|move|p2a: Charizard|Dragon Claw|p1a: Whimsicott","|-immune|p1a: Whimsicott|[msg]","|","|-damage|p2a: Charizard|135/315|[from] Leech Seed|[of] p1a: Whimsicott","|-heal|p1a: Whimsicott|273/311|[silent]","|turn|27","|","|move|p2a: Charizard|Dragon Claw|p1a: Whimsicott","|-immune|p1a: Whimsicott|[msg]","|move|p1a: Whimsicott|Moonblast|p2a: Charizard","|-resisted|p2a: Charizard","|-damage|p2a: Charizard|88/315","|","|-damage|p2a: Charizard|49/315|[from] Leech Seed|[of] p1a: Whimsicott","|-heal|p1a: Whimsicott|311/311|[silent]","|turn|28","|","|move|p2a: Charizard|Dragon Claw|p1a: Whimsicott","|-immune|p1a: Whimsicott|[msg]","|move|p1a: Whimsicott|Moonblast|p2a: Charizard","|-resisted|p2a: Charizard","|-damage|p2a: Charizard|1/315","|","|-damage|p2a: Charizard|0 fnt|[from] Leech Seed|[of] p1a: Whimsicott","|faint|p2a: Charizard","|","|switch|p2a: Dragonite|Dragonite, F|386/386","|turn|29","|","|move|p1a: Whimsicott|Leech Seed|p2a: Dragonite","|-start|p2a: Dragonite|move: Leech Seed","|move|p2a: Dragonite|Brick Break|p1a: Whimsicott","|-resisted|p1a: Whimsicott","|-activate|p1a: Whimsicott|Substitute|[damage]","|","|-damage|p2a: Dragonite|338/386|[from] Leech Seed|[of] p1a: Whimsicott","|turn|30","|","|move|p1a: Whimsicott|Moonblast|p2a: Dragonite","|-supereffective|p2a: Dragonite","|-damage|p2a: Dragonite|144/386","|-unboost|p2a: Dragonite|spa|1","|move|p2a: Dragonite|Brick Break|p1a: Whimsicott","|-resisted|p1a: Whimsicott","|-activate|p1a: Whimsicott|Substitute|[damage]","|","|-damage|p2a: Dragonite|96/386|[from] Leech Seed|[of] p1a: Whimsicott","|turn|31","|","|move|p1a: Whimsicott|Moonblast|p2a: Dragonite","|-supereffective|p2a: Dragonite","|-damage|p2a: Dragonite|0 fnt","|faint|p2a: Dragonite","|","|","|switch|p2a: Altaria|Altaria, M|327/327","|turn|32","|","|move|p1a: Whimsicott|Moonblast|p2a: Altaria","|-supereffective|p2a: Altaria","|-damage|p2a: Altaria|163/327","|move|p2a: Altaria|Draco Meteor|p1a: Whimsicott","|-immune|p1a: Whimsicott|[msg]","|","|turn|33","|","|move|p1a: Whimsicott|Moonblast|p2a: Altaria","|-supereffective|p2a: Altaria","|-damage|p2a: Altaria|0 fnt","|faint|p2a: Altaria","|","|","|switch|p2a: Staraptor|Staraptor, F|311/311","|-ability|p2a: Staraptor|Intimidate","|-activate|p1a: Whimsicott|Substitute|ability: Intimidate|[of] p2a: Staraptor","|turn|34","|","|move|p2a: Staraptor|Sky Attack|p1a: Whimsicott|[still]","|-prepare|p2a: Staraptor|Sky Attack|p1a: Whimsicott","|move|p1a: Whimsicott|Moonblast|p2a: Staraptor","|-damage|p2a: Staraptor|161/311","|","|turn|35","|","|move|p1a: Whimsicott|Switcheroo|p2a: Staraptor","|-activate|p1a: Whimsicott|move: Trick|[of] p2a: Staraptor","|-item|p2a: Staraptor|Dragon Fang|[from] Trick","|-item|p1a: Whimsicott|Berry Juice|[from] Trick","|move|p2a: Staraptor|Sky Attack|p1a: Whimsicott|[from]lockedmove","|-supereffective|p1a: Whimsicott","|-end|p1a: Whimsicott|Substitute","|","|turn|36","|","|move|p2a: Staraptor|Protect|p2a: Staraptor","|-singleturn|p2a: Staraptor|Protect","|move|p1a: Whimsicott|Moonblast|p2a: Staraptor","|-activate|p2a: Staraptor|Protect","|","|turn|37","|","|move|p1a: Whimsicott|Substitute|p1a: Whimsicott","|-start|p1a: Whimsicott|Substitute","|-damage|p1a: Whimsicott|234/311","|move|p2a: Staraptor|Close Combat|p1a: Whimsicott","|-resisted|p1a: Whimsicott","|-activate|p1a: Whimsicott|Substitute|[damage]","|-unboost|p2a: Staraptor|def|1","|-unboost|p2a: Staraptor|spd|1","|","|turn|38","|","|move|p2a: Staraptor|Protect|p2a: Staraptor","|-singleturn|p2a: Staraptor|Protect","|move|p1a: Whimsicott|Moonblast|p2a: Staraptor","|-activate|p2a: Staraptor|Protect","|","|turn|39","|","|move|p2a: Staraptor|Protect|p2a: Staraptor","|-singleturn|p2a: Staraptor|Protect","|move|p1a: Whimsicott|Moonblast|p2a: Staraptor","|-activate|p2a: Staraptor|Protect","|","|turn|40","|","|move|p2a: Staraptor|Close Combat|p1a: Whimsicott","|-resisted|p1a: Whimsicott","|-end|p1a: Whimsicott|Substitute","|-unboost|p2a: Staraptor|def|1","|-unboost|p2a: Staraptor|spd|1","|move|p1a: Whimsicott|Moonblast|p2a: Staraptor","|-damage|p2a: Staraptor|0 fnt","|faint|p2a: Staraptor","|","|win|Hm Rider"],"p1rating":{"entryid":"552316","serverid":"eos","formatid":"monotype","userid":"hmrider","username":"Hm Rider","w":10,"l":"9","t":"0","gxe":52.5,"r":"1523.8678000592","rd":"74.021608155443","sigma":"0","rptime":"1440925200","rpr":1519.3605632548,"rprd":71.300377669181,"rpsigma":"0","acre":1118.9449777283,"lacre":1118.9449777283,"oldacre":"1101.0155101114"},"p2rating":{"entryid":658194,"formatid":"monotype","userid":"thedracometa11","username":"the__draco__meta11","r":1500,"rd":130,"sigma":0,"rpr":1460.9651776546,"rprd":122.18082199046,"rpsigma":0,"rptime":1440925200,"w":0,"l":1,"t":0,"gxe":45.1,"acre":1000,"lacre":1000,"oldacre":1000},"endType":"normal"}