{"seed":[3230,57109,23929,14348],"turns":23,"p1":"SWL Nocturne","p2":"Apex Salamence","p1team":[{"name":"Celebi","species":"Celebi","item":"leftovers","ability":"Natural Cure","moves":["trickroom","healbell","gigadrain","healingwish"],"nature":"Sassy","evs":{"hp":220,"atk":0,"def":128,"spa":0,"spd":160,"spe":0},"ivs":{"hp":31,"atk":31,"def":31,"spa":31,"spd":31,"spe":0}},{"name":"Trevenant","species":"Trevenant","item":"choiceband","ability":"Natural Cure","moves":["hornleech","poisonjab","earthquake","rockslide"],"nature":"Adamant","evs":{"hp":248,"atk":252,"def":0,"spa":0,"spd":8,"spe":0},"ivs":{"hp":31,"atk":31,"def":31,"spa":31,"spd":31,"spe":31}},{"name":"Whimsicott","species":"Whimsicott","item":"focussash","ability":"Prankster","moves":["trickroom","leechseed","substitute","moonblast"],"nature":"Relaxed","evs":{"hp":248,"atk":0,"def":252,"spa":8,"spd":0,"spe":0},"ivs":{"hp":31,"atk":31,"def":31,"spa":31,"spd":31,"spe":0}},{"name":"Abomasnow","species":"Abomasnow","item":"abomasite","ability":"Snow Warning","moves":["blizzard","gigadrain","iceshard","hiddenpowerrock"],"nature":"Quiet","evs":{"hp":248,"atk":8,"def":0,"spa":252,"spd":0,"spe":0},"ivs":{"hp":31,"atk":31,"def":30,"spa":31,"spd":30,"spe":30}},{"name":"Breloom","species":"Breloom","item":"focussash","ability":"Technician","moves":["spore","bulletseed","machpunch","swordsdance"],"nature":"Adamant","evs":{"hp":252,"atk":252,"def":0,"spa":0,"spd":0,"spe":0},"ivs":{"hp":31,"atk":31,"def":31,"spa":31,"spd":31,"spe":31}},{"name":"Cradily","species":"Cradily","item":"leftovers","ability":"Suction Cups","moves":["toxic","recover","stockpile","rockslide"],"nature":"Relaxed","evs":{"hp":252,"atk":0,"def":196,"spa":0,"spd":60,"spe":0},"ivs":{"hp":31,"atk":31,"def":31,"spa":31,"spd":31,"spe":31}}],"p2team":[{"name":"Typhoon","species":"gyarados","item":"gyaradosite","ability":"Intimidate","moves":["dragondance","crunch","earthquake","waterfall"],"nature":"Adamant","evs":{"hp":0,"atk":252,"def":0,"spa":0,"spd":4,"spe":252},"gender":"M","shiny":true,"ivs":{"hp":31,"atk":31,"def":31,"spa":31,"spd":31,"spe":31}},{"name":"Nightwing","species":"gliscor","item":"toxicorb","ability":"Poison Heal","moves":["aerialace","earthquake","protect","toxic"],"nature":"Impish","evs":{"hp":248,"atk":0,"def":188,"spa":0,"spd":0,"spe":72},"gender":"M","shiny":true,"ivs":{"hp":31,"atk":31,"def":31,"spa":31,"spd":31,"spe":31}},{"name":"Batman","species":"crobat","item":"blacksludge","ability":"Inner Focus","moves":["bravebird","defog","roost","taunt"],"nature":"Jolly","evs":{"hp":252,"atk":4,"def":0,"spa":0,"spd":0,"spe":252},"gender":"M","shiny":true,"ivs":{"hp":31,"atk":31,"def":31,"spa":31,"spd":31,"spe":31}},{"name":"Porunga","species":"dragonite","item":"weaknesspolicy","ability":"Multiscale","moves":["dragondance","dragonclaw","extremespeed","fly"],"nature":"Adamant","evs":{"hp":0,"atk":252,"def":0,"spa":0,"spd":4,"spe":252},"gender":"M","shiny":true,"ivs":{"hp":31,"atk":31,"def":31,"spa":31,"spd":31,"spe":31}},{"name":"Jupiter","species":"thundurus","item":"lifeorb","ability":"Prankster","moves":["nastyplot","thunderwave","thunderbolt","hiddenpowerice"],"nature":"Timid","evs":{"hp":0,"atk":0,"def":0,"spa":252,"spd":4,"spe":252},"ivs":{"hp":31,"atk":30,"def":30,"spa":31,"spd":31,"spe":31},"shiny":true},{"name":"DEATH","species":"togekiss","item":"leftovers","ability":"Serene Grace","moves":["airslash","thunderwave","nastyplot","wish"],"nature":"Calm","evs":{"hp":252,"atk":0,"def":0,"spa":4,"spd":252,"spe":0},"gender":"F","shiny":true,"ivs":{"hp":31,"atk":31,"def":31,"spa":31,"spd":31,"spe":31}}],"log":["|player|p1|SWL Nocturne|39","|player|p2|Apex Salamence|266","|gametype|singles","|gen|6","|tier|Monotype","|rated","|rule|Baton Pass Clause: Limit one Baton Passer, can't pass Spe and other stats simultaneously","|rule|Swagger Clause: Swagger is banned","|rule|Same Type Clause: Pokémon in a team must share a type","|clearpoke","|poke|p1|Celebi","|poke|p1|Trevenant, F","|poke|p1|Whimsicott, F","|poke|p1|Abomasnow, F","|poke|p1|Breloom, F","|poke|p1|Cradily, F","|poke|p2|Gyarados, M, shiny","|poke|p2|Gliscor, M, shiny","|poke|p2|Crobat, M, shiny","|poke|p2|Dragonite, M, shiny","|poke|p2|Thundurus, M, shiny","|poke|p2|Togekiss, F, shiny","|rule|Sleep Clause Mod: Limit one foe put to sleep","|rule|Species Clause: Limit one of each Pokémon","|rule|OHKO Clause: OHKO moves are banned","|rule|Moody Clause: Moody is banned","|rule|Evasion Moves Clause: Evasion moves are banned","|rule|Endless Battle Clause: Forcing endless battles is banned","|rule|HP Percentage Mod: HP is shown in percentages","|teampreview","|","|start","|switch|p1a: Whimsicott|Whimsicott, F|323/323","|switch|p2a: Jupiter|Thundurus, M, shiny|299/299","|turn|1","|","|move|p2a: Jupiter|Hidden Power|p1a: Whimsicott","|-supereffective|p1a: Whimsicott","|-damage|p1a: Whimsicott|92/323","|-damage|p2a: Jupiter|270/299|[from] item: Life Orb","|move|p1a: Whimsicott|Trick Room|p1a: Whimsicott","|-fieldstart|move: Trick Room|[of] p1a: Whimsicott","|","|turn|2","|","|move|p1a: Whimsicott|Moonblast|p2a: Jupiter","|-damage|p2a: Jupiter|159/299","|move|p2a: Jupiter|Hidden Power|p1a: Whimsicott","|-supereffective|p1a: Whimsicott","|-damage|p1a: Whimsicott|0 fnt","|-damage|p2a: Jupiter|130/299|[from] item: Life Orb","|faint|p1a: Whimsicott","|","|","|switch|p1a: Trevenant|Trevenant, F|373/373","|turn|3","|","|move|p1a: Trevenant|Rock Slide|p2a: Jupiter","|-supereffective|p2a: Jupiter","|-damage|p2a: Jupiter|0 fnt","|faint|p2a: Jupiter","|","|","|switch|p2a: DEATH|Togekiss, F, shiny|374/374","|turn|4","|","|move|p1a: Trevenant|Rock Slide|p2a: DEATH","|-miss|p1a: Trevenant|p2a: DEATH","|move|p2a: DEATH|Air Slash|p1a: Trevenant","|-supereffective|p1a: Trevenant","|-damage|p1a: Trevenant|151/373","|","|turn|5","|","|move|p1a: Trevenant|Rock Slide|p2a: DEATH","|-supereffective|p2a: DEATH","|-damage|p2a: DEATH|78/374","|cant|p2a: DEATH|flinch","|","|-heal|p2a: DEATH|101/374|[from] item: Leftovers","|-fieldend|move: Trick Room","|turn|6","|","|switch|p1a: Cradily|Cradily, F|376/376","|move|p2a: DEATH|Air Slash|p1a: Cradily","|-damage|p1a: Cradily|279/376","|","|-heal|p2a: DEATH|124/374|[from] item: Leftovers","|-heal|p1a: Cradily|302/376|[from] item: Leftovers","|turn|7","|","|move|p2a: DEATH|Thunder Wave|p1a: Cradily","|-status|p1a: Cradily|par","|cant|p1a: Cradily|par","|","|-heal|p2a: DEATH|147/374|[from] item: Leftovers","|-heal|p1a: Cradily|325/376 par|[from] item: Leftovers","|turn|8","|","|move|p2a: DEATH|Air Slash|p1a: Cradily","|-damage|p1a: Cradily|226/376 par","|move|p1a: Cradily|Rock Slide|p2a: DEATH","|-supereffective|p2a: DEATH","|-damage|p2a: DEATH|1/374","|","|-heal|p2a: DEATH|24/374|[from] item: Leftovers","|-heal|p1a: Cradily|249/376 par|[from] item: Leftovers","|turn|9","|","|move|p2a: DEATH|Air Slash|p1a: Cradily","|-damage|p1a: Cradily|159/376 par","|cant|p1a: Cradily|flinch","|","|-heal|p2a: DEATH|47/374|[from] item: Leftovers","|-heal|p1a: Cradily|182/376 par|[from] item: Leftovers","|turn|10","|","|move|p2a: DEATH|Air Slash|p1a: Cradily","|-damage|p1a: Cradily|83/376 par","|move|p1a: Cradily|Rock Slide|p2a: DEATH","|-supereffective|p2a: DEATH","|-damage|p2a: DEATH|0 fnt","|faint|p2a: DEATH","|","|-heal|p1a: Cradily|106/376 par|[from] item: Leftovers","|","|switch|p2a: Nightwing|Gliscor, M, shiny|353/353","|turn|11","|","|move|p2a: Nightwing|Earthquake|p1a: Cradily","|-damage|p1a: Cradily|21/376 par","|move|p1a: Cradily|Recover|p1a: Cradily","|-heal|p1a: Cradily|209/376 par","|","|-heal|p1a: Cradily|232/376 par|[from] item: Leftovers","|-status|p2a: Nightwing|tox|[from] item: Toxic Orb","|turn|12","|","|move|p2a: Nightwing|Aerial Ace|p1a: Cradily","|-damage|p1a: Cradily|183/376 par","|cant|p1a: Cradily|par","|","|-heal|p1a: Cradily|206/376 par|[from] item: Leftovers","|turn|13","|","|switch|p2a: Porunga|Dragonite, M, shiny|323/323","|cant|p1a: Cradily|par","|","|-heal|p1a: Cradily|229/376 par|[from] item: Leftovers","|turn|14","|","|move|p2a: Porunga|Dragon Dance|p2a: Porunga","|-boost|p2a: Porunga|atk|1","|-boost|p2a: Porunga|spe|1","|move|p1a: Cradily|Toxic|p2a: Porunga","|-status|p2a: Porunga|tox","|","|-heal|p1a: Cradily|252/376 par|[from] item: Leftovers","|-damage|p2a: Porunga|303/323 tox|[from] psn","|turn|15","|","|move|p2a: Porunga|Dragon Dance|p2a: Porunga","|-boost|p2a: Porunga|atk|1","|-boost|p2a: Porunga|spe|1","|move|p1a: Cradily|Rock Slide|p2a: Porunga","|-supereffective|p2a: Porunga","|-damage|p2a: Porunga|141/323 tox","|-enditem|p2a: Porunga|Weakness Policy","|-boost|p2a: Porunga|atk|2|[from] item: Weakness Policy","|-boost|p2a: Porunga|spa|2|[from] item: Weakness Policy","|","|-heal|p1a: Cradily|275/376 par|[from] item: Leftovers","|-damage|p2a: Porunga|101/323 tox|[from] psn","|turn|16","|","|move|p2a: Porunga|Dragon Claw|p1a: Cradily","|-damage|p1a: Cradily|0 fnt","|faint|p1a: Cradily","|","|-damage|p2a: Porunga|41/323 tox|[from] psn","|","|switch|p1a: Breloom|Breloom, F|324/324","|turn|17","|","|move|p2a: Porunga|Extreme Speed|p1a: Breloom","|-enditem|p1a: Breloom|Focus Sash","|-damage|p1a: Breloom|1/324","|move|p1a: Breloom|Swords Dance|p1a: Breloom","|-boost|p1a: Breloom|atk|2","|","|-damage|p2a: Porunga|0 fnt|[from] psn","|faint|p2a: Porunga","|","|switch|p2a: Batman|Crobat, M, shiny|374/374","|turn|18","|","|move|p1a: Breloom|Mach Punch|p2a: Batman","|-resisted|p2a: Batman","|-damage|p2a: Batman|306/374","|move|p2a: Batman|Brave Bird|p1a: Breloom","|-supereffective|p1a: Breloom","|-damage|p1a: Breloom|0 fnt","|-damage|p2a: Batman|305/374|[from] recoil|[of] p1a: Breloom","|faint|p1a: Breloom","|","|-heal|p2a: Batman|328/374|[from] item: Black Sludge","|","|switch|p1a: Celebi|Celebi|396/396","|turn|19","|","|move|p2a: Batman|Taunt|p1a: Celebi","|-start|p1a: Celebi|move: Taunt","|cant|p1a: Celebi|move: Taunt|Trick Room","|","|-heal|p2a: Batman|351/374|[from] item: Black Sludge","|turn|20","|","|switch|p1a: Trevenant|Trevenant, F|151/373","|move|p2a: Batman|Brave Bird|p1a: Trevenant","|-supereffective|p1a: Trevenant","|-damage|p1a: Trevenant|0 fnt","|-damage|p2a: Batman|301/374|[from] recoil|[of] p1a: Trevenant","|faint|p1a: Trevenant","|","|-heal|p2a: Batman|324/374|[from] item: Black Sludge","|","|switch|p1a: Abomasnow|Abomasnow, F|383/383","|-weather|Hail","|turn|21","|","|detailschange|p1a: Abomasnow|Abomasnow-Mega, F","|-mega|p1a: Abomasnow|Abomasnow|Abomasite","|move|p2a: Batman|Brave Bird|p1a: Abomasnow","|-supereffective|p1a: Abomasnow","|-damage|p1a: Abomasnow|141/383","|-damage|p2a: Batman|244/374|[from] recoil|[of] p1a: Abomasnow","|move|p1a: Abomasnow|Blizzard|p2a: Batman","|-supereffective|p2a: Batman","|-damage|p2a: Batman|0 fnt","|faint|p2a: Batman","|","|-weather|Hail|[upkeep]","|","|switch|p2a: Typhoon|Gyarados, M, shiny|331/331","|-ability|p2a: Typhoon|Intimidate","|-unboost|p1a: Abomasnow|atk|1","|turn|22","|","|detailschange|p2a: Typhoon|Gyarados-Mega, M, shiny","|-mega|p2a: Typhoon|Gyarados|Gyaradosite","|-ability|p2a: Typhoon|Mold Breaker","|move|p2a: Typhoon|Dragon Dance|p2a: Typhoon","|-boost|p2a: Typhoon|atk|1","|-boost|p2a: Typhoon|spe|1","|move|p1a: Abomasnow|Giga Drain|p2a: Typhoon","|-crit|p2a: Typhoon","|-supereffective|p2a: Typhoon","|-damage|p2a: Typhoon|0 fnt","|-heal|p1a: Abomasnow|307/383|[from] drain|[of] p2a: Typhoon","|faint|p2a: Typhoon","|","|-weather|Hail|[upkeep]","|","|switch|p2a: Nightwing|Gliscor, M, shiny|353/353 tox","|turn|23","|","|move|p2a: Nightwing|Toxic|p1a: Abomasnow","|-status|p1a: Abomasnow|tox","|move|p1a: Abomasnow|Blizzard|p2a: Nightwing","|-supereffective|p2a: Nightwing","|-damage|p2a: Nightwing|0 fnt","|faint|p2a: Nightwing","|","|win|SWL Nocturne"],"p1rating":{"entryid":"101951","serverid":"eos","formatid":"monotype","userid":"swlnocturne","username":"SWL Nocturne","w":13,"l":"7","t":"0","gxe":59.3,"r":"1557.4666121685","rd":"73.469007342909","sigma":"0","rptime":"1440925200","rpr":1572.1450248496,"rprd":71.904869968845,"rpsigma":"0","acre":1124.2214238806,"lacre":1124.2214238806,"oldacre":"1102.4840903883"},"p2rating":{"entryid":"1755","serverid":"eos","formatid":"monotype","userid":"apexsalamence","username":"Apex Salamence","w":"44","l":39,"t":"0","gxe":54.2,"r":"1555.5663821576","rd":"40.745575440078","sigma":"0","rptime":"1440925200","rpr":1531.8726207599,"rprd":39.526163720809,"rpsigma":"0","acre":1040.7677182515,"lacre":1040.7677182515,"oldacre":"1056.8813441294"},"endType":"normal"}