{"seed":[24765,22399,31512,25725],"turns":25,"p1":"GTX♅Wild","p2":"SL Epic","p1team":[{"name":"Magnezone","species":"Magnezone","item":"lifeorb","ability":"Magnet Pull","moves":["hiddenpowerfire","thunder","flashcannon","voltswitch"],"nature":"Serious","evs":{"hp":252,"atk":0,"def":4,"spa":252,"spd":0,"spe":0},"ivs":{"atk":30,"spa":30,"spe":30,"hp":31,"def":31,"spd":31}},{"name":"Skarmory","species":"Skarmory","item":"leftovers","ability":"Sturdy","moves":["defog","bravebird","stealthrock","toxic"],"nature":"Impish","evs":{"hp":252,"atk":0,"def":232,"spa":0,"spd":0,"spe":24},"ivs":{"hp":31,"atk":31,"def":31,"spa":31,"spd":31,"spe":31}},{"name":"Heatran","species":"Heatran","item":"airballoon","ability":"Flash Fire","moves":["earthpower","magmastorm","dragonpulse","flashcannon"],"nature":"Modest","evs":{"hp":248,"atk":0,"def":0,"spa":252,"spd":8,"spe":0},"ivs":{"hp":31,"atk":31,"def":31,"spa":31,"spd":31,"spe":31}},{"name":"Empoleon","species":"Empoleon","item":"leftovers","ability":"Torrent","moves":["scald","protect","toxic","roar"],"nature":"Calm","evs":{"hp":252,"atk":0,"def":0,"spa":4,"spd":252,"spe":0},"ivs":{"hp":31,"atk":31,"def":31,"spa":31,"spd":31,"spe":31}},{"name":"Lucario","species":"Lucario","item":"choiceband","ability":"Justified","moves":["bulletpunch","drainpunch","crunch","icepunch"],"nature":"Adamant","evs":{"hp":200,"atk":252,"def":0,"spa":0,"spd":0,"spe":56},"ivs":{"hp":31,"atk":31,"def":31,"spa":31,"spd":31,"spe":31}},{"name":"Jirachi","species":"Jirachi","item":"choicescarf","ability":"Serene Grace","moves":["ironhead","bodyslam","drainpunch","trick"],"nature":"Adamant","evs":{"hp":0,"atk":252,"def":0,"spa":0,"spd":4,"spe":252},"ivs":{"hp":31,"atk":31,"def":31,"spa":31,"spd":31,"spe":31}}],"p2team":[{"name":"Squid Squad","species":"tentacruel","item":"blacksludge","ability":"Liquid Ooze","moves":["acidspray","rapidspin","scald","toxicspikes"],"nature":"Timid","evs":{"hp":0,"atk":0,"def":0,"spa":252,"spd":4,"spe":252},"ivs":{"hp":31,"atk":31,"def":31,"spa":31,"spd":31,"spe":31}},{"name":"Cross","species":"drapion","item":"scopelens","ability":"Battle Armor","moves":["earthquake","crosspoison","nightslash","xscissor"],"nature":"Adamant","evs":{"hp":248,"atk":252,"def":0,"spa":0,"spd":8,"spe":0},"ivs":{"hp":31,"atk":31,"def":31,"spa":31,"spd":31,"spe":31}},{"name":"Nidoking","species":"Nidoking","item":"assaultvest","ability":"Sheer Force","moves":["icebeam","earthpower","sludgewave","thunderbolt"],"nature":"Modest","evs":{"hp":248,"atk":0,"def":0,"spa":252,"spd":8,"spe":0},"ivs":{"hp":31,"atk":31,"def":31,"spa":31,"spd":31,"spe":31}},{"name":"Big Papa","species":"venusaur","item":"venusaurite","ability":"Chlorophyll","moves":["hiddenpowerfire","sludgebomb","gigadrain","synthesis"],"nature":"Modest","evs":{"hp":0,"atk":0,"def":0,"spa":252,"spd":4,"spe":252},"ivs":{"hp":31,"atk":30,"def":31,"spa":30,"spd":31,"spe":30}},{"name":"Zuz-Zuz","species":"crobat","item":"blacksludge","ability":"Infiltrator","moves":["taunt","bravebird","superfang","roost"],"nature":"Jolly","evs":{"hp":252,"atk":4,"def":0,"spa":0,"spd":0,"spe":252},"ivs":{"hp":31,"atk":31,"def":31,"spa":31,"spd":31,"spe":31}},{"name":"Epic","species":"toxicroak","item":"lifeorb","ability":"Poison Touch","moves":["fakeout","bulletpunch","drainpunch","poisonjab"],"nature":"Jolly","evs":{"hp":0,"atk":252,"def":0,"spa":0,"spd":4,"spe":252},"ivs":{"hp":31,"atk":31,"def":31,"spa":31,"spd":31,"spe":31}}],"log":["|player|p1|GTX♅Wild|65","|player|p2|SL Epic|265","|gametype|singles","|gen|6","|tier|Monotype","|rated","|rule|Baton Pass Clause: Limit one Baton Passer, can't pass Spe and other stats simultaneously","|rule|Swagger Clause: Swagger is banned","|rule|Same Type Clause: Pokémon in a team must share a type","|clearpoke","|poke|p1|Magnezone","|poke|p1|Skarmory, F","|poke|p1|Heatran, F","|poke|p1|Empoleon, F","|poke|p1|Lucario, M","|poke|p1|Jirachi","|poke|p2|Tentacruel, M","|poke|p2|Drapion, M","|poke|p2|Nidoking, M","|poke|p2|Venusaur, M","|poke|p2|Crobat, M","|poke|p2|Toxicroak, F","|rule|Sleep Clause Mod: Limit one foe put to sleep","|rule|Species Clause: Limit one of each Pokémon","|rule|OHKO Clause: OHKO moves are banned","|rule|Moody Clause: Moody is banned","|rule|Evasion Moves Clause: Evasion moves are banned","|rule|Endless Battle Clause: Forcing endless battles is banned","|rule|HP Percentage Mod: HP is shown in percentages","|teampreview","|","|start","|switch|p1a: Magnezone|Magnezone|344/344","|switch|p2a: Cross|Drapion, M|343/343","|turn|1","|","|move|p2a: Cross|Earthquake|p1a: Magnezone","|-supereffective|p1a: Magnezone","|-damage|p1a: Magnezone|0 fnt","|faint|p1a: Magnezone","|","|","|switch|p1a: Heatran|Heatran, F|385/385","|-item|p1a: Heatran|Air Balloon","|turn|2","|","|move|p2a: Cross|Night Slash|p1a: Heatran","|-crit|p1a: Heatran","|-damage|p1a: Heatran|232/385","|-enditem|p1a: Heatran|Air Balloon","|move|p1a: Heatran|Earth Power|p2a: Cross","|-supereffective|p2a: Cross","|-damage|p2a: Cross|47/343","|","|turn|3","|","|switch|p1a: Skarmory|Skarmory, F|334/334","|move|p2a: Cross|Earthquake|p1a: Skarmory","|-immune|p1a: Skarmory|[msg]","|","|turn|4","|","|switch|p2a: Nidoking|Nidoking, M|365/365","|move|p1a: Skarmory|Brave Bird|p2a: Nidoking","|-damage|p2a: Nidoking|217/365","|-damage|p1a: Skarmory|285/334|[from] recoil|[of] p2a: Nidoking","|","|-heal|p1a: Skarmory|305/334|[from] item: Leftovers","|turn|5","|","|switch|p1a: Empoleon|Empoleon, F|372/372","|move|p2a: Nidoking|Thunderbolt|p1a: Empoleon","|-supereffective|p1a: Empoleon","|-damage|p1a: Empoleon|218/372","|","|-heal|p1a: Empoleon|241/372|[from] item: Leftovers","|turn|6","|","|move|p1a: Empoleon|Protect|p1a: Empoleon","|-singleturn|p1a: Empoleon|Protect","|move|p2a: Nidoking|Thunderbolt|p1a: Empoleon","|-activate|p1a: Empoleon|Protect","|","|-heal|p1a: Empoleon|264/372|[from] item: Leftovers","|turn|7","|","|switch|p2a: Epic|Toxicroak, F|307/307","|move|p1a: Empoleon|Scald|p2a: Epic","|-damage|p2a: Epic|168/307","|","|-heal|p1a: Empoleon|287/372|[from] item: Leftovers","|turn|8","|","|switch|p1a: Skarmory|Skarmory, F|305/334","|move|p2a: Epic|Fake Out|p1a: Skarmory","|-resisted|p1a: Skarmory","|-damage|p1a: Skarmory|289/334","|-damage|p2a: Epic|138/307|[from] item: Life Orb","|","|-heal|p1a: Skarmory|309/334|[from] item: Leftovers","|turn|9","|","|switch|p2a: Big Papa|Venusaur, M|301/301","|move|p1a: Skarmory|Brave Bird|p2a: Big Papa","|-supereffective|p2a: Big Papa","|-damage|p2a: Big Papa|17/301","|-damage|p1a: Skarmory|215/334|[from] recoil|[of] p2a: Big Papa","|","|-heal|p1a: Skarmory|235/334|[from] item: Leftovers","|turn|10","|","|detailschange|p2a: Big Papa|Venusaur-Mega, M","|-mega|p2a: Big Papa|Venusaur|Venusaurite","|move|p2a: Big Papa|Hidden Power|p1a: Skarmory","|-supereffective|p1a: Skarmory","|-damage|p1a: Skarmory|45/334","|move|p1a: Skarmory|Brave Bird|p2a: Big Papa","|-supereffective|p2a: Big Papa","|-damage|p2a: Big Papa|0 fnt","|-damage|p1a: Skarmory|39/334|[from] recoil|[of] p2a: Big Papa","|faint|p2a: Big Papa","|","|-heal|p1a: Skarmory|59/334|[from] item: Leftovers","|","|switch|p2a: Nidoking|Nidoking, M|217/365","|turn|11","|","|move|p2a: Nidoking|Thunderbolt|p1a: Skarmory","|-supereffective|p1a: Skarmory","|-damage|p1a: Skarmory|0 fnt","|faint|p1a: Skarmory","|","|","|switch|p1a: Jirachi|Jirachi|341/341","|turn|12","|","|move|p1a: Jirachi|Iron Head|p2a: Nidoking","|-crit|p2a: Nidoking","|-damage|p2a: Nidoking|0 fnt","|faint|p2a: Nidoking","|","|","|switch|p2a: Cross|Drapion, M|47/343","|turn|13","|","|move|p1a: Jirachi|Iron Head|p2a: Cross","|-damage|p2a: Cross|0 fnt","|faint|p2a: Cross","|","|","|switch|p2a: Epic|Toxicroak, F|138/307","|turn|14","|","|move|p2a: Epic|Fake Out|p1a: Jirachi","|-resisted|p1a: Jirachi","|-damage|p1a: Jirachi|316/341","|-damage|p2a: Epic|108/307|[from] item: Life Orb","|cant|p1a: Jirachi|flinch","|","|turn|15","|","|move|p1a: Jirachi|Iron Head|p2a: Epic","|-damage|p2a: Epic|0 fnt","|faint|p2a: Epic","|","|","|switch|p2a: Zuz-Zuz|Crobat, M|374/374","|turn|16","|","|move|p1a: Jirachi|Iron Head|p2a: Zuz-Zuz","|-damage|p2a: Zuz-Zuz|227/374","|move|p2a: Zuz-Zuz|Super Fang|p1a: Jirachi","|-damage|p1a: Jirachi|158/341","|","|-heal|p2a: Zuz-Zuz|250/374|[from] item: Black Sludge","|turn|17","|","|switch|p1a: Empoleon|Empoleon, F|287/372","|move|p2a: Zuz-Zuz|Brave Bird|p1a: Empoleon","|-resisted|p1a: Empoleon","|-damage|p1a: Empoleon|219/372","|-damage|p2a: Zuz-Zuz|228/374|[from] recoil|[of] p1a: Empoleon","|","|-heal|p2a: Zuz-Zuz|251/374|[from] item: Black Sludge","|-heal|p1a: Empoleon|242/372|[from] item: Leftovers","|turn|18","|","|move|p2a: Zuz-Zuz|Taunt|p1a: Empoleon","|-start|p1a: Empoleon|move: Taunt","|move|p1a: Empoleon|Scald|p2a: Zuz-Zuz","|-damage|p2a: Zuz-Zuz|131/374","|","|-heal|p2a: Zuz-Zuz|154/374|[from] item: Black Sludge","|-heal|p1a: Empoleon|265/372|[from] item: Leftovers","|turn|19","|","|switch|p1a: Lucario|Lucario, M|331/331","|move|p2a: Zuz-Zuz|Super Fang|p1a: Lucario","|-damage|p1a: Lucario|166/331","|","|-heal|p2a: Zuz-Zuz|177/374|[from] item: Black Sludge","|turn|20","|","|move|p2a: Zuz-Zuz|Brave Bird|p1a: Lucario","|-damage|p1a: Lucario|1/331","|-damage|p2a: Zuz-Zuz|123/374|[from] recoil|[of] p1a: Lucario","|move|p1a: Lucario|Ice Punch|p2a: Zuz-Zuz","|-supereffective|p2a: Zuz-Zuz","|-damage|p2a: Zuz-Zuz|0 fnt","|faint|p2a: Zuz-Zuz","|","|","|switch|p2a: Squid Squad|Tentacruel, M|301/301","|turn|21","|","|move|p2a: Squid Squad|Scald|p1a: Lucario","|-damage|p1a: Lucario|0 fnt","|faint|p1a: Lucario","|","|","|switch|p1a: Heatran|Heatran, F|232/385","|turn|22","|","|move|p2a: Squid Squad|Scald|p1a: Heatran","|-supereffective|p1a: Heatran","|-damage|p1a: Heatran|20/385","|move|p1a: Heatran|Earth Power|p2a: Squid Squad","|-supereffective|p2a: Squid Squad","|-damage|p2a: Squid Squad|99/301","|","|-heal|p2a: Squid Squad|117/301|[from] item: Black Sludge","|turn|23","|","|move|p2a: Squid Squad|Scald|p1a: Heatran","|-supereffective|p1a: Heatran","|-damage|p1a: Heatran|0 fnt","|faint|p1a: Heatran","|","|-heal|p2a: Squid Squad|135/301|[from] item: Black Sludge","|","|switch|p1a: Jirachi|Jirachi|158/341","|turn|24","|","|move|p1a: Jirachi|Body Slam|p2a: Squid Squad","|-damage|p2a: Squid Squad|3/301","|-status|p2a: Squid Squad|par","|move|p2a: Squid Squad|Scald|p1a: Jirachi","|-damage|p1a: Jirachi|61/341","|-status|p1a: Jirachi|brn","|","|-heal|p2a: Squid Squad|21/301 par|[from] item: Black Sludge","|-damage|p1a: Jirachi|19/341 brn|[from] brn","|turn|25","|","|move|p1a: Jirachi|Body Slam|p2a: Squid Squad","|-damage|p2a: Squid Squad|0 fnt","|faint|p2a: Squid Squad","|","|win|GTX♅Wild"],"p1rating":{"entryid":670822,"formatid":"monotype","userid":"gtxwild","username":"GTX♅Wild","r":1500,"rd":130,"sigma":0,"rpr":1540.1606143388,"rprd":122.8583080769,"rpsigma":0,"rptime":1440925200,"w":1,"l":0,"t":0,"gxe":55,"acre":1040,"lacre":1040,"oldacre":1000},"p2rating":{"entryid":670823,"formatid":"monotype","userid":"slepic","username":"SL Epic","r":1500,"rd":130,"sigma":0,"rpr":1459.8393856612,"rprd":122.8583080769,"rpsigma":0,"rptime":1440925200,"w":0,"l":1,"t":0,"gxe":45,"acre":1000,"lacre":1000,"oldacre":1000},"endType":"normal"}