{"seed":[22630,58757,62218,7368],"turns":22,"p1":"Imp Donut","p2":"Hm Gallade","p1team":[{"name":"Excadrill","species":"Excadrill","item":"choicescarf","ability":"Mold Breaker","moves":["brickbreak","earthquake","ironhead","rockslide"],"nature":"Jolly","evs":{"hp":0,"atk":252,"def":0,"spa":0,"spd":4,"spe":252},"ivs":{"hp":31,"atk":31,"def":31,"spa":31,"spd":31,"spe":31}},{"name":"Heatran","species":"Heatran","item":"airballoon","ability":"Flash Fire","moves":["ancientpower","earthpower","lavaplume","hiddenpowergrass"],"nature":"Modest","evs":{"hp":232,"atk":0,"def":0,"spa":252,"spd":0,"spe":24},"ivs":{"hp":31,"atk":30,"def":31,"spa":30,"spd":31,"spe":31}},{"name":"Skarmory","species":"Skarmory","item":"rockyhelmet","ability":"Sturdy","moves":["bravebird","roost","stealthrock","whirlwind"],"nature":"Impish","evs":{"hp":248,"atk":0,"def":236,"spa":0,"spd":0,"spe":24},"ivs":{"hp":31,"atk":31,"def":31,"spa":31,"spd":31,"spe":31}},{"name":"Empoleon","species":"Empoleon","item":"leftovers","ability":"Torrent","moves":["scald","roar","knockoff","grassknot"],"nature":"Calm","evs":{"hp":196,"atk":0,"def":84,"spa":56,"spd":172,"spe":0},"ivs":{"hp":31,"atk":0,"def":31,"spa":31,"spd":31,"spe":31}},{"name":"Scizor","species":"Scizor","item":"scizorite","ability":"Technician","moves":["bulletpunch","roost","swordsdance","bugbite"],"nature":"Adamant","evs":{"hp":248,"atk":252,"def":0,"spa":0,"spd":8,"spe":0},"ivs":{"hp":31,"atk":31,"def":31,"spa":31,"spd":31,"spe":31}},{"name":"Bisharp","species":"Bisharp","item":"lumberry","ability":"Defiant","moves":["ironhead","knockoff","suckerpunch","swordsdance"],"nature":"Adamant","evs":{"hp":248,"atk":252,"def":0,"spa":0,"spd":8,"spe":0},"ivs":{"hp":31,"atk":31,"def":31,"spa":31,"spd":31,"spe":31}}],"p2team":[{"name":"Dragonite","species":"Dragonite","item":"leftovers","ability":"Multiscale","moves":["extremespeed","roost","earthquake","firepunch"],"nature":"Adamant","evs":{"hp":216,"atk":64,"def":0,"spa":0,"spd":228,"spe":0},"ivs":{"hp":31,"atk":31,"def":31,"spa":31,"spd":31,"spe":31}},{"name":"Kyurem-Black","species":"Kyurem-Black","item":"lifeorb","ability":"Teravolt","moves":["hiddenpowerfire","icebeam","earthpower","fusionbolt"],"nature":"Mild","evs":{"hp":0,"atk":20,"def":0,"spa":252,"spd":0,"spe":236},"ivs":{"hp":31,"atk":30,"def":31,"spa":30,"spd":31,"spe":30}},{"name":"Tyrantrum","species":"Tyrantrum","item":"choicescarf","ability":"Rock Head","moves":["headsmash","crunch","ironhead","superpower"],"nature":"Jolly","evs":{"hp":0,"atk":252,"def":4,"spa":0,"spd":0,"spe":252},"ivs":{"hp":31,"atk":31,"def":31,"spa":31,"spd":31,"spe":31}},{"name":"Latios","species":"Latios","item":"lifeorb","ability":"Levitate","moves":["roost","psyshock","dracometeor","defog"],"nature":"Timid","evs":{"hp":0,"atk":0,"def":4,"spa":252,"spd":0,"spe":252},"ivs":{"hp":31,"atk":30,"def":31,"spa":30,"spd":31,"spe":30}},{"name":"Garchomp","species":"Garchomp","item":"rockyhelmet","ability":"Rough Skin","moves":["stealthrock","dragontail","earthquake","toxic"],"nature":"Impish","evs":{"hp":252,"atk":0,"def":164,"spa":0,"spd":76,"spe":16},"ivs":{"hp":31,"atk":31,"def":31,"spa":31,"spd":31,"spe":31}},{"name":"Dragalge","species":"Dragalge","item":"blacksludge","ability":"Adaptability","moves":["sludgewave","toxicspikes","haze","dracometeor"],"nature":"Calm","evs":{"hp":248,"atk":0,"def":0,"spa":8,"spd":252,"spe":0},"ivs":{"hp":31,"atk":31,"def":31,"spa":31,"spd":31,"spe":31}}],"log":["|player|p1|Imp Donut|170","|player|p2|Hm Gallade|273","|gametype|singles","|gen|6","|tier|Monotype","|rated","|rule|Baton Pass Clause: Limit one Baton Passer, can't pass Spe and other stats simultaneously","|rule|Swagger Clause: Swagger is banned","|rule|Same Type Clause: Pokémon in a team must share a type","|clearpoke","|poke|p1|Excadrill, F","|poke|p1|Heatran, F","|poke|p1|Skarmory, F","|poke|p1|Empoleon, F","|poke|p1|Scizor, M","|poke|p1|Bisharp, F","|poke|p2|Dragonite, M","|poke|p2|Kyurem-Black","|poke|p2|Tyrantrum, F","|poke|p2|Latios, M","|poke|p2|Garchomp, M","|poke|p2|Dragalge, F","|rule|Sleep Clause Mod: Limit one foe put to sleep","|rule|Species Clause: Limit one of each Pokémon","|rule|OHKO Clause: OHKO moves are banned","|rule|Moody Clause: Moody is banned","|rule|Evasion Moves Clause: Evasion moves are banned","|rule|Endless Battle Clause: Forcing endless battles is banned","|rule|HP Percentage Mod: HP is shown in percentages","|teampreview","|","|start","|switch|p1a: Scizor|Scizor, M|343/343","|switch|p2a: Dragonite|Dragonite, M|377/377","|turn|1","|","|switch|p1a: Skarmory|Skarmory, F|333/333","|move|p2a: Dragonite|Fire Punch|p1a: Skarmory","|-supereffective|p1a: Skarmory","|-damage|p1a: Skarmory|227/333","|-damage|p2a: Dragonite|315/377|[from] item: Rocky Helmet|[of] p1a: Skarmory","|-status|p1a: Skarmory|brn","|","|-heal|p2a: Dragonite|338/377|[from] item: Leftovers","|-damage|p1a: Skarmory|186/333 brn|[from] brn","|turn|2","|","|switch|p2a: Latios|Latios, M|301/301","|move|p1a: Skarmory|Roost|p1a: Skarmory","|-heal|p1a: Skarmory|333/333 brn","|","|-damage|p1a: Skarmory|292/333 brn|[from] brn","|turn|3","|","|move|p2a: Latios|Draco Meteor|p1a: Skarmory","|-resisted|p1a: Skarmory","|-damage|p1a: Skarmory|107/333 brn","|-unboost|p2a: Latios|spa|2","|-damage|p2a: Latios|271/301|[from] item: Life Orb","|move|p1a: Skarmory|Stealth Rock|p2a: Latios","|-sidestart|p2: Hm Gallade|move: Stealth Rock","|","|-damage|p1a: Skarmory|66/333 brn|[from] brn","|turn|4","|","|move|p2a: Latios|Draco Meteor|p1a: Skarmory","|-resisted|p1a: Skarmory","|-damage|p1a: Skarmory|0 fnt","|-unboost|p2a: Latios|spa|2","|-damage|p2a: Latios|241/301|[from] item: Life Orb","|faint|p1a: Skarmory","|","|","|switch|p1a: Bisharp|Bisharp, F|333/333","|turn|5","|","|move|p2a: Latios|Defog|p1a: Bisharp","|-unboost|p1a: Bisharp|evasion|1","|-boost|p1a: Bisharp|atk|2|[from] ability: Defiant","|-sideend|p2: Hm Gallade|Stealth Rock|[from] move: Defog|[of] p2a: Latios","|move|p1a: Bisharp|Swords Dance|p1a: Bisharp","|-boost|p1a: Bisharp|atk|2","|","|turn|6","|","|switch|p2a: Garchomp|Garchomp, M|420/420","|move|p1a: Bisharp|Knock Off|p2a: Garchomp","|-damage|p2a: Garchomp|0 fnt","|-damage|p1a: Bisharp|292/333|[from] ability: Rough Skin|[of] p2a: Garchomp","|-damage|p1a: Bisharp|237/333|[from] item: Rocky Helmet|[of] p2a: Garchomp","|-enditem|p2a: Garchomp|Rocky Helmet|[from] move: Knock Off|[of] p1a: Bisharp","|faint|p2a: Garchomp","|","|","|switch|p2a: Dragonite|Dragonite, M|338/377","|turn|7","|","|move|p1a: Bisharp|Sucker Punch|p2a: Dragonite","|-fail|p1a: Bisharp","|move|p2a: Dragonite|Roost|p2a: Dragonite","|-heal|p2a: Dragonite|377/377","|","|turn|8","|","|move|p2a: Dragonite|Fire Punch|p1a: Bisharp","|-supereffective|p1a: Bisharp","|-damage|p1a: Bisharp|53/333","|move|p1a: Bisharp|Iron Head|p2a: Dragonite","|-damage|p2a: Dragonite|136/377","|","|-heal|p2a: Dragonite|159/377|[from] item: Leftovers","|turn|9","|","|move|p2a: Dragonite|Extreme Speed|p1a: Bisharp","|-resisted|p1a: Bisharp","|-damage|p1a: Bisharp|10/333","|move|p1a: Bisharp|Sucker Punch|p2a: Dragonite","|-fail|p1a: Bisharp","|","|-heal|p2a: Dragonite|182/377|[from] item: Leftovers","|turn|10","|","|move|p2a: Dragonite|Extreme Speed|p1a: Bisharp","|-resisted|p1a: Bisharp","|-damage|p1a: Bisharp|0 fnt","|faint|p1a: Bisharp","|","|-heal|p2a: Dragonite|205/377|[from] item: Leftovers","|","|switch|p1a: Excadrill|Excadrill, F|361/361","|-ability|p1a: Excadrill|Mold Breaker","|turn|11","|","|switch|p2a: Tyrantrum|Tyrantrum, F|305/305","|move|p1a: Excadrill|Iron Head|p2a: Tyrantrum","|-supereffective|p2a: Tyrantrum","|-damage|p2a: Tyrantrum|29/305","|","|turn|12","|","|move|p1a: Excadrill|Iron Head|p2a: Tyrantrum","|-supereffective|p2a: Tyrantrum","|-damage|p2a: Tyrantrum|0 fnt","|faint|p2a: Tyrantrum","|","|","|switch|p2a: Dragalge|Dragalge, F|333/333","|turn|13","|","|switch|p1a: Empoleon|Empoleon, F|358/358","|move|p2a: Dragalge|Draco Meteor|p1a: Empoleon","|-resisted|p1a: Empoleon","|-damage|p1a: Empoleon|280/358","|-unboost|p2a: Dragalge|spa|2","|","|-heal|p1a: Empoleon|302/358|[from] item: Leftovers","|turn|14","|","|switch|p2a: Kyurem-Black|Kyurem-Black|391/391","|-ability|p2a: Kyurem-Black|Teravolt","|move|p1a: Empoleon|Knock Off|p2a: Kyurem-Black","|-damage|p2a: Kyurem-Black|330/391","|-enditem|p2a: Kyurem-Black|Life Orb|[from] move: Knock Off|[of] p1a: Empoleon","|","|-heal|p1a: Empoleon|324/358|[from] item: Leftovers","|turn|15","|","|move|p2a: Kyurem-Black|Earth Power|p1a: Empoleon","|-supereffective|p1a: Empoleon","|-damage|p1a: Empoleon|158/358","|move|p1a: Empoleon|Scald|p2a: Kyurem-Black","|-resisted|p2a: Kyurem-Black","|-damage|p2a: Kyurem-Black|271/391","|","|-heal|p1a: Empoleon|180/358|[from] item: Leftovers","|turn|16","|","|move|p2a: Kyurem-Black|Fusion Bolt|p1a: Empoleon","|-supereffective|p1a: Empoleon","|-damage|p1a: Empoleon|0 fnt","|faint|p1a: Empoleon","|","|","|switch|p1a: Scizor|Scizor, M|343/343","|turn|17","|","|switch|p2a: Dragonite|Dragonite, M|205/377","|detailschange|p1a: Scizor|Scizor-Mega, M","|-mega|p1a: Scizor|Scizor|Scizorite","|move|p1a: Scizor|Swords Dance|p1a: Scizor","|-boost|p1a: Scizor|atk|2","|","|-heal|p2a: Dragonite|228/377|[from] item: Leftovers","|turn|18","|","|move|p1a: Scizor|Bullet Punch|p2a: Dragonite","|-damage|p2a: Dragonite|0 fnt","|faint|p2a: Dragonite","|","|","|switch|p2a: Dragalge|Dragalge, F|333/333","|turn|19","|","|move|p1a: Scizor|Bullet Punch|p2a: Dragalge","|-damage|p2a: Dragalge|47/333","|move|p2a: Dragalge|Draco Meteor|p1a: Scizor","|-resisted|p1a: Scizor","|-damage|p1a: Scizor|246/343","|-unboost|p2a: Dragalge|spa|2","|","|-heal|p2a: Dragalge|67/333|[from] item: Black Sludge","|turn|20","|","|move|p1a: Scizor|Bullet Punch|p2a: Dragalge","|-damage|p2a: Dragalge|0 fnt","|faint|p2a: Dragalge","|","|","|switch|p2a: Latios|Latios, M|241/301","|turn|21","|","|move|p1a: Scizor|Bullet Punch|p2a: Latios","|-damage|p2a: Latios|0 fnt","|faint|p2a: Latios","|","|","|switch|p2a: Kyurem-Black|Kyurem-Black|271/391","|-ability|p2a: Kyurem-Black|Teravolt","|turn|22","|","|move|p1a: Scizor|Bullet Punch|p2a: Kyurem-Black","|-supereffective|p2a: Kyurem-Black","|-damage|p2a: Kyurem-Black|0 fnt","|faint|p2a: Kyurem-Black","|","|win|Imp Donut"],"p1rating":{"entryid":"659054","serverid":"eos","formatid":"monotype","userid":"impdonut","username":"Imp Donut","w":2,"l":"0","t":"0","gxe":59.1,"r":"1500","rd":"130","sigma":"0","rptime":"1440925200","rpr":1573.3977812702,"rprd":116.14427546907,"rpsigma":"0","acre":1084.467632396,"lacre":1084.467632396,"oldacre":"1053.1829919753"},"p2rating":{"entryid":"623779","serverid":"eos","formatid":"monotype","userid":"hmgallade","username":"Hm Gallade","w":"1","l":2,"t":"0","gxe":47.1,"r":"1467.8586314839","rd":"122.43345094017","sigma":"0","rptime":"1440925200","rpr":1476.9401710439,"rprd":111.32401694671,"rpsigma":"0","acre":1028.7857188386,"lacre":1028.7857188386,"oldacre":"1045.1754520212"},"endType":"normal"}