{"seed":[6659,50978,59682,64359],"turns":43,"p1":"Ready4Fredbear","p2":"V Photon","p1team":[{"name":"Loki","species":"sableye","item":"sablenite","ability":"Prankster","moves":["calmmind","recover","willowisp","snarl"],"nature":"Bold","evs":{"hp":252,"atk":0,"def":196,"spa":0,"spd":60,"spe":0},"gender":"M","ivs":{"hp":31,"atk":31,"def":31,"spa":31,"spd":31,"spe":31}},{"name":"Sobek","species":"tyranitar","item":"leftovers","ability":"Sand Stream","moves":["stoneedge","fireblast","stealthrock","thunderwave"],"nature":"Brave","evs":{"hp":252,"atk":56,"def":0,"spa":0,"spd":200,"spe":0},"gender":"M","ivs":{"hp":31,"atk":31,"def":31,"spa":31,"spd":31,"spe":31}},{"name":"Eros","species":"hoopaunbound","item":"choicescarf","ability":"Magician","moves":["hyperspacefury","hyperspacehole","gunkshot","energyball"],"nature":"Hasty","evs":{"hp":0,"atk":180,"def":0,"spa":76,"spd":0,"spe":252},"ivs":{"hp":31,"atk":31,"def":31,"spa":31,"spd":31,"spe":31}},{"name":"Akkorokamui","species":"crawdaunt","item":"lifeorb","ability":"Adaptability","moves":["knockoff","aquajet","swordsdance","crabhammer"],"nature":"Adamant","evs":{"hp":0,"atk":252,"def":0,"spa":0,"spd":4,"spe":252},"ivs":{"hp":31,"atk":31,"def":31,"spa":31,"spd":31,"spe":31}},{"name":"Urubutsin","species":"mandibuzz","item":"rockyhelmet","ability":"Overcoat","moves":["bravebird","foulplay","roost","defog"],"nature":"Impish","evs":{"hp":248,"atk":8,"def":252,"spa":0,"spd":0,"spe":0},"ivs":{"hp":31,"atk":31,"def":31,"spa":31,"spd":31,"spe":31}},{"name":"The Golem of Vilna","species":"bisharp","item":"lumberry","ability":"Defiant","moves":["swordsdance","knockoff","ironhead","suckerpunch"],"nature":"Adamant","evs":{"hp":0,"atk":252,"def":0,"spa":0,"spd":4,"spe":252},"gender":"M","ivs":{"hp":31,"atk":31,"def":31,"spa":31,"spd":31,"spe":31}}],"p2team":[{"name":"Venusaur","species":"Venusaur","item":"venusaurite","ability":"Overgrow","moves":["sludgebomb","synthesis","earthquake","hiddenpowerfire"],"nature":"Modest","evs":{"hp":248,"atk":0,"def":108,"spa":64,"spd":88,"spe":0},"ivs":{"hp":31,"atk":30,"def":31,"spa":30,"spd":31,"spe":30}},{"name":"Ferrothorn","species":"Ferrothorn","item":"rockyhelmet","ability":"Iron Barbs","moves":["stealthrock","leechseed","gyroball","toxic"],"nature":"Relaxed","evs":{"hp":252,"atk":0,"def":88,"spa":0,"spd":168,"spe":0},"ivs":{"hp":31,"atk":31,"def":31,"spa":31,"spd":31,"spe":31}},{"name":"Cradily","species":"Cradily","item":"leftovers","ability":"Storm Drain","moves":["stealthrock","earthquake","synthesis","rockslide"],"nature":"Careful","evs":{"hp":252,"atk":0,"def":4,"spa":0,"spd":252,"spe":0},"ivs":{"hp":31,"atk":31,"def":31,"spa":31,"spd":31,"spe":31}},{"name":"Roserade","species":"Roserade","item":"choicescarf","ability":"Technician","moves":["sludgebomb","hiddenpowerice","extrasensory","dazzlinggleam"],"nature":"Timid","evs":{"hp":0,"atk":0,"def":0,"spa":252,"spd":4,"spe":252},"ivs":{"hp":31,"atk":30,"def":30,"spa":31,"spd":31,"spe":31}},{"name":"Shiftry","species":"Shiftry","item":"lifeorb","ability":"Chlorophyll","moves":["knockoff","suckerpunch","rockslide","defog"],"nature":"Adamant","evs":{"hp":0,"atk":252,"def":0,"spa":0,"spd":4,"spe":252},"ivs":{"hp":31,"atk":31,"def":31,"spa":31,"spd":31,"spe":31}},{"name":"Breloom","species":"Breloom","item":"focussash","ability":"Technician","moves":["brickbreak","spore","bulletseed","machpunch"],"nature":"Jolly","evs":{"hp":0,"atk":252,"def":0,"spa":0,"spd":4,"spe":252},"ivs":{"hp":31,"atk":31,"def":31,"spa":31,"spd":31,"spe":31}}],"log":["|player|p1|Ready4Fredbear|149","|player|p2|V Photon|66","|gametype|singles","|gen|6","|tier|Monotype","|rated","|rule|Baton Pass Clause: Limit one Baton Passer, can't pass Spe and other stats simultaneously","|rule|Swagger Clause: Swagger is banned","|rule|Same Type Clause: Pokémon in a team must share a type","|clearpoke","|poke|p1|Sableye, M","|poke|p1|Tyranitar, M","|poke|p1|Hoopa-Unbound","|poke|p1|Crawdaunt, M","|poke|p1|Mandibuzz, F","|poke|p1|Bisharp, M","|poke|p2|Venusaur, F","|poke|p2|Ferrothorn, M","|poke|p2|Cradily, M","|poke|p2|Roserade, F","|poke|p2|Shiftry, F","|poke|p2|Breloom, M","|rule|Sleep Clause Mod: Limit one foe put to sleep","|rule|Species Clause: Limit one of each Pokémon","|rule|OHKO Clause: OHKO moves are banned","|rule|Moody Clause: Moody is banned","|rule|Evasion Moves Clause: Evasion moves are banned","|rule|Endless Battle Clause: Forcing endless battles is banned","|rule|HP Percentage Mod: HP is shown in percentages","|teampreview","|","|start","|switch|p1a: Loki|Sableye, M|304/304","|switch|p2a: Venusaur|Venusaur, F|363/363","|turn|1","|","|detailschange|p2a: Venusaur|Venusaur-Mega, F","|-mega|p2a: Venusaur|Venusaur|Venusaurite","|move|p1a: Loki|Calm Mind|p1a: Loki","|-boost|p1a: Loki|spa|1","|-boost|p1a: Loki|spd|1","|move|p2a: Venusaur|Sludge Bomb|p1a: Loki","|-resisted|p1a: Loki","|-damage|p1a: Loki|235/304","|","|turn|2","|","|move|p1a: Loki|Recover|p1a: Loki","|-heal|p1a: Loki|304/304","|move|p2a: Venusaur|Earthquake|p1a: Loki","|-damage|p1a: Loki|243/304","|","|turn|3","|","|move|p1a: Loki|Calm Mind|p1a: Loki","|-boost|p1a: Loki|spa|1","|-boost|p1a: Loki|spd|1","|move|p2a: Venusaur|Sludge Bomb|p1a: Loki","|-resisted|p1a: Loki","|-damage|p1a: Loki|199/304","|","|turn|4","|","|switch|p2a: Breloom|Breloom, M|261/261","|move|p1a: Loki|Recover|p1a: Loki","|-heal|p1a: Loki|304/304","|","|turn|5","|","|detailschange|p1a: Loki|Sableye-Mega, M","|-mega|p1a: Loki|Sableye|Sablenite","|move|p2a: Breloom|Bullet Seed|p1a: Loki","|-damage|p1a: Loki|259/304","|-damage|p1a: Loki|217/304","|-hitcount|p1a: Loki|2","|move|p1a: Loki|Snarl|p2a: Breloom","|-resisted|p2a: Breloom","|-damage|p2a: Breloom|172/261","|-unboost|p2a: Breloom|spa|1","|","|turn|6","|","|move|p2a: Breloom|Bullet Seed|p1a: Loki","|-damage|p1a: Loki|171/304","|-damage|p1a: Loki|125/304","|-damage|p1a: Loki|85/304","|-damage|p1a: Loki|40/304","|-hitcount|p1a: Loki|4","|move|p1a: Loki|Calm Mind|p1a: Loki","|-boost|p1a: Loki|spa|1","|-boost|p1a: Loki|spd|1","|","|turn|7","|","|move|p2a: Breloom|Bullet Seed|p1a: Loki","|-crit|p1a: Loki","|-damage|p1a: Loki|0 fnt","|-hitcount|p1a: Loki|1","|faint|p1a: Loki","|","|","|switch|p1a: The Golem of Vilna|Bisharp, M|271/271","|turn|8","|","|switch|p1a: Urubutsin|Mandibuzz, F|423/423","|move|p2a: Breloom|Spore|p1a: Urubutsin","|-immune|p1a: Urubutsin|[msg]","|","|turn|9","|","|switch|p2a: Ferrothorn|Ferrothorn, M|352/352","|move|p1a: Urubutsin|Brave Bird|p2a: Ferrothorn","|-damage|p2a: Ferrothorn|288/352","|-damage|p1a: Urubutsin|371/423|[from] ability: Iron Barbs|[of] p2a: Ferrothorn","|-damage|p1a: Urubutsin|301/423|[from] item: Rocky Helmet|[of] p2a: Ferrothorn","|-damage|p1a: Urubutsin|280/423|[from] recoil|[of] p2a: Ferrothorn","|","|turn|10","|","|switch|p1a: Sobek|Tyranitar, M|404/404","|-weather|Sandstorm","|move|p2a: Ferrothorn|Leech Seed|p1a: Sobek","|-start|p1a: Sobek|move: Leech Seed","|","|-weather|Sandstorm|[upkeep]","|-damage|p1a: Sobek|354/404|[from] Leech Seed|[of] p2a: Ferrothorn","|-heal|p2a: Ferrothorn|338/352|[silent]","|turn|11","|","|switch|p2a: Cradily|Cradily, M|376/376","|move|p1a: Sobek|Fire Blast|p2a: Cradily","|-crit|p2a: Cradily","|-damage|p2a: Cradily|319/376","|","|-weather|Sandstorm|[upkeep]","|-heal|p1a: Sobek|379/404|[from] item: Leftovers","|-heal|p2a: Cradily|342/376|[from] item: Leftovers","|-damage|p1a: Sobek|329/404|[from] Leech Seed|[of] p2a: Cradily","|-heal|p2a: Cradily|376/376|[silent]","|turn|12","|","|switch|p1a: The Golem of Vilna|Bisharp, M|271/271","|move|p2a: Cradily|Stealth Rock|p1a: The Golem of Vilna","|-sidestart|p1: Ready4Fredbear|move: Stealth Rock","|","|-weather|Sandstorm|[upkeep]","|turn|13","|","|move|p1a: The Golem of Vilna|Iron Head|p2a: Cradily","|-supereffective|p2a: Cradily","|-damage|p2a: Cradily|46/376","|move|p2a: Cradily|Earthquake|p1a: The Golem of Vilna","|-supereffective|p1a: The Golem of Vilna","|-damage|p1a: The Golem of Vilna|143/271","|","|-weather|Sandstorm|[upkeep]","|-heal|p2a: Cradily|69/376|[from] item: Leftovers","|turn|14","|","|switch|p2a: Ferrothorn|Ferrothorn, M|338/352","|move|p1a: The Golem of Vilna|Iron Head|p2a: Ferrothorn","|-resisted|p2a: Ferrothorn","|-damage|p2a: Ferrothorn|287/352","|-damage|p1a: The Golem of Vilna|110/271|[from] ability: Iron Barbs|[of] p2a: Ferrothorn","|-damage|p1a: The Golem of Vilna|65/271|[from] item: Rocky Helmet|[of] p2a: Ferrothorn","|","|-weather|none","|turn|15","|","|move|p1a: The Golem of Vilna|Swords Dance|p1a: The Golem of Vilna","|-boost|p1a: The Golem of Vilna|atk|2","|move|p2a: Ferrothorn|Leech Seed|p1a: The Golem of Vilna","|-start|p1a: The Golem of Vilna|move: Leech Seed","|","|-damage|p1a: The Golem of Vilna|32/271|[from] Leech Seed|[of] p2a: Ferrothorn","|-heal|p2a: Ferrothorn|320/352|[silent]","|turn|16","|","|move|p1a: The Golem of Vilna|Knock Off|p2a: Ferrothorn","|-damage|p2a: Ferrothorn|64/352","|-damage|p1a: The Golem of Vilna|0 fnt|[from] ability: Iron Barbs|[of] p2a: Ferrothorn","|faint|p1a: The Golem of Vilna","|move|p2a: Ferrothorn|Gyro Ball|p1: The Golem of Vilna|[notarget]","|-notarget","|","|","|switch|p1a: Sobek|Tyranitar, M|329/404","|-damage|p1a: Sobek|279/404|[from] Stealth Rock","|-weather|Sandstorm","|turn|17","|","|switch|p2a: Cradily|Cradily, M|69/376","|move|p1a: Sobek|Fire Blast|p2a: Cradily","|-damage|p2a: Cradily|29/376","|","|-weather|Sandstorm|[upkeep]","|-heal|p1a: Sobek|304/404|[from] item: Leftovers","|-heal|p2a: Cradily|52/376|[from] item: Leftovers","|turn|18","|","|move|p1a: Sobek|Stone Edge|p2a: Cradily","|-damage|p2a: Cradily|0 fnt","|faint|p2a: Cradily","|","|-weather|Sandstorm|[upkeep]","|-heal|p1a: Sobek|329/404|[from] item: Leftovers","|","|switch|p2a: Breloom|Breloom, M|172/261","|turn|19","|","|switch|p2a: Roserade|Roserade, F|261/261","|move|p1a: Sobek|Fire Blast|p2a: Roserade","|-supereffective|p2a: Roserade","|-damage|p2a: Roserade|89/261","|","|-weather|Sandstorm|[upkeep]","|-damage|p2a: Roserade|73/261|[from] sandstorm","|-heal|p1a: Sobek|354/404|[from] item: Leftovers","|turn|20","|","|switch|p2a: Venusaur|Venusaur-Mega, F|363/363","|move|p1a: Sobek|Fire Blast|p2a: Venusaur","|-crit|p2a: Venusaur","|-supereffective|p2a: Venusaur","|-damage|p2a: Venusaur|271/363","|","|-weather|Sandstorm|[upkeep]","|-damage|p2a: Venusaur|249/363|[from] sandstorm","|-heal|p1a: Sobek|379/404|[from] item: Leftovers","|turn|21","|","|move|p2a: Venusaur|Earthquake|p1a: Sobek","|-crit|p1a: Sobek","|-supereffective|p1a: Sobek","|-damage|p1a: Sobek|195/404","|move|p1a: Sobek|Thunder Wave|p2a: Venusaur","|-status|p2a: Venusaur|par","|","|-weather|none","|-heal|p1a: Sobek|220/404|[from] item: Leftovers","|turn|22","|","|move|p1a: Sobek|Fire Blast|p2a: Venusaur","|-supereffective|p2a: Venusaur","|-damage|p2a: Venusaur|175/363 par","|move|p2a: Venusaur|Sludge Bomb|p1a: Sobek","|-crit|p1a: Sobek","|-resisted|p1a: Sobek","|-damage|p1a: Sobek|126/404","|","|-heal|p1a: Sobek|151/404|[from] item: Leftovers","|turn|23","|","|move|p1a: Sobek|Fire Blast|p2a: Venusaur","|-crit|p2a: Venusaur","|-supereffective|p2a: Venusaur","|-damage|p2a: Venusaur|71/363 par","|move|p2a: Venusaur|Synthesis|p2a: Venusaur","|-heal|p2a: Venusaur|252/363 par","|","|-heal|p1a: Sobek|176/404|[from] item: Leftovers","|turn|24","|","|move|p1a: Sobek|Fire Blast|p2a: Venusaur","|-supereffective|p2a: Venusaur","|-damage|p2a: Venusaur|182/363 par","|move|p2a: Venusaur|Synthesis|p2a: Venusaur","|-heal|p2a: Venusaur|363/363 par","|","|-heal|p1a: Sobek|201/404|[from] item: Leftovers","|turn|25","|","|move|p1a: Sobek|Stone Edge|p2a: Venusaur|[miss]","|-miss|p1a: Sobek|p2a: Venusaur","|cant|p2a: Venusaur|par","|","|-heal|p1a: Sobek|226/404|[from] item: Leftovers","|turn|26","|","|move|p1a: Sobek|Stone Edge|p2a: Venusaur","|-damage|p2a: Venusaur|225/363 par","|cant|p2a: Venusaur|par","|","|-heal|p1a: Sobek|251/404|[from] item: Leftovers","|turn|27","|","|move|p1a: Sobek|Stone Edge|p2a: Venusaur","|-damage|p2a: Venusaur|86/363 par","|move|p2a: Venusaur|Earthquake|p1a: Sobek","|-supereffective|p1a: Sobek","|-damage|p1a: Sobek|117/404","|","|-heal|p1a: Sobek|142/404|[from] item: Leftovers","|turn|28","|","|move|p1a: Sobek|Stone Edge|p2a: Venusaur|[miss]","|-miss|p1a: Sobek|p2a: Venusaur","|cant|p2a: Venusaur|par","|","|-heal|p1a: Sobek|167/404|[from] item: Leftovers","|turn|29","|","|move|p1a: Sobek|Fire Blast|p2a: Venusaur","|-supereffective|p2a: Venusaur","|-damage|p2a: Venusaur|24/363 par","|move|p2a: Venusaur|Synthesis|p2a: Venusaur","|-heal|p2a: Venusaur|205/363 par","|","|-heal|p1a: Sobek|192/404|[from] item: Leftovers","|turn|30","|","|move|p1a: Sobek|Stone Edge|p2a: Venusaur","|-damage|p2a: Venusaur|79/363 par","|move|p2a: Venusaur|Synthesis|p2a: Venusaur","|-heal|p2a: Venusaur|260/363 par","|","|-heal|p1a: Sobek|217/404|[from] item: Leftovers","|turn|31","|","|move|p1a: Sobek|Stone Edge|p2a: Venusaur|[miss]","|-miss|p1a: Sobek|p2a: Venusaur","|move|p2a: Venusaur|Synthesis|p2a: Venusaur","|-heal|p2a: Venusaur|363/363 par","|","|-heal|p1a: Sobek|242/404|[from] item: Leftovers","|turn|32","|","|move|p1a: Sobek|Stone Edge|p2a: Venusaur","|-damage|p2a: Venusaur|230/363 par","|cant|p2a: Venusaur|par","|","|-heal|p1a: Sobek|267/404|[from] item: Leftovers","|turn|33","|","|switch|p1a: Urubutsin|Mandibuzz, F|280/423","|-damage|p1a: Urubutsin|175/423|[from] Stealth Rock","|switch|p2a: Ferrothorn|Ferrothorn, M|64/352","|","|turn|34","|","|move|p1a: Urubutsin|Roost|p1a: Urubutsin","|-heal|p1a: Urubutsin|387/423","|move|p2a: Ferrothorn|Leech Seed|p1a: Urubutsin|[miss]","|-miss|p2a: Ferrothorn|p1a: Urubutsin","|","|turn|35","|","|switch|p1a: Akkorokamui|Crawdaunt, M|267/267","|-damage|p1a: Akkorokamui|234/267|[from] Stealth Rock","|move|p2a: Ferrothorn|Gyro Ball|p1a: Akkorokamui","|-resisted|p1a: Akkorokamui","|-damage|p1a: Akkorokamui|182/267","|","|turn|36","|","|move|p1a: Akkorokamui|Aqua Jet|p2a: Ferrothorn","|-resisted|p2a: Ferrothorn","|-damage|p2a: Ferrothorn|17/352","|-damage|p1a: Akkorokamui|149/267|[from] ability: Iron Barbs|[of] p2a: Ferrothorn","|-damage|p1a: Akkorokamui|105/267|[from] item: Rocky Helmet|[of] p2a: Ferrothorn","|-damage|p1a: Akkorokamui|79/267|[from] item: Life Orb","|move|p2a: Ferrothorn|Leech Seed|p1a: Akkorokamui","|-start|p1a: Akkorokamui|move: Leech Seed","|","|-damage|p1a: Akkorokamui|46/267|[from] Leech Seed|[of] p2a: Ferrothorn","|-heal|p2a: Ferrothorn|50/352|[silent]","|turn|37","|","|move|p1a: Akkorokamui|Aqua Jet|p2a: Ferrothorn","|-resisted|p2a: Ferrothorn","|-damage|p2a: Ferrothorn|10/352","|-damage|p1a: Akkorokamui|13/267|[from] ability: Iron Barbs|[of] p2a: Ferrothorn","|-damage|p1a: Akkorokamui|0 fnt|[from] item: Rocky Helmet|[of] p2a: Ferrothorn","|faint|p1a: Akkorokamui","|move|p2a: Ferrothorn|Leech Seed|p1: Akkorokamui|[notarget]","|-notarget","|","|","|switch|p1a: Eros|Hoopa-Unbound|301/301","|-damage|p1a: Eros|264/301|[from] Stealth Rock","|turn|38","|","|move|p1a: Eros|Hyperspace Hole|p2a: Ferrothorn","|-resisted|p2a: Ferrothorn","|-damage|p2a: Ferrothorn|0 fnt","|faint|p2a: Ferrothorn","|","|","|switch|p2a: Shiftry|Shiftry, F|321/321","|turn|39","|","|move|p1a: Eros|Hyperspace Hole|p2a: Shiftry","|-immune|p2a: Shiftry|[msg]","|move|p2a: Shiftry|Knock Off|p1a: Eros","|-damage|p1a: Eros|0 fnt","|-enditem|p1a: Eros|Choice Scarf|[from] move: Knock Off|[of] p2a: Shiftry","|-damage|p2a: Shiftry|289/321|[from] item: Life Orb","|faint|p1a: Eros","|","|","|switch|p1a: Urubutsin|Mandibuzz, F|387/423","|-damage|p1a: Urubutsin|282/423|[from] Stealth Rock","|turn|40","|","|move|p2a: Shiftry|Rock Slide|p1a: Urubutsin","|-supereffective|p1a: Urubutsin","|-damage|p1a: Urubutsin|139/423","|-damage|p2a: Shiftry|257/321|[from] item: Life Orb","|cant|p1a: Urubutsin|flinch","|","|turn|41","|","|move|p2a: Shiftry|Rock Slide|p1a: Urubutsin","|-supereffective|p1a: Urubutsin","|-damage|p1a: Urubutsin|0 fnt","|-damage|p2a: Shiftry|225/321|[from] item: Life Orb","|faint|p1a: Urubutsin","|","|","|switch|p1a: Sobek|Tyranitar, M|267/404","|-damage|p1a: Sobek|217/404|[from] Stealth Rock","|-weather|Sandstorm","|turn|42","|","|switch|p2a: Breloom|Breloom, M|172/261","|move|p1a: Sobek|Thunder Wave|p2a: Breloom","|-status|p2a: Breloom|par","|","|-weather|Sandstorm|[upkeep]","|-damage|p2a: Breloom|156/261 par|[from] sandstorm","|-heal|p1a: Sobek|242/404|[from] item: Leftovers","|turn|43","|","|move|p2a: Breloom|Mach Punch|p1a: Sobek","|-supereffective|p1a: Sobek","|-damage|p1a: Sobek|0 fnt","|faint|p1a: Sobek","|","|win|V Photon"],"p1rating":{"entryid":"393868","serverid":"eos","formatid":"monotype","userid":"ready4fredbear","username":"Ready4Fredbear?","w":"4","l":9,"t":"0","gxe":38.4,"r":"1427.8029145457","rd":"84.298169584476","sigma":"0","rptime":"1440925200","rpr":1408.8895757916,"rprd":82.038125892682,"rpsigma":"0","acre":1011.5389101538,"lacre":1011.5389101538,"oldacre":"1023.6110055095"},"p2rating":{"entryid":"24749","serverid":"eos","formatid":"monotype","userid":"vphoton","username":"V Photon - ⓈⓁⒺⒺⓅ","w":8,"l":"14","t":"0","gxe":41.2,"r":"1426.9662787883","rd":"73.174517960128","sigma":"0","rptime":"1440925200","rpr":1431.5539054604,"rprd":70.532250456261,"rpsigma":"0","acre":1088.9042316437,"lacre":1088.9042316437,"oldacre":"1061.4641800067"},"endType":"normal"}