{"seed":[40992,53602,45255,26312],"turns":32,"p1":"Apex Salamence","p2":"Hm Rider","p1team":[{"name":"Typhoon","species":"gyarados","item":"gyaradosite","ability":"Intimidate","moves":["dragondance","crunch","earthquake","waterfall"],"nature":"Adamant","evs":{"hp":0,"atk":252,"def":0,"spa":0,"spd":4,"spe":252},"gender":"M","shiny":true,"ivs":{"hp":31,"atk":31,"def":31,"spa":31,"spd":31,"spe":31}},{"name":"Nightwing","species":"gliscor","item":"toxicorb","ability":"Poison Heal","moves":["aerialace","earthquake","protect","toxic"],"nature":"Impish","evs":{"hp":248,"atk":0,"def":188,"spa":0,"spd":0,"spe":72},"gender":"M","shiny":true,"ivs":{"hp":31,"atk":31,"def":31,"spa":31,"spd":31,"spe":31}},{"name":"Cherokee","species":"xatu","item":"leftovers","ability":"Magic Bounce","moves":["haze","nightshade","heatwave","roost"],"nature":"Calm","evs":{"hp":252,"atk":0,"def":0,"spa":4,"spd":252,"spe":0},"gender":"M","shiny":true,"ivs":{"hp":31,"atk":31,"def":31,"spa":31,"spd":31,"spe":31}},{"name":"Porunga","species":"dragonite","item":"weaknesspolicy","ability":"Multiscale","moves":["dragondance","dragonclaw","extremespeed","fly"],"nature":"Adamant","evs":{"hp":0,"atk":252,"def":0,"spa":0,"spd":4,"spe":252},"gender":"M","shiny":true,"ivs":{"hp":31,"atk":31,"def":31,"spa":31,"spd":31,"spe":31}},{"name":"Jupiter","species":"thundurus","item":"lifeorb","ability":"Prankster","moves":["nastyplot","thunderwave","thunderbolt","hiddenpowerice"],"nature":"Timid","evs":{"hp":0,"atk":0,"def":0,"spa":252,"spd":4,"spe":252},"ivs":{"hp":31,"atk":30,"def":30,"spa":31,"spd":31,"spe":31},"shiny":true},{"name":"DEATH","species":"togekiss","item":"leftovers","ability":"Serene Grace","moves":["airslash","thunderwave","nastyplot","wish"],"nature":"Calm","evs":{"hp":252,"atk":0,"def":0,"spa":4,"spd":252,"spe":0},"gender":"F","shiny":true,"ivs":{"hp":31,"atk":31,"def":31,"spa":31,"spd":31,"spe":31}}],"p2team":[{"name":"Keldeo-Resolute","species":"Keldeo-Resolute","item":"lifeorb","ability":"Justified","moves":["scald","secretsword","icywind","aquajet"],"nature":"Timid","evs":{"hp":0,"atk":0,"def":0,"spa":252,"spd":4,"spe":252},"shiny":true,"ivs":{"hp":31,"atk":31,"def":31,"spa":31,"spd":31,"spe":31}},{"name":"Terrakion","species":"Terrakion","item":"leftovers","ability":"Justified","moves":["stealthrock","closecombat","earthquake","stoneedge"],"nature":"Jolly","evs":{"hp":88,"atk":172,"def":4,"spa":0,"spd":0,"spe":244},"shiny":true,"ivs":{"hp":31,"atk":31,"def":31,"spa":31,"spd":31,"spe":31}},{"name":"Hawlucha","species":"Hawlucha","item":"","ability":"Unburden","moves":["brickbreak","acrobatics","poisonjab","highjumpkick"],"nature":"Jolly","evs":{"hp":0,"atk":252,"def":0,"spa":0,"spd":4,"spe":252},"shiny":true,"ivs":{"hp":31,"atk":31,"def":31,"spa":31,"spd":31,"spe":31}},{"name":"Gallade","species":"Gallade","item":"galladite","ability":"Steadfast","moves":["swordsdance","shadowsneak","psychocut","drainpunch"],"nature":"Jolly","evs":{"hp":0,"atk":252,"def":0,"spa":0,"spd":4,"spe":252},"shiny":true,"ivs":{"hp":31,"atk":31,"def":31,"spa":31,"spd":31,"spe":31}},{"name":"Breloom","species":"Breloom","item":"toxicorb","ability":"Poison Heal","moves":["spore","protect","leechseed","seedbomb"],"nature":"Jolly","evs":{"hp":252,"atk":4,"def":0,"spa":0,"spd":0,"spe":252},"shiny":true,"ivs":{"hp":31,"atk":31,"def":31,"spa":31,"spd":31,"spe":31}},{"name":"Mienshao","species":"Mienshao","item":"choicescarf","ability":"Reckless","moves":["highjumpkick","poisonjab","knockoff","stoneedge"],"nature":"Jolly","evs":{"hp":0,"atk":252,"def":0,"spa":0,"spd":4,"spe":252},"shiny":true,"ivs":{"hp":31,"atk":31,"def":31,"spa":31,"spd":31,"spe":31}}],"log":["|player|p1|Apex Salamence|266","|player|p2|Hm Rider|13","|gametype|singles","|gen|6","|tier|Monotype","|rated","|rule|Baton Pass Clause: Limit one Baton Passer, can't pass Spe and other stats simultaneously","|rule|Swagger Clause: Swagger is banned","|rule|Same Type Clause: Pokémon in a team must share a type","|clearpoke","|poke|p1|Gyarados, M, shiny","|poke|p1|Gliscor, M, shiny","|poke|p1|Xatu, M, shiny","|poke|p1|Dragonite, M, shiny","|poke|p1|Thundurus, M, shiny","|poke|p1|Togekiss, F, shiny","|poke|p2|Keldeo-Resolute, shiny","|poke|p2|Terrakion, shiny","|poke|p2|Hawlucha, F, shiny","|poke|p2|Gallade, M, shiny","|poke|p2|Breloom, F, shiny","|poke|p2|Mienshao, F, shiny","|rule|Sleep Clause Mod: Limit one foe put to sleep","|rule|Species Clause: Limit one of each Pokémon","|rule|OHKO Clause: OHKO moves are banned","|rule|Moody Clause: Moody is banned","|rule|Evasion Moves Clause: Evasion moves are banned","|rule|Endless Battle Clause: Forcing endless battles is banned","|rule|HP Percentage Mod: HP is shown in percentages","|teampreview","|","|start","|switch|p1a: Jupiter|Thundurus, M, shiny|299/299","|switch|p2a: Terrakion|Terrakion, shiny|345/345","|turn|1","|","|move|p1a: Jupiter|Thunder Wave|p2a: Terrakion","|-status|p2a: Terrakion|par","|move|p2a: Terrakion|Stone Edge|p1a: Jupiter|[miss]","|-miss|p2a: Terrakion|p1a: Jupiter","|","|turn|2","|","|move|p1a: Jupiter|Hidden Power|p2a: Terrakion","|-damage|p2a: Terrakion|253/345 par","|-damage|p1a: Jupiter|270/299|[from] item: Life Orb","|move|p2a: Terrakion|Stealth Rock|p1a: Jupiter","|-sidestart|p1: Apex Salamence|move: Stealth Rock","|","|-heal|p2a: Terrakion|274/345 par|[from] item: Leftovers","|turn|3","|","|move|p1a: Jupiter|Thunderbolt|p2a: Terrakion","|-damage|p2a: Terrakion|50/345 par","|-damage|p1a: Jupiter|241/299|[from] item: Life Orb","|move|p2a: Terrakion|Stone Edge|p1a: Jupiter","|-crit|p1a: Jupiter","|-supereffective|p1a: Jupiter","|-damage|p1a: Jupiter|0 fnt","|faint|p1a: Jupiter","|","|-heal|p2a: Terrakion|71/345 par|[from] item: Leftovers","|","|switch|p1a: Nightwing|Gliscor, M, shiny|353/353","|-damage|p1a: Nightwing|309/353|[from] Stealth Rock","|turn|4","|","|move|p1a: Nightwing|Earthquake|p2a: Terrakion","|-supereffective|p2a: Terrakion","|-damage|p2a: Terrakion|0 fnt","|faint|p2a: Terrakion","|","|-status|p1a: Nightwing|tox|[from] item: Toxic Orb","|","|switch|p2a: Keldeo-Resolute|Keldeo-Resolute, shiny|323/323","|turn|5","|","|move|p1a: Nightwing|Protect|p1a: Nightwing","|-singleturn|p1a: Nightwing|Protect","|move|p2a: Keldeo-Resolute|Icy Wind|p1a: Nightwing","|-activate|p1a: Nightwing|Protect","|","|-heal|p1a: Nightwing|353/353 tox|[from] ability: Poison Heal","|turn|6","|","|switch|p1a: DEATH|Togekiss, F, shiny|374/374","|-damage|p1a: DEATH|281/374|[from] Stealth Rock","|move|p2a: Keldeo-Resolute|Icy Wind|p1a: DEATH","|-supereffective|p1a: DEATH","|-damage|p1a: DEATH|172/374","|-unboost|p1a: DEATH|spe|1","|-damage|p2a: Keldeo-Resolute|291/323|[from] item: Life Orb","|","|-heal|p1a: DEATH|195/374|[from] item: Leftovers","|turn|7","|","|move|p2a: Keldeo-Resolute|Scald|p1a: DEATH","|-damage|p1a: DEATH|66/374","|-damage|p2a: Keldeo-Resolute|259/323|[from] item: Life Orb","|move|p1a: DEATH|Thunder Wave|p2a: Keldeo-Resolute","|-status|p2a: Keldeo-Resolute|par","|","|-heal|p1a: DEATH|89/374|[from] item: Leftovers","|turn|8","|","|move|p1a: DEATH|Air Slash|p2a: Keldeo-Resolute","|-supereffective|p2a: Keldeo-Resolute","|-damage|p2a: Keldeo-Resolute|49/323 par","|cant|p2a: Keldeo-Resolute|flinch","|","|-heal|p1a: DEATH|112/374|[from] item: Leftovers","|turn|9","|","|cant|p2a: Keldeo-Resolute|par","|move|p1a: DEATH|Air Slash|p2a: Keldeo-Resolute","|-supereffective|p2a: Keldeo-Resolute","|-damage|p2a: Keldeo-Resolute|0 fnt","|faint|p2a: Keldeo-Resolute","|","|-heal|p1a: DEATH|135/374|[from] item: Leftovers","|","|switch|p2a: Hawlucha|Hawlucha, F, shiny|297/297","|turn|10","|","|move|p2a: Hawlucha|Acrobatics|p1a: DEATH","|-damage|p1a: DEATH|0 fnt","|faint|p1a: DEATH","|","|","|switch|p1a: Nightwing|Gliscor, M, shiny|353/353 tox","|-damage|p1a: Nightwing|309/353 tox|[from] Stealth Rock","|turn|11","|","|move|p2a: Hawlucha|Acrobatics|p1a: Nightwing","|-damage|p1a: Nightwing|215/353 tox","|move|p1a: Nightwing|Aerial Ace|p2a: Hawlucha","|-supereffective|p2a: Hawlucha","|-damage|p2a: Hawlucha|127/297","|","|-heal|p1a: Nightwing|259/353 tox|[from] ability: Poison Heal","|turn|12","|","|move|p2a: Hawlucha|Acrobatics|p1a: Nightwing","|-damage|p1a: Nightwing|166/353 tox","|move|p1a: Nightwing|Aerial Ace|p2a: Hawlucha","|-supereffective|p2a: Hawlucha","|-damage|p2a: Hawlucha|0 fnt","|faint|p2a: Hawlucha","|","|-heal|p1a: Nightwing|210/353 tox|[from] ability: Poison Heal","|","|switch|p2a: Gallade|Gallade, M, shiny|277/277","|turn|13","|","|detailschange|p2a: Gallade|Gallade-Mega, M, shiny","|-mega|p2a: Gallade|Gallade|Galladite","|move|p1a: Nightwing|Protect|p1a: Nightwing","|-singleturn|p1a: Nightwing|Protect","|move|p2a: Gallade|Swords Dance|p2a: Gallade","|-boost|p2a: Gallade|atk|2","|","|-heal|p1a: Nightwing|254/353 tox|[from] ability: Poison Heal","|turn|14","|","|move|p2a: Gallade|Psycho Cut|p1a: Nightwing","|-damage|p1a: Nightwing|49/353 tox","|move|p1a: Nightwing|Aerial Ace|p2a: Gallade","|-supereffective|p2a: Gallade","|-damage|p2a: Gallade|139/277","|","|-heal|p1a: Nightwing|93/353 tox|[from] ability: Poison Heal","|turn|15","|","|move|p1a: Nightwing|Protect|p1a: Nightwing","|-singleturn|p1a: Nightwing|Protect","|move|p2a: Gallade|Shadow Sneak|p1a: Nightwing","|-activate|p1a: Nightwing|Protect","|","|-heal|p1a: Nightwing|137/353 tox|[from] ability: Poison Heal","|turn|16","|","|move|p2a: Gallade|Psycho Cut|p1a: Nightwing","|-crit|p1a: Nightwing","|-damage|p1a: Nightwing|0 fnt","|faint|p1a: Nightwing","|","|","|switch|p1a: Typhoon|Gyarados, M, shiny|331/331","|-damage|p1a: Typhoon|249/331|[from] Stealth Rock","|-ability|p1a: Typhoon|Intimidate","|-unboost|p2a: Gallade|atk|1","|turn|17","|","|detailschange|p1a: Typhoon|Gyarados-Mega, M, shiny","|-mega|p1a: Typhoon|Gyarados|Gyaradosite","|-ability|p1a: Typhoon|Mold Breaker","|move|p2a: Gallade|Psycho Cut|p1a: Typhoon","|-immune|p1a: Typhoon|[msg]","|move|p1a: Typhoon|Dragon Dance|p1a: Typhoon","|-boost|p1a: Typhoon|atk|1","|-boost|p1a: Typhoon|spe|1","|","|turn|18","|","|move|p1a: Typhoon|Crunch|p2a: Gallade","|-damage|p2a: Gallade|0 fnt","|faint|p2a: Gallade","|","|","|switch|p2a: Mienshao|Mienshao, F, shiny|271/271","|turn|19","|","|move|p2a: Mienshao|High Jump Kick|p1a: Typhoon","|-supereffective|p1a: Typhoon","|-damage|p1a: Typhoon|0 fnt","|faint|p1a: Typhoon","|","|","|switch|p1a: Cherokee|Xatu, M, shiny|334/334","|-damage|p1a: Cherokee|251/334|[from] Stealth Rock","|turn|20","|","|switch|p2a: Breloom|Breloom, F, shiny|324/324","|move|p1a: Cherokee|Night Shade|p2a: Breloom","|-damage|p2a: Breloom|224/324","|","|-heal|p1a: Cherokee|271/334|[from] item: Leftovers","|-status|p2a: Breloom|tox|[from] item: Toxic Orb","|turn|21","|","|move|p2a: Breloom|Protect|p2a: Breloom","|-singleturn|p2a: Breloom|Protect","|move|p1a: Cherokee|Heat Wave|p2a: Breloom","|-activate|p2a: Breloom|Protect","|","|-heal|p1a: Cherokee|291/334|[from] item: Leftovers","|-heal|p2a: Breloom|264/324 tox|[from] ability: Poison Heal","|turn|22","|","|switch|p2a: Mienshao|Mienshao, F, shiny|271/271","|move|p1a: Cherokee|Heat Wave|p2a: Mienshao","|-miss|p1a: Cherokee|p2a: Mienshao","|","|-heal|p1a: Cherokee|311/334|[from] item: Leftovers","|turn|23","|","|move|p2a: Mienshao|Stone Edge|p1a: Cherokee","|-supereffective|p1a: Cherokee","|-damage|p1a: Cherokee|13/334","|move|p1a: Cherokee|Night Shade|p2a: Mienshao","|-damage|p2a: Mienshao|171/271","|","|-heal|p1a: Cherokee|33/334|[from] item: Leftovers","|turn|24","|","|move|p2a: Mienshao|Stone Edge|p1a: Cherokee","|-supereffective|p1a: Cherokee","|-damage|p1a: Cherokee|0 fnt","|faint|p1a: Cherokee","|","|","|switch|p1a: Porunga|Dragonite, M, shiny|323/323","|-damage|p1a: Porunga|243/323|[from] Stealth Rock","|turn|25","|","|move|p1a: Porunga|Extreme Speed|p2a: Mienshao","|-damage|p2a: Mienshao|12/271","|move|p2a: Mienshao|Stone Edge|p1a: Porunga|[miss]","|-miss|p2a: Mienshao|p1a: Porunga","|","|turn|26","|","|move|p1a: Porunga|Extreme Speed|p2a: Mienshao","|-damage|p2a: Mienshao|0 fnt","|faint|p2a: Mienshao","|","|","|switch|p2a: Breloom|Breloom, F, shiny|264/324 tox","|turn|27","|","|move|p2a: Breloom|Spore|p1a: Porunga","|-status|p1a: Porunga|slp","|cant|p1a: Porunga|slp","|","|-heal|p2a: Breloom|304/324 tox|[from] ability: Poison Heal","|turn|28","|","|move|p2a: Breloom|Leech Seed|p1a: Porunga","|-start|p1a: Porunga|move: Leech Seed","|-curestatus|p1a: Porunga|slp","|move|p1a: Porunga|Fly|p2a: Breloom|[still]","|-prepare|p1a: Porunga|Fly|p2a: Breloom","|","|-damage|p1a: Porunga|203/323|[from] Leech Seed|[of] p2a: Breloom","|-heal|p2a: Breloom|324/324 tox|[silent]","|turn|29","|","|move|p2a: Breloom|Protect|p2a: Breloom","|-singleturn|p2a: Breloom|Protect","|move|p1a: Porunga|Fly|p2a: Breloom|[from]lockedmove","|-activate|p2a: Breloom|Protect","|","|-damage|p1a: Porunga|163/323|[from] Leech Seed|[of] p2a: Breloom","|turn|30","|","|move|p1a: Porunga|Extreme Speed|p2a: Breloom","|-damage|p2a: Breloom|190/324 tox","|move|p2a: Breloom|Spore|p1a: Porunga","|-status|p1a: Porunga|slp","|","|-damage|p1a: Porunga|123/323 slp|[from] Leech Seed|[of] p2a: Breloom","|-heal|p2a: Breloom|230/324 tox|[silent]","|-heal|p2a: Breloom|270/324 tox|[from] ability: Poison Heal","|turn|31","|","|cant|p1a: Porunga|slp","|move|p2a: Breloom|Seed Bomb|p1a: Porunga","|-resisted|p1a: Porunga","|-damage|p1a: Porunga|95/323 slp","|","|-damage|p1a: Porunga|55/323 slp|[from] Leech Seed|[of] p2a: Breloom","|-heal|p2a: Breloom|310/324 tox|[silent]","|-heal|p2a: Breloom|324/324 tox|[from] ability: Poison Heal","|turn|32","|","|cant|p1a: Porunga|slp","|move|p2a: Breloom|Seed Bomb|p1a: Porunga","|-resisted|p1a: Porunga","|-damage|p1a: Porunga|22/323 slp","|","|-damage|p1a: Porunga|0 fnt|[from] Leech Seed|[of] p2a: Breloom","|faint|p1a: Porunga","|","|win|Hm Rider"],"p1rating":{"entryid":"1755","serverid":"eos","formatid":"monotype","userid":"apexsalamence","username":"Apex Salamence","w":"44","l":37,"t":"0","gxe":55.4,"r":"1555.5663821576","rd":"40.745575440078","sigma":"0","rptime":"1440925200","rpr":1540.6509789528,"rprd":39.990684105416,"rpsigma":"0","acre":1077.1362522817,"lacre":1077.1362522817,"oldacre":"1100.7231828168"},"p2rating":{"entryid":"552316","serverid":"eos","formatid":"monotype","userid":"hmrider","username":"Hm Rider","w":12,"l":"10","t":"0","gxe":54.8,"r":"1523.8678000592","rd":"74.021608155443","sigma":"0","rptime":"1440925200","rpr":1537.2343911175,"rprd":67.526179031045,"rpsigma":"0","acre":1143.9690915572,"lacre":1143.9690915572,"oldacre":"1120.3821610221"},"endType":"normal"}