{"seed":[50866,47253,31451,32114],"turns":32,"p1":"Union Beerus","p2":"SirFancyFeastDeMC","p1team":[{"name":"Flygon","species":"Flygon","item":"choiceband","ability":"Levitate","moves":["earthquake","stoneedge","outrage","superpower"],"nature":"Jolly","evs":{"hp":0,"atk":252,"def":0,"spa":0,"spd":4,"spe":252},"ivs":{"hp":31,"atk":31,"def":31,"spa":31,"spd":31,"spe":31}},{"name":"Zygarde","species":"Zygarde","item":"leftovers","ability":"Aura Break","moves":["dragondance","extremespeed","rockslide","substitute"],"nature":"Adamant","evs":{"hp":0,"atk":252,"def":0,"spa":0,"spd":4,"spe":252},"ivs":{"hp":31,"atk":31,"def":31,"spa":31,"spd":31,"spe":31}},{"name":"Latios","species":"Latios","item":"latiosite","ability":"Levitate","moves":["dracometeor","psychic","thunderbolt","dragonpulse"],"nature":"Timid","evs":{"hp":0,"atk":0,"def":0,"spa":252,"spd":4,"spe":252},"ivs":{"hp":31,"atk":31,"def":31,"spa":31,"spd":31,"spe":31}},{"name":"Noivern","species":"Noivern","item":"choicespecs","ability":"Frisk","moves":["airslash","boomburst","dracometeor","flamethrower"],"nature":"Timid","evs":{"hp":0,"atk":0,"def":0,"spa":252,"spd":4,"spe":252},"ivs":{"hp":31,"atk":31,"def":31,"spa":31,"spd":31,"spe":31}},{"name":"Kingdra","species":"Kingdra","item":"leftovers","ability":"Sniper","moves":["dragondance","outrage","bounce","waterfall"],"nature":"Adamant","evs":{"hp":0,"atk":0,"def":0,"spa":0,"spd":4,"spe":252},"ivs":{"hp":31,"atk":31,"def":31,"spa":31,"spd":31,"spe":31}},{"name":"Hydreigon","species":"Hydreigon","item":"lifeorb","ability":"Levitate","moves":["crunch","dragonrush","flamethrower","steelwing"],"nature":"Hasty","evs":{"hp":0,"atk":252,"def":0,"spa":4,"spd":0,"spe":252},"ivs":{"hp":31,"atk":31,"def":31,"spa":31,"spd":31,"spe":31}}],"p2team":[{"name":"Infernape","species":"Infernape","item":"assaultvest","ability":"Iron Fist","moves":["poweruppunch","machpunch","flareblitz","gunkshot"],"nature":"Jolly","evs":{"hp":0,"atk":252,"def":0,"spa":0,"spd":4,"spe":252},"ivs":{"hp":31,"atk":31,"def":31,"spa":31,"spd":31,"spe":31}},{"name":"Charizard","species":"Charizard","item":"charizarditey","ability":"Blaze","moves":["flamethrower","airslash","ancientpower","solarbeam"],"nature":"Timid","evs":{"hp":0,"atk":0,"def":0,"spa":252,"spd":4,"spe":252},"ivs":{"hp":31,"atk":31,"def":31,"spa":31,"spd":31,"spe":31}},{"name":"Darmanitan","species":"Darmanitan","item":"assaultvest","ability":"Sheer Force","moves":["earthquake","flareblitz","stoneedge"],"nature":"Adamant","evs":{"hp":248,"atk":252,"def":0,"spa":0,"spd":8,"spe":0},"ivs":{"hp":31,"atk":31,"def":31,"spa":31,"spd":31,"spe":31}},{"name":"Victini","species":"Victini","item":"choiceband","ability":"Victory Star","moves":["vcreate","fusionbolt","uturn","zenheadbutt"],"nature":"Jolly","evs":{"hp":0,"atk":252,"def":0,"spa":0,"spd":4,"spe":252},"ivs":{"hp":31,"atk":31,"def":31,"spa":31,"spd":31,"spe":31}},{"name":"Rotom-Heat","species":"Rotom-Heat","item":"leftovers","ability":"Levitate","moves":["painsplit","overheat","willowisp","voltswitch"],"nature":"Calm","evs":{"hp":252,"atk":0,"def":0,"spa":4,"spd":252,"spe":0},"ivs":{"hp":31,"atk":31,"def":31,"spa":31,"spd":31,"spe":31}},{"name":"Delphox","species":"Delphox","item":"flameorb","ability":"Blaze","moves":["trick","psychic","dazzlinggleam","signalbeam"],"nature":"Timid","evs":{"hp":0,"atk":0,"def":0,"spa":252,"spd":4,"spe":252},"ivs":{"hp":31,"atk":31,"def":31,"spa":31,"spd":31,"spe":31}}],"log":["|player|p1|Union Beerus|169","|player|p2|SirFancyFeastDeMC|169","|gametype|singles","|gen|6","|tier|Monotype","|rated","|rule|Baton Pass Clause: Limit one Baton Passer, can't pass Spe and other stats simultaneously","|rule|Swagger Clause: Swagger is banned","|rule|Same Type Clause: Pokémon in a team must share a type","|clearpoke","|poke|p1|Flygon, M","|poke|p1|Zygarde","|poke|p1|Latios, M","|poke|p1|Noivern, M","|poke|p1|Kingdra, F","|poke|p1|Hydreigon, M","|poke|p2|Infernape, F","|poke|p2|Charizard, M","|poke|p2|Darmanitan, M","|poke|p2|Victini","|poke|p2|Rotom-Heat","|poke|p2|Delphox, F","|rule|Sleep Clause Mod: Limit one foe put to sleep","|rule|Species Clause: Limit one of each Pokémon","|rule|OHKO Clause: OHKO moves are banned","|rule|Moody Clause: Moody is banned","|rule|Evasion Moves Clause: Evasion moves are banned","|rule|Endless Battle Clause: Forcing endless battles is banned","|rule|HP Percentage Mod: HP is shown in percentages","|teampreview","|","|start","|switch|p1a: Kingdra|Kingdra, F|291/291","|switch|p2a: Victini|Victini|341/341","|turn|1","|","|switch|p1a: Zygarde|Zygarde|357/357","|-ability|p1a: Zygarde|Aura Break","|move|p2a: Victini|Zen Headbutt|p1a: Zygarde","|-damage|p1a: Zygarde|209/357","|","|-heal|p1a: Zygarde|231/357|[from] item: Leftovers","|turn|2","|","|switch|p2a: Rotom-Heat|Rotom-Heat|304/304","|move|p1a: Zygarde|Rock Slide|p2a: Rotom-Heat","|-miss|p1a: Zygarde|p2a: Rotom-Heat","|","|-heal|p1a: Zygarde|253/357|[from] item: Leftovers","|turn|3","|","|move|p1a: Zygarde|Rock Slide|p2a: Rotom-Heat","|-supereffective|p2a: Rotom-Heat","|-damage|p2a: Rotom-Heat|148/304","|move|p2a: Rotom-Heat|Will-O-Wisp|p1a: Zygarde","|-status|p1a: Zygarde|brn","|","|-heal|p1a: Zygarde|275/357 brn|[from] item: Leftovers","|-heal|p2a: Rotom-Heat|167/304|[from] item: Leftovers","|-damage|p1a: Zygarde|231/357 brn|[from] brn","|turn|4","|","|switch|p1a: Noivern|Noivern, M|311/311","|-item|p2a: Rotom-Heat|Leftovers|[from] ability: Frisk|[of] p1a: Noivern|[identify]","|move|p2a: Rotom-Heat|Pain Split|p1a: Noivern","|-sethp|p1a: Noivern|239/311|p2a: Rotom-Heat|239/304|[from] move: Pain Split","|","|-heal|p2a: Rotom-Heat|258/304|[from] item: Leftovers","|turn|5","|","|move|p1a: Noivern|Air Slash|p2a: Rotom-Heat","|-resisted|p2a: Rotom-Heat","|-damage|p2a: Rotom-Heat|204/304","|cant|p2a: Rotom-Heat|flinch","|","|-heal|p2a: Rotom-Heat|223/304|[from] item: Leftovers","|turn|6","|","|switch|p1a: Zygarde|Zygarde|231/357 brn","|-ability|p1a: Zygarde|Aura Break","|move|p2a: Rotom-Heat|Volt Switch|p1a: Zygarde","|-immune|p1a: Zygarde|[msg]","|","|-heal|p1a: Zygarde|253/357 brn|[from] item: Leftovers","|-heal|p2a: Rotom-Heat|242/304|[from] item: Leftovers","|-damage|p1a: Zygarde|209/357 brn|[from] brn","|turn|7","|","|move|p1a: Zygarde|Dragon Dance|p1a: Zygarde","|-boost|p1a: Zygarde|atk|1","|-boost|p1a: Zygarde|spe|1","|move|p2a: Rotom-Heat|Overheat|p1a: Zygarde","|-resisted|p1a: Zygarde","|-damage|p1a: Zygarde|130/357 brn","|-unboost|p2a: Rotom-Heat|spa|2","|","|-heal|p1a: Zygarde|152/357 brn|[from] item: Leftovers","|-heal|p2a: Rotom-Heat|261/304|[from] item: Leftovers","|-damage|p1a: Zygarde|108/357 brn|[from] brn","|turn|8","|","|move|p1a: Zygarde|Rock Slide|p2a: Rotom-Heat","|-supereffective|p2a: Rotom-Heat","|-damage|p2a: Rotom-Heat|146/304","|move|p2a: Rotom-Heat|Overheat|p1a: Zygarde|[miss]","|-miss|p2a: Rotom-Heat|p1a: Zygarde","|","|-heal|p1a: Zygarde|130/357 brn|[from] item: Leftovers","|-heal|p2a: Rotom-Heat|165/304|[from] item: Leftovers","|-damage|p1a: Zygarde|86/357 brn|[from] brn","|turn|9","|","|move|p1a: Zygarde|Dragon Dance|p1a: Zygarde","|-boost|p1a: Zygarde|atk|1","|-boost|p1a: Zygarde|spe|1","|move|p2a: Rotom-Heat|Overheat|p1a: Zygarde","|-resisted|p1a: Zygarde","|-damage|p1a: Zygarde|47/357 brn","|-unboost|p2a: Rotom-Heat|spa|2","|","|-heal|p1a: Zygarde|69/357 brn|[from] item: Leftovers","|-heal|p2a: Rotom-Heat|184/304|[from] item: Leftovers","|-damage|p1a: Zygarde|25/357 brn|[from] brn","|turn|10","|","|move|p1a: Zygarde|Rock Slide|p2a: Rotom-Heat","|-supereffective|p2a: Rotom-Heat","|-damage|p2a: Rotom-Heat|31/304","|cant|p2a: Rotom-Heat|flinch","|","|-heal|p1a: Zygarde|47/357 brn|[from] item: Leftovers","|-heal|p2a: Rotom-Heat|50/304|[from] item: Leftovers","|-damage|p1a: Zygarde|3/357 brn|[from] brn","|turn|11","|","|move|p1a: Zygarde|Extreme Speed|p2a: Rotom-Heat","|-damage|p2a: Rotom-Heat|0 fnt","|faint|p2a: Rotom-Heat","|","|-heal|p1a: Zygarde|25/357 brn|[from] item: Leftovers","|-damage|p1a: Zygarde|0 fnt|[from] brn","|faint|p1a: Zygarde","|","|switch|p2a: Victini|Victini|341/341","|switch|p1a: Kingdra|Kingdra, F|291/291","|turn|12","|","|switch|p1a: Hydreigon|Hydreigon, M|325/325","|move|p2a: Victini|Zen Headbutt|p1a: Hydreigon","|-immune|p1a: Hydreigon|[msg]","|","|turn|13","|","|switch|p2a: Infernape|Infernape, F|293/293","|move|p1a: Hydreigon|Dragon Rush|p2a: Infernape","|-damage|p2a: Infernape|7/293","|-damage|p1a: Hydreigon|293/325|[from] item: Life Orb","|","|turn|14","|","|switch|p1a: Kingdra|Kingdra, F|291/291","|move|p2a: Infernape|Mach Punch|p1a: Kingdra","|-damage|p1a: Kingdra|219/291","|","|-heal|p1a: Kingdra|237/291|[from] item: Leftovers","|turn|15","|","|move|p2a: Infernape|Power-Up Punch|p1a: Kingdra","|-damage|p1a: Kingdra|159/291","|-boost|p2a: Infernape|atk|1","|move|p1a: Kingdra|Waterfall|p2a: Infernape","|-supereffective|p2a: Infernape","|-damage|p2a: Infernape|0 fnt","|faint|p2a: Infernape","|","|-heal|p1a: Kingdra|177/291|[from] item: Leftovers","|","|switch|p2a: Delphox|Delphox, F|291/291","|turn|16","|","|move|p2a: Delphox|Trick|p1a: Kingdra","|-activate|p2a: Delphox|move: Trick|[of] p1a: Kingdra","|-item|p1a: Kingdra|Flame Orb|[from] move: Trick","|-item|p2a: Delphox|Leftovers|[from] move: Trick","|move|p1a: Kingdra|Dragon Dance|p1a: Kingdra","|-boost|p1a: Kingdra|atk|1","|-boost|p1a: Kingdra|spe|1","|","|-status|p1a: Kingdra|brn|[from] item: Flame Orb","|turn|17","|","|move|p1a: Kingdra|Waterfall|p2a: Delphox","|-supereffective|p2a: Delphox","|-damage|p2a: Delphox|105/291","|move|p2a: Delphox|Dazzling Gleam|p1a: Kingdra","|-supereffective|p1a: Kingdra","|-damage|p1a: Kingdra|0 fnt","|faint|p1a: Kingdra","|","|-heal|p2a: Delphox|123/291|[from] item: Leftovers","|","|switch|p1a: Noivern|Noivern, M|239/311","|-item|p2a: Delphox|Leftovers|[from] ability: Frisk|[of] p1a: Noivern|[identify]","|turn|18","|","|switch|p2a: Victini|Victini|341/341","|move|p1a: Noivern|Air Slash|p2a: Victini","|-damage|p2a: Victini|188/341","|","|turn|19","|","|move|p1a: Noivern|Air Slash|p2a: Victini","|-damage|p2a: Victini|25/341","|cant|p2a: Victini|flinch","|","|turn|20","|","|move|p1a: Noivern|Air Slash|p2a: Victini|[miss]","|-miss|p1a: Noivern|p2a: Victini","|move|p2a: Victini|Zen Headbutt|p1a: Noivern","|-damage|p1a: Noivern|17/311","|","|turn|21","|","|move|p1a: Noivern|Air Slash|p2a: Victini","|-damage|p2a: Victini|0 fnt","|faint|p2a: Victini","|","|","|switch|p2a: Darmanitan|Darmanitan, M|413/413","|turn|22","|","|move|p1a: Noivern|Air Slash|p2a: Darmanitan|[miss]","|-miss|p1a: Noivern|p2a: Darmanitan","|move|p2a: Darmanitan|Stone Edge|p1a: Noivern","|-supereffective|p1a: Noivern","|-damage|p1a: Noivern|0 fnt","|faint|p1a: Noivern","|","|","|switch|p1a: Flygon|Flygon, M|301/301","|turn|23","|","|move|p1a: Flygon|Stone Edge|p2a: Darmanitan|[miss]","|-miss|p1a: Flygon|p2a: Darmanitan","|move|p2a: Darmanitan|Stone Edge|p1a: Flygon","|-resisted|p1a: Flygon","|-damage|p1a: Flygon|212/301","|","|turn|24","|","|move|p1a: Flygon|Stone Edge|p2a: Darmanitan","|-supereffective|p2a: Darmanitan","|-damage|p2a: Darmanitan|0 fnt","|faint|p2a: Darmanitan","|","|","|switch|p2a: Charizard|Charizard, M|297/297","|turn|25","|","|detailschange|p2a: Charizard|Charizard-Mega-Y, M","|-mega|p2a: Charizard|Charizard|Charizardite Y","|-weather|SunnyDay","|move|p1a: Flygon|Stone Edge|p2a: Charizard|[miss]","|-miss|p1a: Flygon|p2a: Charizard","|move|p2a: Charizard|Solar Beam|p1a: Flygon|[still]","|-prepare|p2a: Charizard|Solar Beam|p1a: Flygon","|-anim|p2a: Charizard|Solar Beam|p1a: Flygon","|-damage|p1a: Flygon|15/301","|","|-weather|SunnyDay|[upkeep]","|turn|26","|","|move|p2a: Charizard|Solar Beam|p1a: Flygon|[still]","|-prepare|p2a: Charizard|Solar Beam|p1a: Flygon","|-anim|p2a: Charizard|Solar Beam|p1a: Flygon","|-damage|p1a: Flygon|0 fnt","|faint|p1a: Flygon","|","|-weather|SunnyDay|[upkeep]","|","|switch|p1a: Hydreigon|Hydreigon, M|293/325","|turn|27","|","|move|p2a: Charizard|Ancient Power|p1a: Hydreigon","|-damage|p1a: Hydreigon|201/325","|-boost|p2a: Charizard|atk|1","|-boost|p2a: Charizard|def|1","|-boost|p2a: Charizard|spa|1","|-boost|p2a: Charizard|spd|1","|-boost|p2a: Charizard|spe|1","|move|p1a: Hydreigon|Crunch|p2a: Charizard","|-damage|p2a: Charizard|163/297","|-damage|p1a: Hydreigon|169/325|[from] item: Life Orb","|","|-weather|SunnyDay|[upkeep]","|turn|28","|","|move|p2a: Charizard|Air Slash|p1a: Hydreigon|[miss]","|-miss|p2a: Charizard|p1a: Hydreigon","|move|p1a: Hydreigon|Dragon Rush|p2a: Charizard|[miss]","|-miss|p1a: Hydreigon|p2a: Charizard","|","|-weather|SunnyDay|[upkeep]","|turn|29","|","|move|p2a: Charizard|Air Slash|p1a: Hydreigon","|-damage|p1a: Hydreigon|0 fnt","|faint|p1a: Hydreigon","|","|-weather|none","|","|switch|p1a: Latios|Latios, M|301/301","|turn|30","|","|detailschange|p1a: Latios|Latios-Mega, M","|-mega|p1a: Latios|Latios|Latiosite","|move|p2a: Charizard|Air Slash|p1a: Latios","|-damage|p1a: Latios|102/301","|move|p1a: Latios|Thunderbolt|p2a: Charizard","|-supereffective|p2a: Charizard","|-damage|p2a: Charizard|27/297","|","|turn|31","|","|move|p2a: Charizard|Air Slash|p1a: Latios|[miss]","|-miss|p2a: Charizard|p1a: Latios","|move|p1a: Latios|Thunderbolt|p2a: Charizard","|-supereffective|p2a: Charizard","|-damage|p2a: Charizard|0 fnt","|faint|p2a: Charizard","|","|","|switch|p2a: Delphox|Delphox, F|123/291","|turn|32","|","|move|p1a: Latios|Draco Meteor|p2a: Delphox","|-damage|p2a: Delphox|0 fnt","|-unboost|p1a: Latios|spa|2","|faint|p2a: Delphox","|","|win|Union Beerus"],"p1rating":{"entryid":"577945","serverid":"eos","formatid":"monotype","userid":"unionbeerus","username":"Union Beerus","w":7,"l":"5","t":"0","gxe":54.7,"r":"1500.513834028","rd":"116.34546821057","sigma":"0","rptime":"1440838800","rpr":1536.368121653,"rprd":82.906167695545,"rpsigma":"0","acre":1108.0719111144,"lacre":1108.0719111144,"oldacre":"1080.6653091662"},"p2rating":{"entryid":"299946","serverid":"eos","formatid":"monotype","userid":"sirfancyfeastdemc","username":"SirFancyFeastDeMC","w":"3","l":3,"t":"0","gxe":50.4,"r":"1531.6780875523","rd":"102.8110159841","sigma":"0","rptime":"1440838800","rpr":1502.9413141096,"rprd":99.089921674862,"rpsigma":"0","acre":1053.714923224,"lacre":1053.714923224,"oldacre":"1074.5179460259"},"endType":"normal"}