{"seed":[48346,7275,42547,9791],"turns":22,"p1":"Alliance ♋ akaFila","p2":"SL Lightoak","p1team":[{"name":"Hoopa-Unbound","species":"Hoopa-Unbound","item":"choiceband","ability":"Magician","moves":["hyperspacefury","facade","icepunch","drainpunch"],"nature":"Adamant","evs":{"hp":248,"atk":252,"def":0,"spa":0,"spd":8,"spe":0},"ivs":{"hp":31,"atk":31,"def":31,"spa":31,"spd":31,"spe":31}},{"name":"Sharpedo","species":"Sharpedo","item":"lifeorb","ability":"Speed Boost","moves":["hydropump","darkpulse","destinybond","protect"],"nature":"Modest","evs":{"hp":0,"atk":0,"def":0,"spa":252,"spd":4,"spe":252},"ivs":{"hp":31,"atk":31,"def":31,"spa":31,"spd":31,"spe":31}},{"name":"Pangoro","species":"Pangoro","item":"choicescarf","ability":"Iron Fist","moves":["drainpunch","knockoff","earthquake","partingshot"],"nature":"Jolly","evs":{"hp":0,"atk":252,"def":0,"spa":0,"spd":4,"spe":252},"ivs":{"hp":31,"atk":31,"def":31,"spa":31,"spd":31,"spe":31}},{"name":"Mandibuzz","species":"Mandibuzz","item":"rockyhelmet","ability":"Overcoat","moves":["foulplay","toxic","roost","defog"],"nature":"Bold","evs":{"hp":248,"atk":0,"def":252,"spa":0,"spd":8,"spe":0},"ivs":{"hp":31,"atk":31,"def":31,"spa":31,"spd":31,"spe":31}},{"name":"Tyranitar","species":"Tyranitar","item":"assaultvest","ability":"Sand Stream","moves":["crunch","earthquake","stoneedge","fireblast"],"nature":"Sassy","evs":{"hp":252,"atk":0,"def":6,"spa":0,"spd":252,"spe":0},"ivs":{"hp":31,"atk":31,"def":31,"spa":31,"spd":31,"spe":31}},{"name":"Bisharp","species":"Bisharp","item":"focussash","ability":"Defiant","moves":["swordsdance","knockoff","ironhead","suckerpunch"],"nature":"Adamant","evs":{"hp":248,"atk":252,"def":0,"spa":0,"spd":8,"spe":0},"ivs":{"hp":31,"atk":31,"def":31,"spa":31,"spd":31,"spe":31}}],"p2team":[{"name":"Scizor","species":"Scizor","item":"scizorite","ability":"Swarm","moves":["swordsdance","bulletpunch","xscissor","roost"],"nature":"","evs":{"hp":0,"atk":0,"def":0,"spa":0,"spd":0,"spe":0},"ivs":{"hp":31,"atk":31,"def":31,"spa":31,"spd":31,"spe":31}},{"name":"Jirachi","species":"Jirachi","item":"leftovers","ability":"Serene Grace","moves":["thunderwave","ironhead","wish","poweruppunch"],"nature":"Adamant","evs":{"hp":224,"atk":252,"def":0,"spa":0,"spd":0,"spe":32},"ivs":{"hp":31,"atk":31,"def":31,"spa":31,"spd":31,"spe":31}},{"name":"Doublade","species":"Doublade","item":"eviolite","ability":"No Guard","moves":["rockslide","sacredsword","shadowsneak","swordsdance"],"nature":"Adamant","evs":{"hp":248,"atk":252,"def":0,"spa":0,"spd":8,"spe":0},"ivs":{"hp":31,"atk":31,"def":31,"spa":31,"spd":31,"spe":31}},{"name":"Skarmory","species":"Skarmory","item":"rockyhelmet","ability":"Keen Eye","moves":["roost","sandstorm","ironhead","defog"],"nature":"","evs":{"hp":0,"atk":0,"def":0,"spa":0,"spd":0,"spe":0},"ivs":{"hp":31,"atk":31,"def":31,"spa":31,"spd":31,"spe":31}},{"name":"Excadrill","species":"Excadrill","item":"lifeorb","ability":"Sand Rush","moves":["earthquake","ironhead","rockslide","xscissor"],"nature":"Adamant","evs":{"hp":0,"atk":252,"def":0,"spa":0,"spd":4,"spe":252},"ivs":{"hp":31,"atk":31,"def":31,"spa":31,"spd":31,"spe":31}},{"name":"Bronzong","species":"Bronzong","item":"lightclay","ability":"Levitate","moves":["lightscreen","reflect","sandstorm","psychic"],"nature":"Calm","evs":{"hp":248,"atk":0,"def":0,"spa":8,"spd":252,"spe":0},"ivs":{"hp":31,"atk":31,"def":31,"spa":31,"spd":31,"spe":31}}],"log":["|player|p1|Alliance ♋ akaFila|allianceakafila.gif","|player|p2|SL Lightoak|lightofaknowing.png","|gametype|singles","|gen|6","|tier|Monotype","|rated","|rule|Baton Pass Clause: Limit one Baton Passer, can't pass Spe and other stats simultaneously","|rule|Swagger Clause: Swagger is banned","|rule|Same Type Clause: Pokémon in a team must share a type","|clearpoke","|poke|p1|Hoopa-Unbound","|poke|p1|Sharpedo, M","|poke|p1|Pangoro, M","|poke|p1|Mandibuzz, F","|poke|p1|Tyranitar, M","|poke|p1|Bisharp, F","|poke|p2|Scizor, M","|poke|p2|Jirachi","|poke|p2|Doublade, M","|poke|p2|Skarmory, M","|poke|p2|Excadrill, F","|poke|p2|Bronzong","|rule|Sleep Clause Mod: Limit one foe put to sleep","|rule|Species Clause: Limit one of each Pokémon","|rule|OHKO Clause: OHKO moves are banned","|rule|Moody Clause: Moody is banned","|rule|Evasion Moves Clause: Evasion moves are banned","|rule|Endless Battle Clause: Forcing endless battles is banned","|rule|HP Percentage Mod: HP is shown in percentages","|teampreview","|","|start","|switch|p1a: Sharpedo|Sharpedo, M|281/281","|switch|p2a: Bronzong|Bronzong|337/337","|turn|1","|","|move|p1a: Sharpedo|Dark Pulse|p2a: Bronzong","|-supereffective|p2a: Bronzong","|-damage|p2a: Bronzong|108/337","|-damage|p1a: Sharpedo|253/281|[from] item: Life Orb","|move|p2a: Bronzong|Reflect|p2a: Bronzong","|-sidestart|p2: SL Lightoak|Reflect","|","|-boost|p1a: Sharpedo|spe|1|[from] ability: Speed Boost","|turn|2","|","|move|p1a: Sharpedo|Dark Pulse|p2a: Bronzong","|-supereffective|p2a: Bronzong","|-damage|p2a: Bronzong|0 fnt","|-damage|p1a: Sharpedo|225/281|[from] item: Life Orb","|faint|p2a: Bronzong","|","|-boost|p1a: Sharpedo|spe|1|[from] ability: Speed Boost","|","|switch|p2a: Skarmory|Skarmory, M|271/271","|turn|3","|","|move|p1a: Sharpedo|Dark Pulse|p2a: Skarmory","|-damage|p2a: Skarmory|57/271","|-damage|p1a: Sharpedo|197/281|[from] item: Life Orb","|move|p2a: Skarmory|Sandstorm|p2a: Skarmory","|-weather|Sandstorm","|","|-weather|Sandstorm|[upkeep]","|-damage|p1a: Sharpedo|180/281|[from] sandstorm","|-boost|p1a: Sharpedo|spe|1|[from] ability: Speed Boost","|turn|4","|","|move|p1a: Sharpedo|Dark Pulse|p2a: Skarmory","|-damage|p2a: Skarmory|0 fnt","|-damage|p1a: Sharpedo|152/281|[from] item: Life Orb","|faint|p2a: Skarmory","|","|-weather|Sandstorm|[upkeep]","|-damage|p1a: Sharpedo|135/281|[from] sandstorm","|-boost|p1a: Sharpedo|spe|1|[from] ability: Speed Boost","|","|switch|p2a: Scizor|Scizor, M|281/281","|turn|5","|","|switch|p1a: Mandibuzz|Mandibuzz, F|423/423","|detailschange|p2a: Scizor|Scizor-Mega, M","|-mega|p2a: Scizor|Scizor|Scizorite","|move|p2a: Scizor|Bullet Punch|p1a: Mandibuzz","|-damage|p1a: Mandibuzz|357/423","|-damage|p2a: Scizor|235/281|[from] item: Rocky Helmet|[of] p1a: Mandibuzz","|","|-weather|Sandstorm|[upkeep]","|turn|6","|","|move|p1a: Mandibuzz|Foul Play|p2a: Scizor","|-damage|p2a: Scizor|174/281","|move|p2a: Scizor|Swords Dance|p2a: Scizor","|-boost|p2a: Scizor|atk|2","|","|-weather|Sandstorm|[upkeep]","|turn|7","|","|move|p1a: Mandibuzz|Foul Play|p2a: Scizor","|-damage|p2a: Scizor|48/281","|move|p2a: Scizor|X-Scissor|p1a: Mandibuzz","|-damage|p1a: Mandibuzz|183/423","|-damage|p2a: Scizor|2/281|[from] item: Rocky Helmet|[of] p1a: Mandibuzz","|","|-weather|none","|turn|8","|","|move|p2a: Scizor|Bullet Punch|p1a: Mandibuzz","|-damage|p1a: Mandibuzz|56/423","|-damage|p2a: Scizor|0 fnt|[from] item: Rocky Helmet|[of] p1a: Mandibuzz","|faint|p2a: Scizor","|move|p1a: Mandibuzz|Roost|p1a: Mandibuzz","|-heal|p1a: Mandibuzz|268/423","|","|-sideend|p2: SL Lightoak|Reflect","|","|switch|p2a: Excadrill|Excadrill, F|361/361","|turn|9","|","|move|p2a: Excadrill|Rock Slide|p1a: Mandibuzz","|-miss|p2a: Excadrill|p1a: Mandibuzz","|move|p1a: Mandibuzz|Foul Play|p2a: Excadrill","|-damage|p2a: Excadrill|82/361","|","|turn|10","|","|move|p2a: Excadrill|Rock Slide|p1a: Mandibuzz","|-supereffective|p1a: Mandibuzz","|-damage|p1a: Mandibuzz|91/423","|-damage|p2a: Excadrill|46/361|[from] item: Life Orb","|move|p1a: Mandibuzz|Roost|p1a: Mandibuzz","|-heal|p1a: Mandibuzz|303/423","|","|turn|11","|","|move|p2a: Excadrill|Rock Slide|p1a: Mandibuzz","|-supereffective|p1a: Mandibuzz","|-damage|p1a: Mandibuzz|121/423","|-damage|p2a: Excadrill|10/361|[from] item: Life Orb","|move|p1a: Mandibuzz|Roost|p1a: Mandibuzz","|-heal|p1a: Mandibuzz|333/423","|","|turn|12","|","|switch|p2a: Doublade|Doublade, M|321/321","|move|p1a: Mandibuzz|Roost|p1a: Mandibuzz","|-heal|p1a: Mandibuzz|423/423","|","|turn|13","|","|move|p1a: Mandibuzz|Foul Play|p2a: Doublade","|-supereffective|p2a: Doublade","|-damage|p2a: Doublade|175/321","|move|p2a: Doublade|Swords Dance|p2a: Doublade","|-boost|p2a: Doublade|atk|2","|","|turn|14","|","|move|p1a: Mandibuzz|Foul Play|p2a: Doublade","|-supereffective|p2a: Doublade","|-damage|p2a: Doublade|0 fnt","|faint|p2a: Doublade","|","|","|switch|p2a: Jirachi|Jirachi|397/397","|turn|15","|","|move|p2a: Jirachi|Thunder Wave|p1a: Mandibuzz","|-status|p1a: Mandibuzz|par","|move|p1a: Mandibuzz|Foul Play|p2a: Jirachi","|-supereffective|p2a: Jirachi","|-damage|p2a: Jirachi|103/397","|","|-heal|p2a: Jirachi|127/397|[from] item: Leftovers","|turn|16","|","|move|p2a: Jirachi|Iron Head|p1a: Mandibuzz","|-damage|p1a: Mandibuzz|336/423 par","|-damage|p2a: Jirachi|61/397|[from] item: Rocky Helmet|[of] p1a: Mandibuzz","|cant|p1a: Mandibuzz|par","|","|-heal|p2a: Jirachi|85/397|[from] item: Leftovers","|turn|17","|","|move|p2a: Jirachi|Wish|p2a: Jirachi","|move|p1a: Mandibuzz|Roost|p1a: Mandibuzz","|-heal|p1a: Mandibuzz|423/423 par","|","|-heal|p2a: Jirachi|109/397|[from] item: Leftovers","|turn|18","|","|move|p2a: Jirachi|Iron Head|p1a: Mandibuzz","|-damage|p1a: Mandibuzz|324/423 par","|-damage|p2a: Jirachi|43/397|[from] item: Rocky Helmet|[of] p1a: Mandibuzz","|cant|p1a: Mandibuzz|flinch","|","|-heal|p2a: Jirachi|241/397|[from] move: Wish|[wisher] Jirachi","|-heal|p2a: Jirachi|265/397|[from] item: Leftovers","|turn|19","|","|move|p2a: Jirachi|Power-Up Punch|p1a: Mandibuzz","|-damage|p1a: Mandibuzz|292/423 par","|-damage|p2a: Jirachi|199/397|[from] item: Rocky Helmet|[of] p1a: Mandibuzz","|-boost|p2a: Jirachi|atk|1","|cant|p1a: Mandibuzz|par","|","|-heal|p2a: Jirachi|223/397|[from] item: Leftovers","|turn|20","|","|move|p2a: Jirachi|Wish|p2a: Jirachi","|move|p1a: Mandibuzz|Foul Play|p2a: Jirachi","|-supereffective|p2a: Jirachi","|-damage|p2a: Jirachi|0 fnt","|faint|p2a: Jirachi","|","|","|switch|p2a: Excadrill|Excadrill, F|10/361","|turn|21","|","|move|p2a: Excadrill|Earthquake|p1a: Mandibuzz","|-immune|p1a: Mandibuzz|[msg]","|move|p1a: Mandibuzz|Roost|p1a: Mandibuzz","|-heal|p1a: Mandibuzz|423/423 par","|","|-heal|p2a: Excadrill|208/361|[from] move: Wish|[wisher] Jirachi","|turn|22","|","|move|p2a: Excadrill|Rock Slide|p1a: Mandibuzz","|-crit|p1a: Mandibuzz","|-supereffective|p1a: Mandibuzz","|-damage|p1a: Mandibuzz|158/423 par","|-damage|p2a: Excadrill|172/361|[from] item: Life Orb","|move|p1a: Mandibuzz|Foul Play|p2a: Excadrill","|-damage|p2a: Excadrill|0 fnt","|faint|p2a: Excadrill","|","|win|Alliance ♋ akaFila"],"p1rating":{"entryid":"126995","serverid":"eos","formatid":"monotype","userid":"allianceakafila","username":"Alliance ♋ akaFila","w":23,"l":"18","t":"0","gxe":55,"r":"1529.6656786497","rd":"53.68495356234","sigma":"0","rptime":"1440925200","rpr":1538.1898897548,"rprd":53.126106129311,"rpsigma":"0","acre":1156.3829770718,"lacre":1156.3829770718,"oldacre":"1130.3736206405"},"p2rating":{"entryid":"530913","serverid":"eos","formatid":"monotype","userid":"sllightoak","username":"SL Lightoak","w":"7","l":5,"t":"0","gxe":56.1,"r":"1569.5869173409","rd":"107.16042444698","sigma":"0","rptime":"1440925200","rpr":1547.5912369276,"rprd":82.660826795274,"rpsigma":"0","acre":1118.3993473417,"lacre":1118.3993473417,"oldacre":"1144.408703773"},"endType":"normal"}