{"seed":[59858,1253,40695,48628],"turns":37,"p1":"Void Neo","p2":"Primal GT DuckSoup","p1team":[{"name":"Miller","species":"skarmory","item":"rockyhelmet","ability":"Sturdy","moves":["bravebird","stealthrock","whirlwind","roost"],"nature":"Impish","evs":{"hp":248,"atk":0,"def":252,"spa":0,"spd":0,"spe":8},"ivs":{"hp":31,"atk":31,"def":31,"spa":31,"spd":31,"spe":31}},{"name":"Andrea","species":"togekiss","item":"choicescarf","ability":"Serene Grace","moves":["airslash","dazzlinggleam","aurasphere","trick"],"nature":"Timid","evs":{"hp":4,"atk":0,"def":0,"spa":252,"spd":0,"spe":252},"ivs":{"hp":31,"atk":31,"def":31,"spa":31,"spd":31,"spe":31}},{"name":"Cyron","species":"zapdos","item":"leftovers","ability":"Pressure","moves":["discharge","heatwave","defog","roost"],"nature":"Calm","evs":{"hp":252,"atk":0,"def":0,"spa":4,"spd":252,"spe":0},"ivs":{"hp":31,"atk":31,"def":31,"spa":31,"spd":31,"spe":31}},{"name":"Ohnta","species":"gyarados","item":"gyaradosite","ability":"Intimidate","moves":["dragondance","substitute","icefang","earthquake"],"nature":"Jolly","evs":{"hp":0,"atk":252,"def":0,"spa":0,"spd":4,"spe":252},"ivs":{"hp":31,"atk":31,"def":31,"spa":31,"spd":31,"spe":31}},{"name":"Rafique","species":"landorustherian","item":"choicescarf","ability":"Intimidate","moves":["uturn","earthquake","stoneedge","knockoff"],"nature":"Jolly","evs":{"hp":0,"atk":252,"def":0,"spa":0,"spd":4,"spe":252},"ivs":{"hp":31,"atk":31,"def":31,"spa":31,"spd":31,"spe":31}},{"name":"Shari","species":"dragonite","item":"choiceband","ability":"Multiscale","moves":["outrage","firepunch","brickbreak","extremespeed"],"nature":"Adamant","evs":{"hp":4,"atk":252,"def":0,"spa":0,"spd":0,"spe":252},"ivs":{"hp":31,"atk":31,"def":31,"spa":31,"spd":31,"spe":31}}],"p2team":[{"name":"Porygon2","species":"Porygon2","item":"eviolite","ability":"Trace","moves":["foulplay","trickroom","recover","toxic"],"nature":"Relaxed","evs":{"hp":220,"atk":0,"def":216,"spa":0,"spd":72,"spe":0},"ivs":{"hp":31,"atk":31,"def":31,"spa":31,"spd":31,"spe":0}},{"name":"Exploud","species":"Exploud","item":"choicespecs","ability":"Scrappy","moves":["boomburst","overheat","focusblast","surf"],"nature":"Quiet","evs":{"hp":248,"atk":0,"def":0,"spa":252,"spd":8,"spe":0},"ivs":{"hp":31,"atk":31,"def":31,"spa":31,"spd":31,"spe":31}},{"name":"Audino","species":"Audino","item":"audinite","ability":"Regenerator","moves":["drainingkiss","reflect","healbell","trickroom"],"nature":"Calm","evs":{"hp":252,"atk":0,"def":0,"spa":0,"spd":252,"spe":0},"ivs":{"hp":31,"atk":31,"def":31,"spa":31,"spd":31,"spe":0}},{"name":"Meloetta","species":"Meloetta","item":"ironball","ability":"Serene Grace","moves":["dazzlinggleam","thunderbolt","psyshock","trickroom"],"nature":"Quiet","evs":{"hp":248,"atk":0,"def":0,"spa":108,"spd":152,"spe":0},"ivs":{"hp":31,"atk":31,"def":31,"spa":31,"spd":31,"spe":0}},{"name":"Bouffalant","species":"Bouffalant","item":"leftovers","ability":"Reckless","moves":["headcharge","swordsdance","superpower","wildcharge"],"nature":"Adamant","evs":{"hp":252,"atk":252,"def":0,"spa":0,"spd":4,"spe":0},"ivs":{"hp":31,"atk":31,"def":31,"spa":31,"spd":31,"spe":31}},{"name":"Cinccino","species":"Cinccino","item":"kingsrock","ability":"Skill Link","moves":["bulletseed","rockblast","tailslap","uturn"],"nature":"Jolly","evs":{"hp":0,"atk":252,"def":0,"spa":0,"spd":4,"spe":252},"ivs":{"hp":31,"atk":31,"def":31,"spa":31,"spd":31,"spe":31}}],"log":["|player|p1|Void Neo|voidneo.png","|player|p2|Primal GT DuckSoup|121","|gametype|singles","|gen|6","|tier|Monotype","|rated","|rule|Baton Pass Clause: Limit one Baton Passer, can't pass Spe and other stats simultaneously","|rule|Swagger Clause: Swagger is banned","|rule|Same Type Clause: Pokémon in a team must share a type","|clearpoke","|poke|p1|Skarmory, F","|poke|p1|Togekiss, F","|poke|p1|Zapdos","|poke|p1|Gyarados, F","|poke|p1|Landorus-Therian, M","|poke|p1|Dragonite, M","|poke|p2|Porygon2","|poke|p2|Exploud, F","|poke|p2|Audino, M","|poke|p2|Meloetta","|poke|p2|Bouffalant, F","|poke|p2|Cinccino, M","|rule|Sleep Clause Mod: Limit one foe put to sleep","|rule|Species Clause: Limit one of each Pokémon","|rule|OHKO Clause: OHKO moves are banned","|rule|Moody Clause: Moody is banned","|rule|Evasion Moves Clause: Evasion moves are banned","|rule|Endless Battle Clause: Forcing endless battles is banned","|rule|HP Percentage Mod: HP is shown in percentages","|teampreview","|","|start","|switch|p1a: Andrea|Togekiss, F|312/312","|switch|p2a: Cinccino|Cinccino, M|291/291","|turn|1","|","|move|p1a: Andrea|Air Slash|p2a: Cinccino","|-damage|p2a: Cinccino|99/291","|move|p2a: Cinccino|Rock Blast|p1a: Andrea","|-supereffective|p1a: Andrea","|-damage|p1a: Andrea|264/312","|-supereffective|p1a: Andrea","|-damage|p1a: Andrea|216/312","|-supereffective|p1a: Andrea","|-damage|p1a: Andrea|166/312","|-supereffective|p1a: Andrea","|-damage|p1a: Andrea|114/312","|-supereffective|p1a: Andrea","|-damage|p1a: Andrea|68/312","|-hitcount|p1a: Andrea|5","|","|turn|2","|","|switch|p2a: Audino|Audino, M|410/410","|move|p1a: Andrea|Air Slash|p2a: Audino","|-damage|p2a: Audino|304/410","|","|turn|3","|","|move|p1a: Andrea|Air Slash|p2a: Audino","|-crit|p2a: Audino","|-damage|p2a: Audino|154/410","|cant|p2a: Audino|flinch","|","|turn|4","|","|move|p1a: Andrea|Air Slash|p2a: Audino","|-damage|p2a: Audino|45/410","|move|p2a: Audino|Trick Room|p2a: Audino","|-fieldstart|move: Trick Room|[of] p2a: Audino","|","|turn|5","|","|switch|p2a: Exploud|Exploud, F|411/411","|move|p1a: Andrea|Air Slash|p2a: Exploud","|-damage|p2a: Exploud|258/411","|","|turn|6","|","|switch|p1a: Cyron|Zapdos|384/384","|-ability|p1a: Cyron|Pressure","|move|p2a: Exploud|Boomburst|p1a: Cyron","|-damage|p1a: Cyron|138/384","|","|-heal|p1a: Cyron|162/384|[from] item: Leftovers","|turn|7","|","|move|p2a: Exploud|Boomburst|p1a: Cyron","|-crit|p1a: Cyron","|-damage|p1a: Cyron|0 fnt","|faint|p1a: Cyron","|","|","|switch|p1a: Shari|Dragonite, M|324/324","|turn|8","|","|move|p1a: Shari|Extreme Speed|p2a: Exploud","|-damage|p2a: Exploud|17/411","|move|p2a: Exploud|Boomburst|p1a: Shari","|-damage|p1a: Shari|170/324","|","|-fieldend|move: Trick Room","|turn|9","|","|move|p1a: Shari|Extreme Speed|p2a: Exploud","|-damage|p2a: Exploud|0 fnt","|faint|p2a: Exploud","|","|","|switch|p2a: Porygon2|Porygon2|366/366","|-ability|p2a: Porygon2|Multiscale|[from] ability: Trace|[of] p1a: Shari","|turn|10","|","|switch|p1a: Miller|Skarmory, F|333/333","|move|p2a: Porygon2|Trick Room|p2a: Porygon2","|-fieldstart|move: Trick Room|[of] p2a: Porygon2","|","|turn|11","|","|switch|p2a: Audino|Audino, M|181/410","|move|p1a: Miller|Stealth Rock|p2a: Audino","|-sidestart|p2: Primal GT DuckSoup|move: Stealth Rock","|","|turn|12","|","|move|p2a: Audino|Reflect|p2a: Audino","|-sidestart|p2: Primal GT DuckSoup|Reflect","|move|p1a: Miller|Whirlwind|p2a: Audino","|drag|p2a: Bouffalant|Bouffalant, F|394/394","|-damage|p2a: Bouffalant|345/394|[from] Stealth Rock","|","|-heal|p2a: Bouffalant|369/394|[from] item: Leftovers","|turn|13","|","|move|p2a: Bouffalant|Swords Dance|p2a: Bouffalant","|-boost|p2a: Bouffalant|atk|2","|move|p1a: Miller|Whirlwind|p2a: Bouffalant","|drag|p2a: Meloetta|Meloetta|403/403","|-damage|p2a: Meloetta|353/403|[from] Stealth Rock","|","|turn|14","|","|switch|p1a: Rafique|Landorus-Therian, M|319/319","|-ability|p1a: Rafique|Intimidate","|-unboost|p2a: Meloetta|atk|1","|move|p2a: Meloetta|Thunderbolt|p1a: Rafique","|-immune|p1a: Rafique|[msg]","|","|-fieldend|move: Trick Room","|turn|15","|","|move|p1a: Rafique|Knock Off|p2a: Meloetta","|-supereffective|p2a: Meloetta","|-damage|p2a: Meloetta|185/403","|-enditem|p2a: Meloetta|Iron Ball|[from] move: Knock Off|[of] p1a: Rafique","|move|p2a: Meloetta|Trick Room|p2a: Meloetta","|-fieldstart|move: Trick Room|[of] p2a: Meloetta","|","|turn|16","|","|switch|p2a: Bouffalant|Bouffalant, F|369/394","|-damage|p2a: Bouffalant|320/394|[from] Stealth Rock","|move|p1a: Rafique|Knock Off|p2a: Bouffalant","|-damage|p2a: Bouffalant|251/394","|-enditem|p2a: Bouffalant|Leftovers|[from] move: Knock Off|[of] p1a: Rafique","|","|-sideend|p2: Primal GT DuckSoup|Reflect","|turn|17","|","|switch|p1a: Miller|Skarmory, F|333/333","|move|p2a: Bouffalant|Head Charge|p1a: Miller","|-resisted|p1a: Miller","|-damage|p1a: Miller|261/333","|-damage|p2a: Bouffalant|186/394|[from] item: Rocky Helmet|[of] p1a: Miller","|-damage|p2a: Bouffalant|168/394|[from] recoil|[of] p1a: Miller","|","|turn|18","|","|move|p2a: Bouffalant|Swords Dance|p2a: Bouffalant","|-boost|p2a: Bouffalant|atk|2","|move|p1a: Miller|Whirlwind|p2a: Bouffalant","|drag|p2a: Audino|Audino, M|317/410","|-damage|p2a: Audino|266/410|[from] Stealth Rock","|","|turn|19","|","|switch|p1a: Shari|Dragonite, M|170/324","|move|p2a: Audino|Reflect|p2a: Audino","|-sidestart|p2: Primal GT DuckSoup|Reflect","|","|-fieldend|move: Trick Room","|turn|20","|","|detailschange|p2a: Audino|Audino-Mega, M","|-mega|p2a: Audino|Audino|Audinite","|move|p1a: Shari|Brick Break|p2a: Audino","|-sideend|p2: Primal GT DuckSoup|Reflect","|-damage|p2a: Audino|143/410","|move|p2a: Audino|Draining Kiss|p1a: Shari","|-supereffective|p1a: Shari","|-damage|p1a: Shari|74/324","|-heal|p2a: Audino|215/410|[from] drain|[of] p1a: Shari","|","|turn|21","|","|switch|p1a: Andrea|Togekiss, F|68/312","|move|p2a: Audino|Draining Kiss|p1a: Andrea","|-damage|p1a: Andrea|28/312","|-heal|p2a: Audino|245/410|[from] drain|[of] p1a: Andrea","|","|turn|22","|","|move|p1a: Andrea|Air Slash|p2a: Audino","|-damage|p2a: Audino|164/410","|move|p2a: Audino|Trick Room|p2a: Audino","|-fieldstart|move: Trick Room|[of] p2a: Audino","|","|turn|23","|","|switch|p1a: Miller|Skarmory, F|261/333","|move|p2a: Audino|Draining Kiss|p1a: Miller","|-resisted|p1a: Miller","|-damage|p1a: Miller|230/333","|-heal|p2a: Audino|188/410|[from] drain|[of] p1a: Miller","|-damage|p2a: Audino|120/410|[from] item: Rocky Helmet|[of] p1a: Miller","|","|turn|24","|","|switch|p2a: Bouffalant|Bouffalant, F|168/394","|-damage|p2a: Bouffalant|119/394|[from] Stealth Rock","|move|p1a: Miller|Whirlwind|p2a: Bouffalant","|drag|p2a: Meloetta|Meloetta|185/403","|-damage|p2a: Meloetta|135/403|[from] Stealth Rock","|","|turn|25","|","|switch|p1a: Rafique|Landorus-Therian, M|319/319","|-ability|p1a: Rafique|Intimidate","|-unboost|p2a: Meloetta|atk|1","|move|p2a: Meloetta|Thunderbolt|p1a: Rafique","|-immune|p1a: Rafique|[msg]","|","|turn|26","|","|move|p2a: Meloetta|Psyshock|p1a: Rafique","|-damage|p1a: Rafique|178/319","|move|p1a: Rafique|U-turn|p2a: Meloetta","|-supereffective|p2a: Meloetta","|-damage|p2a: Meloetta|0 fnt","|faint|p2a: Meloetta","|","|switch|p1a: Ohnta|Gyarados, F|331/331","|","|-fieldend|move: Trick Room","|","|switch|p2a: Audino|Audino-Mega, M|120/410","|-damage|p2a: Audino|69/410|[from] Stealth Rock","|turn|27","|","|move|p1a: Ohnta|Earthquake|p2a: Audino","|-damage|p2a: Audino|0 fnt","|faint|p2a: Audino","|","|","|switch|p2a: Cinccino|Cinccino, M|99/291","|-damage|p2a: Cinccino|63/291|[from] Stealth Rock","|turn|28","|","|switch|p1a: Miller|Skarmory, F|230/333","|move|p2a: Cinccino|Bullet Seed|p1a: Miller","|-resisted|p1a: Miller","|-damage|p1a: Miller|227/333","|-resisted|p1a: Miller","|-damage|p1a: Miller|224/333","|-resisted|p1a: Miller","|-damage|p1a: Miller|221/333","|-resisted|p1a: Miller","|-damage|p1a: Miller|218/333","|-resisted|p1a: Miller","|-damage|p1a: Miller|215/333","|-hitcount|p1a: Miller|5","|","|turn|29","|","|move|p2a: Cinccino|Rock Blast|p1a: Miller","|-damage|p1a: Miller|200/333","|-crit|p1a: Miller","|-damage|p1a: Miller|179/333","|-damage|p1a: Miller|163/333","|-damage|p1a: Miller|148/333","|-crit|p1a: Miller","|-damage|p1a: Miller|128/333","|-hitcount|p1a: Miller|5","|cant|p1a: Miller|flinch","|","|turn|30","|","|switch|p1a: Rafique|Landorus-Therian, M|178/319","|-ability|p1a: Rafique|Intimidate","|-unboost|p2a: Cinccino|atk|1","|move|p2a: Cinccino|Rock Blast|p1a: Rafique","|-damage|p1a: Rafique|161/319","|-damage|p1a: Rafique|142/319","|-damage|p1a: Rafique|123/319","|-damage|p1a: Rafique|105/319","|-damage|p1a: Rafique|86/319","|-hitcount|p1a: Rafique|5","|","|turn|31","|","|move|p1a: Rafique|Knock Off|p2a: Cinccino","|-damage|p2a: Cinccino|0 fnt","|-enditem|p2a: Cinccino|King's Rock|[from] move: Knock Off|[of] p1a: Rafique","|faint|p2a: Cinccino","|","|","|switch|p2a: Porygon2|Porygon2|366/366","|-damage|p2a: Porygon2|321/366|[from] Stealth Rock","|-ability|p2a: Porygon2|Intimidate|[from] ability: Trace|[of] p1a: Rafique","|-ability|p2a: Porygon2|Intimidate","|-unboost|p1a: Rafique|atk|1","|turn|32","|","|move|p1a: Rafique|Knock Off|p2a: Porygon2","|-damage|p2a: Porygon2|274/366","|-enditem|p2a: Porygon2|Eviolite|[from] move: Knock Off|[of] p1a: Rafique","|move|p2a: Porygon2|Trick Room|p2a: Porygon2","|-fieldstart|move: Trick Room|[of] p2a: Porygon2","|","|turn|33","|","|move|p2a: Porygon2|Toxic|p1a: Rafique","|-status|p1a: Rafique|tox","|move|p1a: Rafique|Knock Off|p2a: Porygon2","|-damage|p2a: Porygon2|226/366","|","|-damage|p1a: Rafique|67/319 tox|[from] psn","|turn|34","|","|switch|p1a: Miller|Skarmory, F|128/333","|move|p2a: Porygon2|Recover|p2a: Porygon2","|-heal|p2a: Porygon2|366/366","|","|turn|35","|","|move|p2a: Porygon2|Foul Play|p1a: Miller","|-damage|p1a: Miller|94/333","|-damage|p2a: Porygon2|305/366|[from] item: Rocky Helmet|[of] p1a: Miller","|move|p1a: Miller|Whirlwind|p2a: Porygon2","|drag|p2a: Bouffalant|Bouffalant, F|119/394","|-damage|p2a: Bouffalant|70/394|[from] Stealth Rock","|","|turn|36","|","|move|p2a: Bouffalant|Wild Charge|p1a: Miller","|-supereffective|p1a: Miller","|-damage|p1a: Miller|0 fnt","|-damage|p2a: Bouffalant|5/394|[from] item: Rocky Helmet|[of] p1a: Miller","|-damage|p2a: Bouffalant|0 fnt|[from] recoil|[of] p1a: Miller","|faint|p1a: Miller","|faint|p2a: Bouffalant","|","|-fieldend|move: Trick Room","|","|switch|p1a: Shari|Dragonite, M|74/324","|switch|p2a: Porygon2|Porygon2|305/366","|-damage|p2a: Porygon2|260/366|[from] Stealth Rock","|-ability|p2a: Porygon2|Multiscale|[from] ability: Trace|[of] p1a: Shari","|turn|37","|","|move|p1a: Shari|Outrage|p2a: Porygon2","|-damage|p2a: Porygon2|0 fnt","|faint|p2a: Porygon2","|","|win|Void Neo"],"p1rating":{"entryid":"413977","serverid":"eos","formatid":"monotype","userid":"voidneo","username":"Void Neo","w":23,"l":"3","t":"0","gxe":78.9,"r":"1714.3479919669","rd":"71.497236221293","sigma":"0","rptime":"1440925200","rpr":1752.692490646,"rprd":66.349776160969,"rpsigma":"0","acre":1357.5380723805,"lacre":1357.5380723805,"oldacre":"1344.8588456913"},"p2rating":{"entryid":"432064","serverid":"eos","formatid":"monotype","userid":"primalgtducksoup","username":"Primal GT DuckSoup","w":"12","l":3,"t":"0","gxe":67.4,"r":"1600.445299765","rd":"88.369211550648","sigma":"0","rptime":"1440925200","rpr":1639.7649169945,"rprd":78.165737978513,"rpsigma":"0","acre":1195.6497238257,"lacre":1195.6497238257,"oldacre":"1211.4987571872"},"endType":"normal"}