{"seed":[34184,32049,11212,20276],"turns":21,"p1":"Void Wiley","p2":"GTX♅Bzumzum","p1team":[{"name":"Skarmory","species":"Skarmory","item":"leftovers","ability":"Sturdy","moves":["stealthrock","roost","toxic","bravebird"],"nature":"Impish","evs":{"hp":252,"atk":0,"def":232,"spa":0,"spd":0,"spe":24},"ivs":{"hp":31,"atk":31,"def":31,"spa":31,"spd":31,"spe":31}},{"name":"Lucario","species":"Lucario","item":"lifeorb","ability":"Steadfast","moves":["darkpulse","aurasphere","psychic","flashcannon"],"nature":"Timid","evs":{"hp":0,"atk":0,"def":0,"spa":252,"spd":4,"spe":252},"ivs":{"hp":31,"atk":31,"def":31,"spa":31,"spd":31,"spe":31}},{"name":"Bisharp","species":"Bisharp","item":"lifeorb","ability":"Defiant","moves":["suckerpunch","knockoff","ironhead","swordsdance"],"nature":"Jolly","evs":{"hp":0,"atk":252,"def":0,"spa":0,"spd":4,"spe":252},"ivs":{"hp":31,"atk":31,"def":31,"spa":31,"spd":31,"spe":31}},{"name":"Doublade","species":"Doublade","item":"eviolite","ability":"No Guard","moves":["swordsdance","sacredsword","shadowsneak","ironhead"],"nature":"Adamant","evs":{"hp":248,"atk":252,"def":0,"spa":0,"spd":8,"spe":0},"ivs":{"hp":31,"atk":31,"def":31,"spa":31,"spd":31,"spe":31}},{"name":"Heatran","species":"Heatran","item":"airballoon","ability":"Flash Fire","moves":["earthpower","magmastorm","toxic","taunt"],"nature":"Calm","evs":{"hp":248,"atk":0,"def":0,"spa":8,"spd":252,"spe":0},"ivs":{"hp":31,"atk":31,"def":31,"spa":31,"spd":31,"spe":31}},{"name":"Ferrothorn","species":"Ferrothorn","item":"rockyhelmet","ability":"Iron Barbs","moves":["leechseed","powerwhip","thunderwave","spikes"],"nature":"Impish","evs":{"hp":248,"atk":8,"def":252,"spa":0,"spd":0,"spe":0},"ivs":{"hp":31,"atk":31,"def":31,"spa":31,"spd":31,"spe":31}}],"p2team":[{"name":"Elec","species":"manectric","item":"manectite","ability":"Lightning Rod","moves":["thunderbolt","hiddenpowergrass","flamethrower","voltswitch"],"nature":"Timid","evs":{"hp":0,"atk":0,"def":0,"spa":252,"spd":4,"spe":252},"gender":"M","ivs":{"hp":31,"atk":30,"def":31,"spa":30,"spd":31,"spe":31}},{"name":"Breezer","species":"rotomfrost","item":"leftovers","ability":"Levitate","moves":["blizzard","painsplit","hiddenpowerfighting","willowisp"],"nature":"Bold","evs":{"hp":252,"atk":0,"def":28,"spa":228,"spd":0,"spe":0},"ivs":{"hp":31,"atk":31,"def":30,"spa":30,"spd":30,"spe":30},"shiny":true},{"name":"MY ZONE!!!","species":"magnezone","item":"choicespecs","ability":"Sturdy","moves":["hiddenpowerice","flashcannon","triattack","voltswitch"],"nature":"Timid","evs":{"hp":248,"atk":0,"def":0,"spa":252,"spd":0,"spe":8},"ivs":{"hp":31,"atk":30,"def":30,"spa":31,"spd":31,"spe":31},"shiny":true},{"name":"Thundurus","species":"Thundurus","item":"lifeorb","ability":"Prankster","moves":["grassknot","psychic","embargo","raindance"],"nature":"Timid","evs":{"hp":0,"atk":0,"def":4,"spa":252,"spd":0,"spe":252},"ivs":{"hp":31,"atk":30,"def":30,"spa":31,"spd":31,"spe":31},"shiny":true},{"name":"Zapz","species":"zapdos","item":"leftovers","ability":"Pressure","moves":["heatwave","roost","hiddenpowergrass","defog"],"nature":"Modest","evs":{"hp":252,"atk":0,"def":0,"spa":252,"spd":4,"spe":0},"ivs":{"hp":31,"atk":30,"def":31,"spa":30,"spd":31,"spe":31},"shiny":true},{"name":"Plugg-in Failure","species":"electivire","item":"choicescarf","ability":"Vital Spirit","moves":["thunderpunch","earthquake","icepunch","rockslide"],"nature":"Jolly","evs":{"hp":0,"atk":252,"def":0,"spa":0,"spd":4,"spe":252},"gender":"M","shiny":true,"ivs":{"hp":31,"atk":31,"def":31,"spa":31,"spd":31,"spe":31}}],"log":["|player|p1|Void Wiley|voidwiley.png","|player|p2|GTX♅Bzumzum|225","|gametype|singles","|gen|6","|tier|Monotype","|rated","|rule|Baton Pass Clause: Limit one Baton Passer, can't pass Spe and other stats simultaneously","|rule|Swagger Clause: Swagger is banned","|rule|Same Type Clause: Pokémon in a team must share a type","|clearpoke","|poke|p1|Skarmory, M","|poke|p1|Lucario, F","|poke|p1|Bisharp, M","|poke|p1|Doublade, M","|poke|p1|Heatran, M","|poke|p1|Ferrothorn, M","|poke|p2|Manectric, M","|poke|p2|Rotom-Frost, shiny","|poke|p2|Magnezone, shiny","|poke|p2|Thundurus, M, shiny","|poke|p2|Zapdos, shiny","|poke|p2|Electivire, M, shiny","|rule|Sleep Clause Mod: Limit one foe put to sleep","|rule|Species Clause: Limit one of each Pokémon","|rule|OHKO Clause: OHKO moves are banned","|rule|Moody Clause: Moody is banned","|rule|Evasion Moves Clause: Evasion moves are banned","|rule|Endless Battle Clause: Forcing endless battles is banned","|rule|HP Percentage Mod: HP is shown in percentages","|teampreview","|","|start","|switch|p1a: Skarmory|Skarmory, M|334/334","|switch|p2a: Breezer|Rotom-Frost, shiny|304/304","|turn|1","|","|move|p2a: Breezer|Blizzard|p1a: Skarmory","|-damage|p1a: Skarmory|114/334","|move|p1a: Skarmory|Stealth Rock|p2a: Breezer","|-sidestart|p2: GTX♅Bzumzum|move: Stealth Rock","|","|-heal|p1a: Skarmory|134/334|[from] item: Leftovers","|turn|2","|","|move|p2a: Breezer|Hidden Power|p1a: Skarmory","|-damage|p1a: Skarmory|48/334","|move|p1a: Skarmory|Brave Bird|p2a: Breezer","|-resisted|p2a: Breezer","|-damage|p2a: Breezer|250/304","|-damage|p1a: Skarmory|30/334|[from] recoil|[of] p2a: Breezer","|","|-heal|p2a: Breezer|269/304|[from] item: Leftovers","|-heal|p1a: Skarmory|50/334|[from] item: Leftovers","|turn|3","|","|move|p2a: Breezer|Hidden Power|p1a: Skarmory","|-damage|p1a: Skarmory|0 fnt","|faint|p1a: Skarmory","|","|-heal|p2a: Breezer|288/304|[from] item: Leftovers","|","|switch|p1a: Heatran|Heatran, M|385/385","|-item|p1a: Heatran|Air Balloon","|turn|4","|","|move|p2a: Breezer|Hidden Power|p1a: Heatran","|-supereffective|p1a: Heatran","|-damage|p1a: Heatran|297/385","|-enditem|p1a: Heatran|Air Balloon","|move|p1a: Heatran|Magma Storm|p2a: Breezer","|-supereffective|p2a: Breezer","|-damage|p2a: Breezer|24/304","|-activate|p2a: Breezer|move: Magma Storm|[of] p1a: Heatran","|","|-heal|p2a: Breezer|43/304|[from] item: Leftovers","|-damage|p2a: Breezer|5/304|[from] move: Magma Storm|[partiallytrapped]","|turn|5","|","|move|p2a: Breezer|Pain Split|p1a: Heatran","|-sethp|p1a: Heatran|151/385|p2a: Breezer|151/304|[from] move: Pain Split","|move|p1a: Heatran|Earth Power|p2a: Breezer","|-immune|p2a: Breezer|[msg]","|","|-heal|p2a: Breezer|170/304|[from] item: Leftovers","|-damage|p2a: Breezer|132/304|[from] move: Magma Storm|[partiallytrapped]","|turn|6","|","|move|p2a: Breezer|Pain Split|p1a: Heatran","|-sethp|p1a: Heatran|141/385|p2a: Breezer|141/304|[from] move: Pain Split","|move|p1a: Heatran|Magma Storm|p2a: Breezer|[miss]","|-miss|p1a: Heatran|p2a: Breezer","|","|-heal|p2a: Breezer|160/304|[from] item: Leftovers","|-damage|p2a: Breezer|122/304|[from] move: Magma Storm|[partiallytrapped]","|turn|7","|","|move|p2a: Breezer|Pain Split|p1a: Heatran","|-sethp|p1a: Heatran|131/385|p2a: Breezer|131/304|[from] move: Pain Split","|move|p1a: Heatran|Magma Storm|p2a: Breezer","|-supereffective|p2a: Breezer","|-damage|p2a: Breezer|0 fnt","|faint|p2a: Breezer","|","|","|switch|p2a: Plugg-in Failure|Electivire, M, shiny|291/291","|-damage|p2a: Plugg-in Failure|255/291|[from] Stealth Rock","|turn|8","|","|move|p2a: Plugg-in Failure|Earthquake|p1a: Heatran","|-supereffective|p1a: Heatran","|-damage|p1a: Heatran|0 fnt","|faint|p1a: Heatran","|","|","|switch|p1a: Lucario|Lucario, F|281/281","|turn|9","|","|switch|p2a: Zapz|Zapdos, shiny|384/384","|-damage|p2a: Zapz|288/384|[from] Stealth Rock","|-ability|p2a: Zapz|Pressure","|move|p1a: Lucario|Aura Sphere|p2a: Zapz","|-resisted|p2a: Zapz","|-damage|p2a: Zapz|204/384","|-damage|p1a: Lucario|253/281|[from] item: Life Orb","|","|-heal|p2a: Zapz|228/384|[from] item: Leftovers","|turn|10","|","|move|p1a: Lucario|Psychic|p2a: Zapz","|-damage|p2a: Zapz|92/384","|-damage|p1a: Lucario|225/281|[from] item: Life Orb","|move|p2a: Zapz|Defog|p1a: Lucario","|-unboost|p1a: Lucario|evasion|1","|-sideend|p2: GTX♅Bzumzum|Stealth Rock|[from] move: Defog|[of] p2a: Zapz","|","|-heal|p2a: Zapz|116/384|[from] item: Leftovers","|turn|11","|","|move|p1a: Lucario|Psychic|p2a: Zapz","|-crit|p2a: Zapz","|-damage|p2a: Zapz|0 fnt","|-damage|p1a: Lucario|197/281|[from] item: Life Orb","|faint|p2a: Zapz","|","|","|switch|p2a: Elec|Manectric, M|281/281","|turn|12","|","|detailschange|p2a: Elec|Manectric-Mega, M","|-mega|p2a: Elec|Manectric|Manectite","|-ability|p2a: Elec|Intimidate","|-unboost|p1a: Lucario|atk|1","|move|p2a: Elec|Flamethrower|p1a: Lucario","|-supereffective|p1a: Lucario","|-damage|p1a: Lucario|0 fnt","|faint|p1a: Lucario","|","|","|switch|p1a: Doublade|Doublade, M|321/321","|turn|13","|","|move|p2a: Elec|Flamethrower|p1a: Doublade","|-supereffective|p1a: Doublade","|-damage|p1a: Doublade|73/321","|move|p1a: Doublade|Sacred Sword|p2a: Elec","|-damage|p2a: Elec|161/281","|","|turn|14","|","|move|p1a: Doublade|Shadow Sneak|p2a: Elec","|-damage|p2a: Elec|68/281","|move|p2a: Elec|Volt Switch|p1a: Doublade","|-damage|p1a: Doublade|0 fnt","|faint|p1a: Doublade","|","|switch|p2a: Thundurus|Thundurus, M, shiny|299/299","|","|","|switch|p1a: Bisharp|Bisharp, M|271/271","|turn|15","|","|move|p2a: Thundurus|Embargo|p1a: Bisharp","|-start|p1a: Bisharp|Embargo","|move|p1a: Bisharp|Knock Off|p2a: Thundurus","|-damage|p2a: Thundurus|58/299","|-enditem|p2a: Thundurus|Life Orb|[from] move: Knock Off|[of] p1a: Bisharp","|","|turn|16","|","|move|p1a: Bisharp|Sucker Punch|p2a: Thundurus","|-damage|p2a: Thundurus|0 fnt","|faint|p2a: Thundurus","|","|","|switch|p2a: Elec|Manectric-Mega, M|68/281","|-ability|p2a: Elec|Intimidate","|-unboost|p1a: Bisharp|atk|1","|-boost|p1a: Bisharp|atk|2|[from] ability: Defiant","|turn|17","|","|switch|p2a: MY ZONE!!!|Magnezone, shiny|343/343","|move|p1a: Bisharp|Sucker Punch|p2a: MY ZONE!!!","|-fail|p1a: Bisharp","|","|turn|18","|","|move|p1a: Bisharp|Knock Off|p2a: MY ZONE!!!","|-damage|p2a: MY ZONE!!!|127/343","|-enditem|p2a: MY ZONE!!!|Choice Specs|[from] move: Knock Off|[of] p1a: Bisharp","|move|p2a: MY ZONE!!!|Tri Attack|p1a: Bisharp","|-resisted|p1a: Bisharp","|-damage|p1a: Bisharp|204/271","|-status|p1a: Bisharp|frz","|","|turn|19","|","|cant|p1a: Bisharp|frz","|move|p2a: MY ZONE!!!|Volt Switch|p1a: Bisharp","|-damage|p1a: Bisharp|30/271 frz","|","|switch|p2a: Elec|Manectric-Mega, M|68/281","|-ability|p2a: Elec|Intimidate","|-unboost|p1a: Bisharp|atk|1","|-boost|p1a: Bisharp|atk|2|[from] ability: Defiant","|","|-end|p1a: Bisharp|Embargo","|turn|20","|","|cant|p1a: Bisharp|frz","|move|p2a: Elec|Flamethrower|p1a: Bisharp","|-supereffective|p1a: Bisharp","|-damage|p1a: Bisharp|0 fnt","|faint|p1a: Bisharp","|","|","|switch|p1a: Ferrothorn|Ferrothorn, M|351/351","|turn|21","|","|move|p2a: Elec|Flamethrower|p1a: Ferrothorn","|-crit|p1a: Ferrothorn","|-supereffective|p1a: Ferrothorn","|-damage|p1a: Ferrothorn|0 fnt","|faint|p1a: Ferrothorn","|","|win|GTX♅Bzumzum"],"p1rating":{"entryid":"91212","serverid":"eos","formatid":"monotype","userid":"voidwiley","username":"Void Wiley","w":"49","l":33,"t":"0","gxe":60.5,"r":"1605.6275296287","rd":"42.886996725729","sigma":"0","rptime":"1440838800","rpr":1580.6153115821,"rprd":41.14107095006,"rpsigma":"0","acre":1063.3377685192,"lacre":1063.3377685192,"oldacre":"1091.2533142667"},"p2rating":{"entryid":"1463","serverid":"eos","formatid":"monotype","userid":"gtxbzumzum","username":"GTX♅Bzumzum","w":23,"l":"61","t":"0","gxe":29,"r":"1325.8113398479","rd":"41.796497872998","sigma":"0","rptime":"1440838800","rpr":1330.3473091552,"rprd":41.290394751115,"rpsigma":"0","acre":1070.6633363601,"lacre":1070.6633363601,"oldacre":"1028.576003524"},"endType":"normal"}