{"seed":[39732,17970,41528,4810],"turns":33,"p1":"KuKuKu Baby","p2":"Crystal Blade64","p1team":[{"name":"*iggersby","species":"diggersby","item":"choicescarf","ability":"Huge Power","moves":["earthquake","return","icepunch","knockoff"],"nature":"Jolly","evs":{"hp":0,"atk":252,"def":0,"spa":0,"spd":4,"spe":252},"gender":"M","ivs":{"hp":31,"atk":31,"def":31,"spa":31,"spd":31,"spe":31}},{"name":"LeDogue Chien","species":"smeargle","item":"focussash","ability":"Own Tempo","moves":["spore","stealthrock","stickyweb","nightshade"],"nature":"Timid","evs":{"hp":252,"atk":0,"def":0,"spa":0,"spd":4,"spe":252},"gender":"M","ivs":{"hp":31,"atk":0,"def":31,"spa":31,"spd":31,"spe":31}},{"name":"AvIator","species":"staraptor","item":"leftovers","ability":"Intimidate","moves":["bravebird","defog","roost","uturn"],"nature":"Impish","evs":{"hp":252,"atk":0,"def":128,"spa":0,"spd":0,"spe":128},"gender":"M","ivs":{"hp":31,"atk":31,"def":31,"spa":31,"spd":31,"spe":31}},{"name":"BunnII","species":"lopunny","item":"lopunnite","ability":"Limber","moves":["fakeout","return","drainpunch","highjumpkick"],"nature":"Adamant","evs":{"hp":0,"atk":252,"def":0,"spa":0,"spd":4,"spe":252},"gender":"F","ivs":{"hp":31,"atk":31,"def":31,"spa":31,"spd":31,"spe":31}},{"name":"AvIIIator","species":"porygonz","item":"choicespecs","ability":"Download","moves":["triattack","hiddenpowerfire","icebeam","thunderbolt"],"nature":"Timid","evs":{"hp":0,"atk":0,"def":0,"spa":252,"spd":4,"spe":252},"ivs":{"hp":31,"atk":30,"def":31,"spa":30,"spd":31,"spe":30}},{"name":"Kill'rTyme","species":"chansey","item":"eviolite","ability":"Natural Cure","moves":["thunderwave","softboiled","seismictoss","aromatherapy"],"nature":"Bold","evs":{"hp":248,"atk":0,"def":252,"spa":0,"spd":8,"spe":0},"ivs":{"hp":31,"atk":0,"def":31,"spa":31,"spd":31,"spe":31},"shiny":true}],"p2team":[{"name":"Reckless","species":"staraptor","item":"leftovers","ability":"Intimidate","moves":["bravebird","roost","featherdance","defog"],"nature":"Impish","evs":{"hp":252,"atk":4,"def":252,"spa":0,"spd":0,"spe":0},"ivs":{"hp":31,"atk":31,"def":31,"spa":31,"spd":31,"spe":31}},{"name":"BetterThanYou","species":"ditto","item":"choicescarf","ability":"Imposter","moves":["transform"],"nature":"Bold","evs":{"hp":248,"atk":0,"def":252,"spa":0,"spd":8,"spe":0},"happiness":0,"ivs":{"hp":31,"atk":31,"def":31,"spa":31,"spd":31,"spe":31}},{"name":"Nurse Joy pls","species":"chansey","item":"eviolite","ability":"Natural Cure","moves":["aromatherapy","softboiled","thunderwave","seismictoss"],"nature":"Bold","evs":{"hp":248,"atk":0,"def":252,"spa":0,"spd":8,"spe":0},"ivs":{"hp":31,"atk":31,"def":31,"spa":31,"spd":31,"spe":31}},{"name":"EnergizerBunny","species":"lopunny","item":"lopunnite","ability":"Cute Charm","moves":["fakeout","highjumpkick","icepunch","frustration"],"nature":"Jolly","evs":{"hp":4,"atk":252,"def":0,"spa":0,"spd":0,"spe":252},"happiness":0,"ivs":{"hp":31,"atk":31,"def":31,"spa":31,"spd":31,"spe":31}},{"name":"DownloadFreeRAM","species":"porygon2","item":"eviolite","ability":"Trace","moves":["toxic","recover","icebeam","discharge"],"nature":"Bold","evs":{"hp":248,"atk":0,"def":252,"spa":8,"spd":0,"spe":0},"ivs":{"hp":31,"atk":31,"def":31,"spa":31,"spd":31,"spe":31}},{"name":"Diggersby tho","species":"diggersby","item":"choiceband","ability":"Huge Power","moves":["earthquake","quickattack","frustration","uturn"],"nature":"Adamant","evs":{"hp":4,"atk":252,"def":0,"spa":0,"spd":0,"spe":252},"happiness":0,"ivs":{"hp":31,"atk":31,"def":31,"spa":31,"spd":31,"spe":31}}],"log":["|player|p1|KuKuKu Baby|39","|player|p2|Crystal Blade64|165","|gametype|singles","|gen|6","|tier|Monotype","|rated","|rule|Baton Pass Clause: Limit one Baton Passer, can't pass Spe and other stats simultaneously","|rule|Swagger Clause: Swagger is banned","|rule|Same Type Clause: Pokémon in a team must share a type","|clearpoke","|poke|p1|Diggersby, M","|poke|p1|Smeargle, M","|poke|p1|Staraptor, M","|poke|p1|Lopunny, F","|poke|p1|Porygon-Z","|poke|p1|Chansey, F, shiny","|poke|p2|Staraptor, M","|poke|p2|Ditto","|poke|p2|Chansey, F","|poke|p2|Lopunny, F","|poke|p2|Porygon2","|poke|p2|Diggersby, F","|rule|Sleep Clause Mod: Limit one foe put to sleep","|rule|Species Clause: Limit one of each Pokémon","|rule|OHKO Clause: OHKO moves are banned","|rule|Moody Clause: Moody is banned","|rule|Evasion Moves Clause: Evasion moves are banned","|rule|Endless Battle Clause: Forcing endless battles is banned","|rule|HP Percentage Mod: HP is shown in percentages","|teampreview","|","|start","|switch|p1a: AvIator|Staraptor, M|374/374","|switch|p2a: Diggersby tho|Diggersby, F|312/312","|-ability|p1a: AvIator|Intimidate","|-unboost|p2a: Diggersby tho|atk|1","|turn|1","|","|move|p1a: AvIator|U-turn|p2a: Diggersby tho","|-damage|p2a: Diggersby tho|232/312","|","|switch|p1a: Kill'rTyme|Chansey, F, shiny|703/703","|move|p2a: Diggersby tho|Frustration|p1a: Kill'rTyme","|-damage|p1a: Kill'rTyme|402/703","|","|turn|2","|","|switch|p2a: Nurse Joy pls|Chansey, F|703/703","|move|p1a: Kill'rTyme|Soft-Boiled|p1a: Kill'rTyme","|-heal|p1a: Kill'rTyme|703/703","|","|turn|3","|","|switch|p1a: BunnII|Lopunny, F|271/271","|move|p2a: Nurse Joy pls|Thunder Wave|p1a: BunnII","|-immune|p1a: BunnII|[msg]","|","|turn|4","|","|switch|p2a: Reckless|Staraptor, M|374/374","|-ability|p2a: Reckless|Intimidate","|-unboost|p1a: BunnII|atk|1","|detailschange|p1a: BunnII|Lopunny-Mega, F","|-mega|p1a: BunnII|Lopunny|Lopunnite","|move|p1a: BunnII|Drain Punch|p2a: Reckless","|-damage|p2a: Reckless|278/374","|","|-heal|p2a: Reckless|301/374|[from] item: Leftovers","|turn|5","|","|switch|p1a: AvIator|Staraptor, M|374/374","|-ability|p1a: AvIator|Intimidate","|-unboost|p2a: Reckless|atk|1","|move|p2a: Reckless|Feather Dance|p1a: AvIator","|-unboost|p1a: AvIator|atk|2","|","|-heal|p2a: Reckless|324/374|[from] item: Leftovers","|turn|6","|","|switch|p2a: DownloadFreeRAM|Porygon2|373/373","|-ability|p2a: DownloadFreeRAM|Intimidate|[from] ability: Trace|[of] p1a: AvIator","|-ability|p2a: DownloadFreeRAM|Intimidate","|-unboost|p1a: AvIator|atk|1","|move|p1a: AvIator|U-turn|p2a: DownloadFreeRAM","|-damage|p2a: DownloadFreeRAM|359/373","|","|switch|p1a: BunnII|Lopunny-Mega, F|271/271","|","|turn|7","|","|switch|p2a: Reckless|Staraptor, M|324/374","|-ability|p2a: Reckless|Intimidate","|-unboost|p1a: BunnII|atk|1","|move|p1a: BunnII|High Jump Kick|p2a: Reckless","|-damage|p2a: Reckless|156/374","|","|-heal|p2a: Reckless|179/374|[from] item: Leftovers","|turn|8","|","|switch|p1a: AvIIIator|Porygon-Z|311/311","|-boost|p1a: AvIIIator|spa|1|[from] ability: Download","|move|p2a: Reckless|Roost|p2a: Reckless","|-heal|p2a: Reckless|366/374","|","|-heal|p2a: Reckless|374/374|[from] item: Leftovers","|turn|9","|","|switch|p2a: Nurse Joy pls|Chansey, F|703/703","|move|p1a: AvIIIator|Tri Attack|p2a: Nurse Joy pls","|-damage|p2a: Nurse Joy pls|484/703","|","|turn|10","|","|switch|p1a: *iggersby|Diggersby, M|311/311","|move|p2a: Nurse Joy pls|Thunder Wave|p1a: *iggersby","|-immune|p1a: *iggersby|[msg]","|","|turn|11","|","|switch|p2a: Reckless|Staraptor, M|374/374","|-ability|p2a: Reckless|Intimidate","|-unboost|p1a: *iggersby|atk|1","|move|p1a: *iggersby|Knock Off|p2a: Reckless","|-damage|p2a: Reckless|285/374","|-enditem|p2a: Reckless|Leftovers|[from] move: Knock Off|[of] p1a: *iggersby","|","|turn|12","|","|switch|p1a: AvIIIator|Porygon-Z|311/311","|-boost|p1a: AvIIIator|spa|1|[from] ability: Download","|move|p2a: Reckless|Brave Bird|p1a: AvIIIator","|-damage|p1a: AvIIIator|89/311","|-damage|p2a: Reckless|212/374|[from] recoil|[of] p1a: AvIIIator","|","|turn|13","|","|switch|p1a: BunnII|Lopunny-Mega, F|271/271","|switch|p2a: Nurse Joy pls|Chansey, F|484/703","|","|turn|14","|","|switch|p2a: Reckless|Staraptor, M|212/374","|-ability|p2a: Reckless|Intimidate","|-unboost|p1a: BunnII|atk|1","|move|p1a: BunnII|High Jump Kick|p2a: Reckless","|-damage|p2a: Reckless|55/374","|","|turn|15","|","|move|p1a: BunnII|Drain Punch|p2a: Reckless","|-damage|p2a: Reckless|0 fnt","|faint|p2a: Reckless","|","|","|switch|p2a: Diggersby tho|Diggersby, F|232/312","|turn|16","|","|switch|p1a: *iggersby|Diggersby, M|311/311","|move|p2a: Diggersby tho|Quick Attack|p1a: *iggersby","|-damage|p1a: *iggersby|152/311","|","|turn|17","|","|switch|p1a: AvIator|Staraptor, M|374/374","|-ability|p1a: AvIator|Intimidate","|-unboost|p2a: Diggersby tho|atk|1","|move|p2a: Diggersby tho|Quick Attack|p1a: AvIator","|-damage|p1a: AvIator|271/374","|","|-heal|p1a: AvIator|294/374|[from] item: Leftovers","|turn|18","|","|switch|p2a: BetterThanYou|Ditto|299/299","|-transform|p2a: BetterThanYou|p1a: AvIator","|-ability|p2a: BetterThanYou|Intimidate","|-unboost|p1a: AvIator|atk|1","|move|p1a: AvIator|U-turn|p2a: BetterThanYou","|-resisted|p2a: BetterThanYou","|-damage|p2a: BetterThanYou|277/299","|","|switch|p1a: *iggersby|Diggersby, M|152/311","|","|turn|19","|","|move|p1a: *iggersby|Knock Off|p2a: BetterThanYou","|-damage|p2a: BetterThanYou|136/299","|-enditem|p2a: BetterThanYou|Choice Scarf|[from] move: Knock Off|[of] p1a: *iggersby","|move|p2a: BetterThanYou|Brave Bird|p1a: *iggersby","|-damage|p1a: *iggersby|0 fnt","|-damage|p2a: BetterThanYou|86/299|[from] recoil|[of] p1a: *iggersby","|faint|p1a: *iggersby","|","|","|switch|p1a: LeDogue Chien|Smeargle, M|314/314","|turn|20","|","|move|p1a: LeDogue Chien|Sticky Web|p2a: BetterThanYou","|-sidestart|p2: Crystal Blade64|move: Sticky Web","|move|p2a: BetterThanYou|Brave Bird|p1a: LeDogue Chien","|-enditem|p1a: LeDogue Chien|Focus Sash","|-damage|p1a: LeDogue Chien|1/314","|-damage|p2a: BetterThanYou|0 fnt|[from] recoil|[of] p1a: LeDogue Chien","|faint|p2a: BetterThanYou","|","|","|switch|p2a: Diggersby tho|Diggersby, F|232/312","|-activate|p2a: Diggersby tho|move: Sticky Web","|-unboost|p2a: Diggersby tho|spe|1","|turn|21","|","|move|p2a: Diggersby tho|Quick Attack|p1a: LeDogue Chien","|-damage|p1a: LeDogue Chien|0 fnt","|faint|p1a: LeDogue Chien","|","|","|switch|p1a: BunnII|Lopunny-Mega, F|271/271","|turn|22","|","|switch|p2a: DownloadFreeRAM|Porygon2|359/373","|-activate|p2a: DownloadFreeRAM|move: Sticky Web","|-unboost|p2a: DownloadFreeRAM|spe|1","|-ability|p2a: DownloadFreeRAM|Scrappy|[from] ability: Trace|[of] p1a: BunnII","|move|p1a: BunnII|Fake Out|p2a: DownloadFreeRAM","|-damage|p2a: DownloadFreeRAM|314/373","|","|turn|23","|","|move|p1a: BunnII|High Jump Kick|p2a: DownloadFreeRAM","|-supereffective|p2a: DownloadFreeRAM","|-damage|p2a: DownloadFreeRAM|30/373","|move|p2a: DownloadFreeRAM|Discharge|p1a: BunnII","|-damage|p1a: BunnII|200/271","|","|turn|24","|","|move|p1a: BunnII|Drain Punch|p2a: DownloadFreeRAM","|-supereffective|p2a: DownloadFreeRAM","|-damage|p2a: DownloadFreeRAM|0 fnt","|-heal|p1a: BunnII|215/271|[from] drain|[of] p2a: DownloadFreeRAM","|faint|p2a: DownloadFreeRAM","|","|","|switch|p2a: Diggersby tho|Diggersby, F|232/312","|-activate|p2a: Diggersby tho|move: Sticky Web","|-unboost|p2a: Diggersby tho|spe|1","|turn|25","|","|move|p2a: Diggersby tho|Quick Attack|p1a: BunnII","|-damage|p1a: BunnII|61/271","|move|p1a: BunnII|Drain Punch|p2a: Diggersby tho","|-supereffective|p2a: Diggersby tho","|-damage|p2a: Diggersby tho|0 fnt","|-heal|p1a: BunnII|177/271|[from] drain|[of] p2a: Diggersby tho","|faint|p2a: Diggersby tho","|","|","|switch|p2a: EnergizerBunny|Lopunny, F|272/272","|-activate|p2a: EnergizerBunny|move: Sticky Web","|-unboost|p2a: EnergizerBunny|spe|1","|turn|26","|","|switch|p1a: AvIator|Staraptor, M|294/374","|-ability|p1a: AvIator|Intimidate","|-unboost|p2a: EnergizerBunny|atk|1","|detailschange|p2a: EnergizerBunny|Lopunny-Mega, F","|-mega|p2a: EnergizerBunny|Lopunny|Lopunnite","|move|p2a: EnergizerBunny|Fake Out|p1a: AvIator","|-damage|p1a: AvIator|245/374","|","|-heal|p1a: AvIator|268/374|[from] item: Leftovers","|turn|27","|","|switch|p2a: Nurse Joy pls|Chansey, F|484/703","|-activate|p2a: Nurse Joy pls|move: Sticky Web","|-unboost|p2a: Nurse Joy pls|spe|1","|move|p1a: AvIator|Brave Bird|p2a: Nurse Joy pls","|-damage|p2a: Nurse Joy pls|262/703","|-damage|p1a: AvIator|195/374|[from] recoil|[of] p2a: Nurse Joy pls","|","|-heal|p1a: AvIator|218/374|[from] item: Leftovers","|turn|28","|","|switch|p1a: AvIIIator|Porygon-Z|89/311","|-boost|p1a: AvIIIator|atk|1|[from] ability: Download","|move|p2a: Nurse Joy pls|Thunder Wave|p1a: AvIIIator","|-status|p1a: AvIIIator|par","|","|turn|29","|","|switch|p1a: BunnII|Lopunny-Mega, F|177/271","|move|p2a: Nurse Joy pls|Soft-Boiled|p2a: Nurse Joy pls","|-heal|p2a: Nurse Joy pls|614/703","|","|turn|30","|","|move|p1a: BunnII|High Jump Kick|p2a: Nurse Joy pls","|-supereffective|p2a: Nurse Joy pls","|-damage|p2a: Nurse Joy pls|0 fnt","|faint|p2a: Nurse Joy pls","|","|","|switch|p2a: EnergizerBunny|Lopunny-Mega, F|272/272","|-activate|p2a: EnergizerBunny|move: Sticky Web","|-unboost|p2a: EnergizerBunny|spe|1","|turn|31","|","|switch|p1a: AvIIIator|Porygon-Z|89/311 par","|-boost|p1a: AvIIIator|atk|1|[from] ability: Download","|move|p2a: EnergizerBunny|High Jump Kick|p1a: AvIIIator|[miss]","|-miss|p2a: EnergizerBunny|p1a: AvIIIator","|-damage|p2a: EnergizerBunny|136/272|[from] highjumpkick","|","|turn|32","|","|move|p2a: EnergizerBunny|High Jump Kick|p1a: AvIIIator","|-supereffective|p1a: AvIIIator","|-damage|p1a: AvIIIator|0 fnt","|faint|p1a: AvIIIator","|","|","|switch|p1a: AvIator|Staraptor, M|218/374","|-ability|p1a: AvIator|Intimidate","|-unboost|p2a: EnergizerBunny|atk|1","|turn|33","|","|move|p2a: EnergizerBunny|High Jump Kick|p1a: AvIator","|-damage|p1a: AvIator|43/374","|move|p1a: AvIator|Brave Bird|p2a: EnergizerBunny","|-supereffective|p2a: EnergizerBunny","|-damage|p2a: EnergizerBunny|0 fnt","|-damage|p1a: AvIator|0 fnt|[from] recoil|[of] p2a: EnergizerBunny","|faint|p2a: EnergizerBunny","|faint|p1a: AvIator","|","|win|KuKuKu Baby"],"p1rating":{"entryid":655184,"formatid":"monotype","userid":"kukukubaby","username":"KuKuKu Baby","r":1500,"rd":130,"sigma":0,"rpr":1555.9116163316,"rprd":122.75456516182,"rpsigma":0,"rptime":1440925200,"w":1,"l":0,"t":0,"gxe":57,"acre":1062.717408057,"lacre":1062.717408057,"oldacre":1000},"p2rating":{"entryid":"73557","serverid":"eos","formatid":"monotype","userid":"crystalblade64","username":"Crystal Blade64","w":"23","l":11,"t":"0","gxe":65.6,"r":"1614.9763037679","rd":"61.885878768628","sigma":"0","rptime":"1440925200","rpr":1623.5089454322,"rprd":58.926786730905,"rpsigma":"0","acre":1184.7133102921,"lacre":1184.7133102921,"oldacre":"1223.9116903277"},"endType":"normal"}