{"seed":[23245,35123,15012,55909],"turns":30,"p1":"Guard Wanderer","p2":"Carnie ϟ TBOT","p1team":[{"name":"Tentacruel","species":"Tentacruel","item":"assaultvest","ability":"Liquid Ooze","moves":["scald","acidspray","gigadrain","hex"],"nature":"Timid","evs":{"hp":4,"atk":0,"def":0,"spa":252,"spd":0,"spe":252},"ivs":{"hp":31,"atk":31,"def":31,"spa":31,"spd":31,"spe":31}},{"name":"Venusaur","species":"Venusaur","item":"bigroot","ability":"Overgrow","moves":["gigadrain","leechseed","substitute","grassyterrain"],"nature":"Calm","evs":{"hp":248,"atk":0,"def":0,"spa":8,"spd":252,"spe":0},"ivs":{"hp":31,"atk":31,"def":31,"spa":31,"spd":31,"spe":31}},{"name":"Weezing","species":"Weezing","item":"sitrusberry","ability":"Levitate","moves":["toxicspikes","memento","willowisp","thief"],"nature":"Calm","evs":{"hp":248,"atk":0,"def":8,"spa":0,"spd":252,"spe":0},"ivs":{"hp":31,"atk":31,"def":31,"spa":31,"spd":31,"spe":31}},{"name":"Skuntank","species":"Skuntank","item":"","ability":"Stench","moves":["suckerpunch","snatch","thief","poisonjab"],"nature":"Adamant","evs":{"hp":248,"atk":252,"def":0,"spa":0,"spd":8,"spe":0},"ivs":{"hp":31,"atk":31,"def":31,"spa":31,"spd":31,"spe":31}},{"name":"Muk","species":"Muk","item":"blacksludge","ability":"Sticky Hold","moves":["curse","firepunch","icepunch","shadowsneak"],"nature":"Adamant","evs":{"hp":252,"atk":252,"def":0,"spa":0,"spd":4,"spe":0},"ivs":{"hp":31,"atk":31,"def":31,"spa":31,"spd":31,"spe":31}},{"name":"Gengar","species":"Gengar","item":"choicescarf","ability":"Levitate","moves":["destinybond","trick","hex","venoshock"],"nature":"Timid","evs":{"hp":0,"atk":0,"def":0,"spa":252,"spd":4,"spe":252},"ivs":{"hp":31,"atk":31,"def":31,"spa":31,"spd":31,"spe":31}}],"p2team":[{"name":"COME AT ME BRUH","species":"ferrothorn","item":"rockyhelmet","ability":"Iron Barbs","moves":["powerwhip","gyroball","bulldoze","stealthrock"],"nature":"Brave","evs":{"hp":40,"atk":252,"def":48,"spa":0,"spd":168,"spe":0},"gender":"F","ivs":{"hp":31,"atk":31,"def":31,"spa":31,"spd":31,"spe":0}},{"name":"TESTING YOU","species":"whimsicott","item":"focussash","ability":"Prankster","moves":["lightscreen","sunnyday","trickroom","uturn"],"nature":"Impish","evs":{"hp":48,"atk":0,"def":200,"spa":0,"spd":252,"spe":8},"gender":"F","ivs":{"hp":31,"atk":31,"def":31,"spa":30,"spd":31,"spe":0},"shiny":true},{"name":"Toxic Orb","species":"breloom","item":"lifeorb","ability":"Technician","moves":["machpunch","bulletseed","spore","swordsdance"],"nature":"Jolly","evs":{"hp":4,"atk":252,"def":0,"spa":0,"spd":0,"spe":252},"gender":"F","ivs":{"hp":31,"atk":31,"def":31,"spa":31,"spd":31,"spe":31}},{"name":"Sucker P","species":"shiftry","item":"focussash","ability":"Chlorophyll","moves":["leafblade","suckerpunch","poweruppunch","foulplay"],"nature":"Adamant","evs":{"hp":188,"atk":252,"def":0,"spa":0,"spd":0,"spe":68},"gender":"F","ivs":{"hp":31,"atk":31,"def":31,"spa":31,"spd":31,"spe":31}},{"name":"Venusaurous","species":"venusaur","item":"venusaurite","ability":"Chlorophyll","moves":["knockoff","hiddenpowerfire","sludgebomb","synthesis"],"nature":"Sassy","evs":{"hp":0,"atk":0,"def":252,"spa":4,"spd":252,"spe":0},"gender":"F","ivs":{"hp":31,"atk":30,"def":31,"spa":30,"spd":31,"spe":30}},{"name":"IMMA REKT U","species":"cottonee","item":"laggingtail","ability":"Prankster","moves":["switcheroo","tailwind","taunt","sunnyday"],"nature":"Bold","evs":{"hp":248,"atk":0,"def":252,"spa":0,"spd":8,"spe":0},"ivs":{"hp":31,"atk":31,"def":31,"spa":31,"spd":31,"spe":31}}],"log":["|player|p1|Guard Wanderer|235","|player|p2|Carnie ϟ TBOT|25","|gametype|singles","|gen|6","|tier|Monotype","|rated","|rule|Baton Pass Clause: Limit one Baton Passer, can't pass Spe and other stats simultaneously","|rule|Swagger Clause: Swagger is banned","|rule|Same Type Clause: Pokémon in a team must share a type","|clearpoke","|poke|p1|Tentacruel, F","|poke|p1|Venusaur, M","|poke|p1|Weezing, M","|poke|p1|Skuntank, F","|poke|p1|Muk, M","|poke|p1|Gengar, M","|poke|p2|Ferrothorn, F","|poke|p2|Whimsicott, F, shiny","|poke|p2|Breloom, F","|poke|p2|Shiftry, F","|poke|p2|Venusaur, F","|poke|p2|Cottonee, F","|rule|Sleep Clause Mod: Limit one foe put to sleep","|rule|Species Clause: Limit one of each Pokémon","|rule|OHKO Clause: OHKO moves are banned","|rule|Moody Clause: Moody is banned","|rule|Evasion Moves Clause: Evasion moves are banned","|rule|Endless Battle Clause: Forcing endless battles is banned","|rule|HP Percentage Mod: HP is shown in percentages","|teampreview","|","|start","|switch|p1a: Weezing|Weezing, M|333/333","|switch|p2a: IMMA REKT U|Cottonee, F|283/283","|turn|1","|","|move|p2a: IMMA REKT U|Sunny Day|p2a: IMMA REKT U","|-weather|SunnyDay","|move|p1a: Weezing|Will-O-Wisp|p2a: IMMA REKT U","|-status|p2a: IMMA REKT U|brn","|","|-weather|SunnyDay|[upkeep]","|-damage|p2a: IMMA REKT U|248/283 brn|[from] brn","|turn|2","|","|switch|p2a: Venusaurous|Venusaur, F|301/301","|switch|p1a: Muk|Muk, M|414/414","|","|-weather|SunnyDay|[upkeep]","|turn|3","|","|switch|p1a: Weezing|Weezing, M|333/333","|move|p2a: Venusaurous|Knock Off|p1a: Weezing","|-damage|p1a: Weezing|278/333","|-enditem|p1a: Weezing|Sitrus Berry|[from] move: Knock Off|[of] p2a: Venusaurous","|","|-weather|SunnyDay|[upkeep]","|turn|4","|","|move|p2a: Venusaurous|Knock Off|p1a: Weezing","|-damage|p1a: Weezing|242/333","|move|p1a: Weezing|Will-O-Wisp|p2a: Venusaurous","|-status|p2a: Venusaurous|brn","|","|-weather|SunnyDay|[upkeep]","|-damage|p2a: Venusaurous|264/301 brn|[from] brn","|turn|5","|","|move|p2a: Venusaurous|Sludge Bomb|p1a: Weezing","|-resisted|p1a: Weezing","|-damage|p1a: Weezing|198/333","|move|p1a: Weezing|Toxic Spikes|p2a: Venusaurous","|-sidestart|p2: Carnie ϟ TBOT|move: Toxic Spikes","|","|-weather|none","|-damage|p2a: Venusaurous|227/301 brn|[from] brn","|turn|6","|","|switch|p2a: IMMA REKT U|Cottonee, F|248/283 brn","|move|p1a: Weezing|Thief|p2a: IMMA REKT U","|-resisted|p2a: IMMA REKT U","|-damage|p2a: IMMA REKT U|229/283 brn","|-item|p1a: Weezing|Lagging Tail|[from] move: Thief|[of] p2a: IMMA REKT U","|","|-damage|p2a: IMMA REKT U|194/283 brn|[from] brn","|turn|7","|","|switch|p1a: Muk|Muk, M|414/414","|move|p2a: IMMA REKT U|Taunt|p1a: Muk","|-start|p1a: Muk|move: Taunt","|","|-damage|p2a: IMMA REKT U|159/283 brn|[from] brn","|turn|8","|","|move|p2a: IMMA REKT U|Sunny Day|p2a: IMMA REKT U","|-weather|SunnyDay","|move|p1a: Muk|Fire Punch|p2a: IMMA REKT U","|-supereffective|p2a: IMMA REKT U","|-damage|p2a: IMMA REKT U|0 fnt","|faint|p2a: IMMA REKT U","|","|-weather|SunnyDay|[upkeep]","|","|switch|p2a: Venusaurous|Venusaur, F|227/301 brn","|-sideend|p2: Carnie ϟ TBOT|move: Toxic Spikes|[of] p2a: Venusaurous","|turn|9","|","|switch|p1a: Weezing|Weezing, M|198/333","|detailschange|p2a: Venusaurous|Venusaur-Mega, F","|-mega|p2a: Venusaurous|Venusaur|Venusaurite","|move|p2a: Venusaurous|Knock Off|p1a: Weezing","|-damage|p1a: Weezing|167/333","|-enditem|p1a: Weezing|Lagging Tail|[from] move: Knock Off|[of] p2a: Venusaurous","|","|-weather|SunnyDay|[upkeep]","|-damage|p2a: Venusaurous|190/301 brn|[from] brn","|turn|10","|","|move|p2a: Venusaurous|Sludge Bomb|p1a: Weezing","|-resisted|p1a: Weezing","|-damage|p1a: Weezing|109/333","|move|p1a: Weezing|Toxic Spikes|p2a: Venusaurous","|-sidestart|p2: Carnie ϟ TBOT|move: Toxic Spikes","|","|-weather|SunnyDay|[upkeep]","|-damage|p2a: Venusaurous|153/301 brn|[from] brn","|turn|11","|","|move|p2a: Venusaurous|Synthesis|p2a: Venusaurous","|-heal|p2a: Venusaurous|301/301 brn","|move|p1a: Weezing|Thief|p2a: Venusaurous","|-damage|p2a: Venusaurous|276/301 brn","|","|-weather|SunnyDay|[upkeep]","|-damage|p2a: Venusaurous|239/301 brn|[from] brn","|turn|12","|","|switch|p1a: Skuntank|Skuntank, F|409/409","|move|p2a: Venusaurous|Sludge Bomb|p1a: Skuntank","|-resisted|p1a: Skuntank","|-damage|p1a: Skuntank|317/409","|","|-weather|none","|-damage|p2a: Venusaurous|202/301 brn|[from] brn","|turn|13","|","|move|p1a: Skuntank|Poison Jab|p2a: Venusaurous","|-damage|p2a: Venusaurous|117/301 brn","|move|p2a: Venusaurous|Knock Off|p1a: Skuntank","|-resisted|p1a: Skuntank","|-damage|p1a: Skuntank|301/409","|","|-damage|p2a: Venusaurous|80/301 brn|[from] brn","|turn|14","|","|move|p1a: Skuntank|Snatch|p1a: Skuntank","|-singleturn|p1a: Skuntank|Snatch","|move|p2a: Venusaurous|Synthesis|p2a: Venusaurous","|-activate|p1a: Skuntank|Snatch|[of] p2a: Venusaurous","|move|p1a: Skuntank|Synthesis|p1a: Skuntank|[from]Snatch","|-heal|p1a: Skuntank|409/409","|","|-damage|p2a: Venusaurous|43/301 brn|[from] brn","|turn|15","|","|move|p1a: Skuntank|Snatch|p1a: Skuntank","|-singleturn|p1a: Skuntank|Snatch","|move|p2a: Venusaurous|Sludge Bomb|p1a: Skuntank","|-resisted|p1a: Skuntank","|-damage|p1a: Skuntank|317/409","|","|-damage|p2a: Venusaurous|6/301 brn|[from] brn","|turn|16","|","|move|p1a: Skuntank|Snatch|p1a: Skuntank","|-singleturn|p1a: Skuntank|Snatch","|move|p2a: Venusaurous|Sludge Bomb|p1a: Skuntank","|-resisted|p1a: Skuntank","|-damage|p1a: Skuntank|224/409","|","|-damage|p2a: Venusaurous|0 fnt|[from] brn","|faint|p2a: Venusaurous","|","|switch|p2a: TESTING YOU|Whimsicott, F, shiny|273/273","|-status|p2a: TESTING YOU|psn","|turn|17","|","|move|p1a: Skuntank|Poison Jab|p2a: TESTING YOU","|-supereffective|p2a: TESTING YOU","|-enditem|p2a: TESTING YOU|Focus Sash","|-damage|p2a: TESTING YOU|1/273 psn","|move|p2a: TESTING YOU|Trick Room|p2a: TESTING YOU","|-fieldstart|move: Trick Room|[of] p2a: TESTING YOU","|","|-damage|p2a: TESTING YOU|0 fnt|[from] psn","|faint|p2a: TESTING YOU","|","|switch|p2a: COME AT ME BRUH|Ferrothorn, F|299/299","|turn|18","|","|switch|p1a: Weezing|Weezing, M|109/333","|move|p2a: COME AT ME BRUH|Bulldoze|p1a: Weezing","|-immune|p1a: Weezing|[msg]","|","|turn|19","|","|move|p2a: COME AT ME BRUH|Gyro Ball|p1a: Weezing","|-damage|p1a: Weezing|0 fnt","|faint|p1a: Weezing","|","|","|switch|p1a: Muk|Muk, M|414/414","|turn|20","|","|move|p2a: COME AT ME BRUH|Gyro Ball|p1a: Muk","|-damage|p1a: Muk|239/414","|move|p1a: Muk|Curse|p1a: Muk","|-unboost|p1a: Muk|spe|1","|-boost|p1a: Muk|atk|1","|-boost|p1a: Muk|def|1","|","|-heal|p1a: Muk|264/414|[from] item: Black Sludge","|turn|21","|","|move|p2a: COME AT ME BRUH|Bulldoze|p1a: Muk","|-supereffective|p1a: Muk","|-damage|p1a: Muk|160/414","|-unboost|p1a: Muk|spe|1","|move|p1a: Muk|Fire Punch|p2a: COME AT ME BRUH","|-supereffective|p2a: COME AT ME BRUH","|-damage|p2a: COME AT ME BRUH|0 fnt","|-damage|p1a: Muk|109/414|[from] ability: Iron Barbs|[of] p2a: COME AT ME BRUH","|-damage|p1a: Muk|40/414|[from] item: Rocky Helmet|[of] p2a: COME AT ME BRUH","|faint|p2a: COME AT ME BRUH","|","|-heal|p1a: Muk|65/414|[from] item: Black Sludge","|-fieldend|move: Trick Room","|","|switch|p2a: Toxic Orb|Breloom, F|262/262","|-status|p2a: Toxic Orb|psn","|turn|22","|","|move|p1a: Muk|Shadow Sneak|p2a: Toxic Orb","|-damage|p2a: Toxic Orb|182/262 psn","|move|p2a: Toxic Orb|Spore|p1a: Muk","|-status|p1a: Muk|slp","|","|-heal|p1a: Muk|90/414 slp|[from] item: Black Sludge","|-damage|p2a: Toxic Orb|150/262 psn|[from] psn","|turn|23","|","|cant|p1a: Muk|slp","|move|p2a: Toxic Orb|Swords Dance|p2a: Toxic Orb","|-boost|p2a: Toxic Orb|atk|2","|","|-heal|p1a: Muk|115/414 slp|[from] item: Black Sludge","|-damage|p2a: Toxic Orb|118/262 psn|[from] psn","|turn|24","|","|cant|p1a: Muk|slp","|move|p2a: Toxic Orb|Bullet Seed|p1a: Muk","|-resisted|p1a: Muk","|-damage|p1a: Muk|46/414 slp","|-resisted|p1a: Muk","|-damage|p1a: Muk|0 fnt","|-hitcount|p1a: Muk|2","|-damage|p2a: Toxic Orb|92/262 psn|[from] item: Life Orb","|faint|p1a: Muk","|","|-damage|p2a: Toxic Orb|60/262 psn|[from] psn","|","|switch|p1a: Gengar|Gengar, M|261/261","|turn|25","|","|move|p1a: Gengar|Venoshock|p2a: Toxic Orb","|-supereffective|p2a: Toxic Orb","|-damage|p2a: Toxic Orb|0 fnt","|faint|p2a: Toxic Orb","|","|","|switch|p2a: Sucker P|Shiftry, F|368/368","|-status|p2a: Sucker P|psn","|turn|26","|","|switch|p1a: Venusaur|Venusaur, M|363/363","|move|p2a: Sucker P|Sucker Punch|p1a: Venusaur","|-fail|p2a: Sucker P","|","|-damage|p2a: Sucker P|322/368 psn|[from] psn","|turn|27","|","|move|p2a: Sucker P|Foul Play|p1a: Venusaur","|-damage|p1a: Venusaur|264/363","|move|p1a: Venusaur|Giga Drain|p2a: Sucker P","|-resisted|p2a: Sucker P","|-damage|p2a: Sucker P|256/368 psn","|-heal|p1a: Venusaur|307/363|[from] drain|[of] p2a: Sucker P","|","|-damage|p2a: Sucker P|210/368 psn|[from] psn","|turn|28","|","|move|p2a: Sucker P|Foul Play|p1a: Venusaur","|-damage|p1a: Venusaur|198/363","|move|p1a: Venusaur|Giga Drain|p2a: Sucker P","|-resisted|p2a: Sucker P","|-damage|p2a: Sucker P|142/368 psn","|-heal|p1a: Venusaur|242/363|[from] drain|[of] p2a: Sucker P","|","|-damage|p2a: Sucker P|96/368 psn|[from] psn","|turn|29","|","|move|p2a: Sucker P|Foul Play|p1a: Venusaur","|-damage|p1a: Venusaur|137/363","|move|p1a: Venusaur|Substitute|p1a: Venusaur","|-start|p1a: Venusaur|Substitute","|-damage|p1a: Venusaur|47/363","|","|-damage|p2a: Sucker P|50/368 psn|[from] psn","|turn|30","|","|move|p2a: Sucker P|Foul Play|p1a: Venusaur","|-end|p1a: Venusaur|Substitute","|move|p1a: Venusaur|Giga Drain|p2a: Sucker P","|-resisted|p2a: Sucker P","|-damage|p2a: Sucker P|0 fnt","|-heal|p1a: Venusaur|79/363|[from] drain|[of] p2a: Sucker P","|faint|p2a: Sucker P","|","|win|Guard Wanderer"],"p1rating":{"entryid":"9966","serverid":"eos","formatid":"monotype","userid":"guardwanderer","username":"Guard Wanderer","w":26,"l":"39","t":"0","gxe":41.8,"r":"1408.0739250347","rd":"46.901873765062","sigma":"0","rptime":"1440925200","rpr":1437.4023676922,"rprd":45.621833792246,"rpsigma":"0","acre":1166.5329123016,"lacre":1166.5329123016,"oldacre":"1146.9654552213"},"p2rating":{"entryid":"515586","serverid":"eos","formatid":"monotype","userid":"carnietbot","username":"carnieTBOT","w":"2","l":1,"t":"0","gxe":51.7,"r":"1564.1013452491","rd":"117.12410103292","sigma":"0","rptime":"1440925200","rpr":1513.4133046483,"rprd":112.09014503476,"rpsigma":"0","acre":1054.1699624529,"lacre":1054.1699624529,"oldacre":"1070.2439139084"},"endType":"normal"}