{"seed":[463,18795,32524,35844],"turns":24,"p1":"Hm Sableye","p2":"GTX♅Bzumzum","p1team":[{"name":"Mamoswine","species":"Mamoswine","item":"focussash","ability":"Oblivious","moves":["stealthrock","iceshard","endeavor","earthquake"],"nature":"Impish","evs":{"hp":252,"atk":0,"def":252,"spa":0,"spd":0,"spe":4},"ivs":{"hp":31,"atk":31,"def":31,"spa":31,"spd":31,"spe":31}},{"name":"Cloyster","species":"Cloyster","item":"whiteherb","ability":"Skill Link","moves":["rockblast","shellsmash","substitute","iciclespear"],"nature":"Adamant","evs":{"hp":0,"atk":252,"def":0,"spa":0,"spd":4,"spe":252},"ivs":{"hp":31,"atk":31,"def":31,"spa":31,"spd":31,"spe":31}},{"name":"Kyurem-Black","species":"Kyurem-Black","item":"choicescarf","ability":"Teravolt","moves":["outrage","fusionbolt","earthpower","ironhead"],"nature":"Naive","evs":{"hp":0,"atk":252,"def":0,"spa":4,"spd":0,"spe":252},"ivs":{"hp":31,"atk":31,"def":31,"spa":31,"spd":31,"spe":31}},{"name":"Weavile","species":"Weavile","item":"lifeorb","ability":"Pressure","moves":["iciclecrash","lowkick","knockoff","iceshard"],"nature":"Jolly","evs":{"hp":0,"atk":252,"def":0,"spa":0,"spd":4,"spe":252},"ivs":{"hp":31,"atk":31,"def":31,"spa":31,"spd":31,"spe":31}},{"name":"Glalie","species":"Glalie","item":"glalitite","ability":"Inner Focus","moves":["bodyslam","explosion","iceshard","protect"],"nature":"Jolly","evs":{"hp":4,"atk":252,"def":0,"spa":0,"spd":0,"spe":252},"ivs":{"hp":31,"atk":31,"def":31,"spa":31,"spd":31,"spe":31}},{"name":"Avalugg","species":"Avalugg","item":"leftovers","ability":"Sturdy","moves":["avalanche","rapidspin","recover","toxic"],"nature":"Impish","evs":{"hp":252,"atk":4,"def":252,"spa":0,"spd":0,"spe":0},"ivs":{"hp":31,"atk":31,"def":31,"spa":31,"spd":31,"spe":31}}],"p2team":[{"name":"Elec","species":"manectric","item":"manectite","ability":"Lightning Rod","moves":["thunderbolt","hiddenpowerice","flamethrower","voltswitch"],"nature":"Timid","evs":{"hp":0,"atk":0,"def":0,"spa":252,"spd":4,"spe":252},"gender":"M","ivs":{"hp":31,"atk":30,"def":30,"spa":31,"spd":31,"spe":31}},{"name":"Breezer","species":"rotomfrost","item":"leftovers","ability":"Levitate","moves":["blizzard","painsplit","hiddenpowergrass","willowisp"],"nature":"Bold","evs":{"hp":252,"atk":0,"def":28,"spa":228,"spd":0,"spe":0},"ivs":{"hp":31,"atk":30,"def":31,"spa":30,"spd":31,"spe":31},"shiny":true},{"name":"MY ZONE!!!","species":"magnezone","item":"choicespecs","ability":"Sturdy","moves":["hiddenpowerice","flashcannon","triattack","voltswitch"],"nature":"Timid","evs":{"hp":248,"atk":0,"def":0,"spa":252,"spd":0,"spe":8},"ivs":{"hp":31,"atk":30,"def":30,"spa":31,"spd":31,"spe":31},"shiny":true},{"name":"Thundurus","species":"Thundurus","item":"lifeorb","ability":"Prankster","moves":["grassknot","psychic","embargo","raindance"],"nature":"Timid","evs":{"hp":0,"atk":0,"def":4,"spa":252,"spd":0,"spe":252},"ivs":{"hp":31,"atk":30,"def":30,"spa":31,"spd":31,"spe":31},"shiny":true},{"name":"Zapz","species":"zapdos","item":"leftovers","ability":"Pressure","moves":["heatwave","roost","hiddenpowergrass","defog"],"nature":"Modest","evs":{"hp":252,"atk":0,"def":0,"spa":252,"spd":4,"spe":0},"ivs":{"hp":31,"atk":30,"def":31,"spa":30,"spd":31,"spe":31},"shiny":true},{"name":"Plugg-in Failure","species":"electivire","item":"choicescarf","ability":"Vital Spirit","moves":["thunderpunch","earthquake","icepunch","rockslide"],"nature":"Jolly","evs":{"hp":0,"atk":252,"def":0,"spa":0,"spd":4,"spe":252},"gender":"M","shiny":true,"ivs":{"hp":31,"atk":31,"def":31,"spa":31,"spd":31,"spe":31}}],"log":["|player|p1|Hm Sableye|hmsableye.gif","|player|p2|GTX♅Bzumzum|225","|gametype|singles","|gen|6","|tier|Monotype","|rated","|rule|Baton Pass Clause: Limit one Baton Passer, can't pass Spe and other stats simultaneously","|rule|Swagger Clause: Swagger is banned","|rule|Same Type Clause: Pokémon in a team must share a type","|clearpoke","|poke|p1|Mamoswine, M","|poke|p1|Cloyster, F","|poke|p1|Kyurem-Black","|poke|p1|Weavile, F","|poke|p1|Glalie, F","|poke|p1|Avalugg, M","|poke|p2|Manectric, M","|poke|p2|Rotom-Frost, shiny","|poke|p2|Magnezone, shiny","|poke|p2|Thundurus, M, shiny","|poke|p2|Zapdos, shiny","|poke|p2|Electivire, M, shiny","|rule|Sleep Clause Mod: Limit one foe put to sleep","|rule|Species Clause: Limit one of each Pokémon","|rule|OHKO Clause: OHKO moves are banned","|rule|Moody Clause: Moody is banned","|rule|Evasion Moves Clause: Evasion moves are banned","|rule|Endless Battle Clause: Forcing endless battles is banned","|rule|HP Percentage Mod: HP is shown in percentages","|teampreview","|","|start","|switch|p1a: Mamoswine|Mamoswine, M|424/424","|switch|p2a: MY ZONE!!!|Magnezone, shiny|343/343","|turn|1","|","|move|p1a: Mamoswine|Earthquake|p2a: MY ZONE!!!","|-supereffective|p2a: MY ZONE!!!","|-ability|p2a: MY ZONE!!!|Sturdy","|-damage|p2a: MY ZONE!!!|1/343","|move|p2a: MY ZONE!!!|Flash Cannon|p1a: Mamoswine","|-supereffective|p1a: Mamoswine","|-enditem|p1a: Mamoswine|Focus Sash","|-damage|p1a: Mamoswine|1/424","|","|turn|2","|","|switch|p2a: Zapz|Zapdos, shiny|384/384","|-ability|p2a: Zapz|Pressure","|move|p1a: Mamoswine|Stealth Rock|p2a: Zapz","|-sidestart|p2: GTX♅Bzumzum|move: Stealth Rock","|","|turn|3","|","|move|p2a: Zapz|Hidden Power|p1a: Mamoswine","|-supereffective|p1a: Mamoswine","|-damage|p1a: Mamoswine|0 fnt","|faint|p1a: Mamoswine","|","|","|switch|p1a: Glalie|Glalie, F|302/302","|turn|4","|","|detailschange|p1a: Glalie|Glalie-Mega, F","|-mega|p1a: Glalie|Glalie|Glalitite","|move|p1a: Glalie|Body Slam|p2a: Zapz","|-supereffective|p2a: Zapz","|-damage|p2a: Zapz|0 fnt","|faint|p2a: Zapz","|","|","|switch|p2a: MY ZONE!!!|Magnezone, shiny|1/343","|-damage|p2a: MY ZONE!!!|0 fnt|[from] Stealth Rock","|faint|p2a: MY ZONE!!!","|","|switch|p2a: Elec|Manectric, M|281/281","|-damage|p2a: Elec|246/281|[from] Stealth Rock","|turn|5","|","|switch|p1a: Kyurem-Black|Kyurem-Black|391/391","|-ability|p1a: Kyurem-Black|Teravolt","|detailschange|p2a: Elec|Manectric-Mega, M","|-mega|p2a: Elec|Manectric|Manectite","|-ability|p2a: Elec|Intimidate","|-unboost|p1a: Kyurem-Black|atk|1","|move|p2a: Elec|Flamethrower|p1a: Kyurem-Black","|-damage|p1a: Kyurem-Black|251/391","|","|turn|6","|","|move|p1a: Kyurem-Black|Earth Power|p2a: Elec","|-supereffective|p2a: Elec","|-damage|p2a: Elec|54/281","|move|p2a: Elec|Volt Switch|p1a: Kyurem-Black","|-resisted|p1a: Kyurem-Black","|-damage|p1a: Kyurem-Black|170/391","|","|switch|p2a: Thundurus|Thundurus, M, shiny|299/299","|-damage|p2a: Thundurus|225/299|[from] Stealth Rock","|","|turn|7","|","|switch|p1a: Cloyster|Cloyster, F|241/241","|move|p2a: Thundurus|Psychic|p1a: Cloyster","|-damage|p1a: Cloyster|8/241","|-damage|p2a: Thundurus|196/299|[from] item: Life Orb","|","|turn|8","|","|move|p2a: Thundurus|Grass Knot|p1a: Cloyster","|-supereffective|p1a: Cloyster","|-damage|p1a: Cloyster|0 fnt","|-damage|p2a: Thundurus|167/299|[from] item: Life Orb","|faint|p1a: Cloyster","|","|","|switch|p1a: Weavile|Weavile, F|281/281","|-ability|p1a: Weavile|Pressure","|turn|9","|","|move|p1a: Weavile|Ice Shard|p2a: Thundurus","|-supereffective|p2a: Thundurus","|-damage|p2a: Thundurus|0 fnt","|-damage|p1a: Weavile|253/281|[from] item: Life Orb","|faint|p2a: Thundurus","|","|","|switch|p2a: Plugg-in Failure|Electivire, M, shiny|291/291","|-damage|p2a: Plugg-in Failure|255/291|[from] Stealth Rock","|turn|10","|","|move|p2a: Plugg-in Failure|Rock Slide|p1a: Weavile","|-supereffective|p1a: Weavile","|-damage|p1a: Weavile|0 fnt","|faint|p1a: Weavile","|","|","|switch|p1a: Avalugg|Avalugg, M|394/394","|turn|11","|","|switch|p2a: Breezer|Rotom-Frost, shiny|304/304","|-damage|p2a: Breezer|228/304|[from] Stealth Rock","|move|p1a: Avalugg|Toxic|p2a: Breezer","|-status|p2a: Breezer|tox","|","|-heal|p2a: Breezer|247/304 tox|[from] item: Leftovers","|-damage|p2a: Breezer|228/304 tox|[from] psn","|turn|12","|","|switch|p1a: Kyurem-Black|Kyurem-Black|170/391","|-ability|p1a: Kyurem-Black|Teravolt","|move|p2a: Breezer|Will-O-Wisp|p1a: Kyurem-Black","|-status|p1a: Kyurem-Black|brn","|","|-heal|p2a: Breezer|247/304 tox|[from] item: Leftovers","|-damage|p1a: Kyurem-Black|122/391 brn|[from] brn","|-damage|p2a: Breezer|209/304 tox|[from] psn","|turn|13","|","|move|p1a: Kyurem-Black|Earth Power|p2a: Breezer","|-supereffective|p2a: Breezer","|-damage|p2a: Breezer|57/304 tox","|move|p2a: Breezer|Hidden Power|p1a: Kyurem-Black","|-resisted|p1a: Kyurem-Black","|-damage|p1a: Kyurem-Black|88/391 brn","|","|-heal|p2a: Breezer|76/304 tox|[from] item: Leftovers","|-damage|p1a: Kyurem-Black|40/391 brn|[from] brn","|-damage|p2a: Breezer|19/304 tox|[from] psn","|turn|14","|","|move|p1a: Kyurem-Black|Earth Power|p2a: Breezer","|-supereffective|p2a: Breezer","|-damage|p2a: Breezer|0 fnt","|faint|p2a: Breezer","|","|-damage|p1a: Kyurem-Black|0 fnt|[from] brn","|faint|p1a: Kyurem-Black","|","|switch|p2a: Elec|Manectric-Mega, M|54/281","|switch|p1a: Glalie|Glalie-Mega, F|302/302","|-damage|p2a: Elec|19/281|[from] Stealth Rock","|-ability|p2a: Elec|Intimidate","|-unboost|p1a: Glalie|atk|1","|turn|15","|","|move|p1a: Glalie|Ice Shard|p2a: Elec","|-damage|p2a: Elec|0 fnt","|faint|p2a: Elec","|","|","|switch|p2a: Plugg-in Failure|Electivire, M, shiny|255/291","|-damage|p2a: Plugg-in Failure|219/291|[from] Stealth Rock","|turn|16","|","|switch|p1a: Avalugg|Avalugg, M|394/394","|move|p2a: Plugg-in Failure|Rock Slide|p1a: Avalugg","|-supereffective|p1a: Avalugg","|-damage|p1a: Avalugg|312/394","|","|-heal|p1a: Avalugg|336/394|[from] item: Leftovers","|turn|17","|","|move|p2a: Plugg-in Failure|Rock Slide|p1a: Avalugg","|-supereffective|p1a: Avalugg","|-damage|p1a: Avalugg|250/394","|cant|p1a: Avalugg|flinch","|","|-heal|p1a: Avalugg|274/394|[from] item: Leftovers","|turn|18","|","|move|p2a: Plugg-in Failure|Rock Slide|p1a: Avalugg","|-supereffective|p1a: Avalugg","|-damage|p1a: Avalugg|188/394","|cant|p1a: Avalugg|flinch","|","|-heal|p1a: Avalugg|212/394|[from] item: Leftovers","|turn|19","|","|move|p2a: Plugg-in Failure|Rock Slide|p1a: Avalugg","|-supereffective|p1a: Avalugg","|-damage|p1a: Avalugg|132/394","|move|p1a: Avalugg|Recover|p1a: Avalugg","|-heal|p1a: Avalugg|329/394","|","|-heal|p1a: Avalugg|353/394|[from] item: Leftovers","|turn|20","|","|move|p2a: Plugg-in Failure|Rock Slide|p1a: Avalugg","|-supereffective|p1a: Avalugg","|-damage|p1a: Avalugg|269/394","|cant|p1a: Avalugg|flinch","|","|-heal|p1a: Avalugg|293/394|[from] item: Leftovers","|turn|21","|","|move|p2a: Plugg-in Failure|Rock Slide|p1a: Avalugg","|-supereffective|p1a: Avalugg","|-damage|p1a: Avalugg|211/394","|move|p1a: Avalugg|Toxic|p2a: Plugg-in Failure","|-status|p2a: Plugg-in Failure|tox","|","|-heal|p1a: Avalugg|235/394|[from] item: Leftovers","|-damage|p2a: Plugg-in Failure|201/291 tox|[from] psn","|turn|22","|","|move|p2a: Plugg-in Failure|Rock Slide|p1a: Avalugg","|-supereffective|p1a: Avalugg","|-damage|p1a: Avalugg|151/394","|move|p1a: Avalugg|Recover|p1a: Avalugg","|-heal|p1a: Avalugg|348/394","|","|-heal|p1a: Avalugg|372/394|[from] item: Leftovers","|-damage|p2a: Plugg-in Failure|165/291 tox|[from] psn","|turn|23","|","|move|p2a: Plugg-in Failure|Rock Slide|p1a: Avalugg","|-supereffective|p1a: Avalugg","|-damage|p1a: Avalugg|292/394","|cant|p1a: Avalugg|flinch","|","|-heal|p1a: Avalugg|316/394|[from] item: Leftovers","|-damage|p2a: Plugg-in Failure|111/291 tox|[from] psn","|turn|24","|","|move|p2a: Plugg-in Failure|Rock Slide|p1a: Avalugg","|-supereffective|p1a: Avalugg","|-damage|p1a: Avalugg|232/394","|move|p1a: Avalugg|Avalanche|p2a: Plugg-in Failure","|-crit|p2a: Plugg-in Failure","|-damage|p2a: Plugg-in Failure|0 fnt","|faint|p2a: Plugg-in Failure","|","|win|Hm Sableye"],"p1rating":{"entryid":"538896","serverid":"eos","formatid":"monotype","userid":"hmsableye","username":"Hm Sableye","w":6,"l":"3","t":"0","gxe":55.3,"r":"1530.1512009318","rd":"93.441153147516","sigma":"0","rptime":"1440925200","rpr":1541.4344397416,"rprd":91.119526858033,"rpsigma":"0","acre":1108.2780713577,"lacre":1108.2780713577,"oldacre":"1083.6312689878"},"p2rating":{"entryid":"1463","serverid":"eos","formatid":"monotype","userid":"gtxbzumzum","username":"GTX♅Bzumzum","w":"23","l":63,"t":"0","gxe":28.3,"r":"1326.3617109497","rd":"41.020167366899","sigma":"0","rptime":"1440925200","rpr":1324.1066144513,"rprd":40.827026628898,"rpsigma":"0","acre":1032.5300499125,"lacre":1032.5300499125,"oldacre":"1047.9660215776"},"endType":"normal"}