{"seed":[24153,30414,16476,2044],"turns":24,"p1":"Alliance ♋ akaFila","p2":"SL Wyvern","p1team":[{"name":"Hoopa-Unbound","species":"Hoopa-Unbound","item":"choiceband","ability":"Magician","moves":["hyperspacefury","facade","icepunch","drainpunch"],"nature":"Adamant","evs":{"hp":248,"atk":252,"def":0,"spa":0,"spd":8,"spe":0},"ivs":{"hp":31,"atk":31,"def":31,"spa":31,"spd":31,"spe":31}},{"name":"Sharpedo","species":"Sharpedo","item":"lifeorb","ability":"Speed Boost","moves":["hydropump","darkpulse","destinybond","protect"],"nature":"Modest","evs":{"hp":0,"atk":0,"def":0,"spa":252,"spd":4,"spe":252},"ivs":{"hp":31,"atk":31,"def":31,"spa":31,"spd":31,"spe":31}},{"name":"Pangoro","species":"Pangoro","item":"choicescarf","ability":"Iron Fist","moves":["drainpunch","knockoff","earthquake","partingshot"],"nature":"Jolly","evs":{"hp":0,"atk":252,"def":0,"spa":0,"spd":4,"spe":252},"ivs":{"hp":31,"atk":31,"def":31,"spa":31,"spd":31,"spe":31}},{"name":"Mandibuzz","species":"Mandibuzz","item":"rockyhelmet","ability":"Overcoat","moves":["foulplay","toxic","roost","defog"],"nature":"Bold","evs":{"hp":248,"atk":0,"def":252,"spa":0,"spd":8,"spe":0},"ivs":{"hp":31,"atk":31,"def":31,"spa":31,"spd":31,"spe":31}},{"name":"Tyranitar","species":"Tyranitar","item":"assaultvest","ability":"Sand Stream","moves":["crunch","earthquake","stoneedge","fireblast"],"nature":"Sassy","evs":{"hp":252,"atk":0,"def":6,"spa":0,"spd":252,"spe":0},"ivs":{"hp":31,"atk":31,"def":31,"spa":31,"spd":31,"spe":31}},{"name":"Bisharp","species":"Bisharp","item":"focussash","ability":"Defiant","moves":["swordsdance","knockoff","ironhead","suckerpunch"],"nature":"Adamant","evs":{"hp":248,"atk":252,"def":0,"spa":0,"spd":8,"spe":0},"ivs":{"hp":31,"atk":31,"def":31,"spa":31,"spd":31,"spe":31}}],"p2team":[{"name":"Klefki","species":"Klefki","item":"leftovers","ability":"Prankster","moves":["thunderwave","spikes","playrough","irondefense"],"nature":"Careful","evs":{"hp":248,"atk":8,"def":0,"spa":0,"spd":252,"spe":0},"shiny":true,"ivs":{"hp":31,"atk":31,"def":31,"spa":31,"spd":31,"spe":31}},{"name":"Sylveon","species":"Sylveon","item":"weaknesspolicy","ability":"Pixilate","moves":["hypervoice","wish","protect","moonblast"],"nature":"Calm","evs":{"hp":248,"atk":0,"def":0,"spa":8,"spd":252,"spe":0},"ivs":{"hp":31,"atk":31,"def":31,"spa":31,"spd":31,"spe":31}},{"name":"Slurpuff","species":"Slurpuff","item":"sitrusberry","ability":"Unburden","moves":["bellydrum","drainpunch","return","playrough"],"nature":"Adamant","evs":{"hp":4,"atk":252,"def":0,"spa":0,"spd":0,"spe":252},"shiny":true,"ivs":{"hp":31,"atk":31,"def":31,"spa":31,"spd":31,"spe":31}},{"name":"Gardevoir","species":"Gardevoir","item":"gardevoirite","ability":"Synchronize","moves":["hypervoice","bodyslam","calmmind","psychic"],"nature":"Mild","evs":{"hp":248,"atk":8,"def":0,"spa":252,"spd":0,"spe":0},"ivs":{"hp":31,"atk":31,"def":31,"spa":31,"spd":31,"spe":31}},{"name":"Togekiss","species":"Togekiss","item":"weaknesspolicy","ability":"Serene Grace","moves":["airslash","ancientpower","psychic","triattack"],"nature":"Modest","evs":{"hp":248,"atk":0,"def":0,"spa":252,"spd":8,"spe":0},"shiny":true,"ivs":{"hp":31,"atk":31,"def":31,"spa":31,"spd":31,"spe":31}},{"name":"Whimsicott","species":"Whimsicott","item":"leftovers","ability":"Prankster","moves":["leechseed","dazzlinggleam","stunspore","gigadrain"],"nature":"Timid","evs":{"hp":0,"atk":0,"def":0,"spa":252,"spd":4,"spe":252},"shiny":true,"ivs":{"hp":31,"atk":31,"def":31,"spa":31,"spd":31,"spe":31}}],"log":["|player|p1|Alliance ♋ akaFila|allianceakafila.gif","|player|p2|SL Wyvern|269","|gametype|singles","|gen|6","|tier|Monotype","|rated","|rule|Baton Pass Clause: Limit one Baton Passer, can't pass Spe and other stats simultaneously","|rule|Swagger Clause: Swagger is banned","|rule|Same Type Clause: Pokémon in a team must share a type","|clearpoke","|poke|p1|Hoopa-Unbound","|poke|p1|Sharpedo, F","|poke|p1|Pangoro, M","|poke|p1|Mandibuzz, F","|poke|p1|Tyranitar, M","|poke|p1|Bisharp, F","|poke|p2|Klefki, M, shiny","|poke|p2|Sylveon, F","|poke|p2|Slurpuff, F, shiny","|poke|p2|Gardevoir, F","|poke|p2|Togekiss, F, shiny","|poke|p2|Whimsicott, M, shiny","|rule|Sleep Clause Mod: Limit one foe put to sleep","|rule|Species Clause: Limit one of each Pokémon","|rule|OHKO Clause: OHKO moves are banned","|rule|Moody Clause: Moody is banned","|rule|Evasion Moves Clause: Evasion moves are banned","|rule|Endless Battle Clause: Forcing endless battles is banned","|rule|HP Percentage Mod: HP is shown in percentages","|teampreview","|","|start","|switch|p1a: Tyranitar|Tyranitar, M|404/404","|switch|p2a: Whimsicott|Whimsicott, M, shiny|261/261","|-weather|Sandstorm","|turn|1","|","|switch|p1a: Mandibuzz|Mandibuzz, F|423/423","|move|p2a: Whimsicott|Stun Spore|p1a: Mandibuzz","|-immune|p1a: Mandibuzz|[msg]","|","|-weather|Sandstorm|[upkeep]","|-damage|p2a: Whimsicott|245/261|[from] sandstorm","|-heal|p2a: Whimsicott|261/261|[from] item: Leftovers","|turn|2","|","|switch|p2a: Klefki|Klefki, M, shiny|317/317","|switch|p1a: Hoopa-Unbound|Hoopa-Unbound|363/363","|","|-weather|Sandstorm|[upkeep]","|-damage|p1a: Hoopa-Unbound|341/363|[from] sandstorm","|turn|3","|","|move|p2a: Klefki|Thunder Wave|p1a: Hoopa-Unbound","|-status|p1a: Hoopa-Unbound|par","|move|p1a: Hoopa-Unbound|Drain Punch|p2a: Klefki","|-crit|p2a: Klefki","|-damage|p2a: Klefki|50/317","|-heal|p1a: Hoopa-Unbound|363/363 par|[from] drain|[of] p2a: Klefki","|","|-weather|Sandstorm|[upkeep]","|-damage|p1a: Hoopa-Unbound|341/363 par|[from] sandstorm","|-heal|p2a: Klefki|69/317|[from] item: Leftovers","|turn|4","|","|switch|p1a: Mandibuzz|Mandibuzz, F|423/423","|move|p2a: Klefki|Play Rough|p1a: Mandibuzz","|-crit|p1a: Mandibuzz","|-supereffective|p1a: Mandibuzz","|-damage|p1a: Mandibuzz|225/423","|-damage|p2a: Klefki|17/317|[from] item: Rocky Helmet|[of] p1a: Mandibuzz","|-unboost|p1a: Mandibuzz|atk|1","|","|-weather|Sandstorm|[upkeep]","|-heal|p2a: Klefki|36/317|[from] item: Leftovers","|turn|5","|","|move|p2a: Klefki|Spikes|p1a: Mandibuzz","|-sidestart|p1: Alliance ♋ akaFila|Spikes","|move|p1a: Mandibuzz|Roost|p1a: Mandibuzz","|-heal|p1a: Mandibuzz|423/423","|","|-weather|none","|-heal|p2a: Klefki|55/317|[from] item: Leftovers","|turn|6","|","|move|p2a: Klefki|Thunder Wave|p1a: Mandibuzz","|-status|p1a: Mandibuzz|par","|move|p1a: Mandibuzz|Foul Play|p2a: Klefki","|-resisted|p2a: Klefki","|-damage|p2a: Klefki|5/317","|","|-heal|p2a: Klefki|24/317|[from] item: Leftovers","|turn|7","|","|move|p2a: Klefki|Play Rough|p1a: Mandibuzz","|-supereffective|p1a: Mandibuzz","|-damage|p1a: Mandibuzz|297/423 par","|-damage|p2a: Klefki|0 fnt|[from] item: Rocky Helmet|[of] p1a: Mandibuzz","|faint|p2a: Klefki","|move|p1a: Mandibuzz|Foul Play|p2: Klefki|[notarget]","|-notarget","|","|","|switch|p2a: Togekiss|Togekiss, F, shiny|373/373","|turn|8","|","|switch|p1a: Tyranitar|Tyranitar, M|404/404","|-damage|p1a: Tyranitar|354/404|[from] Spikes","|-weather|Sandstorm","|move|p2a: Togekiss|Ancient Power|p1a: Tyranitar","|-damage|p1a: Tyranitar|329/404","|","|-weather|Sandstorm|[upkeep]","|-damage|p2a: Togekiss|350/373|[from] sandstorm","|turn|9","|","|switch|p1a: Hoopa-Unbound|Hoopa-Unbound|341/363 par","|-damage|p1a: Hoopa-Unbound|296/363 par|[from] Spikes","|move|p2a: Togekiss|Air Slash|p1a: Hoopa-Unbound","|-damage|p1a: Hoopa-Unbound|190/363 par","|","|-weather|Sandstorm|[upkeep]","|-damage|p2a: Togekiss|327/373|[from] sandstorm","|-damage|p1a: Hoopa-Unbound|168/363 par|[from] sandstorm","|turn|10","|","|move|p2a: Togekiss|Air Slash|p1a: Hoopa-Unbound","|-damage|p1a: Hoopa-Unbound|62/363 par","|cant|p1a: Hoopa-Unbound|flinch","|","|-weather|Sandstorm|[upkeep]","|-damage|p2a: Togekiss|304/373|[from] sandstorm","|-damage|p1a: Hoopa-Unbound|40/363 par|[from] sandstorm","|turn|11","|","|switch|p1a: Tyranitar|Tyranitar, M|329/404","|-damage|p1a: Tyranitar|279/404|[from] Spikes","|move|p2a: Togekiss|Ancient Power|p1a: Tyranitar","|-damage|p1a: Tyranitar|256/404","|-boost|p2a: Togekiss|atk|1","|-boost|p2a: Togekiss|def|1","|-boost|p2a: Togekiss|spa|1","|-boost|p2a: Togekiss|spd|1","|-boost|p2a: Togekiss|spe|1","|","|-weather|Sandstorm|[upkeep]","|-damage|p2a: Togekiss|281/373|[from] sandstorm","|turn|12","|","|move|p2a: Togekiss|Air Slash|p1a: Tyranitar|[miss]","|-miss|p2a: Togekiss|p1a: Tyranitar","|move|p1a: Tyranitar|Stone Edge|p2a: Togekiss","|-supereffective|p2a: Togekiss","|-damage|p2a: Togekiss|63/373","|-enditem|p2a: Togekiss|Weakness Policy","|-boost|p2a: Togekiss|atk|2|[from] item: Weakness Policy","|-boost|p2a: Togekiss|spa|2|[from] item: Weakness Policy","|","|-weather|none","|turn|13","|","|move|p2a: Togekiss|Air Slash|p1a: Tyranitar","|-resisted|p1a: Tyranitar","|-damage|p1a: Tyranitar|169/404","|move|p1a: Tyranitar|Stone Edge|p2a: Togekiss","|-supereffective|p2a: Togekiss","|-damage|p2a: Togekiss|0 fnt","|faint|p2a: Togekiss","|","|","|switch|p2a: Whimsicott|Whimsicott, M, shiny|261/261","|turn|14","|","|switch|p1a: Hoopa-Unbound|Hoopa-Unbound|40/363 par","|-damage|p1a: Hoopa-Unbound|0 fnt|[from] Spikes","|faint|p1a: Hoopa-Unbound","|move|p2a: Whimsicott|Stun Spore|p1: Hoopa-Unbound|[notarget]","|-notarget","|","|","|switch|p1a: Mandibuzz|Mandibuzz, F|297/423 par","|turn|15","|","|move|p2a: Whimsicott|Dazzling Gleam|p1a: Mandibuzz","|-supereffective|p1a: Mandibuzz","|-damage|p1a: Mandibuzz|99/423 par","|move|p1a: Mandibuzz|Toxic|p2a: Whimsicott","|-status|p2a: Whimsicott|tox","|","|-damage|p2a: Whimsicott|245/261 tox|[from] psn","|turn|16","|","|move|p2a: Whimsicott|Dazzling Gleam|p1a: Mandibuzz","|-supereffective|p1a: Mandibuzz","|-damage|p1a: Mandibuzz|0 fnt","|faint|p1a: Mandibuzz","|","|-heal|p2a: Whimsicott|261/261 tox|[from] item: Leftovers","|-damage|p2a: Whimsicott|229/261 tox|[from] psn","|","|switch|p1a: Tyranitar|Tyranitar, M|169/404","|-damage|p1a: Tyranitar|119/404|[from] Spikes","|-weather|Sandstorm","|turn|17","|","|move|p2a: Whimsicott|Stun Spore|p1a: Tyranitar","|-status|p1a: Tyranitar|par","|move|p1a: Tyranitar|Stone Edge|p2a: Whimsicott","|-damage|p2a: Whimsicott|70/261 tox","|","|-weather|Sandstorm|[upkeep]","|-damage|p2a: Whimsicott|54/261 tox|[from] sandstorm","|-heal|p2a: Whimsicott|70/261 tox|[from] item: Leftovers","|-damage|p2a: Whimsicott|22/261 tox|[from] psn","|turn|18","|","|move|p2a: Whimsicott|Giga Drain|p1a: Tyranitar","|-supereffective|p1a: Tyranitar","|-damage|p1a: Tyranitar|63/404 par","|-heal|p2a: Whimsicott|50/261 tox|[from] drain|[of] p1a: Tyranitar","|cant|p1a: Tyranitar|par","|","|-weather|Sandstorm|[upkeep]","|-damage|p2a: Whimsicott|34/261 tox|[from] sandstorm","|-heal|p2a: Whimsicott|50/261 tox|[from] item: Leftovers","|-damage|p2a: Whimsicott|0 fnt|[from] psn","|faint|p2a: Whimsicott","|","|switch|p2a: Slurpuff|Slurpuff, F, shiny|306/306","|turn|19","|","|move|p2a: Slurpuff|Belly Drum|p2a: Slurpuff","|-damage|p2a: Slurpuff|153/306","|-setboost|p2a: Slurpuff|atk|6|[from] move: Belly Drum","|-enditem|p2a: Slurpuff|Sitrus Berry|[eat]","|-heal|p2a: Slurpuff|229/306|[from] item: Sitrus Berry","|move|p1a: Tyranitar|Stone Edge|p2a: Slurpuff","|-damage|p2a: Slurpuff|51/306","|","|-weather|Sandstorm|[upkeep]","|-damage|p2a: Slurpuff|32/306|[from] sandstorm","|turn|20","|","|move|p2a: Slurpuff|Drain Punch|p1a: Tyranitar","|-supereffective|p1a: Tyranitar","|-damage|p1a: Tyranitar|0 fnt","|-heal|p2a: Slurpuff|64/306|[from] drain|[of] p1a: Tyranitar","|faint|p1a: Tyranitar","|","|-weather|Sandstorm|[upkeep]","|-damage|p2a: Slurpuff|45/306|[from] sandstorm","|","|switch|p1a: Bisharp|Bisharp, F|333/333","|-damage|p1a: Bisharp|292/333|[from] Spikes","|turn|21","|","|move|p1a: Bisharp|Sucker Punch|p2a: Slurpuff","|-fail|p1a: Bisharp","|move|p2a: Slurpuff|Belly Drum|p2a: Slurpuff","|-fail|p2a: Slurpuff","|","|-weather|none","|turn|22","|","|move|p1a: Bisharp|Sucker Punch|p2a: Slurpuff","|-resisted|p2a: Slurpuff","|-damage|p2a: Slurpuff|0 fnt","|faint|p2a: Slurpuff","|","|","|switch|p2a: Sylveon|Sylveon, F|393/393","|turn|23","|","|move|p1a: Bisharp|Iron Head|p2a: Sylveon","|-supereffective|p2a: Sylveon","|-damage|p2a: Sylveon|0 fnt","|faint|p2a: Sylveon","|","|","|switch|p2a: Gardevoir|Gardevoir, F|339/339","|turn|24","|","|detailschange|p2a: Gardevoir|Gardevoir-Mega, F","|-mega|p2a: Gardevoir|Gardevoir|Gardevoirite","|move|p1a: Bisharp|Sucker Punch|p2a: Gardevoir","|-crit|p2a: Gardevoir","|-damage|p2a: Gardevoir|0 fnt","|faint|p2a: Gardevoir","|","|win|Alliance ♋ akaFila"],"p1rating":{"entryid":"126995","serverid":"eos","formatid":"monotype","userid":"allianceakafila","username":"Alliance ♋ akaFila","w":28,"l":"18","t":"0","gxe":59.3,"r":"1529.6656786497","rd":"53.68495356234","sigma":"0","rptime":"1440925200","rpr":1571.1214599244,"rprd":50.571674503185,"rpsigma":"0","acre":1245.3555918092,"lacre":1245.3555918092,"oldacre":"1235.0825261844"},"p2rating":{"entryid":"638197","serverid":"eos","formatid":"monotype","userid":"slwyvern","username":"SL Wyvern","w":"3","l":9,"t":"0","gxe":38.3,"r":"1555.3371870395","rd":"122.52703551501","sigma":"0","rptime":"1440925200","rpr":1407.7666187746,"rprd":81.840458790457,"rpsigma":"0","acre":1000,"lacre":1000,"oldacre":"1000.1285299644"},"endType":"normal"}