{"seed":[34727,64506,62860,9293],"turns":22,"p1":"Alliance ♋ akaFila","p2":"Union Beerus","p1team":[{"name":"Hoopa-Unbound","species":"Hoopa-Unbound","item":"choiceband","ability":"Magician","moves":["hyperspacefury","facade","icepunch","drainpunch"],"nature":"Adamant","evs":{"hp":248,"atk":252,"def":0,"spa":0,"spd":8,"spe":0},"ivs":{"hp":31,"atk":31,"def":31,"spa":31,"spd":31,"spe":31}},{"name":"Sharpedo","species":"Sharpedo","item":"lifeorb","ability":"Speed Boost","moves":["hydropump","darkpulse","destinybond","protect"],"nature":"Modest","evs":{"hp":0,"atk":0,"def":0,"spa":252,"spd":4,"spe":252},"ivs":{"hp":31,"atk":31,"def":31,"spa":31,"spd":31,"spe":31}},{"name":"Pangoro","species":"Pangoro","item":"choicescarf","ability":"Iron Fist","moves":["drainpunch","knockoff","earthquake","partingshot"],"nature":"Jolly","evs":{"hp":0,"atk":252,"def":0,"spa":0,"spd":4,"spe":252},"ivs":{"hp":31,"atk":31,"def":31,"spa":31,"spd":31,"spe":31}},{"name":"Mandibuzz","species":"Mandibuzz","item":"rockyhelmet","ability":"Overcoat","moves":["foulplay","toxic","roost","defog"],"nature":"Bold","evs":{"hp":248,"atk":0,"def":252,"spa":0,"spd":8,"spe":0},"ivs":{"hp":31,"atk":31,"def":31,"spa":31,"spd":31,"spe":31}},{"name":"Tyranitar","species":"Tyranitar","item":"assaultvest","ability":"Sand Stream","moves":["crunch","earthquake","stoneedge","fireblast"],"nature":"Sassy","evs":{"hp":252,"atk":0,"def":6,"spa":0,"spd":252,"spe":0},"ivs":{"hp":31,"atk":31,"def":31,"spa":31,"spd":31,"spe":31}},{"name":"Bisharp","species":"Bisharp","item":"focussash","ability":"Defiant","moves":["swordsdance","knockoff","ironhead","suckerpunch"],"nature":"Adamant","evs":{"hp":248,"atk":252,"def":0,"spa":0,"spd":8,"spe":0},"ivs":{"hp":31,"atk":31,"def":31,"spa":31,"spd":31,"spe":31}}],"p2team":[{"name":"Flygon","species":"Flygon","item":"choiceband","ability":"Levitate","moves":["earthquake","stoneedge","outrage","superpower"],"nature":"Jolly","evs":{"hp":0,"atk":252,"def":0,"spa":0,"spd":4,"spe":252},"ivs":{"hp":31,"atk":31,"def":31,"spa":31,"spd":31,"spe":31}},{"name":"Zygarde","species":"Zygarde","item":"leftovers","ability":"Aura Break","moves":["dragondance","extremespeed","rockslide","substitute"],"nature":"Adamant","evs":{"hp":0,"atk":252,"def":0,"spa":0,"spd":4,"spe":252},"ivs":{"hp":31,"atk":31,"def":31,"spa":31,"spd":31,"spe":31}},{"name":"Latios","species":"Latios","item":"latiosite","ability":"Levitate","moves":["dracometeor","psychic","thunderbolt","dragonpulse"],"nature":"Timid","evs":{"hp":0,"atk":0,"def":0,"spa":252,"spd":4,"spe":252},"ivs":{"hp":31,"atk":31,"def":31,"spa":31,"spd":31,"spe":31}},{"name":"Noivern","species":"Noivern","item":"choicespecs","ability":"Frisk","moves":["airslash","boomburst","dracometeor","flamethrower"],"nature":"Timid","evs":{"hp":0,"atk":0,"def":0,"spa":252,"spd":4,"spe":252},"ivs":{"hp":31,"atk":31,"def":31,"spa":31,"spd":31,"spe":31}},{"name":"Kingdra","species":"Kingdra","item":"leftovers","ability":"Sniper","moves":["dragondance","outrage","bounce","waterfall"],"nature":"Adamant","evs":{"hp":0,"atk":0,"def":0,"spa":0,"spd":4,"spe":252},"ivs":{"hp":31,"atk":31,"def":31,"spa":31,"spd":31,"spe":31}},{"name":"Hydreigon","species":"Hydreigon","item":"lifeorb","ability":"Levitate","moves":["crunch","dragonrush","flamethrower","steelwing"],"nature":"Hasty","evs":{"hp":0,"atk":252,"def":0,"spa":4,"spd":0,"spe":252},"ivs":{"hp":31,"atk":31,"def":31,"spa":31,"spd":31,"spe":31}}],"log":["|player|p1|Alliance ♋ akaFila|allianceakafila.gif","|player|p2|Union Beerus|2","|gametype|singles","|gen|6","|tier|Monotype","|rated","|rule|Baton Pass Clause: Limit one Baton Passer, can't pass Spe and other stats simultaneously","|rule|Swagger Clause: Swagger is banned","|rule|Same Type Clause: Pokémon in a team must share a type","|clearpoke","|poke|p1|Hoopa-Unbound","|poke|p1|Sharpedo, M","|poke|p1|Pangoro, M","|poke|p1|Mandibuzz, F","|poke|p1|Tyranitar, M","|poke|p1|Bisharp, M","|poke|p2|Flygon, M","|poke|p2|Zygarde","|poke|p2|Latios, M","|poke|p2|Noivern, M","|poke|p2|Kingdra, M","|poke|p2|Hydreigon, M","|rule|Sleep Clause Mod: Limit one foe put to sleep","|rule|Species Clause: Limit one of each Pokémon","|rule|OHKO Clause: OHKO moves are banned","|rule|Moody Clause: Moody is banned","|rule|Evasion Moves Clause: Evasion moves are banned","|rule|Endless Battle Clause: Forcing endless battles is banned","|rule|HP Percentage Mod: HP is shown in percentages","|teampreview","|","|start","|switch|p1a: Pangoro|Pangoro, M|331/331","|switch|p2a: Zygarde|Zygarde|357/357","|-ability|p2a: Zygarde|Aura Break","|turn|1","|","|move|p1a: Pangoro|Knock Off|p2a: Zygarde","|-damage|p2a: Zygarde|225/357","|-enditem|p2a: Zygarde|Leftovers|[from] move: Knock Off|[of] p1a: Pangoro","|move|p2a: Zygarde|Substitute|p2a: Zygarde","|-start|p2a: Zygarde|Substitute","|-damage|p2a: Zygarde|136/357","|","|turn|2","|","|switch|p1a: Mandibuzz|Mandibuzz, F|423/423","|move|p2a: Zygarde|Dragon Dance|p2a: Zygarde","|-boost|p2a: Zygarde|atk|1","|-boost|p2a: Zygarde|spe|1","|","|turn|3","|","|move|p2a: Zygarde|Dragon Dance|p2a: Zygarde","|-boost|p2a: Zygarde|atk|1","|-boost|p2a: Zygarde|spe|1","|move|p1a: Mandibuzz|Foul Play|p2a: Zygarde","|-end|p2a: Zygarde|Substitute","|","|turn|4","|","|move|p2a: Zygarde|Rock Slide|p1a: Mandibuzz","|-supereffective|p1a: Mandibuzz","|-damage|p1a: Mandibuzz|201/423","|move|p1a: Mandibuzz|Foul Play|p2a: Zygarde","|-damage|p2a: Zygarde|0 fnt","|faint|p2a: Zygarde","|","|","|switch|p2a: Hydreigon|Hydreigon, M|325/325","|turn|5","|","|switch|p1a: Tyranitar|Tyranitar, M|404/404","|-weather|Sandstorm","|move|p2a: Hydreigon|Flamethrower|p1a: Tyranitar","|-resisted|p1a: Tyranitar","|-damage|p1a: Tyranitar|386/404","|-damage|p2a: Hydreigon|293/325|[from] item: Life Orb","|","|-weather|Sandstorm|[upkeep]","|-damage|p2a: Hydreigon|273/325|[from] sandstorm","|turn|6","|","|move|p2a: Hydreigon|Steel Wing|p1a: Tyranitar","|-supereffective|p1a: Tyranitar","|-damage|p1a: Tyranitar|225/404","|-damage|p2a: Hydreigon|241/325|[from] item: Life Orb","|move|p1a: Tyranitar|Crunch|p2a: Hydreigon","|-resisted|p2a: Hydreigon","|-damage|p2a: Hydreigon|169/325","|","|-weather|Sandstorm|[upkeep]","|-damage|p2a: Hydreigon|149/325|[from] sandstorm","|turn|7","|","|switch|p1a: Mandibuzz|Mandibuzz, F|201/423","|move|p2a: Hydreigon|Steel Wing|p1a: Mandibuzz","|-damage|p1a: Mandibuzz|130/423","|-damage|p2a: Hydreigon|95/325|[from] item: Rocky Helmet|[of] p1a: Mandibuzz","|-damage|p2a: Hydreigon|63/325|[from] item: Life Orb","|","|-weather|Sandstorm|[upkeep]","|-damage|p2a: Hydreigon|43/325|[from] sandstorm","|turn|8","|","|switch|p2a: Kingdra|Kingdra, M|291/291","|move|p1a: Mandibuzz|Roost|p1a: Mandibuzz","|-heal|p1a: Mandibuzz|342/423","|","|-weather|Sandstorm|[upkeep]","|-damage|p2a: Kingdra|273/291|[from] sandstorm","|-heal|p2a: Kingdra|291/291|[from] item: Leftovers","|turn|9","|","|move|p2a: Kingdra|Dragon Dance|p2a: Kingdra","|-boost|p2a: Kingdra|atk|1","|-boost|p2a: Kingdra|spe|1","|move|p1a: Mandibuzz|Toxic|p2a: Kingdra","|-status|p2a: Kingdra|tox","|","|-weather|none","|-damage|p2a: Kingdra|273/291 tox|[from] psn","|turn|10","|","|move|p2a: Kingdra|Dragon Dance|p2a: Kingdra","|-boost|p2a: Kingdra|atk|1","|-boost|p2a: Kingdra|spe|1","|move|p1a: Mandibuzz|Foul Play|p2a: Kingdra","|-damage|p2a: Kingdra|30/291 tox","|","|-heal|p2a: Kingdra|48/291 tox|[from] item: Leftovers","|-damage|p2a: Kingdra|12/291 tox|[from] psn","|turn|11","|","|move|p2a: Kingdra|Outrage|p1a: Mandibuzz","|-damage|p1a: Mandibuzz|123/423","|-damage|p2a: Kingdra|0 fnt|[from] item: Rocky Helmet|[of] p1a: Mandibuzz","|faint|p2a: Kingdra","|move|p1a: Mandibuzz|Roost|p1a: Mandibuzz","|-heal|p1a: Mandibuzz|335/423","|","|","|switch|p2a: Latios|Latios, M|301/301","|turn|12","|","|detailschange|p2a: Latios|Latios-Mega, M","|-mega|p2a: Latios|Latios|Latiosite","|move|p2a: Latios|Thunderbolt|p1a: Mandibuzz","|-supereffective|p1a: Mandibuzz","|-damage|p1a: Mandibuzz|97/423","|move|p1a: Mandibuzz|Toxic|p2a: Latios","|-status|p2a: Latios|tox","|","|-damage|p2a: Latios|283/301 tox|[from] psn","|turn|13","|","|switch|p1a: Tyranitar|Tyranitar, M|225/404","|-weather|Sandstorm","|move|p2a: Latios|Thunderbolt|p1a: Tyranitar","|-damage|p1a: Tyranitar|183/404","|","|-weather|Sandstorm|[upkeep]","|-damage|p2a: Latios|265/301 tox|[from] sandstorm","|-damage|p2a: Latios|229/301 tox|[from] psn","|turn|14","|","|move|p2a: Latios|Draco Meteor|p1a: Tyranitar|[miss]","|-miss|p2a: Latios|p1a: Tyranitar","|move|p1a: Tyranitar|Crunch|p2a: Latios","|-supereffective|p2a: Latios","|-damage|p2a: Latios|7/301 tox","|","|-weather|Sandstorm|[upkeep]","|-damage|p2a: Latios|0 fnt|[from] sandstorm","|faint|p2a: Latios","|","|switch|p2a: Flygon|Flygon, M|301/301","|turn|15","|","|switch|p1a: Mandibuzz|Mandibuzz, F|97/423","|move|p2a: Flygon|Stone Edge|p1a: Mandibuzz|[miss]","|-miss|p2a: Flygon|p1a: Mandibuzz","|","|-weather|Sandstorm|[upkeep]","|turn|16","|","|move|p2a: Flygon|Stone Edge|p1a: Mandibuzz","|-supereffective|p1a: Mandibuzz","|-damage|p1a: Mandibuzz|0 fnt","|faint|p1a: Mandibuzz","|","|-weather|Sandstorm|[upkeep]","|","|switch|p1a: Hoopa-Unbound|Hoopa-Unbound|363/363","|turn|17","|","|move|p2a: Flygon|Stone Edge|p1a: Hoopa-Unbound","|-damage|p1a: Hoopa-Unbound|142/363","|move|p1a: Hoopa-Unbound|Ice Punch|p2a: Flygon","|-supereffective|p2a: Flygon","|-damage|p2a: Flygon|0 fnt","|faint|p2a: Flygon","|","|-weather|none","|","|switch|p2a: Noivern|Noivern, M|311/311","|-item|p1a: Hoopa-Unbound|Choice Band|[from] ability: Frisk|[of] p2a: Noivern|[identify]","|turn|18","|","|switch|p1a: Pangoro|Pangoro, M|331/331","|move|p2a: Noivern|Flamethrower|p1a: Pangoro","|-damage|p1a: Pangoro|148/331","|-status|p1a: Pangoro|brn","|","|-damage|p1a: Pangoro|107/331 brn|[from] brn","|turn|19","|","|move|p2a: Noivern|Flamethrower|p1a: Pangoro","|-damage|p1a: Pangoro|0 fnt","|faint|p1a: Pangoro","|","|","|switch|p1a: Tyranitar|Tyranitar, M|183/404","|-weather|Sandstorm","|turn|20","|","|switch|p2a: Hydreigon|Hydreigon, M|43/325","|move|p1a: Tyranitar|Crunch|p2a: Hydreigon","|-resisted|p2a: Hydreigon","|-damage|p2a: Hydreigon|0 fnt","|faint|p2a: Hydreigon","|","|-weather|Sandstorm|[upkeep]","|","|switch|p2a: Noivern|Noivern, M|311/311","|-item|p1a: Tyranitar|Assault Vest|[from] ability: Frisk|[of] p2a: Noivern|[identify]","|turn|21","|","|move|p2a: Noivern|Air Slash|p1a: Tyranitar","|-resisted|p1a: Tyranitar","|-damage|p1a: Tyranitar|157/404","|move|p1a: Tyranitar|Crunch|p2a: Noivern","|-crit|p2a: Noivern","|-damage|p2a: Noivern|80/311","|","|-weather|Sandstorm|[upkeep]","|-damage|p2a: Noivern|61/311|[from] sandstorm","|turn|22","|","|move|p2a: Noivern|Air Slash|p1a: Tyranitar|[miss]","|-miss|p2a: Noivern|p1a: Tyranitar","|move|p1a: Tyranitar|Crunch|p2a: Noivern","|-damage|p2a: Noivern|0 fnt","|faint|p2a: Noivern","|","|win|Alliance ♋ akaFila"],"p1rating":{"entryid":"126995","serverid":"eos","formatid":"monotype","userid":"allianceakafila","username":"Alliance ♋ akaFila","w":26,"l":"18","t":"0","gxe":57.6,"r":"1529.6656786497","rd":"53.68495356234","sigma":"0","rptime":"1440925200","rpr":1558.569982192,"rprd":51.515574092837,"rpsigma":"0","acre":1219.9534107941,"lacre":1219.9534107941,"oldacre":"1199.6196385914"},"p2rating":{"entryid":"577945","serverid":"eos","formatid":"monotype","userid":"unionbeerus","username":"Union Beerus","w":"8","l":6,"t":"0","gxe":54.6,"r":"1536.368121653","rd":"82.906167695545","sigma":"0","rptime":"1440925200","rpr":1535.3408213545,"rprd":78.67799035594,"rpsigma":"0","acre":1113.6681170612,"lacre":1113.6681170612,"oldacre":"1134.0018892639"},"endType":"normal"}