{"seed":[40420,10845,1091,15923],"turns":28,"p1":"Carnie Marx","p2":"Void Who","p1team":[{"name":"Xatu","species":"Xatu","item":"leftovers","ability":"Magic Bounce","moves":["roost","thunderwave","heatwave","psyshock"],"nature":"Calm","evs":{"hp":252,"atk":0,"def":0,"spa":4,"spd":252,"spe":0},"ivs":{"hp":31,"atk":31,"def":31,"spa":31,"spd":31,"spe":31}},{"name":"Landorus","species":"Landorus","item":"choicescarf","ability":"Sheer Force","moves":["earthpower","psychic","focusblast","sludgewave"],"nature":"Timid","evs":{"hp":0,"atk":0,"def":0,"spa":252,"spd":4,"spe":252},"ivs":{"hp":31,"atk":31,"def":31,"spa":31,"spd":31,"spe":31}},{"name":"Defog","species":"skarmory","item":"rockyhelmet","ability":"Sturdy","moves":["bravebird","stealthrock","ironhead","defog"],"nature":"Adamant","evs":{"hp":232,"atk":252,"def":0,"spa":0,"spd":0,"spe":24},"ivs":{"hp":31,"atk":31,"def":31,"spa":31,"spd":31,"spe":31}},{"name":"Archeops","species":"Archeops","item":"choiceband","ability":"Defeatist","moves":["dragonclaw","earthquake","headsmash","uturn"],"nature":"Jolly","evs":{"hp":0,"atk":252,"def":0,"spa":0,"spd":4,"spe":252},"ivs":{"hp":31,"atk":31,"def":31,"spa":31,"spd":31,"spe":31}},{"name":"Thundurus-Therian","species":"Thundurus-Therian","item":"choicespecs","ability":"Volt Absorb","moves":["darkpulse","discharge","sludgewave","voltswitch"],"nature":"Timid","evs":{"hp":0,"atk":0,"def":0,"spa":252,"spd":4,"spe":252},"ivs":{"hp":31,"atk":31,"def":31,"spa":31,"spd":31,"spe":31}},{"name":"Murkrow","species":"Murkrow","item":"eviolite","ability":"Prankster","moves":["darkpulse","thunderwave","featherdance","roost"],"nature":"Calm","evs":{"hp":248,"atk":0,"def":0,"spa":8,"spd":252,"spe":0},"ivs":{"hp":31,"atk":31,"def":31,"spa":31,"spd":31,"spe":31}}],"p2team":[{"name":"Avalugg","species":"Avalugg","item":"leftovers","ability":"Sturdy","moves":["recover","avalanche","mirrorcoat","rapidspin"],"nature":"Impish","evs":{"hp":252,"atk":4,"def":252,"spa":0,"spd":0,"spe":0},"ivs":{"hp":31,"atk":31,"def":31,"spa":31,"spd":31,"spe":31}},{"name":"Kyurem-Black","species":"Kyurem-Black","item":"choicescarf","ability":"Teravolt","moves":["dragonclaw","fusionbolt","ironhead","zenheadbutt"],"nature":"Jolly","evs":{"hp":0,"atk":252,"def":0,"spa":0,"spd":4,"spe":252},"ivs":{"hp":31,"atk":31,"def":31,"spa":31,"spd":31,"spe":31}},{"name":"Glalie","species":"Glalie","item":"glalitite","ability":"Inner Focus","moves":["iceshard","frustration","crunch","explosion"],"nature":"Adamant","evs":{"hp":248,"atk":252,"def":0,"spa":0,"spd":8,"spe":0},"happiness":0,"ivs":{"hp":31,"atk":31,"def":31,"spa":31,"spd":31,"spe":31}},{"name":"Mamoswine","species":"Mamoswine","item":"focussash","ability":"Thick Fat","moves":["earthquake","stealthrock","avalanche","knockoff"],"nature":"Adamant","evs":{"hp":248,"atk":252,"def":0,"spa":0,"spd":8,"spe":0},"ivs":{"hp":31,"atk":31,"def":31,"spa":31,"spd":31,"spe":31}},{"name":"Weavile","species":"Weavile","item":"choicescarf","ability":"Pressure","moves":["knockoff","lowkick","iciclecrash","iceshard"],"nature":"Jolly","evs":{"hp":0,"atk":252,"def":0,"spa":0,"spd":4,"spe":252},"ivs":{"hp":31,"atk":31,"def":31,"spa":31,"spd":31,"spe":31}},{"name":"Rotom-Frost","species":"Rotom-Frost","item":"leftovers","ability":"Levitate","moves":["willowisp","voltswitch","blizzard","painsplit"],"nature":"Calm","evs":{"hp":252,"atk":0,"def":0,"spa":4,"spd":252,"spe":0},"ivs":{"hp":31,"atk":31,"def":31,"spa":31,"spd":31,"spe":31}}],"log":["|player|p1|Carnie Marx|165","|player|p2|Void Who|voidwho.gif","|gametype|singles","|gen|6","|tier|Monotype","|rated","|rule|Baton Pass Clause: Limit one Baton Passer, can't pass Spe and other stats simultaneously","|rule|Swagger Clause: Swagger is banned","|rule|Same Type Clause: Pokémon in a team must share a type","|clearpoke","|poke|p1|Xatu, F","|poke|p1|Landorus, M","|poke|p1|Skarmory, F","|poke|p1|Archeops, M","|poke|p1|Thundurus-Therian, M","|poke|p1|Murkrow, F","|poke|p2|Avalugg, M","|poke|p2|Kyurem-Black","|poke|p2|Glalie, F","|poke|p2|Mamoswine, F","|poke|p2|Weavile, M","|poke|p2|Rotom-Frost","|rule|Sleep Clause Mod: Limit one foe put to sleep","|rule|Species Clause: Limit one of each Pokémon","|rule|OHKO Clause: OHKO moves are banned","|rule|Moody Clause: Moody is banned","|rule|Evasion Moves Clause: Evasion moves are banned","|rule|Endless Battle Clause: Forcing endless battles is banned","|rule|HP Percentage Mod: HP is shown in percentages","|teampreview","|","|start","|switch|p1a: Archeops|Archeops, M|291/291","|switch|p2a: Rotom-Frost|Rotom-Frost|304/304","|turn|1","|","|move|p1a: Archeops|U-turn|p2a: Rotom-Frost","|-damage|p2a: Rotom-Frost|176/304","|","|switch|p1a: Landorus|Landorus, M|319/319","|move|p2a: Rotom-Frost|Blizzard|p1a: Landorus","|-supereffective|p1a: Landorus","|-damage|p1a: Landorus|0 fnt","|faint|p1a: Landorus","|","|-heal|p2a: Rotom-Frost|195/304|[from] item: Leftovers","|","|switch|p1a: Archeops|Archeops, M|291/291","|turn|2","|","|move|p1a: Archeops|Head Smash|p2a: Rotom-Frost|[miss]","|-miss|p1a: Archeops|p2a: Rotom-Frost","|move|p2a: Rotom-Frost|Volt Switch|p1a: Archeops","|-supereffective|p1a: Archeops","|-damage|p1a: Archeops|61/291","|","|switch|p2a: Weavile|Weavile, M|281/281","|-ability|p2a: Weavile|Pressure","|","|turn|3","|","|switch|p1a: Defog|Skarmory, F|329/329","|move|p2a: Weavile|Icicle Crash|p1a: Defog","|-damage|p1a: Defog|230/329","|","|turn|4","|","|switch|p2a: Rotom-Frost|Rotom-Frost|195/304","|move|p1a: Defog|Iron Head|p2a: Rotom-Frost","|-damage|p2a: Rotom-Frost|81/304","|","|-heal|p2a: Rotom-Frost|100/304|[from] item: Leftovers","|turn|5","|","|switch|p1a: Thundurus-Therian|Thundurus-Therian, M|299/299","|move|p2a: Rotom-Frost|Will-O-Wisp|p1a: Thundurus-Therian|[miss]","|-miss|p2a: Rotom-Frost|p1a: Thundurus-Therian","|","|-heal|p2a: Rotom-Frost|119/304|[from] item: Leftovers","|turn|6","|","|switch|p2a: Mamoswine|Mamoswine, F|423/423","|move|p1a: Thundurus-Therian|Discharge|p2a: Mamoswine","|-immune|p2a: Mamoswine|[msg]","|","|turn|7","|","|switch|p1a: Defog|Skarmory, F|230/329","|move|p2a: Mamoswine|Stealth Rock|p1a: Defog","|-sidestart|p1: Carnie Marx|move: Stealth Rock","|","|turn|8","|","|switch|p2a: Rotom-Frost|Rotom-Frost|119/304","|move|p1a: Defog|Iron Head|p2a: Rotom-Frost","|-damage|p2a: Rotom-Frost|11/304","|","|-heal|p2a: Rotom-Frost|30/304|[from] item: Leftovers","|turn|9","|","|move|p2a: Rotom-Frost|Pain Split|p1a: Defog","|-sethp|p1a: Defog|130/329|p2a: Rotom-Frost|130/304|[from] move: Pain Split","|move|p1a: Defog|Defog|p2a: Rotom-Frost","|-unboost|p2a: Rotom-Frost|evasion|1","|-sideend|p1: Carnie Marx|Stealth Rock|[from] move: Defog|[of] p1a: Defog","|","|-heal|p2a: Rotom-Frost|149/304|[from] item: Leftovers","|turn|10","|","|switch|p1a: Thundurus-Therian|Thundurus-Therian, M|299/299","|move|p2a: Rotom-Frost|Blizzard|p1a: Thundurus-Therian","|-miss|p2a: Rotom-Frost|p1a: Thundurus-Therian","|","|-heal|p2a: Rotom-Frost|168/304|[from] item: Leftovers","|turn|11","|","|move|p1a: Thundurus-Therian|Dark Pulse|p2a: Rotom-Frost","|-damage|p2a: Rotom-Frost|66/304","|move|p2a: Rotom-Frost|Pain Split|p1a: Thundurus-Therian","|-sethp|p1a: Thundurus-Therian|182/299|p2a: Rotom-Frost|182/304|[from] move: Pain Split","|","|-heal|p2a: Rotom-Frost|201/304|[from] item: Leftovers","|turn|12","|","|switch|p1a: Xatu|Xatu, F|334/334","|move|p2a: Rotom-Frost|Blizzard|p1a: Xatu","|-miss|p2a: Rotom-Frost|p1a: Xatu","|","|-heal|p2a: Rotom-Frost|220/304|[from] item: Leftovers","|turn|13","|","|move|p1a: Xatu|Psyshock|p2a: Rotom-Frost","|-damage|p2a: Rotom-Frost|139/304","|move|p2a: Rotom-Frost|Volt Switch|p1a: Xatu","|-supereffective|p1a: Xatu","|-damage|p1a: Xatu|178/334","|","|switch|p2a: Glalie|Glalie, F|363/363","|","|-heal|p1a: Xatu|198/334|[from] item: Leftovers","|turn|14","|","|detailschange|p2a: Glalie|Glalie-Mega, F","|-mega|p2a: Glalie|Glalie|Glalitite","|move|p1a: Xatu|Thunder Wave|p2a: Glalie","|-status|p2a: Glalie|par","|move|p2a: Glalie|Frustration|p1a: Xatu","|-supereffective|p1a: Xatu","|-damage|p1a: Xatu|0 fnt","|faint|p1a: Xatu","|","|","|switch|p1a: Defog|Skarmory, F|130/329","|turn|15","|","|move|p1a: Defog|Stealth Rock|p2a: Glalie","|-sidestart|p2: Void Who|move: Stealth Rock","|cant|p2a: Glalie|par","|","|turn|16","|","|move|p1a: Defog|Iron Head|p2a: Glalie","|-supereffective|p2a: Glalie","|-damage|p2a: Glalie|103/363 par","|move|p2a: Glalie|Explosion|p1a: Defog","|-damage|p1a: Defog|0 fnt","|faint|p2a: Glalie","|faint|p1a: Defog","|","|","|switch|p1a: Archeops|Archeops, M|61/291","|switch|p2a: Avalugg|Avalugg, M|394/394","|-damage|p2a: Avalugg|296/394|[from] Stealth Rock","|turn|17","|","|move|p1a: Archeops|Head Smash|p2a: Avalugg","|-supereffective|p2a: Avalugg","|-damage|p2a: Avalugg|116/394","|-damage|p1a: Archeops|0 fnt|[from] recoil|[of] p2a: Avalugg","|faint|p1a: Archeops","|move|p2a: Avalugg|Rapid Spin|p1: Archeops|[notarget]","|-notarget","|","|-heal|p2a: Avalugg|140/394|[from] item: Leftovers","|","|switch|p1a: Thundurus-Therian|Thundurus-Therian, M|182/299","|turn|18","|","|move|p1a: Thundurus-Therian|Dark Pulse|p2a: Avalugg","|-damage|p2a: Avalugg|0 fnt","|faint|p2a: Avalugg","|","|","|switch|p2a: Kyurem-Black|Kyurem-Black|391/391","|-damage|p2a: Kyurem-Black|294/391|[from] Stealth Rock","|-ability|p2a: Kyurem-Black|Teravolt","|turn|19","|","|move|p2a: Kyurem-Black|Dragon Claw|p1a: Thundurus-Therian","|-damage|p1a: Thundurus-Therian|0 fnt","|faint|p1a: Thundurus-Therian","|","|","|switch|p1a: Murkrow|Murkrow, F|323/323","|turn|20","|","|move|p1a: Murkrow|Feather Dance|p2a: Kyurem-Black","|-unboost|p2a: Kyurem-Black|atk|2","|move|p2a: Kyurem-Black|Dragon Claw|p1a: Murkrow","|-damage|p1a: Murkrow|205/323","|","|turn|21","|","|switch|p2a: Rotom-Frost|Rotom-Frost|139/304","|-damage|p2a: Rotom-Frost|63/304|[from] Stealth Rock","|move|p1a: Murkrow|Thunder Wave|p2a: Rotom-Frost","|-immune|p2a: Rotom-Frost|[msg]","|","|-heal|p2a: Rotom-Frost|82/304|[from] item: Leftovers","|turn|22","|","|move|p1a: Murkrow|Roost|p1a: Murkrow","|-heal|p1a: Murkrow|323/323","|move|p2a: Rotom-Frost|Will-O-Wisp|p1a: Murkrow","|-status|p1a: Murkrow|brn","|","|-heal|p2a: Rotom-Frost|101/304|[from] item: Leftovers","|-damage|p1a: Murkrow|283/323 brn|[from] brn","|turn|23","|","|move|p1a: Murkrow|Dark Pulse|p2a: Rotom-Frost","|-damage|p2a: Rotom-Frost|43/304","|move|p2a: Rotom-Frost|Pain Split|p1a: Murkrow","|-sethp|p1a: Murkrow|163/323 brn|p2a: Rotom-Frost|163/304|[from] move: Pain Split","|","|-heal|p2a: Rotom-Frost|182/304|[from] item: Leftovers","|-damage|p1a: Murkrow|123/323 brn|[from] brn","|turn|24","|","|move|p1a: Murkrow|Roost|p1a: Murkrow","|-heal|p1a: Murkrow|285/323 brn","|move|p2a: Rotom-Frost|Volt Switch|p1a: Murkrow","|-damage|p1a: Murkrow|216/323 brn","|","|switch|p2a: Weavile|Weavile, M|281/281","|-damage|p2a: Weavile|211/281|[from] Stealth Rock","|-ability|p2a: Weavile|Pressure","|","|-damage|p1a: Murkrow|176/323 brn|[from] brn","|turn|25","|","|switch|p2a: Rotom-Frost|Rotom-Frost|182/304","|-damage|p2a: Rotom-Frost|106/304|[from] Stealth Rock","|move|p1a: Murkrow|Feather Dance|p2a: Rotom-Frost","|-unboost|p2a: Rotom-Frost|atk|2","|","|-heal|p2a: Rotom-Frost|125/304|[from] item: Leftovers","|-damage|p1a: Murkrow|136/323 brn|[from] brn","|turn|26","|","|move|p1a: Murkrow|Roost|p1a: Murkrow","|-heal|p1a: Murkrow|298/323 brn","|move|p2a: Rotom-Frost|Blizzard|p1a: Murkrow","|-crit|p1a: Murkrow","|-damage|p1a: Murkrow|144/323 brn","|","|-heal|p2a: Rotom-Frost|144/304|[from] item: Leftovers","|-damage|p1a: Murkrow|104/323 brn|[from] brn","|turn|27","|","|move|p1a: Murkrow|Roost|p1a: Murkrow","|-heal|p1a: Murkrow|266/323 brn","|move|p2a: Rotom-Frost|Pain Split|p1a: Murkrow","|-sethp|p1a: Murkrow|205/323 brn|p2a: Rotom-Frost|205/304|[from] move: Pain Split","|","|-heal|p2a: Rotom-Frost|224/304|[from] item: Leftovers","|-damage|p1a: Murkrow|165/323 brn|[from] brn","|turn|28","|player|p1","|","|win|Void Who"],"p1rating":{"entryid":"459706","serverid":"eos","formatid":"monotype","userid":"carniemarx","username":"Carnie Marx","w":"4","l":5,"t":"0","gxe":46,"r":"1516.8375502187","rd":"96.483036828684","sigma":"0","rptime":"1440925200","rpr":1468.9987830818,"rprd":90.362863657253,"rpsigma":"0","acre":1042.4319988222,"lacre":1042.4319988222,"oldacre":"1064.3045381721"},"p2rating":{"entryid":"114352","serverid":"eos","formatid":"monotype","userid":"voidwho","username":"Void Who","w":24,"l":"30","t":"0","gxe":44.8,"r":"1457.0949769233","rd":"48.428815544824","sigma":"0","rptime":"1440925200","rpr":1460.633948458,"rprd":47.655379561735,"rpsigma":"0","acre":1065.1526998035,"lacre":1065.1526998035,"oldacre":"1024.7523690568"},"endType":"forfeit"}