{"seed":[28688,6091,28714,11404],"turns":27,"p1":"Imp Donut","p2":"Apex Salamence","p1team":[{"name":"Excadrill","species":"Excadrill","item":"choicescarf","ability":"Mold Breaker","moves":["brickbreak","earthquake","ironhead","rockslide"],"nature":"Jolly","evs":{"hp":0,"atk":252,"def":0,"spa":0,"spd":4,"spe":252},"ivs":{"hp":31,"atk":31,"def":31,"spa":31,"spd":31,"spe":31}},{"name":"Heatran","species":"Heatran","item":"airballoon","ability":"Flash Fire","moves":["ancientpower","earthpower","lavaplume","hiddenpowergrass"],"nature":"Modest","evs":{"hp":232,"atk":0,"def":0,"spa":252,"spd":0,"spe":24},"ivs":{"hp":31,"atk":30,"def":31,"spa":30,"spd":31,"spe":31}},{"name":"Skarmory","species":"Skarmory","item":"rockyhelmet","ability":"Sturdy","moves":["bravebird","roost","stealthrock","whirlwind"],"nature":"Impish","evs":{"hp":248,"atk":0,"def":236,"spa":0,"spd":0,"spe":24},"ivs":{"hp":31,"atk":31,"def":31,"spa":31,"spd":31,"spe":31}},{"name":"Empoleon","species":"Empoleon","item":"leftovers","ability":"Torrent","moves":["scald","roar","knockoff","grassknot"],"nature":"Calm","evs":{"hp":196,"atk":0,"def":84,"spa":56,"spd":172,"spe":0},"ivs":{"hp":31,"atk":0,"def":31,"spa":31,"spd":31,"spe":31}},{"name":"Scizor","species":"Scizor","item":"scizorite","ability":"Technician","moves":["bulletpunch","roost","swordsdance","bugbite"],"nature":"Adamant","evs":{"hp":248,"atk":252,"def":0,"spa":0,"spd":8,"spe":0},"ivs":{"hp":31,"atk":31,"def":31,"spa":31,"spd":31,"spe":31}},{"name":"Bisharp","species":"Bisharp","item":"lumberry","ability":"Defiant","moves":["ironhead","knockoff","suckerpunch","swordsdance"],"nature":"Adamant","evs":{"hp":248,"atk":252,"def":0,"spa":0,"spd":8,"spe":0},"ivs":{"hp":31,"atk":31,"def":31,"spa":31,"spd":31,"spe":31}}],"p2team":[{"name":"Typhoon","species":"gyarados","item":"gyaradosite","ability":"Intimidate","moves":["dragondance","crunch","earthquake","waterfall"],"nature":"Adamant","evs":{"hp":0,"atk":252,"def":0,"spa":0,"spd":4,"spe":252},"gender":"M","shiny":true,"ivs":{"hp":31,"atk":31,"def":31,"spa":31,"spd":31,"spe":31}},{"name":"Nightwing","species":"gliscor","item":"toxicorb","ability":"Poison Heal","moves":["aerialace","earthquake","protect","toxic"],"nature":"Impish","evs":{"hp":248,"atk":0,"def":188,"spa":0,"spd":0,"spe":72},"gender":"M","shiny":true,"ivs":{"hp":31,"atk":31,"def":31,"spa":31,"spd":31,"spe":31}},{"name":"Cherokee","species":"xatu","item":"leftovers","ability":"Magic Bounce","moves":["haze","nightshade","heatwave","roost"],"nature":"Calm","evs":{"hp":252,"atk":0,"def":0,"spa":4,"spd":252,"spe":0},"gender":"M","shiny":true,"ivs":{"hp":31,"atk":31,"def":31,"spa":31,"spd":31,"spe":31}},{"name":"Porunga","species":"dragonite","item":"weaknesspolicy","ability":"Multiscale","moves":["dragondance","dragonclaw","extremespeed","fly"],"nature":"Adamant","evs":{"hp":0,"atk":252,"def":0,"spa":0,"spd":4,"spe":252},"gender":"M","shiny":true,"ivs":{"hp":31,"atk":31,"def":31,"spa":31,"spd":31,"spe":31}},{"name":"Jupiter","species":"thundurus","item":"lifeorb","ability":"Prankster","moves":["nastyplot","thunderwave","thunderbolt","hiddenpowerice"],"nature":"Timid","evs":{"hp":0,"atk":0,"def":0,"spa":252,"spd":4,"spe":252},"ivs":{"hp":31,"atk":30,"def":30,"spa":31,"spd":31,"spe":31},"shiny":true},{"name":"DEATH","species":"togekiss","item":"leftovers","ability":"Serene Grace","moves":["airslash","thunderwave","nastyplot","wish"],"nature":"Calm","evs":{"hp":252,"atk":0,"def":0,"spa":4,"spd":252,"spe":0},"gender":"F","shiny":true,"ivs":{"hp":31,"atk":31,"def":31,"spa":31,"spd":31,"spe":31}}],"log":["|player|p1|Imp Donut|170","|player|p2|Apex Salamence|266","|gametype|singles","|gen|6","|tier|Monotype","|rated","|rule|Baton Pass Clause: Limit one Baton Passer, can't pass Spe and other stats simultaneously","|rule|Swagger Clause: Swagger is banned","|rule|Same Type Clause: Pokémon in a team must share a type","|clearpoke","|poke|p1|Excadrill, F","|poke|p1|Heatran, M","|poke|p1|Skarmory, M","|poke|p1|Empoleon, M","|poke|p1|Scizor, M","|poke|p1|Bisharp, F","|poke|p2|Gyarados, M, shiny","|poke|p2|Gliscor, M, shiny","|poke|p2|Xatu, M, shiny","|poke|p2|Dragonite, M, shiny","|poke|p2|Thundurus, M, shiny","|poke|p2|Togekiss, F, shiny","|rule|Sleep Clause Mod: Limit one foe put to sleep","|rule|Species Clause: Limit one of each Pokémon","|rule|OHKO Clause: OHKO moves are banned","|rule|Moody Clause: Moody is banned","|rule|Evasion Moves Clause: Evasion moves are banned","|rule|Endless Battle Clause: Forcing endless battles is banned","|rule|HP Percentage Mod: HP is shown in percentages","|teampreview","|","|start","|switch|p1a: Skarmory|Skarmory, M|333/333","|switch|p2a: Jupiter|Thundurus, M, shiny|299/299","|turn|1","|","|switch|p2a: Cherokee|Xatu, M, shiny|334/334","|switch|p1a: Heatran|Heatran, M|381/381","|-item|p1a: Heatran|Air Balloon","|","|turn|2","|","|move|p2a: Cherokee|Night Shade|p1a: Heatran","|-damage|p1a: Heatran|281/381","|-enditem|p1a: Heatran|Air Balloon","|move|p1a: Heatran|Ancient Power|p2a: Cherokee","|-supereffective|p2a: Cherokee","|-damage|p2a: Cherokee|200/334","|","|-heal|p2a: Cherokee|220/334|[from] item: Leftovers","|turn|3","|","|move|p2a: Cherokee|Night Shade|p1a: Heatran","|-damage|p1a: Heatran|181/381","|move|p1a: Heatran|Ancient Power|p2a: Cherokee","|-supereffective|p2a: Cherokee","|-damage|p2a: Cherokee|88/334","|","|-heal|p2a: Cherokee|108/334|[from] item: Leftovers","|turn|4","|","|switch|p2a: DEATH|Togekiss, F, shiny|374/374","|move|p1a: Heatran|Ancient Power|p2a: DEATH","|-supereffective|p2a: DEATH","|-damage|p2a: DEATH|264/374","|","|-heal|p2a: DEATH|287/374|[from] item: Leftovers","|turn|5","|","|switch|p1a: Excadrill|Excadrill, F|361/361","|-ability|p1a: Excadrill|Mold Breaker","|move|p2a: DEATH|Thunder Wave|p1a: Excadrill","|-immune|p1a: Excadrill|[msg]","|","|-heal|p2a: DEATH|310/374|[from] item: Leftovers","|turn|6","|","|switch|p2a: Nightwing|Gliscor, M, shiny|353/353","|move|p1a: Excadrill|Iron Head|p2a: Nightwing","|-crit|p2a: Nightwing","|-damage|p2a: Nightwing|212/353","|","|-status|p2a: Nightwing|tox|[from] item: Toxic Orb","|turn|7","|","|switch|p1a: Skarmory|Skarmory, M|333/333","|move|p2a: Nightwing|Protect|p2a: Nightwing","|-fail|p2a: Nightwing","|","|-heal|p2a: Nightwing|256/353 tox|[from] ability: Poison Heal","|turn|8","|","|switch|p2a: Cherokee|Xatu, M, shiny|108/334","|move|p1a: Skarmory|Brave Bird|p2a: Cherokee","|-damage|p2a: Cherokee|0 fnt","|-damage|p1a: Skarmory|297/333|[from] recoil|[of] p2a: Cherokee","|faint|p2a: Cherokee","|","|","|switch|p2a: Jupiter|Thundurus, M, shiny|299/299","|turn|9","|","|switch|p1a: Heatran|Heatran, M|181/381","|move|p2a: Jupiter|Nasty Plot|p2a: Jupiter","|-boost|p2a: Jupiter|spa|2","|","|turn|10","|","|move|p2a: Jupiter|Thunderbolt|p1a: Heatran","|-damage|p1a: Heatran|0 fnt","|-damage|p2a: Jupiter|270/299|[from] item: Life Orb","|faint|p1a: Heatran","|","|","|switch|p1a: Excadrill|Excadrill, F|361/361","|-ability|p1a: Excadrill|Mold Breaker","|turn|11","|","|move|p1a: Excadrill|Rock Slide|p2a: Jupiter","|-crit|p2a: Jupiter","|-supereffective|p2a: Jupiter","|-damage|p2a: Jupiter|0 fnt","|faint|p2a: Jupiter","|","|","|switch|p2a: Porunga|Dragonite, M, shiny|323/323","|turn|12","|","|switch|p1a: Skarmory|Skarmory, M|297/333","|move|p2a: Porunga|Dragon Dance|p2a: Porunga","|-boost|p2a: Porunga|atk|1","|-boost|p2a: Porunga|spe|1","|","|turn|13","|","|move|p2a: Porunga|Dragon Dance|p2a: Porunga","|-boost|p2a: Porunga|atk|1","|-boost|p2a: Porunga|spe|1","|move|p1a: Skarmory|Whirlwind|p2a: Porunga","|drag|p2a: Typhoon|Gyarados, M, shiny|331/331","|-ability|p2a: Typhoon|Intimidate","|-unboost|p1a: Skarmory|atk|1","|","|turn|14","|","|detailschange|p2a: Typhoon|Gyarados-Mega, M, shiny","|-mega|p2a: Typhoon|Gyarados|Gyaradosite","|-ability|p2a: Typhoon|Mold Breaker","|move|p2a: Typhoon|Dragon Dance|p2a: Typhoon","|-boost|p2a: Typhoon|atk|1","|-boost|p2a: Typhoon|spe|1","|move|p1a: Skarmory|Stealth Rock|p2a: Typhoon","|-sidestart|p2: Apex Salamence|move: Stealth Rock","|","|turn|15","|","|move|p2a: Typhoon|Waterfall|p1a: Skarmory","|-damage|p1a: Skarmory|135/333","|-damage|p2a: Typhoon|276/331|[from] item: Rocky Helmet|[of] p1a: Skarmory","|cant|p1a: Skarmory|flinch","|","|turn|16","|","|move|p2a: Typhoon|Waterfall|p1a: Skarmory","|-damage|p1a: Skarmory|0 fnt","|-damage|p2a: Typhoon|221/331|[from] item: Rocky Helmet|[of] p1a: Skarmory","|faint|p1a: Skarmory","|","|","|switch|p1a: Scizor|Scizor, M|343/343","|turn|17","|","|detailschange|p1a: Scizor|Scizor-Mega, M","|-mega|p1a: Scizor|Scizor|Scizorite","|move|p2a: Typhoon|Earthquake|p1a: Scizor","|-damage|p1a: Scizor|176/343","|move|p1a: Scizor|Bug Bite|p2a: Typhoon","|-supereffective|p2a: Typhoon","|-damage|p2a: Typhoon|0 fnt","|faint|p2a: Typhoon","|","|","|switch|p2a: Nightwing|Gliscor, M, shiny|256/353 tox","|-damage|p2a: Nightwing|212/353 tox|[from] Stealth Rock","|turn|18","|","|move|p2a: Nightwing|Earthquake|p1a: Scizor","|-damage|p1a: Scizor|95/343","|move|p1a: Scizor|Roost|p1a: Scizor","|-heal|p1a: Scizor|267/343","|","|-heal|p2a: Nightwing|256/353 tox|[from] ability: Poison Heal","|turn|19","|","|move|p2a: Nightwing|Earthquake|p1a: Scizor","|-damage|p1a: Scizor|189/343","|move|p1a: Scizor|Swords Dance|p1a: Scizor","|-boost|p1a: Scizor|atk|2","|","|-heal|p2a: Nightwing|300/353 tox|[from] ability: Poison Heal","|turn|20","|","|move|p2a: Nightwing|Aerial Ace|p1a: Scizor","|-damage|p1a: Scizor|140/343","|move|p1a: Scizor|Roost|p1a: Scizor","|-heal|p1a: Scizor|312/343","|","|-heal|p2a: Nightwing|344/353 tox|[from] ability: Poison Heal","|turn|21","|","|move|p2a: Nightwing|Earthquake|p1a: Scizor","|-damage|p1a: Scizor|221/343","|move|p1a: Scizor|Swords Dance|p1a: Scizor","|-boost|p1a: Scizor|atk|2","|","|-heal|p2a: Nightwing|353/353 tox|[from] ability: Poison Heal","|turn|22","|","|move|p2a: Nightwing|Earthquake|p1a: Scizor","|-damage|p1a: Scizor|136/343","|move|p1a: Scizor|Roost|p1a: Scizor","|-heal|p1a: Scizor|308/343","|","|turn|23","|","|move|p2a: Nightwing|Aerial Ace|p1a: Scizor","|-damage|p1a: Scizor|257/343","|move|p1a: Scizor|Swords Dance|p1a: Scizor","|-boost|p1a: Scizor|atk|2","|","|turn|24","|","|move|p2a: Nightwing|Earthquake|p1a: Scizor","|-damage|p1a: Scizor|172/343","|move|p1a: Scizor|Roost|p1a: Scizor","|-heal|p1a: Scizor|343/343","|","|turn|25","|","|move|p1a: Scizor|Bullet Punch|p2a: Nightwing","|-damage|p2a: Nightwing|0 fnt","|faint|p2a: Nightwing","|","|","|switch|p2a: DEATH|Togekiss, F, shiny|310/374","|-damage|p2a: DEATH|217/374|[from] Stealth Rock","|turn|26","|","|move|p1a: Scizor|Bullet Punch|p2a: DEATH","|-supereffective|p2a: DEATH","|-damage|p2a: DEATH|0 fnt","|faint|p2a: DEATH","|","|","|switch|p2a: Porunga|Dragonite, M, shiny|323/323","|-damage|p2a: Porunga|243/323|[from] Stealth Rock","|turn|27","|","|move|p2a: Porunga|Extreme Speed|p1a: Scizor","|-resisted|p1a: Scizor","|-damage|p1a: Scizor|300/343","|move|p1a: Scizor|Bullet Punch|p2a: Porunga","|-damage|p2a: Porunga|0 fnt","|faint|p2a: Porunga","|","|win|Imp Donut"],"p1rating":{"entryid":"659054","serverid":"eos","formatid":"monotype","userid":"impdonut","username":"Imp Donut","w":4,"l":"1","t":"0","gxe":61.7,"r":"1500","rd":"130","sigma":"0","rptime":"1440925200","rpr":1593.5613898872,"rprd":101.54862553824,"rpsigma":"0","acre":1122.059306181,"lacre":1122.059306181,"oldacre":"1098.3518520025"},"p2rating":{"entryid":"1755","serverid":"eos","formatid":"monotype","userid":"apexsalamence","username":"Apex Salamence","w":"44","l":38,"t":"0","gxe":54.7,"r":"1555.5663821576","rd":"40.745575440078","sigma":"0","rptime":"1440925200","rpr":1535.9882185211,"rprd":39.771009048276,"rpsigma":"0","acre":1056.8813441294,"lacre":1056.8813441294,"oldacre":"1077.1362522817"},"endType":"normal"}