{"seed":[23578,17974,44580,2871],"turns":21,"p1":"OrpheusAmpora","p2":"jakey2saucey06","p1team":[{"name":"Skuntank","species":"Skuntank","item":"blacksludge","ability":"Aftermath","moves":["suckerpunch","facade","crunch","poisonjab"],"nature":"Adamant","evs":{"hp":252,"atk":252,"def":0,"spa":0,"spd":4,"spe":0},"ivs":{"hp":31,"atk":31,"def":31,"spa":31,"spd":31,"spe":31}},{"name":"Gengar","species":"Gengar","item":"choicescarf","ability":"Levitate","moves":["clearsmog","dazzlinggleam","shadowball","psychic"],"nature":"Timid","evs":{"hp":0,"atk":0,"def":0,"spa":252,"spd":4,"spe":252},"ivs":{"hp":31,"atk":31,"def":31,"spa":31,"spd":31,"spe":31}},{"name":"Scolipede","species":"Scolipede","item":"airballoon","ability":"Speed Boost","moves":["protect","megahorn","batonpass","poisonjab"],"nature":"Adamant","evs":{"hp":0,"atk":252,"def":0,"spa":0,"spd":4,"spe":252},"ivs":{"hp":31,"atk":31,"def":31,"spa":31,"spd":31,"spe":31}},{"name":"Muk","species":"Muk","item":"assaultvest","ability":"Poison Touch","moves":["poweruppunch","shadowsneak","firepunch","poisonjab"],"nature":"Adamant","evs":{"hp":248,"atk":252,"def":0,"spa":0,"spd":8,"spe":0},"ivs":{"hp":31,"atk":31,"def":31,"spa":31,"spd":31,"spe":31}},{"name":"Roserade","species":"Roserade","item":"choicespecs","ability":"Technician","moves":["hiddenpowerice","magicalleaf","swift","dazzlinggleam"],"nature":"Modest","evs":{"hp":248,"atk":0,"def":0,"spa":252,"spd":8,"spe":0},"ivs":{"hp":31,"atk":30,"def":30,"spa":31,"spd":31,"spe":31}},{"name":"Venusaur","species":"Venusaur","item":"venusaurite","ability":"Chlorophyll","moves":["synthesis","swordsdance","sleeppowder","seedbomb"],"nature":"Adamant","evs":{"hp":0,"atk":252,"def":0,"spa":0,"spd":4,"spe":252},"ivs":{"hp":31,"atk":31,"def":31,"spa":31,"spd":31,"spe":31}}],"p2team":[{"name":"Chesnaught","species":"Chesnaught","item":"leftovers","ability":"Bulletproof","moves":["spikes","leechseed","spikyshield","drainpunch"],"nature":"Impish","evs":{"hp":252,"atk":0,"def":252,"spa":0,"spd":4,"spe":0},"shiny":true,"ivs":{"hp":31,"atk":31,"def":31,"spa":31,"spd":31,"spe":31}},{"name":"Infernape","species":"Infernape","item":"focussash","ability":"Iron Fist","moves":["stealthrock","closecombat","firepunch","machpunch"],"nature":"Jolly","evs":{"hp":4,"atk":252,"def":0,"spa":0,"spd":0,"spe":252},"shiny":true,"ivs":{"hp":31,"atk":31,"def":31,"spa":31,"spd":31,"spe":31}},{"name":"Medicham","species":"Medicham","item":"medichamite","ability":"Pure Power","moves":["fakeout","bulletpunch","zenheadbutt","highjumpkick"],"nature":"Jolly","evs":{"hp":4,"atk":252,"def":0,"spa":0,"spd":0,"spe":252},"shiny":true,"ivs":{"hp":31,"atk":31,"def":31,"spa":31,"spd":31,"spe":31}},{"name":"Terrakion","species":"Terrakion","item":"choicescarf","ability":"Justified","moves":["ironhead","stoneedge","closecombat","earthquake"],"nature":"Adamant","evs":{"hp":4,"atk":252,"def":0,"spa":0,"spd":0,"spe":252},"shiny":true,"ivs":{"hp":31,"atk":31,"def":31,"spa":31,"spd":31,"spe":31}},{"name":"Keldeo-Resolute","species":"Keldeo-Resolute","item":"choicespecs","ability":"Justified","moves":["secretsword","scald","icywind","hydropump"],"nature":"Timid","evs":{"hp":4,"atk":0,"def":0,"spa":252,"spd":0,"spe":252},"shiny":true,"ivs":{"hp":31,"atk":31,"def":31,"spa":31,"spd":31,"spe":31}},{"name":"Hawlucha","species":"Hawlucha","item":"powerherb","ability":"Unburden","moves":["acrobatics","skyattack","drainpunch","swordsdance"],"nature":"Adamant","evs":{"hp":0,"atk":252,"def":0,"spa":0,"spd":0,"spe":252},"shiny":true,"ivs":{"hp":31,"atk":31,"def":31,"spa":31,"spd":31,"spe":31}}],"log":["|player|p1|OrpheusAmpora|257","|player|p2|jakey2saucey06|122","|gametype|singles","|gen|6","|tier|Monotype","|rated","|rule|Baton Pass Clause: Limit one Baton Passer, can't pass Spe and other stats simultaneously","|rule|Swagger Clause: Swagger is banned","|rule|Same Type Clause: Pokémon in a team must share a type","|clearpoke","|poke|p1|Skuntank, F","|poke|p1|Gengar, M","|poke|p1|Scolipede, M","|poke|p1|Muk, M","|poke|p1|Roserade, F","|poke|p1|Venusaur, F","|poke|p2|Chesnaught, M, shiny","|poke|p2|Infernape, F, shiny","|poke|p2|Medicham, F, shiny","|poke|p2|Terrakion, shiny","|poke|p2|Keldeo-Resolute, shiny","|poke|p2|Hawlucha, M, shiny","|rule|Sleep Clause Mod: Limit one foe put to sleep","|rule|Species Clause: Limit one of each Pokémon","|rule|OHKO Clause: OHKO moves are banned","|rule|Moody Clause: Moody is banned","|rule|Evasion Moves Clause: Evasion moves are banned","|rule|Endless Battle Clause: Forcing endless battles is banned","|rule|HP Percentage Mod: HP is shown in percentages","|teampreview","|","|start","|switch|p1a: Muk|Muk, M|413/413","|switch|p2a: Infernape|Infernape, F, shiny|294/294","|turn|1","|","|move|p2a: Infernape|Stealth Rock|p1a: Muk","|-sidestart|p1: OrpheusAmpora|move: Stealth Rock","|move|p1a: Muk|Power-Up Punch|p2a: Infernape","|-damage|p2a: Infernape|236/294","|-boost|p1a: Muk|atk|1","|","|turn|2","|","|move|p2a: Infernape|Close Combat|p1a: Muk","|-resisted|p1a: Muk","|-damage|p1a: Muk|303/413","|-unboost|p2a: Infernape|def|1","|-unboost|p2a: Infernape|spd|1","|move|p1a: Muk|Power-Up Punch|p2a: Infernape","|-damage|p2a: Infernape|99/294","|-boost|p1a: Muk|atk|1","|","|turn|3","|","|move|p1a: Muk|Shadow Sneak|p2a: Infernape","|-damage|p2a: Infernape|0 fnt","|faint|p2a: Infernape","|","|","|switch|p2a: Chesnaught|Chesnaught, M, shiny|380/380","|turn|4","|","|move|p2a: Chesnaught|Leech Seed|p1a: Muk","|-start|p1a: Muk|move: Leech Seed","|move|p1a: Muk|Power-Up Punch|p2a: Chesnaught","|-damage|p2a: Chesnaught|318/380","|-boost|p1a: Muk|atk|1","|-status|p2a: Chesnaught|psn","|","|-heal|p2a: Chesnaught|341/380 psn|[from] item: Leftovers","|-damage|p1a: Muk|252/413|[from] Leech Seed|[of] p2a: Chesnaught","|-heal|p2a: Chesnaught|380/380 psn|[silent]","|-damage|p2a: Chesnaught|333/380 psn|[from] psn","|turn|5","|","|move|p2a: Chesnaught|Spiky Shield|p2a: Chesnaught","|-singleturn|p2a: Chesnaught|move: Protect","|move|p1a: Muk|Fire Punch|p2a: Chesnaught","|-activate|p2a: Chesnaught|Protect","|-damage|p1a: Muk|201/413|[from] Spiky Shield|[of] p2a: Chesnaught","|","|-heal|p2a: Chesnaught|356/380 psn|[from] item: Leftovers","|-damage|p1a: Muk|150/413|[from] Leech Seed|[of] p2a: Chesnaught","|-heal|p2a: Chesnaught|380/380 psn|[silent]","|-damage|p2a: Chesnaught|333/380 psn|[from] psn","|turn|6","|","|move|p2a: Chesnaught|Spiky Shield|p2a: Chesnaught","|-singleturn|p2a: Chesnaught|move: Protect","|move|p1a: Muk|Shadow Sneak|p2a: Chesnaught","|-activate|p2a: Chesnaught|Protect","|-damage|p1a: Muk|99/413|[from] Spiky Shield|[of] p2a: Chesnaught","|","|-heal|p2a: Chesnaught|356/380 psn|[from] item: Leftovers","|-damage|p1a: Muk|48/413|[from] Leech Seed|[of] p2a: Chesnaught","|-heal|p2a: Chesnaught|380/380 psn|[silent]","|-damage|p2a: Chesnaught|333/380 psn|[from] psn","|turn|7","|","|move|p1a: Muk|Shadow Sneak|p2a: Chesnaught","|-damage|p2a: Chesnaught|257/380 psn","|move|p2a: Chesnaught|Drain Punch|p1a: Muk","|-resisted|p1a: Muk","|-damage|p1a: Muk|0 fnt","|-heal|p2a: Chesnaught|281/380 psn|[from] drain|[of] p1a: Muk","|faint|p1a: Muk","|","|-heal|p2a: Chesnaught|304/380 psn|[from] item: Leftovers","|-damage|p2a: Chesnaught|257/380 psn|[from] psn","|","|switch|p1a: Gengar|Gengar, M|261/261","|-damage|p1a: Gengar|229/261|[from] Stealth Rock","|turn|8","|","|move|p1a: Gengar|Psychic|p2a: Chesnaught","|-supereffective|p2a: Chesnaught","|-damage|p2a: Chesnaught|0 fnt","|faint|p2a: Chesnaught","|","|","|switch|p2a: Terrakion|Terrakion, shiny|324/324","|turn|9","|","|move|p1a: Gengar|Psychic|p2a: Terrakion","|-supereffective|p2a: Terrakion","|-damage|p2a: Terrakion|88/324","|move|p2a: Terrakion|Stone Edge|p1a: Gengar","|-damage|p1a: Gengar|0 fnt","|faint|p1a: Gengar","|","|","|switch|p1a: Venusaur|Venusaur, F|301/301","|-damage|p1a: Venusaur|264/301|[from] Stealth Rock","|turn|10","|","|detailschange|p1a: Venusaur|Venusaur-Mega, F","|-mega|p1a: Venusaur|Venusaur|Venusaurite","|move|p2a: Terrakion|Stone Edge|p1a: Venusaur","|-damage|p1a: Venusaur|102/301","|move|p1a: Venusaur|Sleep Powder|p2a: Terrakion","|-status|p2a: Terrakion|slp","|","|turn|11","|","|switch|p2a: Keldeo-Resolute|Keldeo-Resolute, shiny|324/324","|move|p1a: Venusaur|Synthesis|p1a: Venusaur","|-heal|p1a: Venusaur|252/301","|","|turn|12","|","|move|p2a: Keldeo-Resolute|Icy Wind|p1a: Venusaur","|-supereffective|p1a: Venusaur","|-damage|p1a: Venusaur|174/301","|-unboost|p1a: Venusaur|spe|1","|move|p1a: Venusaur|Seed Bomb|p2a: Keldeo-Resolute","|-supereffective|p2a: Keldeo-Resolute","|-damage|p2a: Keldeo-Resolute|12/324","|","|turn|13","|","|move|p2a: Keldeo-Resolute|Icy Wind|p1a: Venusaur","|-supereffective|p1a: Venusaur","|-damage|p1a: Venusaur|96/301","|-unboost|p1a: Venusaur|spe|1","|move|p1a: Venusaur|Synthesis|p1a: Venusaur","|-heal|p1a: Venusaur|246/301","|","|turn|14","|","|move|p2a: Keldeo-Resolute|Icy Wind|p1a: Venusaur","|-supereffective|p1a: Venusaur","|-damage|p1a: Venusaur|154/301","|-unboost|p1a: Venusaur|spe|1","|move|p1a: Venusaur|Seed Bomb|p2a: Keldeo-Resolute","|-supereffective|p2a: Keldeo-Resolute","|-damage|p2a: Keldeo-Resolute|0 fnt","|faint|p2a: Keldeo-Resolute","|","|","|switch|p2a: Hawlucha|Hawlucha, M, shiny|297/297","|turn|15","|","|move|p2a: Hawlucha|Swords Dance|p2a: Hawlucha","|-boost|p2a: Hawlucha|atk|2","|move|p1a: Venusaur|Seed Bomb|p2a: Hawlucha","|-resisted|p2a: Hawlucha","|-damage|p2a: Hawlucha|221/297","|","|turn|16","|","|move|p2a: Hawlucha|Sky Attack|p1a: Venusaur|[still]","|-prepare|p2a: Hawlucha|Sky Attack|p1a: Venusaur","|-enditem|p2a: Hawlucha|Power Herb","|-anim|p2a: Hawlucha|Sky Attack|p1a: Venusaur","|-supereffective|p1a: Venusaur","|-damage|p1a: Venusaur|0 fnt","|faint|p1a: Venusaur","|","|","|switch|p1a: Scolipede|Scolipede, M|261/261","|-damage|p1a: Scolipede|196/261|[from] Stealth Rock","|-item|p1a: Scolipede|Air Balloon","|turn|17","|","|move|p1a: Scolipede|Protect|p1a: Scolipede","|-singleturn|p1a: Scolipede|Protect","|move|p2a: Hawlucha|Acrobatics|p1a: Scolipede","|-activate|p1a: Scolipede|Protect","|","|-boost|p1a: Scolipede|spe|1|[from] ability: Speed Boost","|turn|18","|","|move|p1a: Scolipede|Protect|p1a: Scolipede","|-fail|p1a: Scolipede","|move|p2a: Hawlucha|Acrobatics|p1a: Scolipede","|-supereffective|p1a: Scolipede","|-damage|p1a: Scolipede|0 fnt","|-enditem|p1a: Scolipede|Air Balloon","|faint|p1a: Scolipede","|","|","|switch|p1a: Skuntank|Skuntank, F|410/410","|-damage|p1a: Skuntank|359/410|[from] Stealth Rock","|turn|19","|","|move|p1a: Skuntank|Sucker Punch|p2a: Hawlucha","|-resisted|p2a: Hawlucha","|-damage|p2a: Hawlucha|135/297","|move|p2a: Hawlucha|Drain Punch|p1a: Skuntank","|-damage|p1a: Skuntank|64/410","|-heal|p2a: Hawlucha|283/297|[from] drain|[of] p1a: Skuntank","|","|-heal|p1a: Skuntank|89/410|[from] item: Black Sludge","|turn|20","|","|move|p1a: Skuntank|Sucker Punch|p2a: Hawlucha","|-resisted|p2a: Hawlucha","|-damage|p2a: Hawlucha|202/297","|move|p2a: Hawlucha|Drain Punch|p1a: Skuntank","|-damage|p1a: Skuntank|0 fnt","|-heal|p2a: Hawlucha|247/297|[from] drain|[of] p1a: Skuntank","|-damage|p2a: Hawlucha|173/297|[from] ability: Aftermath|[of] p1a: Skuntank","|faint|p1a: Skuntank","|","|","|switch|p1a: Roserade|Roserade, F|323/323","|-damage|p1a: Roserade|283/323|[from] Stealth Rock","|turn|21","|","|move|p2a: Hawlucha|Acrobatics|p1a: Roserade","|-supereffective|p1a: Roserade","|-damage|p1a: Roserade|0 fnt","|faint|p1a: Roserade","|","|win|jakey2saucey06"],"p1rating":{"entryid":"509474","serverid":"eos","formatid":"monotype","userid":"orpheusampora","username":"OrpheusAmpora","w":"4","l":1,"t":"0","gxe":60,"r":"1623.1134819323","rd":"107.00367653963","sigma":"0","rptime":"1440925200","rpr":1579.8806403603,"rprd":103.56458946366,"rpsigma":"0","acre":1108.42290366,"lacre":1108.42290366,"oldacre":"1140.4455218658"},"p2rating":{"entryid":"636200","serverid":"eos","formatid":"monotype","userid":"jakey2saucey06","username":"jakey2saucey06","w":3,"l":"4","t":"0","gxe":46.8,"r":"1438.6268811502","rd":"98.605149286152","sigma":"0","rptime":"1440925200","rpr":1475.3488792434,"rprd":95.925520076552,"rpsigma":"0","acre":1083.6746577542,"lacre":1083.6746577542,"oldacre":"1040.1533636227"},"endType":"normal"}