{"seed":[39388,25410,5352,24469],"turns":36,"p1":"Jiraqua","p2":"Sovereign♕Genesect","p1team":[{"name":"Gastrodon","species":"Gastrodon","item":"leftovers","ability":"Sticky Hold","moves":["scald","toxic","recover","earthpower"],"nature":"Bold","evs":{"hp":252,"atk":0,"def":120,"spa":0,"spd":124,"spe":12},"ivs":{"hp":31,"atk":31,"def":31,"spa":31,"spd":31,"spe":31}},{"name":"Azumarill","species":"Azumarill","item":"choiceband","ability":"Huge Power","moves":["aquatail","icepunch","playrough","brickbreak"],"nature":"Adamant","evs":{"hp":252,"atk":252,"def":0,"spa":0,"spd":0,"spe":4},"ivs":{"hp":31,"atk":31,"def":31,"spa":31,"spd":31,"spe":31}},{"name":"Rotom-Wash","species":"Rotom-Wash","item":"leftovers","ability":"Levitate","moves":["hydropump","voltswitch","painsplit","willowisp"],"nature":"Timid","evs":{"hp":0,"atk":0,"def":0,"spa":252,"spd":0,"spe":252},"ivs":{"hp":31,"atk":31,"def":31,"spa":31,"spd":31,"spe":31}},{"name":"Milotic","species":"Milotic","item":"leftovers","ability":"Marvel Scale","moves":["haze","recover","scald","icebeam"],"nature":"Bold","evs":{"hp":0,"atk":0,"def":252,"spa":4,"spd":252,"spe":0},"ivs":{"hp":31,"atk":31,"def":31,"spa":31,"spd":31,"spe":31}},{"name":"Gyarados","species":"Gyarados","item":"gyaradosite","ability":"Intimidate","moves":["dragondance","crunch","waterfall","earthquake"],"nature":"Adamant","evs":{"hp":0,"atk":252,"def":0,"spa":0,"spd":4,"spe":252},"ivs":{"hp":31,"atk":31,"def":31,"spa":31,"spd":31,"spe":31}},{"name":"Starmie","species":"Starmie","item":"lifeorb","ability":"Natural Cure","moves":["icebeam","surf","thunderbolt","psychic"],"nature":"Timid","evs":{"hp":0,"atk":0,"def":0,"spa":252,"spd":4,"spe":252},"ivs":{"hp":31,"atk":31,"def":31,"spa":31,"spd":31,"spe":31}}],"p2team":[{"name":"Keldeo","species":"Keldeo","item":"choicespecs","ability":"Justified","moves":["secretsword","focusblast","hydropump","hiddenpowerghost"],"nature":"Timid","evs":{"hp":0,"atk":0,"def":0,"spa":252,"spd":4,"spe":252},"ivs":{"hp":31,"atk":31,"def":30,"spa":31,"spd":30,"spe":31}},{"name":"Starmie","species":"Starmie","item":"lifeorb","ability":"Natural Cure","moves":["thunderbolt","dazzlinggleam","psyshock","hydropump"],"nature":"Timid","evs":{"hp":0,"atk":0,"def":0,"spa":252,"spd":4,"spe":252},"ivs":{"hp":31,"atk":31,"def":31,"spa":31,"spd":31,"spe":31}},{"name":"Rotom-Wash","species":"Rotom-Wash","item":"choicescarf","ability":"Levitate","moves":["trick","voltswitch","willowisp","hydropump"],"nature":"Timid","evs":{"hp":0,"atk":0,"def":0,"spa":252,"spd":4,"spe":252},"ivs":{"hp":31,"atk":31,"def":31,"spa":31,"spd":31,"spe":31}},{"name":"Manaphy","species":"Manaphy","item":"lifeorb","ability":"Hydration","moves":["tailglow","icebeam","surf","shadowball"],"nature":"Timid","evs":{"hp":0,"atk":0,"def":0,"spa":252,"spd":4,"spe":252},"ivs":{"hp":31,"atk":31,"def":31,"spa":31,"spd":31,"spe":31}},{"name":"Gyarados","species":"Gyarados","item":"gyaradosite","ability":"Intimidate","moves":["dragondance","crunch","waterfall","earthquake"],"nature":"Adamant","evs":{"hp":0,"atk":252,"def":0,"spa":0,"spd":4,"spe":252},"ivs":{"hp":31,"atk":31,"def":31,"spa":31,"spd":31,"spe":31}},{"name":"Gastrodon","species":"Gastrodon","item":"leftovers","ability":"Storm Drain","moves":["icebeam","recover","scald","toxic"],"nature":"Bold","evs":{"hp":252,"atk":0,"def":252,"spa":4,"spd":0,"spe":0},"ivs":{"hp":31,"atk":31,"def":31,"spa":31,"spd":31,"spe":31}}],"log":["|player|p1|Jiraqua|33","|player|p2|Sovereign♕Genesect|102","|gametype|singles","|gen|6","|tier|Monotype","|rated","|rule|Baton Pass Clause: Limit one Baton Passer, can't pass Spe and other stats simultaneously","|rule|Swagger Clause: Swagger is banned","|rule|Same Type Clause: Pokémon in a team must share a type","|clearpoke","|poke|p1|Gastrodon, F","|poke|p1|Azumarill, M","|poke|p1|Rotom-Wash","|poke|p1|Milotic, M","|poke|p1|Gyarados, M","|poke|p1|Starmie","|poke|p2|Keldeo","|poke|p2|Starmie","|poke|p2|Rotom-Wash","|poke|p2|Manaphy","|poke|p2|Gyarados, F","|poke|p2|Gastrodon, F","|rule|Sleep Clause Mod: Limit one foe put to sleep","|rule|Species Clause: Limit one of each Pokémon","|rule|OHKO Clause: OHKO moves are banned","|rule|Moody Clause: Moody is banned","|rule|Evasion Moves Clause: Evasion moves are banned","|rule|Endless Battle Clause: Forcing endless battles is banned","|rule|HP Percentage Mod: HP is shown in percentages","|teampreview","|","|start","|switch|p1a: Rotom-Wash|Rotom-Wash|241/241","|switch|p2a: Rotom-Wash|Rotom-Wash|241/241","|turn|1","|","|move|p2a: Rotom-Wash|Volt Switch|p1a: Rotom-Wash","|-damage|p1a: Rotom-Wash|142/241","|","|switch|p2a: Gastrodon|Gastrodon, F|426/426","|move|p1a: Rotom-Wash|Will-O-Wisp|p2a: Gastrodon","|-status|p2a: Gastrodon|brn","|","|-heal|p1a: Rotom-Wash|157/241|[from] item: Leftovers","|-damage|p2a: Gastrodon|373/426 brn|[from] brn","|turn|2","|","|move|p1a: Rotom-Wash|Pain Split|p2a: Gastrodon","|-sethp|p2a: Gastrodon|265/426 brn|p1a: Rotom-Wash|241/241|[from] move: Pain Split","|move|p2a: Gastrodon|Toxic|p1a: Rotom-Wash","|-status|p1a: Rotom-Wash|tox","|","|-heal|p2a: Gastrodon|291/426 brn|[from] item: Leftovers","|-damage|p1a: Rotom-Wash|226/241 tox|[from] psn","|-damage|p2a: Gastrodon|238/426 brn|[from] brn","|turn|3","|","|switch|p1a: Starmie|Starmie|261/261","|switch|p2a: Rotom-Wash|Rotom-Wash|241/241","|","|turn|4","|","|switch|p1a: Rotom-Wash|Rotom-Wash|226/241 tox","|move|p2a: Rotom-Wash|Trick|p1a: Rotom-Wash","|-activate|p2a: Rotom-Wash|move: Trick|[of] p1a: Rotom-Wash","|-item|p1a: Rotom-Wash|Choice Scarf|[from] move: Trick","|-item|p2a: Rotom-Wash|Leftovers|[from] move: Trick","|","|-damage|p1a: Rotom-Wash|211/241 tox|[from] psn","|turn|5","|","|switch|p2a: Gastrodon|Gastrodon, F|238/426 brn","|move|p1a: Rotom-Wash|Will-O-Wisp|p2a: Gastrodon","|-fail|p2a: Gastrodon|brn","|","|-heal|p2a: Gastrodon|264/426 brn|[from] item: Leftovers","|-damage|p1a: Rotom-Wash|181/241 tox|[from] psn","|-damage|p2a: Gastrodon|211/426 brn|[from] brn","|turn|6","|","|switch|p1a: Starmie|Starmie|261/261","|move|p2a: Gastrodon|Recover|p2a: Gastrodon","|-heal|p2a: Gastrodon|424/426 brn","|","|-heal|p2a: Gastrodon|426/426 brn|[from] item: Leftovers","|-damage|p2a: Gastrodon|373/426 brn|[from] brn","|turn|7","|","|move|p1a: Starmie|Psychic|p2a: Gastrodon","|-damage|p2a: Gastrodon|178/426 brn","|-damage|p1a: Starmie|235/261|[from] item: Life Orb","|move|p2a: Gastrodon|Toxic|p1a: Starmie","|-status|p1a: Starmie|tox","|","|-heal|p2a: Gastrodon|204/426 brn|[from] item: Leftovers","|-damage|p1a: Starmie|219/261 tox|[from] psn","|-damage|p2a: Gastrodon|151/426 brn|[from] brn","|turn|8","|","|switch|p2a: Gyarados|Gyarados, F|331/331","|-ability|p2a: Gyarados|Intimidate","|-unboost|p1a: Starmie|atk|1","|move|p1a: Starmie|Psychic|p2a: Gyarados","|-damage|p2a: Gyarados|154/331","|-damage|p1a: Starmie|193/261 tox|[from] item: Life Orb","|","|-damage|p1a: Starmie|161/261 tox|[from] psn","|turn|9","|","|switch|p1a: Azumarill|Azumarill, M|404/404","|detailschange|p2a: Gyarados|Gyarados-Mega, F","|-mega|p2a: Gyarados|Gyarados|Gyaradosite","|-ability|p2a: Gyarados|Mold Breaker","|move|p2a: Gyarados|Dragon Dance|p2a: Gyarados","|-boost|p2a: Gyarados|atk|1","|-boost|p2a: Gyarados|spe|1","|","|turn|10","|","|switch|p2a: Starmie|Starmie|261/261","|move|p1a: Azumarill|Play Rough|p2a: Starmie","|-damage|p2a: Starmie|0 fnt","|faint|p2a: Starmie","|","|","|switch|p2a: Rotom-Wash|Rotom-Wash|241/241","|turn|11","|","|switch|p1a: Rotom-Wash|Rotom-Wash|181/241 tox","|move|p2a: Rotom-Wash|Will-O-Wisp|p1a: Rotom-Wash","|-fail|p1a: Rotom-Wash","|","|-damage|p1a: Rotom-Wash|166/241 tox|[from] psn","|turn|12","|","|move|p1a: Rotom-Wash|Will-O-Wisp|p2a: Rotom-Wash","|-status|p2a: Rotom-Wash|brn","|move|p2a: Rotom-Wash|Volt Switch|p1a: Rotom-Wash","|-damage|p1a: Rotom-Wash|67/241 tox","|","|switch|p2a: Gastrodon|Gastrodon, F|151/426 brn","|","|-heal|p2a: Gastrodon|177/426 brn|[from] item: Leftovers","|-damage|p1a: Rotom-Wash|37/241 tox|[from] psn","|-damage|p2a: Gastrodon|124/426 brn|[from] brn","|turn|13","|","|switch|p1a: Starmie|Starmie|161/261","|move|p2a: Gastrodon|Recover|p2a: Gastrodon","|-heal|p2a: Gastrodon|337/426 brn","|","|-heal|p2a: Gastrodon|363/426 brn|[from] item: Leftovers","|-damage|p2a: Gastrodon|310/426 brn|[from] brn","|turn|14","|","|switch|p2a: Gyarados|Gyarados-Mega, F|154/331","|-ability|p2a: Gyarados|Mold Breaker","|move|p1a: Starmie|Psychic|p2a: Gyarados","|-immune|p2a: Gyarados|[msg]","|","|turn|15","|","|move|p1a: Starmie|Thunderbolt|p2a: Gyarados","|-supereffective|p2a: Gyarados","|-damage|p2a: Gyarados|0 fnt","|-damage|p1a: Starmie|135/261|[from] item: Life Orb","|faint|p2a: Gyarados","|","|","|switch|p2a: Manaphy|Manaphy|341/341","|turn|16","|","|move|p1a: Starmie|Thunderbolt|p2a: Manaphy","|-supereffective|p2a: Manaphy","|-damage|p2a: Manaphy|117/341","|-damage|p1a: Starmie|109/261|[from] item: Life Orb","|move|p2a: Manaphy|Shadow Ball|p1a: Starmie","|-supereffective|p1a: Starmie","|-damage|p1a: Starmie|0 fnt","|-damage|p2a: Manaphy|83/341|[from] item: Life Orb","|faint|p1a: Starmie","|","|","|switch|p1a: Gyarados|Gyarados, M|331/331","|-ability|p1a: Gyarados|Intimidate","|-unboost|p2a: Manaphy|atk|1","|turn|17","|","|detailschange|p1a: Gyarados|Gyarados-Mega, M","|-mega|p1a: Gyarados|Gyarados|Gyaradosite","|-ability|p1a: Gyarados|Mold Breaker","|move|p2a: Manaphy|Tail Glow|p2a: Manaphy","|-boost|p2a: Manaphy|spa|3","|move|p1a: Gyarados|Dragon Dance|p1a: Gyarados","|-boost|p1a: Gyarados|atk|1","|-boost|p1a: Gyarados|spe|1","|","|turn|18","|","|move|p1a: Gyarados|Crunch|p2a: Manaphy","|-damage|p2a: Manaphy|0 fnt","|faint|p2a: Manaphy","|","|","|switch|p2a: Keldeo|Keldeo|323/323","|turn|19","|","|move|p1a: Gyarados|Earthquake|p2a: Keldeo","|-damage|p2a: Keldeo|91/323","|move|p2a: Keldeo|Secret Sword|p1a: Gyarados","|-supereffective|p1a: Gyarados","|-damage|p1a: Gyarados|0 fnt","|faint|p1a: Gyarados","|","|","|switch|p1a: Rotom-Wash|Rotom-Wash|37/241 tox","|turn|20","|","|switch|p2a: Gastrodon|Gastrodon, F|310/426 brn","|move|p1a: Rotom-Wash|Volt Switch|p2a: Gastrodon","|-immune|p2a: Gastrodon|[msg]","|","|-heal|p2a: Gastrodon|336/426 brn|[from] item: Leftovers","|-damage|p1a: Rotom-Wash|22/241 tox|[from] psn","|-damage|p2a: Gastrodon|283/426 brn|[from] brn","|turn|21","|","|switch|p1a: Azumarill|Azumarill, M|404/404","|move|p2a: Gastrodon|Scald|p1a: Azumarill","|-resisted|p1a: Azumarill","|-damage|p1a: Azumarill|352/404","|-status|p1a: Azumarill|brn","|","|-heal|p2a: Gastrodon|309/426 brn|[from] item: Leftovers","|-damage|p1a: Azumarill|302/404 brn|[from] brn","|-damage|p2a: Gastrodon|256/426 brn|[from] brn","|turn|22","|","|move|p1a: Azumarill|Play Rough|p2a: Gastrodon","|-damage|p2a: Gastrodon|131/426 brn","|move|p2a: Gastrodon|Recover|p2a: Gastrodon","|-heal|p2a: Gastrodon|344/426 brn","|","|-heal|p2a: Gastrodon|370/426 brn|[from] item: Leftovers","|-damage|p1a: Azumarill|252/404 brn|[from] brn","|-damage|p2a: Gastrodon|317/426 brn|[from] brn","|turn|23","|","|move|p1a: Azumarill|Play Rough|p2a: Gastrodon","|-damage|p2a: Gastrodon|194/426 brn","|move|p2a: Gastrodon|Recover|p2a: Gastrodon","|-heal|p2a: Gastrodon|407/426 brn","|","|-heal|p2a: Gastrodon|426/426 brn|[from] item: Leftovers","|-damage|p1a: Azumarill|202/404 brn|[from] brn","|-damage|p2a: Gastrodon|373/426 brn|[from] brn","|turn|24","|","|switch|p1a: Gastrodon|Gastrodon, F|426/426","|move|p2a: Gastrodon|Scald|p1a: Gastrodon","|-damage|p1a: Gastrodon|339/426","|","|-heal|p1a: Gastrodon|365/426|[from] item: Leftovers","|-heal|p2a: Gastrodon|399/426 brn|[from] item: Leftovers","|-damage|p2a: Gastrodon|346/426 brn|[from] brn","|turn|25","|","|move|p1a: Gastrodon|Earth Power|p2a: Gastrodon","|-damage|p2a: Gastrodon|228/426 brn","|move|p2a: Gastrodon|Ice Beam|p1a: Gastrodon","|-damage|p1a: Gastrodon|299/426","|","|-heal|p1a: Gastrodon|325/426|[from] item: Leftovers","|-heal|p2a: Gastrodon|254/426 brn|[from] item: Leftovers","|-damage|p2a: Gastrodon|201/426 brn|[from] brn","|turn|26","|","|move|p1a: Gastrodon|Earth Power|p2a: Gastrodon","|-damage|p2a: Gastrodon|78/426 brn","|move|p2a: Gastrodon|Toxic|p1a: Gastrodon","|-status|p1a: Gastrodon|tox","|","|-heal|p1a: Gastrodon|351/426 tox|[from] item: Leftovers","|-heal|p2a: Gastrodon|104/426 brn|[from] item: Leftovers","|-damage|p1a: Gastrodon|325/426 tox|[from] psn","|-damage|p2a: Gastrodon|51/426 brn|[from] brn","|turn|27","|","|move|p1a: Gastrodon|Earth Power|p2a: Gastrodon","|-damage|p2a: Gastrodon|0 fnt","|faint|p2a: Gastrodon","|","|-heal|p1a: Gastrodon|351/426 tox|[from] item: Leftovers","|-damage|p1a: Gastrodon|299/426 tox|[from] psn","|","|switch|p2a: Keldeo|Keldeo|91/323","|turn|28","|","|move|p2a: Keldeo|Focus Blast|p1a: Gastrodon|[miss]","|-miss|p2a: Keldeo|p1a: Gastrodon","|move|p1a: Gastrodon|Toxic|p2a: Keldeo|[miss]","|-miss|p1a: Gastrodon|p2a: Keldeo","|","|-heal|p1a: Gastrodon|325/426 tox|[from] item: Leftovers","|-damage|p1a: Gastrodon|247/426 tox|[from] psn","|turn|29","|","|move|p2a: Keldeo|Focus Blast|p1a: Gastrodon|[miss]","|-miss|p2a: Keldeo|p1a: Gastrodon","|move|p1a: Gastrodon|Toxic|p2a: Keldeo","|-status|p2a: Keldeo|tox","|","|-heal|p1a: Gastrodon|273/426 tox|[from] item: Leftovers","|-damage|p2a: Keldeo|71/323 tox|[from] psn","|-damage|p1a: Gastrodon|169/426 tox|[from] psn","|turn|30","|","|move|p2a: Keldeo|Focus Blast|p1a: Gastrodon","|-damage|p1a: Gastrodon|0 fnt","|faint|p1a: Gastrodon","|","|-damage|p2a: Keldeo|31/323 tox|[from] psn","|","|switch|p1a: Rotom-Wash|Rotom-Wash|22/241 tox","|turn|31","|","|switch|p2a: Rotom-Wash|Rotom-Wash|241/241 brn","|move|p1a: Rotom-Wash|Volt Switch|p2a: Rotom-Wash","|-damage|p2a: Rotom-Wash|144/241 brn","|","|switch|p1a: Azumarill|Azumarill, M|202/404 brn","|","|-heal|p2a: Rotom-Wash|159/241 brn|[from] item: Leftovers","|-damage|p2a: Rotom-Wash|129/241 brn|[from] brn","|-damage|p1a: Azumarill|152/404 brn|[from] brn","|turn|32","|","|move|p2a: Rotom-Wash|Volt Switch|p1a: Azumarill","|-supereffective|p1a: Azumarill","|-damage|p1a: Azumarill|0 fnt","|faint|p1a: Azumarill","|","|switch|p2a: Keldeo|Keldeo|31/323 tox","|","|-damage|p2a: Keldeo|11/323 tox|[from] psn","|","|switch|p1a: Rotom-Wash|Rotom-Wash|22/241 tox","|turn|33","|","|move|p1a: Rotom-Wash|Volt Switch|p2a: Keldeo","|-crit|p2a: Keldeo","|-supereffective|p2a: Keldeo","|-damage|p2a: Keldeo|0 fnt","|faint|p2a: Keldeo","|","|switch|p1a: Milotic|Milotic, M|331/331","|","|","|switch|p2a: Rotom-Wash|Rotom-Wash|129/241 brn","|turn|34","|","|move|p2a: Rotom-Wash|Volt Switch|p1a: Milotic","|-supereffective|p1a: Milotic","|-damage|p1a: Milotic|197/331","|move|p1a: Milotic|Scald|p2a: Rotom-Wash","|-resisted|p2a: Rotom-Wash","|-damage|p2a: Rotom-Wash|87/241 brn","|","|-heal|p2a: Rotom-Wash|102/241 brn|[from] item: Leftovers","|-heal|p1a: Milotic|217/331|[from] item: Leftovers","|-damage|p2a: Rotom-Wash|72/241 brn|[from] brn","|turn|35","|","|move|p2a: Rotom-Wash|Volt Switch|p1a: Milotic","|-supereffective|p1a: Milotic","|-damage|p1a: Milotic|55/331","|move|p1a: Milotic|Scald|p2a: Rotom-Wash","|-resisted|p2a: Rotom-Wash","|-damage|p2a: Rotom-Wash|26/241 brn","|","|-heal|p2a: Rotom-Wash|41/241 brn|[from] item: Leftovers","|-heal|p1a: Milotic|75/331|[from] item: Leftovers","|-damage|p2a: Rotom-Wash|11/241 brn|[from] brn","|turn|36","|","|move|p2a: Rotom-Wash|Volt Switch|p1a: Milotic","|-supereffective|p1a: Milotic","|-damage|p1a: Milotic|0 fnt","|faint|p1a: Milotic","|","|-heal|p2a: Rotom-Wash|26/241 brn|[from] item: Leftovers","|-damage|p2a: Rotom-Wash|0 fnt|[from] brn","|faint|p2a: Rotom-Wash","|","|win|Jiraqua"],"p1rating":{"entryid":"583775","serverid":"eos","formatid":"monotype","userid":"jiraqua","username":"Jiraqua","w":1,"l":"4","t":"0","gxe":43.5,"r":"1421.9942424984","rd":"111.92088739925","sigma":"0","rptime":"1440925200","rpr":1448.3782719106,"rprd":104.72369031526,"rpsigma":"0","acre":1044.5173341301,"lacre":1044.5173341301,"oldacre":"1000"},"p2rating":{"entryid":"631432","serverid":"eos","formatid":"monotype","userid":"sovereigngenesect","username":"Sovereign♕Genesect","w":"1","l":2,"t":"0","gxe":46.4,"r":"1537.5167647046","rd":"122.10794825922","sigma":"0","rptime":"1440925200","rpr":1471.7854422437,"rprd":111.58629329108,"rpsigma":"0","acre":1021.6975314656,"lacre":1021.6975314656,"oldacre":"1039.4051630325"},"endType":"normal"}