{"seed":[50237,20711,61246,61196],"turns":23,"p1":"Chaos Abra","p2":"Rain ☆ Tylаcto - ⓐ","p1team":[{"name":"Charizard","species":"Charizard","item":"charizarditey","ability":"Blaze","moves":["fireblast","solarbeam","airslash","roost"],"nature":"Timid","evs":{"hp":0,"atk":0,"def":4,"spa":252,"spd":0,"spe":252},"ivs":{"hp":31,"atk":31,"def":31,"spa":31,"spd":31,"spe":31}},{"name":"Infernape","species":"Infernape","item":"lifeorb","ability":"Iron Fist","moves":["closecombat","machpunch","flareblitz","earthquake"],"nature":"Jolly","evs":{"hp":0,"atk":252,"def":0,"spa":0,"spd":4,"spe":252},"ivs":{"hp":31,"atk":31,"def":31,"spa":31,"spd":31,"spe":31}},{"name":"Arcanine","species":"Arcanine","item":"lifeorb","ability":"Intimidate","moves":["flareblitz","extremespeed","wildcharge","morningsun"],"nature":"Jolly","evs":{"hp":0,"atk":252,"def":0,"spa":0,"spd":4,"spe":252},"ivs":{"hp":31,"atk":31,"def":31,"spa":31,"spd":31,"spe":31}},{"name":"Heatran","species":"Heatran","item":"airballoon","ability":"Flash Fire","moves":["taunt","toxic","lavaplume","ancientpower"],"nature":"Calm","evs":{"hp":252,"atk":0,"def":0,"spa":4,"spd":252,"spe":0},"ivs":{"hp":31,"atk":31,"def":31,"spa":31,"spd":31,"spe":31}},{"name":"Torkoal","species":"Torkoal","item":"leftovers","ability":"Shell Armor","moves":["lavaplume","clearsmog","rapidspin","stealthrock"],"nature":"Bold","evs":{"hp":252,"atk":0,"def":252,"spa":4,"spd":0,"spe":0},"ivs":{"hp":31,"atk":31,"def":31,"spa":31,"spd":31,"spe":31}},{"name":"Rotom-Heat","species":"Rotom-Heat","item":"choicescarf","ability":"Levitate","moves":["trick","voltswitch","overheat","willowisp"],"nature":"Timid","evs":{"hp":0,"atk":0,"def":0,"spa":252,"spd":4,"spe":252},"ivs":{"hp":31,"atk":31,"def":31,"spa":31,"spd":31,"spe":31}}],"p2team":[{"name":"BringingSexyBack","species":"raichu","item":"focussash","ability":"Static","moves":["endeavor","quickattack","nuzzle","toxic"],"nature":"Naive","evs":{"hp":0,"atk":252,"def":0,"spa":0,"spd":0,"spe":252},"ivs":{"hp":0,"atk":31,"def":0,"spa":0,"spd":0,"spe":31},"shiny":true},{"name":"CONSTRUCT PYLONS","species":"magnezone","item":"choicespecs","ability":"Sturdy","moves":["thunderbolt","flashcannon","voltswitch","hiddenpowergrass"],"nature":"Modest","evs":{"hp":80,"atk":0,"def":4,"spa":252,"spd":0,"spe":172},"ivs":{"hp":31,"atk":30,"def":31,"spa":30,"spd":31,"spe":31},"shiny":true},{"name":"BlacknYellow","species":"luxray","item":"choiceband","ability":"Guts","moves":["wildcharge","crunch","quickattack","superpower"],"nature":"Adamant","evs":{"hp":252,"atk":252,"def":0,"spa":0,"spd":4,"spe":0},"shiny":true,"ivs":{"hp":31,"atk":31,"def":31,"spa":31,"spd":31,"spe":31}},{"name":"Calgon...","species":"rotomwash","item":"chestoberry","ability":"Levitate","moves":["voltswitch","hydropump","willowisp","rest"],"nature":"Bold","evs":{"hp":252,"atk":0,"def":252,"spa":4,"spd":0,"spe":0},"shiny":true,"ivs":{"hp":31,"atk":31,"def":31,"spa":31,"spd":31,"spe":31}},{"name":"MY LEGS!?","species":"thundurus","item":"lifeorb","ability":"Prankster","moves":["thunderwave","knockoff","hiddenpowerice","thunderbolt"],"nature":"Hasty","evs":{"hp":0,"atk":24,"def":0,"spa":232,"spd":0,"spe":252},"ivs":{"hp":31,"atk":30,"def":30,"spa":31,"spd":31,"spe":31},"shiny":true},{"name":"Thunderbird","species":"zapdos","item":"leftovers","ability":"Pressure","moves":["roost","toxic","discharge","defog"],"nature":"Calm","evs":{"hp":252,"atk":0,"def":0,"spa":4,"spd":252,"spe":0},"ivs":{"hp":31,"atk":30,"def":30,"spa":31,"spd":31,"spe":31},"shiny":true}],"log":["|player|p1|Chaos Abra|101","|player|p2|Rain ☆ Tylаcto - ⓐ|raintylcto.png","|gametype|singles","|gen|6","|tier|Monotype","|rated","|rule|Baton Pass Clause: Limit one Baton Passer, can't pass Spe and other stats simultaneously","|rule|Swagger Clause: Swagger is banned","|rule|Same Type Clause: Pokémon in a team must share a type","|clearpoke","|poke|p1|Charizard, M","|poke|p1|Infernape, M","|poke|p1|Arcanine, F","|poke|p1|Heatran, M","|poke|p1|Torkoal, M","|poke|p1|Rotom-Heat","|poke|p2|Raichu, F, shiny","|poke|p2|Magnezone, shiny","|poke|p2|Luxray, F, shiny","|poke|p2|Rotom-Wash, shiny","|poke|p2|Thundurus, M, shiny","|poke|p2|Zapdos, shiny","|rule|Sleep Clause Mod: Limit one foe put to sleep","|rule|Species Clause: Limit one of each Pokémon","|rule|OHKO Clause: OHKO moves are banned","|rule|Moody Clause: Moody is banned","|rule|Evasion Moves Clause: Evasion moves are banned","|rule|Endless Battle Clause: Forcing endless battles is banned","|rule|HP Percentage Mod: HP is shown in percentages","|teampreview","|","|start","|switch|p1a: Torkoal|Torkoal, M|344/344","|switch|p2a: MY LEGS!?|Thundurus, M, shiny|299/299","|turn|1","|","|move|p2a: MY LEGS!?|Thunderbolt|p1a: Torkoal","|-damage|p1a: Torkoal|66/344","|-damage|p2a: MY LEGS!?|270/299|[from] item: Life Orb","|move|p1a: Torkoal|Lava Plume|p2a: MY LEGS!?","|-damage|p2a: MY LEGS!?|167/299","|","|-heal|p1a: Torkoal|87/344|[from] item: Leftovers","|turn|2","|","|move|p2a: MY LEGS!?|Thunderbolt|p1a: Torkoal","|-damage|p1a: Torkoal|0 fnt","|-damage|p2a: MY LEGS!?|138/299|[from] item: Life Orb","|faint|p1a: Torkoal","|","|","|switch|p1a: Heatran|Heatran, M|386/386","|-item|p1a: Heatran|Air Balloon","|turn|3","|","|switch|p2a: BringingSexyBack|Raichu, F, shiny|230/230","|move|p1a: Heatran|Ancient Power|p2a: BringingSexyBack","|-damage|p2a: BringingSexyBack|135/230","|","|turn|4","|","|move|p2a: BringingSexyBack|Nuzzle|p1a: Heatran","|-damage|p1a: Heatran|361/386","|-enditem|p1a: Heatran|Air Balloon","|-status|p1a: Heatran|par","|cant|p1a: Heatran|par","|","|turn|5","|","|move|p2a: BringingSexyBack|Nuzzle|p1a: Heatran","|-damage|p1a: Heatran|333/386 par","|cant|p1a: Heatran|par","|","|turn|6","|","|move|p2a: BringingSexyBack|Endeavor|p1a: Heatran","|-damage|p1a: Heatran|135/386 par","|move|p1a: Heatran|Lava Plume|p2a: BringingSexyBack","|-damage|p2a: BringingSexyBack|0 fnt","|faint|p2a: BringingSexyBack","|","|","|switch|p2a: CONSTRUCT PYLONS|Magnezone, shiny|301/301","|turn|7","|","|move|p2a: CONSTRUCT PYLONS|Volt Switch|p1a: Heatran","|-damage|p1a: Heatran|0 fnt","|faint|p1a: Heatran","|","|switch|p2a: MY LEGS!?|Thundurus, M, shiny|138/299","|","|","|switch|p1a: Rotom-Heat|Rotom-Heat|241/241","|turn|8","|","|switch|p2a: Thunderbird|Zapdos, shiny|384/384","|-ability|p2a: Thunderbird|Pressure","|move|p1a: Rotom-Heat|Overheat|p2a: Thunderbird","|-damage|p2a: Thunderbird|228/384","|-unboost|p1a: Rotom-Heat|spa|2","|","|-heal|p2a: Thunderbird|252/384|[from] item: Leftovers","|turn|9","|","|switch|p1a: Arcanine|Arcanine, F|321/321","|-ability|p1a: Arcanine|Intimidate","|-unboost|p2a: Thunderbird|atk|1","|move|p2a: Thunderbird|Toxic|p1a: Arcanine","|-status|p1a: Arcanine|tox","|","|-heal|p2a: Thunderbird|276/384|[from] item: Leftovers","|-damage|p1a: Arcanine|301/321 tox|[from] psn","|turn|10","|","|move|p1a: Arcanine|Flare Blitz|p2a: Thunderbird","|-damage|p2a: Thunderbird|0 fnt","|-damage|p1a: Arcanine|210/321 tox|[from] recoil|[of] p2a: Thunderbird","|-damage|p1a: Arcanine|178/321 tox|[from] item: Life Orb","|faint|p2a: Thunderbird","|","|-damage|p1a: Arcanine|138/321 tox|[from] psn","|","|switch|p2a: Calgon...|Rotom-Wash, shiny|304/304","|turn|11","|","|move|p1a: Arcanine|Wild Charge|p2a: Calgon...","|-damage|p2a: Calgon...|225/304","|-damage|p1a: Arcanine|118/321 tox|[from] recoil|[of] p2a: Calgon...","|-damage|p1a: Arcanine|86/321 tox|[from] item: Life Orb","|move|p2a: Calgon...|Hydro Pump|p1a: Arcanine|[miss]","|-miss|p2a: Calgon...|p1a: Arcanine","|","|-damage|p1a: Arcanine|26/321 tox|[from] psn","|turn|12","|","|move|p1a: Arcanine|Flare Blitz|p2a: Calgon...","|-resisted|p2a: Calgon...","|-damage|p2a: Calgon...|134/304","|-damage|p1a: Arcanine|0 fnt|[from] recoil|[of] p2a: Calgon...","|faint|p1a: Arcanine","|move|p2a: Calgon...|Rest|p2a: Calgon...","|-status|p2a: Calgon...|slp","|-heal|p2a: Calgon...|304/304 slp|[silent]","|-status|p2a: Calgon...|slp|[from] move: Rest","|-enditem|p2a: Calgon...|Chesto Berry|[eat]","|-curestatus|p2a: Calgon...|slp","|","|","|switch|p1a: Charizard|Charizard, M|297/297","|turn|13","|","|switch|p2a: BlacknYellow|Luxray, F, shiny|364/364","|detailschange|p1a: Charizard|Charizard-Mega-Y, M","|-mega|p1a: Charizard|Charizard|Charizardite Y","|-weather|SunnyDay","|move|p1a: Charizard|Solar Beam|p2a: BlacknYellow|[still]","|-prepare|p1a: Charizard|Solar Beam|p2a: BlacknYellow","|-anim|p1a: Charizard|Solar Beam|p2a: BlacknYellow","|-damage|p2a: BlacknYellow|150/364","|","|-weather|SunnyDay|[upkeep]","|turn|14","|","|move|p2a: BlacknYellow|Quick Attack|p1a: Charizard","|-damage|p1a: Charizard|200/297","|move|p1a: Charizard|Fire Blast|p2a: BlacknYellow","|-damage|p2a: BlacknYellow|0 fnt","|faint|p2a: BlacknYellow","|","|-weather|SunnyDay|[upkeep]","|","|switch|p2a: MY LEGS!?|Thundurus, M, shiny|138/299","|turn|15","|","|switch|p1a: Rotom-Heat|Rotom-Heat|241/241","|move|p2a: MY LEGS!?|Thunderbolt|p1a: Rotom-Heat","|-resisted|p1a: Rotom-Heat","|-damage|p1a: Rotom-Heat|146/241","|-damage|p2a: MY LEGS!?|109/299|[from] item: Life Orb","|","|-weather|SunnyDay|[upkeep]","|turn|16","|","|switch|p2a: Calgon...|Rotom-Wash, shiny|304/304","|move|p1a: Rotom-Heat|Trick|p2a: Calgon...","|-activate|p1a: Rotom-Heat|move: Trick|[of] p2a: Calgon...","|-item|p2a: Calgon...|Choice Scarf|[from] move: Trick","|","|-weather|SunnyDay|[upkeep]","|turn|17","|","|move|p2a: Calgon...|Hydro Pump|p1a: Rotom-Heat","|-supereffective|p1a: Rotom-Heat","|-damage|p1a: Rotom-Heat|14/241","|move|p1a: Rotom-Heat|Will-O-Wisp|p2a: Calgon...","|-status|p2a: Calgon...|brn","|","|-weather|none","|-damage|p2a: Calgon...|266/304 brn|[from] brn","|turn|18","|","|move|p2a: Calgon...|Hydro Pump|p1a: Rotom-Heat|[miss]","|-miss|p2a: Calgon...|p1a: Rotom-Heat","|move|p1a: Rotom-Heat|Volt Switch|p2a: Calgon...","|-damage|p2a: Calgon...|155/304 brn","|","|switch|p1a: Charizard|Charizard-Mega-Y, M|200/297","|-weather|SunnyDay","|","|-weather|SunnyDay|[upkeep]","|-damage|p2a: Calgon...|117/304 brn|[from] brn","|turn|19","|","|move|p1a: Charizard|Solar Beam|p2a: Calgon...|[still]","|-prepare|p1a: Charizard|Solar Beam|p2a: Calgon...","|-anim|p1a: Charizard|Solar Beam|p2a: Calgon...","|-supereffective|p2a: Calgon...","|-damage|p2a: Calgon...|0 fnt","|faint|p2a: Calgon...","|","|-weather|SunnyDay|[upkeep]","|","|switch|p2a: MY LEGS!?|Thundurus, M, shiny|109/299","|turn|20","|","|move|p2a: MY LEGS!?|Thunderbolt|p1a: Charizard","|-supereffective|p1a: Charizard","|-damage|p1a: Charizard|0 fnt","|-damage|p2a: MY LEGS!?|80/299|[from] item: Life Orb","|faint|p1a: Charizard","|","|-weather|SunnyDay|[upkeep]","|","|switch|p1a: Infernape|Infernape, M|293/293","|turn|21","|","|move|p2a: MY LEGS!?|Thunder Wave|p1a: Infernape","|-status|p1a: Infernape|par","|move|p1a: Infernape|Close Combat|p2a: MY LEGS!?","|-resisted|p2a: MY LEGS!?","|-damage|p2a: MY LEGS!?|0 fnt","|-unboost|p1a: Infernape|def|1","|-unboost|p1a: Infernape|spd|1","|-damage|p1a: Infernape|264/293 par|[from] item: Life Orb","|faint|p2a: MY LEGS!?","|","|-weather|SunnyDay|[upkeep]","|","|switch|p2a: CONSTRUCT PYLONS|Magnezone, shiny|301/301","|turn|22","|","|move|p2a: CONSTRUCT PYLONS|Thunderbolt|p1a: Infernape","|-damage|p1a: Infernape|0 fnt","|faint|p1a: Infernape","|","|-weather|none","|","|switch|p1a: Rotom-Heat|Rotom-Heat|14/241","|turn|23","|","|move|p1a: Rotom-Heat|Overheat|p2a: CONSTRUCT PYLONS","|-supereffective|p2a: CONSTRUCT PYLONS","|-ability|p2a: CONSTRUCT PYLONS|Sturdy","|-damage|p2a: CONSTRUCT PYLONS|1/301","|-unboost|p1a: Rotom-Heat|spa|2","|move|p2a: CONSTRUCT PYLONS|Thunderbolt|p1a: Rotom-Heat","|-resisted|p1a: Rotom-Heat","|-damage|p1a: Rotom-Heat|0 fnt","|faint|p1a: Rotom-Heat","|","|win|Rain ☆ Tylаcto - ⓐ"],"p1rating":{"entryid":"428364","serverid":"eos","formatid":"monotype","userid":"chaosabra","username":"Chaos Abra","w":"0","l":2,"t":"0","gxe":41.3,"r":"1463.017597232","rd":"123.20714326522","sigma":"0","rptime":"1440925200","rpr":1430.0940151105,"rprd":117.13165899857,"rpsigma":"0","acre":1000,"lacre":1000,"oldacre":"1000"},"p2rating":{"entryid":671549,"formatid":"monotype","userid":"raintylcto","username":"Rain ☆ Tylаcto - ⓐ","r":1500,"rd":130,"sigma":0,"rpr":1536.4432906986,"rprd":122.82473685517,"rpsigma":0,"rptime":1440925200,"w":1,"l":0,"t":0,"gxe":54.5,"acre":1040,"lacre":1040,"oldacre":1000},"endType":"normal"}