{"seed":[59160,22737,56992,54115],"turns":23,"p1":"Guard Wanderer","p2":"Sovereign♕Genesect","p1team":[{"name":"Toxitoad","species":"toxicroak","item":"blacksludge","ability":"Dry Skin","moves":["bulkup","drainpunch","gunkshot","suckerpunch"],"nature":"Adamant","evs":{"hp":252,"atk":252,"def":0,"spa":0,"spd":4,"spe":0},"ivs":{"hp":31,"atk":31,"def":31,"spa":31,"spd":31,"spe":31}},{"name":"Tentarude","species":"tentacruel","item":"assaultvest","ability":"Liquid Ooze","moves":["scald","acidspray","gigadrain","hex"],"nature":"Timid","evs":{"hp":4,"atk":0,"def":0,"spa":252,"spd":0,"spe":252},"ivs":{"hp":31,"atk":31,"def":31,"spa":31,"spd":31,"spe":31}},{"name":"Asthma","species":"weezing","item":"sitrusberry","ability":"Levitate","moves":["raindance","willowisp","thief","toxicspikes"],"nature":"Careful","evs":{"hp":248,"atk":8,"def":0,"spa":0,"spd":252,"spe":0},"ivs":{"hp":31,"atk":31,"def":31,"spa":31,"spd":31,"spe":31}},{"name":"Sal","species":"gengar","item":"choicescarf","ability":"Levitate","moves":["hex","venoshock","trick","destinybond"],"nature":"Timid","evs":{"hp":4,"atk":0,"def":0,"spa":252,"spd":0,"spe":252},"ivs":{"hp":31,"atk":30,"def":30,"spa":31,"spd":31,"spe":31}},{"name":"Slowbat","species":"crobat","item":"whiteherb","ability":"Infiltrator","moves":["curse","acrobatics","roost","hypnosis"],"nature":"Jolly","evs":{"hp":252,"atk":4,"def":0,"spa":0,"spd":0,"spe":252},"ivs":{"hp":31,"atk":31,"def":31,"spa":31,"spd":31,"spe":31}},{"name":"Skuntank","species":"Skuntank","item":"lumberry","ability":"Aftermath","moves":["snatch","poisonjab","suckerpunch","thief"],"nature":"Adamant","evs":{"hp":248,"atk":252,"def":0,"spa":0,"spd":8,"spe":0},"ivs":{"hp":31,"atk":31,"def":31,"spa":31,"spd":31,"spe":31}}],"p2team":[{"name":"Keldeo","species":"Keldeo","item":"choicespecs","ability":"Justified","moves":["secretsword","focusblast","hydropump","hiddenpowerghost"],"nature":"Timid","evs":{"hp":0,"atk":0,"def":0,"spa":252,"spd":4,"spe":252},"ivs":{"hp":31,"atk":31,"def":30,"spa":31,"spd":30,"spe":31}},{"name":"Starmie","species":"Starmie","item":"lifeorb","ability":"Natural Cure","moves":["thunderbolt","dazzlinggleam","psyshock","hydropump"],"nature":"Timid","evs":{"hp":0,"atk":0,"def":0,"spa":252,"spd":4,"spe":252},"ivs":{"hp":31,"atk":31,"def":31,"spa":31,"spd":31,"spe":31}},{"name":"Rotom-Wash","species":"Rotom-Wash","item":"choicescarf","ability":"Levitate","moves":["trick","voltswitch","willowisp","hydropump"],"nature":"Timid","evs":{"hp":0,"atk":0,"def":0,"spa":252,"spd":4,"spe":252},"ivs":{"hp":31,"atk":31,"def":31,"spa":31,"spd":31,"spe":31}},{"name":"Manaphy","species":"Manaphy","item":"lifeorb","ability":"Hydration","moves":["tailglow","icebeam","surf","shadowball"],"nature":"Timid","evs":{"hp":0,"atk":0,"def":0,"spa":252,"spd":4,"spe":252},"ivs":{"hp":31,"atk":31,"def":31,"spa":31,"spd":31,"spe":31}},{"name":"Gyarados","species":"Gyarados","item":"gyaradosite","ability":"Intimidate","moves":["dragondance","crunch","waterfall","earthquake"],"nature":"Adamant","evs":{"hp":0,"atk":252,"def":0,"spa":0,"spd":4,"spe":252},"ivs":{"hp":31,"atk":31,"def":31,"spa":31,"spd":31,"spe":31}},{"name":"Gastrodon","species":"Gastrodon","item":"leftovers","ability":"Storm Drain","moves":["icebeam","recover","scald","toxic"],"nature":"Bold","evs":{"hp":252,"atk":0,"def":252,"spa":4,"spd":0,"spe":0},"ivs":{"hp":31,"atk":31,"def":31,"spa":31,"spd":31,"spe":31}}],"log":["|player|p1|Guard Wanderer|235","|player|p2|Sovereign♕Genesect|1","|gametype|singles","|gen|6","|tier|Monotype","|rated","|rule|Baton Pass Clause: Limit one Baton Passer, can't pass Spe and other stats simultaneously","|rule|Swagger Clause: Swagger is banned","|rule|Same Type Clause: Pokémon in a team must share a type","|clearpoke","|poke|p1|Toxicroak, F","|poke|p1|Tentacruel, F","|poke|p1|Weezing, M","|poke|p1|Gengar, F","|poke|p1|Crobat, F","|poke|p1|Skuntank, M","|poke|p2|Keldeo","|poke|p2|Starmie","|poke|p2|Rotom-Wash","|poke|p2|Manaphy","|poke|p2|Gyarados, F","|poke|p2|Gastrodon, M","|rule|Sleep Clause Mod: Limit one foe put to sleep","|rule|Species Clause: Limit one of each Pokémon","|rule|OHKO Clause: OHKO moves are banned","|rule|Moody Clause: Moody is banned","|rule|Evasion Moves Clause: Evasion moves are banned","|rule|Endless Battle Clause: Forcing endless battles is banned","|rule|HP Percentage Mod: HP is shown in percentages","|teampreview","|","|start","|switch|p1a: Asthma|Weezing, M|333/333","|switch|p2a: Rotom-Wash|Rotom-Wash|241/241","|turn|1","|","|move|p2a: Rotom-Wash|Trick|p1a: Asthma","|-activate|p2a: Rotom-Wash|move: Trick|[of] p1a: Asthma","|-item|p1a: Asthma|Choice Scarf|[from] move: Trick","|-item|p2a: Rotom-Wash|Sitrus Berry|[from] move: Trick","|move|p1a: Asthma|Toxic Spikes|p2a: Rotom-Wash","|-sidestart|p2: Sovereign♕Genesect|move: Toxic Spikes","|","|turn|2","|","|move|p2a: Rotom-Wash|Hydro Pump|p1a: Asthma","|-damage|p1a: Asthma|174/333","|move|p1a: Asthma|Toxic Spikes|p2a: Rotom-Wash","|-sidestart|p2: Sovereign♕Genesect|move: Toxic Spikes","|","|turn|3","|","|switch|p1a: Toxitoad|Toxicroak, F|370/370","|move|p2a: Rotom-Wash|Volt Switch|p1a: Toxitoad","|-damage|p1a: Toxitoad|205/370","|","|switch|p2a: Starmie|Starmie|261/261","|-status|p2a: Starmie|tox","|","|-heal|p1a: Toxitoad|228/370|[from] item: Black Sludge","|-damage|p2a: Starmie|245/261 tox|[from] psn","|turn|4","|","|switch|p1a: Sal|Gengar, F|262/262","|move|p2a: Starmie|Psyshock|p1a: Sal","|-supereffective|p1a: Sal","|-damage|p1a: Sal|0 fnt","|-damage|p2a: Starmie|219/261 tox|[from] item: Life Orb","|faint|p1a: Sal","|","|-damage|p2a: Starmie|187/261 tox|[from] psn","|","|switch|p1a: Skuntank|Skuntank, M|409/409","|turn|5","|","|move|p1a: Skuntank|Sucker Punch|p2a: Starmie","|-crit|p2a: Starmie","|-supereffective|p2a: Starmie","|-damage|p2a: Starmie|0 fnt","|faint|p2a: Starmie","|","|","|switch|p2a: Gyarados|Gyarados, F|331/331","|-ability|p2a: Gyarados|Intimidate","|-unboost|p1a: Skuntank|atk|1","|turn|6","|","|detailschange|p2a: Gyarados|Gyarados-Mega, F","|-mega|p2a: Gyarados|Gyarados|Gyaradosite","|-ability|p2a: Gyarados|Mold Breaker","|move|p1a: Skuntank|Snatch|p1a: Skuntank","|-singleturn|p1a: Skuntank|Snatch","|move|p2a: Gyarados|Dragon Dance|p2a: Gyarados","|-activate|p1a: Skuntank|Snatch|[of] p2a: Gyarados","|move|p1a: Skuntank|Dragon Dance|p1a: Skuntank|[from]Snatch","|-boost|p1a: Skuntank|atk|1","|-boost|p1a: Skuntank|spe|1","|","|turn|7","|","|move|p1a: Skuntank|Poison Jab|p2a: Gyarados","|-damage|p2a: Gyarados|210/331","|move|p2a: Gyarados|Earthquake|p1a: Skuntank","|-supereffective|p1a: Skuntank","|-damage|p1a: Skuntank|0 fnt","|faint|p1a: Skuntank","|","|","|switch|p1a: Slowbat|Crobat, F|374/374","|turn|8","|","|move|p1a: Slowbat|Curse|p1a: Slowbat","|-unboost|p1a: Slowbat|spe|1","|-boost|p1a: Slowbat|atk|1","|-boost|p1a: Slowbat|def|1","|-enditem|p1a: Slowbat|White Herb","|-restoreboost|p1a: Slowbat|[silent]","|move|p2a: Gyarados|Dragon Dance|p2a: Gyarados","|-boost|p2a: Gyarados|atk|1","|-boost|p2a: Gyarados|spe|1","|","|turn|9","|","|move|p1a: Slowbat|Acrobatics|p2a: Gyarados","|-damage|p2a: Gyarados|54/331","|move|p2a: Gyarados|Crunch|p1a: Slowbat","|-damage|p1a: Slowbat|149/374","|","|turn|10","|","|move|p1a: Slowbat|Acrobatics|p2a: Gyarados","|-crit|p2a: Gyarados","|-damage|p2a: Gyarados|0 fnt","|faint|p2a: Gyarados","|","|","|switch|p2a: Rotom-Wash|Rotom-Wash|241/241","|turn|11","|","|move|p1a: Slowbat|Hypnosis|p2a: Rotom-Wash|[miss]","|-miss|p1a: Slowbat|p2a: Rotom-Wash","|move|p2a: Rotom-Wash|Volt Switch|p1a: Slowbat","|-supereffective|p1a: Slowbat","|-damage|p1a: Slowbat|0 fnt","|faint|p1a: Slowbat","|","|switch|p2a: Manaphy|Manaphy|341/341","|-status|p2a: Manaphy|tox","|","|-damage|p2a: Manaphy|320/341 tox|[from] psn","|","|switch|p1a: Toxitoad|Toxicroak, F|228/370","|turn|12","|","|move|p2a: Manaphy|Tail Glow|p2a: Manaphy","|-boost|p2a: Manaphy|spa|3","|move|p1a: Toxitoad|Bulk Up|p1a: Toxitoad","|-boost|p1a: Toxitoad|atk|1","|-boost|p1a: Toxitoad|def|1","|","|-heal|p1a: Toxitoad|251/370|[from] item: Black Sludge","|-damage|p2a: Manaphy|278/341 tox|[from] psn","|turn|13","|","|move|p2a: Manaphy|Ice Beam|p1a: Toxitoad","|-damage|p1a: Toxitoad|0 fnt","|-damage|p2a: Manaphy|244/341 tox|[from] item: Life Orb","|faint|p1a: Toxitoad","|","|-damage|p2a: Manaphy|181/341 tox|[from] psn","|","|switch|p1a: Tentarude|Tentacruel, F|302/302","|turn|14","|","|move|p1a: Tentarude|Hex|p2a: Manaphy","|-damage|p2a: Manaphy|69/341 tox","|move|p2a: Manaphy|Shadow Ball|p1a: Tentarude","|-damage|p1a: Tentarude|159/302","|-damage|p2a: Manaphy|35/341 tox|[from] item: Life Orb","|","|-damage|p2a: Manaphy|0 fnt|[from] psn","|faint|p2a: Manaphy","|","|switch|p2a: Rotom-Wash|Rotom-Wash|241/241","|turn|15","|","|move|p1a: Tentarude|Giga Drain|p2a: Rotom-Wash","|-supereffective|p2a: Rotom-Wash","|-damage|p2a: Rotom-Wash|109/241","|-heal|p1a: Tentarude|225/302|[from] drain|[of] p2a: Rotom-Wash","|-enditem|p2a: Rotom-Wash|Sitrus Berry|[eat]","|-heal|p2a: Rotom-Wash|169/241|[from] item: Sitrus Berry","|move|p2a: Rotom-Wash|Volt Switch|p1a: Tentarude","|-supereffective|p1a: Tentarude","|-damage|p1a: Tentarude|109/302","|","|switch|p2a: Keldeo|Keldeo|323/323","|-status|p2a: Keldeo|tox","|","|-damage|p2a: Keldeo|303/323 tox|[from] psn","|turn|16","|","|move|p2a: Keldeo|Hydro Pump|p1a: Tentarude","|-resisted|p1a: Tentarude","|-damage|p1a: Tentarude|31/302","|move|p1a: Tentarude|Giga Drain|p2a: Keldeo","|-supereffective|p2a: Keldeo","|-damage|p2a: Keldeo|171/323 tox","|-heal|p1a: Tentarude|97/302|[from] drain|[of] p2a: Keldeo","|","|-damage|p2a: Keldeo|131/323 tox|[from] psn","|turn|17","|","|switch|p1a: Asthma|Weezing, M|174/333","|move|p2a: Keldeo|Hydro Pump|p1a: Asthma|[miss]","|-miss|p2a: Keldeo|p1a: Asthma","|","|-damage|p2a: Keldeo|71/323 tox|[from] psn","|turn|18","|","|move|p2a: Keldeo|Hydro Pump|p1a: Asthma|[miss]","|-miss|p2a: Keldeo|p1a: Asthma","|move|p1a: Asthma|Thief|p2a: Keldeo","|-resisted|p2a: Keldeo","|-damage|p2a: Keldeo|48/323 tox","|-boost|p2a: Keldeo|atk|1|[from] ability: Justified","|","|-damage|p2a: Keldeo|0 fnt|[from] psn","|faint|p2a: Keldeo","|","|switch|p2a: Gastrodon|Gastrodon, M|426/426","|-status|p2a: Gastrodon|tox","|turn|19","|","|move|p1a: Asthma|Thief|p2a: Gastrodon","|-damage|p2a: Gastrodon|385/426 tox","|move|p2a: Gastrodon|Scald|p1a: Asthma","|-damage|p1a: Asthma|92/333","|","|-heal|p2a: Gastrodon|411/426 tox|[from] item: Leftovers","|-damage|p2a: Gastrodon|385/426 tox|[from] psn","|turn|20","|","|switch|p1a: Tentarude|Tentacruel, F|97/302","|move|p2a: Gastrodon|Scald|p1a: Tentarude","|-crit|p1a: Tentarude","|-resisted|p1a: Tentarude","|-damage|p1a: Tentarude|61/302","|","|-heal|p2a: Gastrodon|411/426 tox|[from] item: Leftovers","|-damage|p2a: Gastrodon|359/426 tox|[from] psn","|turn|21","|","|switch|p2a: Rotom-Wash|Rotom-Wash|169/241","|move|p1a: Tentarude|Giga Drain|p2a: Rotom-Wash","|-crit|p2a: Rotom-Wash","|-supereffective|p2a: Rotom-Wash","|-damage|p2a: Rotom-Wash|0 fnt","|-heal|p1a: Tentarude|146/302|[from] drain|[of] p2a: Rotom-Wash","|faint|p2a: Rotom-Wash","|","|","|switch|p2a: Gastrodon|Gastrodon, M|359/426 tox","|turn|22","|","|move|p1a: Tentarude|Giga Drain|p2a: Gastrodon","|-supereffective|p2a: Gastrodon","|-damage|p2a: Gastrodon|35/426 tox","|-heal|p1a: Tentarude|302/302|[from] drain|[of] p2a: Gastrodon","|move|p2a: Gastrodon|Scald|p1a: Tentarude","|-resisted|p1a: Tentarude","|-damage|p1a: Tentarude|279/302","|","|-heal|p2a: Gastrodon|61/426 tox|[from] item: Leftovers","|-damage|p2a: Gastrodon|35/426 tox|[from] psn","|turn|23","|","|move|p1a: Tentarude|Hex|p2a: Gastrodon","|-damage|p2a: Gastrodon|0 fnt","|faint|p2a: Gastrodon","|","|win|Guard Wanderer"],"p1rating":{"entryid":"9966","serverid":"eos","formatid":"monotype","userid":"guardwanderer","username":"Guard Wanderer","w":23,"l":"39","t":"0","gxe":39.1,"r":"1408.0739250347","rd":"46.901873765062","sigma":"0","rptime":"1440925200","rpr":1415.8404695543,"rprd":46.575225978809,"rpsigma":"0","acre":1107.0435311271,"lacre":1107.0435311271,"oldacre":"1080.2317190136"},"p2rating":{"entryid":"631432","serverid":"eos","formatid":"monotype","userid":"sovereigngenesect","username":"Sovereign♕Genesect","w":"2","l":3,"t":"0","gxe":46,"r":"1537.5167647046","rd":"122.10794825922","sigma":"0","rptime":"1440925200","rpr":1468.7044842461,"rprd":102.62068231635,"rpsigma":"0","acre":1046.8296447804,"lacre":1046.8296447804,"oldacre":"1065.8935590921"},"endType":"normal"}