{"seed":[63468,39574,29174,37712],"turns":23,"p1":"gtx♅Bugy","p2":"DJ Gible","p1team":[{"name":"Dj Gible","species":"garchomp","item":"choicescarf","ability":"Rough Skin","moves":["outrage","earthquake","crunch","irontail"],"nature":"Jolly","evs":{"hp":0,"atk":252,"def":0,"spa":0,"spd":4,"spe":252},"shiny":true,"ivs":{"hp":31,"atk":31,"def":31,"spa":31,"spd":31,"spe":31}},{"name":"Dr.Freeze","species":"kyuremblack","item":"choicescarf","ability":"Teravolt","moves":["icebeam","dragonclaw","fusionbolt","ironhead"],"nature":"Naive","evs":{"hp":0,"atk":252,"def":0,"spa":4,"spd":0,"spe":252},"shiny":true,"ivs":{"hp":31,"atk":31,"def":31,"spa":31,"spd":31,"spe":31}},{"name":"Goober","species":"goodra","item":"assaultvest","ability":"Gooey","moves":["flamethrower","icebeam","thunderbolt","dragonpulse"],"nature":"Modest","evs":{"hp":248,"atk":0,"def":0,"spa":252,"spd":8,"spe":0},"shiny":true,"ivs":{"hp":31,"atk":31,"def":31,"spa":31,"spd":31,"spe":31}},{"name":"666","species":"hydreigon","item":"choicescarf","ability":"Levitate","moves":["dracometeor","darkpulse","fireblast","flashcannon"],"nature":"Timid","evs":{"hp":0,"atk":0,"def":0,"spa":252,"spd":4,"spe":252},"shiny":true,"ivs":{"hp":31,"atk":31,"def":31,"spa":31,"spd":31,"spe":31}},{"name":"Jet Streams","species":"latios","item":"choicescarf","ability":"Levitate","moves":["energyball","surf","dragonpulse","psychic"],"nature":"Timid","evs":{"hp":0,"atk":0,"def":0,"spa":252,"spd":4,"spe":252},"shiny":true,"ivs":{"hp":31,"atk":31,"def":31,"spa":31,"spd":31,"spe":31}},{"name":"Tyrone","species":"haxorus","item":"lumberry","ability":"Mold Breaker","moves":["dragonclaw","dragondance","earthquake","poisonjab"],"nature":"Adamant","evs":{"hp":0,"atk":252,"def":0,"spa":0,"spd":36,"spe":220},"shiny":true,"ivs":{"hp":31,"atk":31,"def":31,"spa":31,"spd":31,"spe":31}}],"p2team":[{"name":"Calamari","species":"malamar","item":"choicescarf","ability":"Contrary","moves":["rockslide","psychocut","superpower","nightslash"],"nature":"Jolly","evs":{"hp":4,"atk":252,"def":0,"spa":0,"spd":0,"spe":252},"ivs":{"hp":31,"atk":31,"def":31,"spa":31,"spd":31,"spe":31}},{"name":"Hoodlum","species":"scrafty","item":"focussash","ability":"Moxie","moves":["dragondance","crunch","drainpunch","icepunch"],"nature":"Adamant","evs":{"hp":4,"atk":252,"def":0,"spa":0,"spd":0,"spe":252},"ivs":{"hp":31,"atk":31,"def":31,"spa":31,"spd":31,"spe":31}},{"name":"Tyrant","species":"tyranitar","item":"tyranitarite","ability":"Sand Stream","moves":["dragondance","stoneedge","earthquake","crunch"],"nature":"Adamant","evs":{"hp":0,"atk":252,"def":0,"spa":0,"spd":4,"spe":252},"ivs":{"hp":31,"atk":31,"def":31,"spa":31,"spd":31,"spe":31}},{"name":"Cpt. Buzz","species":"mandibuzz","item":"leftovers","ability":"Big Pecks","moves":["foulplay","roost","defog","whirlwind"],"nature":"Bold","evs":{"hp":252,"atk":0,"def":252,"spa":0,"spd":4,"spe":0},"ivs":{"hp":31,"atk":31,"def":31,"spa":31,"spd":31,"spe":31}},{"name":"Hoopa-Unbound","species":"Hoopa-Unbound","item":"lifeorb","ability":"Magician","moves":["zenheadbutt","hyperspacefury","gunkshot","substitute"],"nature":"Jolly","evs":{"hp":0,"atk":252,"def":0,"spa":0,"spd":4,"spe":252},"ivs":{"hp":31,"atk":31,"def":31,"spa":31,"spd":31,"spe":31}},{"name":"Hydreigon","species":"Hydreigon","item":"choicescarf","ability":"Levitate","moves":["dracometeor","hiddenpowergrass","darkpulse","flashcannon"],"nature":"Timid","evs":{"hp":0,"atk":0,"def":0,"spa":252,"spd":4,"spe":252},"ivs":{"hp":31,"atk":30,"def":31,"spa":30,"spd":31,"spe":31}}],"log":["|player|p1|gtx♅Bugy|92","|player|p2|DJ Gible|198","|gametype|singles","|gen|6","|tier|Monotype","|rated","|rule|Baton Pass Clause: Limit one Baton Passer, can't pass Spe and other stats simultaneously","|rule|Swagger Clause: Swagger is banned","|rule|Same Type Clause: Pokémon in a team must share a type","|clearpoke","|poke|p1|Garchomp, M, shiny","|poke|p1|Kyurem-Black, shiny","|poke|p1|Goodra, F, shiny","|poke|p1|Hydreigon, F, shiny","|poke|p1|Latios, M, shiny","|poke|p1|Haxorus, F, shiny","|poke|p2|Malamar, F","|poke|p2|Scrafty, M","|poke|p2|Tyranitar, M","|poke|p2|Mandibuzz, F","|poke|p2|Hoopa-Unbound","|poke|p2|Hydreigon, F","|rule|Sleep Clause Mod: Limit one foe put to sleep","|rule|Species Clause: Limit one of each Pokémon","|rule|OHKO Clause: OHKO moves are banned","|rule|Moody Clause: Moody is banned","|rule|Evasion Moves Clause: Evasion moves are banned","|rule|Endless Battle Clause: Forcing endless battles is banned","|rule|HP Percentage Mod: HP is shown in percentages","|teampreview","|","|start","|switch|p1a: Dj Gible|Garchomp, M, shiny|357/357","|switch|p2a: Tyrant|Tyranitar, M|341/341","|-weather|Sandstorm","|turn|1","|","|switch|p2a: Hydreigon|Hydreigon, F|325/325","|move|p1a: Dj Gible|Iron Tail|p2a: Hydreigon","|-damage|p2a: Hydreigon|204/325","|","|-weather|Sandstorm|[upkeep]","|-damage|p2a: Hydreigon|184/325|[from] sandstorm","|turn|2","|","|switch|p1a: Goober|Goodra, F, shiny|383/383","|switch|p2a: Cpt. Buzz|Mandibuzz, F|424/424","|","|-weather|Sandstorm|[upkeep]","|-damage|p1a: Goober|360/383|[from] sandstorm","|-damage|p2a: Cpt. Buzz|398/424|[from] sandstorm","|-heal|p2a: Cpt. Buzz|424/424|[from] item: Leftovers","|turn|3","|","|switch|p2a: Hydreigon|Hydreigon, F|184/325","|switch|p1a: Tyrone|Haxorus, F, shiny|293/293","|-ability|p1a: Tyrone|Mold Breaker","|","|-weather|Sandstorm|[upkeep]","|-damage|p2a: Hydreigon|164/325|[from] sandstorm","|-damage|p1a: Tyrone|275/293|[from] sandstorm","|turn|4","|","|switch|p1a: Goober|Goodra, F, shiny|360/383","|move|p2a: Hydreigon|Draco Meteor|p1a: Goober","|-supereffective|p1a: Goober","|-damage|p1a: Goober|144/383","|-unboost|p2a: Hydreigon|spa|2","|","|-weather|Sandstorm|[upkeep]","|-damage|p2a: Hydreigon|144/325|[from] sandstorm","|-damage|p1a: Goober|121/383|[from] sandstorm","|turn|5","|","|move|p2a: Hydreigon|Draco Meteor|p1a: Goober","|-supereffective|p1a: Goober","|-damage|p1a: Goober|19/383","|-unboost|p2a: Hydreigon|spa|2","|move|p1a: Goober|Dragon Pulse|p2a: Hydreigon","|-supereffective|p2a: Hydreigon","|-damage|p2a: Hydreigon|0 fnt","|faint|p2a: Hydreigon","|","|-weather|none","|","|switch|p2a: Calamari|Malamar, F|314/314","|turn|6","|","|switch|p1a: Jet Streams|Latios, M, shiny|301/301","|move|p2a: Calamari|Superpower|p1a: Jet Streams","|-resisted|p1a: Jet Streams","|-damage|p1a: Jet Streams|233/301","|-boost|p2a: Calamari|atk|1","|-boost|p2a: Calamari|def|1","|","|turn|7","|","|move|p1a: Jet Streams|Dragon Pulse|p2a: Calamari","|-damage|p2a: Calamari|134/314","|move|p2a: Calamari|Superpower|p1a: Jet Streams","|-resisted|p1a: Jet Streams","|-damage|p1a: Jet Streams|128/301","|-boost|p2a: Calamari|atk|1","|-boost|p2a: Calamari|def|1","|","|turn|8","|","|move|p1a: Jet Streams|Dragon Pulse|p2a: Calamari","|-damage|p2a: Calamari|0 fnt","|faint|p2a: Calamari","|","|","|switch|p2a: Tyrant|Tyranitar, M|341/341","|-weather|Sandstorm","|turn|9","|","|switch|p1a: Goober|Goodra, F, shiny|19/383","|detailschange|p2a: Tyrant|Tyranitar-Mega, M","|-mega|p2a: Tyrant|Tyranitar|Tyranitarite","|move|p2a: Tyrant|Dragon Dance|p2a: Tyrant","|-boost|p2a: Tyrant|atk|1","|-boost|p2a: Tyrant|spe|1","|","|-weather|Sandstorm|[upkeep]","|-damage|p1a: Goober|0 fnt|[from] sandstorm","|faint|p1a: Goober","|","|switch|p1a: Dj Gible|Garchomp, M, shiny|357/357","|turn|10","|","|move|p1a: Dj Gible|Earthquake|p2a: Tyrant","|-supereffective|p2a: Tyrant","|-damage|p2a: Tyrant|89/341","|move|p2a: Tyrant|Crunch|p1a: Dj Gible","|-damage|p1a: Dj Gible|86/357","|-damage|p2a: Tyrant|47/341|[from] ability: Rough Skin|[of] p1a: Dj Gible","|","|-weather|Sandstorm|[upkeep]","|turn|11","|","|move|p1a: Dj Gible|Earthquake|p2a: Tyrant","|-supereffective|p2a: Tyrant","|-damage|p2a: Tyrant|0 fnt","|faint|p2a: Tyrant","|","|-weather|Sandstorm|[upkeep]","|","|switch|p2a: Hoopa-Unbound|Hoopa-Unbound|301/301","|turn|12","|","|switch|p1a: Jet Streams|Latios, M, shiny|128/301","|move|p2a: Hoopa-Unbound|Substitute|p2a: Hoopa-Unbound","|-start|p2a: Hoopa-Unbound|Substitute","|-damage|p2a: Hoopa-Unbound|226/301","|","|-weather|Sandstorm|[upkeep]","|-damage|p1a: Jet Streams|110/301|[from] sandstorm","|-damage|p2a: Hoopa-Unbound|208/301|[from] sandstorm","|turn|13","|","|move|p1a: Jet Streams|Dragon Pulse|p2a: Hoopa-Unbound","|-end|p2a: Hoopa-Unbound|Substitute","|move|p2a: Hoopa-Unbound|Hyperspace Fury|p1a: Jet Streams","|-crit|p1a: Jet Streams","|-supereffective|p1a: Jet Streams","|-damage|p1a: Jet Streams|0 fnt","|-unboost|p2a: Hoopa-Unbound|def|1","|-damage|p2a: Hoopa-Unbound|178/301|[from] item: Life Orb","|faint|p1a: Jet Streams","|","|-weather|none","|","|switch|p1a: Dj Gible|Garchomp, M, shiny|86/357","|turn|14","|","|switch|p2a: Cpt. Buzz|Mandibuzz, F|424/424","|move|p1a: Dj Gible|Outrage|p2a: Cpt. Buzz","|-damage|p2a: Cpt. Buzz|286/424","|","|-heal|p2a: Cpt. Buzz|312/424|[from] item: Leftovers","|turn|15","|","|move|p1a: Dj Gible|Outrage|p2a: Cpt. Buzz|[from]lockedmove","|-damage|p2a: Cpt. Buzz|173/424","|-start|p1a: Dj Gible|confusion|[fatigue]","|move|p2a: Cpt. Buzz|Roost|p2a: Cpt. Buzz","|-heal|p2a: Cpt. Buzz|385/424","|","|-heal|p2a: Cpt. Buzz|411/424|[from] item: Leftovers","|turn|16","|","|-activate|p1a: Dj Gible|confusion","|-damage|p1a: Dj Gible|34/357|[from] confusion","|move|p2a: Cpt. Buzz|Foul Play|p1a: Dj Gible","|-damage|p1a: Dj Gible|0 fnt","|-damage|p2a: Cpt. Buzz|358/424|[from] ability: Rough Skin|[of] p1a: Dj Gible","|faint|p1a: Dj Gible","|","|-heal|p2a: Cpt. Buzz|384/424|[from] item: Leftovers","|","|switch|p1a: Dr.Freeze|Kyurem-Black, shiny|391/391","|-ability|p1a: Dr.Freeze|Teravolt","|turn|17","|","|switch|p2a: Hoopa-Unbound|Hoopa-Unbound|178/301","|move|p1a: Dr.Freeze|Ice Beam|p2a: Hoopa-Unbound","|-damage|p2a: Hoopa-Unbound|75/301","|","|turn|18","|","|move|p1a: Dr.Freeze|Ice Beam|p2a: Hoopa-Unbound","|-damage|p2a: Hoopa-Unbound|0 fnt","|faint|p2a: Hoopa-Unbound","|","|","|switch|p2a: Hoodlum|Scrafty, M|272/272","|turn|19","|","|switch|p1a: Tyrone|Haxorus, F, shiny|275/293","|-ability|p1a: Tyrone|Mold Breaker","|move|p2a: Hoodlum|Dragon Dance|p2a: Hoodlum","|-boost|p2a: Hoodlum|atk|1","|-boost|p2a: Hoodlum|spe|1","|","|turn|20","|","|move|p2a: Hoodlum|Dragon Dance|p2a: Hoodlum","|-boost|p2a: Hoodlum|atk|1","|-boost|p2a: Hoodlum|spe|1","|move|p1a: Tyrone|Dragon Dance|p1a: Tyrone","|-boost|p1a: Tyrone|atk|1","|-boost|p1a: Tyrone|spe|1","|","|turn|21","|","|move|p2a: Hoodlum|Ice Punch|p1a: Tyrone","|-supereffective|p1a: Tyrone","|-damage|p1a: Tyrone|0 fnt","|faint|p1a: Tyrone","|-boost|p2a: Hoodlum|atk|1|[from] ability: Moxie","|","|","|switch|p1a: 666|Hydreigon, F, shiny|325/325","|turn|22","|","|move|p1a: 666|Draco Meteor|p2a: Hoodlum","|-damage|p2a: Hoodlum|86/272","|-unboost|p1a: 666|spa|2","|move|p2a: Hoodlum|Drain Punch|p1a: 666","|-supereffective|p1a: 666","|-damage|p1a: 666|0 fnt","|-heal|p2a: Hoodlum|249/272|[from] drain|[of] p1a: 666","|faint|p1a: 666","|-boost|p2a: Hoodlum|atk|1|[from] ability: Moxie","|","|","|switch|p1a: Dr.Freeze|Kyurem-Black, shiny|391/391","|-ability|p1a: Dr.Freeze|Teravolt","|turn|23","|","|move|p1a: Dr.Freeze|Ice Beam|p2a: Hoodlum","|-crit|p2a: Hoodlum","|-damage|p2a: Hoodlum|74/272","|move|p2a: Hoodlum|Drain Punch|p1a: Dr.Freeze","|-supereffective|p1a: Dr.Freeze","|-damage|p1a: Dr.Freeze|0 fnt","|-heal|p2a: Hoodlum|270/272|[from] drain|[of] p1a: Dr.Freeze","|faint|p1a: Dr.Freeze","|-boost|p2a: Hoodlum|atk|1|[from] ability: Moxie","|","|win|DJ Gible"],"p1rating":{"entryid":"464882","serverid":"eos","formatid":"monotype","userid":"gtxbugy","username":"GTX♅Bugy","w":"16","l":10,"t":"0","gxe":58.7,"r":"1596.1813561448","rd":"66.624160968015","sigma":"0","rptime":"1440925200","rpr":1567.3546098982,"rprd":64.630454153002,"rpsigma":"0","acre":1132.6235086166,"lacre":1132.6235086166,"oldacre":"1163.8482513962"},"p2rating":{"entryid":"166635","serverid":"eos","formatid":"monotype","userid":"djgible","username":"DJ Gible","w":18,"l":"25","t":"0","gxe":44.8,"r":"1445.2119578153","rd":"55.33720328224","sigma":"0","rptime":"1440925200","rpr":1460.2201373332,"rprd":52.572908545233,"rpsigma":"0","acre":1111.3010151325,"lacre":1111.3010151325,"oldacre":"1075.4830618229"},"endType":"normal"}