{"seed":[13878,38501,3682,51985],"turns":20,"p1":"Primal GT DuckSoup","p2":"SL Aqua","p1team":[{"name":"Porygon2","species":"Porygon2","item":"eviolite","ability":"Trace","moves":["foulplay","trickroom","recover","toxic"],"nature":"Relaxed","evs":{"hp":220,"atk":0,"def":216,"spa":0,"spd":72,"spe":0},"ivs":{"hp":31,"atk":31,"def":31,"spa":31,"spd":31,"spe":0}},{"name":"Exploud","species":"Exploud","item":"choicespecs","ability":"Scrappy","moves":["boomburst","overheat","focusblast","surf"],"nature":"Quiet","evs":{"hp":248,"atk":0,"def":0,"spa":252,"spd":8,"spe":0},"ivs":{"hp":31,"atk":31,"def":31,"spa":31,"spd":31,"spe":31}},{"name":"Audino","species":"Audino","item":"audinite","ability":"Regenerator","moves":["drainingkiss","reflect","healbell","trickroom"],"nature":"Calm","evs":{"hp":252,"atk":0,"def":0,"spa":0,"spd":252,"spe":0},"ivs":{"hp":31,"atk":31,"def":31,"spa":31,"spd":31,"spe":0}},{"name":"Meloetta","species":"Meloetta","item":"ironball","ability":"Serene Grace","moves":["dazzlinggleam","thunderbolt","psyshock","trickroom"],"nature":"Quiet","evs":{"hp":248,"atk":0,"def":0,"spa":108,"spd":152,"spe":0},"ivs":{"hp":31,"atk":31,"def":31,"spa":31,"spd":31,"spe":0}},{"name":"Bouffalant","species":"Bouffalant","item":"leftovers","ability":"Reckless","moves":["headcharge","swordsdance","superpower","wildcharge"],"nature":"Adamant","evs":{"hp":252,"atk":252,"def":0,"spa":0,"spd":4,"spe":0},"ivs":{"hp":31,"atk":31,"def":31,"spa":31,"spd":31,"spe":31}},{"name":"Cinccino","species":"Cinccino","item":"kingsrock","ability":"Skill Link","moves":["bulletseed","rockblast","tailslap","uturn"],"nature":"Jolly","evs":{"hp":0,"atk":252,"def":0,"spa":0,"spd":4,"spe":252},"ivs":{"hp":31,"atk":31,"def":31,"spa":31,"spd":31,"spe":31}}],"p2team":[{"name":"Sharpedo","species":"Sharpedo","item":"sharpedonite","ability":"Speed Boost","moves":["protect","crunch","waterfall","icefang"],"nature":"Adamant","evs":{"hp":4,"atk":252,"def":0,"spa":0,"spd":0,"spe":252},"gender":"M","ivs":{"hp":31,"atk":31,"def":31,"spa":31,"spd":31,"spe":31}},{"name":"Gyarados","species":"Gyarados","item":"focussash","ability":"Intimidate","moves":["dragondance","waterfall","crunch","dragontail"],"nature":"Adamant","evs":{"hp":4,"atk":252,"def":0,"spa":0,"spd":0,"spe":252},"gender":"M","ivs":{"hp":31,"atk":31,"def":31,"spa":31,"spd":31,"spe":31}},{"name":"Rotom-Wash","species":"Rotom-Wash","item":"choicescarf","ability":"Levitate","moves":["voltswitch","hydropump","thunderbolt","trick"],"nature":"Modest","evs":{"hp":4,"atk":0,"def":0,"spa":252,"spd":0,"spe":252},"ivs":{"hp":31,"atk":31,"def":31,"spa":31,"spd":31,"spe":31}},{"name":"Quagsire","species":"Quagsire","item":"leftovers","ability":"Water Absorb","moves":["toxic","recover","scald","earthpower"],"nature":"Bold","evs":{"hp":252,"atk":0,"def":252,"spa":4,"spd":0,"spe":0},"gender":"M","ivs":{"hp":31,"atk":31,"def":31,"spa":31,"spd":31,"spe":31}},{"name":"Kingdra","species":"Kingdra","item":"lifeorb","ability":"Sniper","moves":["focusenergy","scald","flashcannon","dragonpulse"],"nature":"Timid","evs":{"hp":4,"atk":0,"def":0,"spa":252,"spd":0,"spe":252},"gender":"M","ivs":{"hp":31,"atk":31,"def":31,"spa":31,"spd":31,"spe":31}},{"name":"Cloyster","species":"Cloyster","item":"focussash","ability":"Skill Link","moves":["shellsmash","iceshard","iciclespear","rockblast"],"nature":"Adamant","evs":{"hp":0,"atk":252,"def":0,"spa":0,"spd":4,"spe":252},"gender":"M","ivs":{"hp":31,"atk":31,"def":31,"spa":31,"spd":31,"spe":31}}],"log":["|player|p1|Primal GT DuckSoup|121","|player|p2|SL Aqua|141","|gametype|singles","|gen|6","|tier|Monotype","|rated","|rule|Baton Pass Clause: Limit one Baton Passer, can't pass Spe and other stats simultaneously","|rule|Swagger Clause: Swagger is banned","|rule|Same Type Clause: Pokémon in a team must share a type","|clearpoke","|poke|p1|Porygon2","|poke|p1|Exploud, F","|poke|p1|Audino, M","|poke|p1|Meloetta","|poke|p1|Bouffalant, M","|poke|p1|Cinccino, F","|poke|p2|Sharpedo, M","|poke|p2|Gyarados, M","|poke|p2|Rotom-Wash","|poke|p2|Quagsire, M","|poke|p2|Kingdra, M","|poke|p2|Cloyster, M","|rule|Sleep Clause Mod: Limit one foe put to sleep","|rule|Species Clause: Limit one of each Pokémon","|rule|OHKO Clause: OHKO moves are banned","|rule|Moody Clause: Moody is banned","|rule|Evasion Moves Clause: Evasion moves are banned","|rule|Endless Battle Clause: Forcing endless battles is banned","|rule|HP Percentage Mod: HP is shown in percentages","|teampreview","|","|start","|switch|p1a: Cinccino|Cinccino, F|291/291","|switch|p2a: Gyarados|Gyarados, M|332/332","|-ability|p2a: Gyarados|Intimidate","|-unboost|p1a: Cinccino|atk|1","|turn|1","|","|move|p1a: Cinccino|U-turn|p2a: Gyarados","|-resisted|p2a: Gyarados","|-damage|p2a: Gyarados|303/332","|","|switch|p1a: Porygon2|Porygon2|366/366","|-ability|p1a: Porygon2|Intimidate|[from] ability: Trace|[of] p2a: Gyarados","|-ability|p1a: Porygon2|Intimidate","|-unboost|p2a: Gyarados|atk|1","|move|p2a: Gyarados|Dragon Dance|p2a: Gyarados","|-boost|p2a: Gyarados|atk|1","|-boost|p2a: Gyarados|spe|1","|","|turn|2","|","|move|p2a: Gyarados|Dragon Dance|p2a: Gyarados","|-boost|p2a: Gyarados|atk|1","|-boost|p2a: Gyarados|spe|1","|move|p1a: Porygon2|Trick Room|p1a: Porygon2","|-fieldstart|move: Trick Room|[of] p1a: Porygon2","|","|turn|3","|","|move|p1a: Porygon2|Foul Play|p2a: Gyarados","|-damage|p2a: Gyarados|73/332","|move|p2a: Gyarados|Waterfall|p1a: Porygon2","|-damage|p1a: Porygon2|252/366","|","|turn|4","|","|move|p1a: Porygon2|Foul Play|p2a: Gyarados","|-damage|p2a: Gyarados|0 fnt","|faint|p2a: Gyarados","|","|","|switch|p2a: Rotom-Wash|Rotom-Wash|242/242","|turn|5","|","|switch|p1a: Meloetta|Meloetta|403/403","|move|p2a: Rotom-Wash|Trick|p1a: Meloetta","|-activate|p2a: Rotom-Wash|move: Trick|[of] p1a: Meloetta","|-item|p1a: Meloetta|Choice Scarf|[from] move: Trick","|-item|p2a: Rotom-Wash|Iron Ball|[from] move: Trick","|","|turn|6","|","|move|p2a: Rotom-Wash|Volt Switch|p1a: Meloetta","|-damage|p1a: Meloetta|325/403","|","|switch|p2a: Sharpedo|Sharpedo, M|282/282","|move|p1a: Meloetta|Thunderbolt|p2a: Sharpedo","|-supereffective|p2a: Sharpedo","|-damage|p2a: Sharpedo|0 fnt","|faint|p2a: Sharpedo","|","|-fieldend|move: Trick Room","|","|switch|p2a: Cloyster|Cloyster, M|241/241","|turn|7","|","|move|p1a: Meloetta|Thunderbolt|p2a: Cloyster","|-supereffective|p2a: Cloyster","|-enditem|p2a: Cloyster|Focus Sash","|-damage|p2a: Cloyster|1/241","|move|p2a: Cloyster|Shell Smash|p2a: Cloyster","|-unboost|p2a: Cloyster|def|1","|-unboost|p2a: Cloyster|spd|1","|-boost|p2a: Cloyster|atk|2","|-boost|p2a: Cloyster|spa|2","|-boost|p2a: Cloyster|spe|2","|","|turn|8","|","|move|p2a: Cloyster|Icicle Spear|p1a: Meloetta","|-damage|p1a: Meloetta|225/403","|-damage|p1a: Meloetta|129/403","|-damage|p1a: Meloetta|29/403","|-damage|p1a: Meloetta|0 fnt","|-hitcount|p1a: Meloetta|4","|faint|p1a: Meloetta","|","|","|switch|p1a: Audino|Audino, M|410/410","|turn|9","|","|detailschange|p1a: Audino|Audino-Mega, M","|-mega|p1a: Audino|Audino|Audinite","|move|p2a: Cloyster|Icicle Spear|p1a: Audino","|-damage|p1a: Audino|344/410","|-damage|p1a: Audino|278/410","|-damage|p1a: Audino|214/410","|-damage|p1a: Audino|150/410","|-damage|p1a: Audino|90/410","|-hitcount|p1a: Audino|5","|move|p1a: Audino|Reflect|p1a: Audino","|-sidestart|p1: Primal GT DuckSoup|Reflect","|","|turn|10","|","|switch|p1a: Porygon2|Porygon2|252/366","|-ability|p1a: Porygon2|Skill Link|[from] ability: Trace|[of] p2a: Cloyster","|move|p2a: Cloyster|Icicle Spear|p1a: Porygon2","|-damage|p1a: Porygon2|230/366","|-damage|p1a: Porygon2|208/366","|-damage|p1a: Porygon2|189/366","|-crit|p1a: Porygon2","|-damage|p1a: Porygon2|122/366","|-damage|p1a: Porygon2|103/366","|-hitcount|p1a: Porygon2|5","|","|turn|11","|","|move|p2a: Cloyster|Icicle Spear|p1a: Porygon2","|-damage|p1a: Porygon2|81/366","|-damage|p1a: Porygon2|60/366","|-damage|p1a: Porygon2|38/366","|-damage|p1a: Porygon2|16/366","|-crit|p1a: Porygon2","|-damage|p1a: Porygon2|0 fnt","|-hitcount|p1a: Porygon2|5","|faint|p1a: Porygon2","|","|","|switch|p1a: Bouffalant|Bouffalant, M|394/394","|turn|12","|","|move|p2a: Cloyster|Icicle Spear|p1a: Bouffalant","|-damage|p1a: Bouffalant|356/394","|-damage|p1a: Bouffalant|318/394","|-damage|p1a: Bouffalant|279/394","|-damage|p1a: Bouffalant|241/394","|-damage|p1a: Bouffalant|200/394","|-hitcount|p1a: Bouffalant|5","|move|p1a: Bouffalant|Head Charge|p2a: Cloyster","|-crit|p2a: Cloyster","|-damage|p2a: Cloyster|0 fnt","|-damage|p1a: Bouffalant|199/394|[from] recoil|[of] p2a: Cloyster","|faint|p2a: Cloyster","|","|-heal|p1a: Bouffalant|223/394|[from] item: Leftovers","|","|switch|p2a: Quagsire|Quagsire, M|394/394","|turn|13","|","|move|p1a: Bouffalant|Head Charge|p2a: Quagsire","|-damage|p2a: Quagsire|186/394","|-damage|p1a: Bouffalant|171/394|[from] recoil|[of] p2a: Quagsire","|move|p2a: Quagsire|Toxic|p1a: Bouffalant","|-status|p1a: Bouffalant|tox","|","|-heal|p1a: Bouffalant|195/394 tox|[from] item: Leftovers","|-heal|p2a: Quagsire|210/394|[from] item: Leftovers","|-damage|p1a: Bouffalant|171/394 tox|[from] psn","|-sideend|p1: Primal GT DuckSoup|Reflect","|turn|14","|","|move|p1a: Bouffalant|Head Charge|p2a: Quagsire","|-damage|p2a: Quagsire|2/394","|-damage|p1a: Bouffalant|119/394 tox|[from] recoil|[of] p2a: Quagsire","|move|p2a: Quagsire|Recover|p2a: Quagsire","|-heal|p2a: Quagsire|199/394","|","|-heal|p1a: Bouffalant|143/394 tox|[from] item: Leftovers","|-heal|p2a: Quagsire|223/394|[from] item: Leftovers","|-damage|p1a: Bouffalant|95/394 tox|[from] psn","|turn|15","|","|switch|p1a: Cinccino|Cinccino, F|291/291","|move|p2a: Quagsire|Recover|p2a: Quagsire","|-heal|p2a: Quagsire|394/394","|","|turn|16","|","|move|p1a: Cinccino|Bullet Seed|p2a: Quagsire","|-supereffective|p2a: Quagsire","|-damage|p2a: Quagsire|306/394","|-supereffective|p2a: Quagsire","|-damage|p2a: Quagsire|222/394","|-supereffective|p2a: Quagsire","|-damage|p2a: Quagsire|138/394","|-supereffective|p2a: Quagsire","|-damage|p2a: Quagsire|62/394","|-supereffective|p2a: Quagsire","|-damage|p2a: Quagsire|0 fnt","|-hitcount|p2a: Quagsire|5","|faint|p2a: Quagsire","|","|","|switch|p2a: Kingdra|Kingdra, M|292/292","|turn|17","|","|move|p1a: Cinccino|U-turn|p2a: Kingdra","|-damage|p2a: Kingdra|221/292","|","|switch|p1a: Exploud|Exploud, F|411/411","|move|p2a: Kingdra|Scald|p1a: Exploud","|-damage|p1a: Exploud|207/411","|-damage|p2a: Kingdra|192/292|[from] item: Life Orb","|","|turn|18","|","|move|p2a: Kingdra|Scald|p1a: Exploud","|-damage|p1a: Exploud|0 fnt","|-damage|p2a: Kingdra|163/292|[from] item: Life Orb","|faint|p1a: Exploud","|","|","|switch|p1a: Cinccino|Cinccino, F|291/291","|turn|19","|","|move|p1a: Cinccino|Tail Slap|p2a: Kingdra","|-damage|p2a: Kingdra|127/292","|-damage|p2a: Kingdra|90/292","|-damage|p2a: Kingdra|51/292","|-damage|p2a: Kingdra|11/292","|-damage|p2a: Kingdra|0 fnt","|-hitcount|p2a: Kingdra|5","|faint|p2a: Kingdra","|","|","|switch|p2a: Rotom-Wash|Rotom-Wash|242/242","|turn|20","|","|move|p1a: Cinccino|Bullet Seed|p2a: Rotom-Wash","|-supereffective|p2a: Rotom-Wash","|-damage|p2a: Rotom-Wash|192/242","|-supereffective|p2a: Rotom-Wash","|-damage|p2a: Rotom-Wash|142/242","|-supereffective|p2a: Rotom-Wash","|-damage|p2a: Rotom-Wash|96/242","|-supereffective|p2a: Rotom-Wash","|-damage|p2a: Rotom-Wash|50/242","|-supereffective|p2a: Rotom-Wash","|-damage|p2a: Rotom-Wash|0 fnt","|-hitcount|p2a: Rotom-Wash|5","|faint|p2a: Rotom-Wash","|","|win|Primal GT DuckSoup"],"p1rating":{"entryid":"432064","serverid":"eos","formatid":"monotype","userid":"primalgtducksoup","username":"Primal GT DuckSoup","w":10,"l":"2","t":"0","gxe":66.2,"r":"1600.445299765","rd":"88.369211550648","sigma":"0","rptime":"1440925200","rpr":1629.8700639907,"rprd":83.829689473776,"rpsigma":"0","acre":1179.479883434,"lacre":1179.479883434,"oldacre":"1158.910204322"},"p2rating":{"entryid":"663579","serverid":"eos","formatid":"monotype","userid":"slaqua","username":"SL Aqua","w":"3","l":2,"t":"0","gxe":54.7,"r":"1500","rd":"130","sigma":"0","rptime":"1440925200","rpr":1536.9668315406,"rprd":101.28524244654,"rpsigma":"0","acre":1076.5228845349,"lacre":1076.5228845349,"oldacre":"1096.683212066"},"endType":"normal"}