{"seed":[9934,59080,62617,23889],"turns":23,"p1":"00Shadow","p2":"Alliance - Elite","p1team":[{"name":"Bisharp","species":"Bisharp","item":"lifeorb","ability":"Defiant","moves":["knockoff","suckerpunch","ironhead","swordsdance"],"nature":"Jolly","evs":{"hp":0,"atk":252,"def":0,"spa":0,"spd":4,"spe":252},"gender":"M","ivs":{"hp":31,"atk":31,"def":31,"spa":31,"spd":31,"spe":31}},{"name":"Liepard","species":"Liepard","item":"focussash","ability":"Prankster","moves":["uturn","thunderwave","taunt","encore"],"nature":"Jolly","evs":{"hp":252,"atk":4,"def":0,"spa":0,"spd":0,"spe":252},"gender":"F","shiny":true,"ivs":{"hp":31,"atk":31,"def":31,"spa":31,"spd":31,"spe":31}},{"name":"Mandibuzz","species":"Mandibuzz","item":"rockyhelmet","ability":"Overcoat","moves":["defog","roost","toxic","foulplay"],"nature":"Bold","evs":{"hp":240,"atk":0,"def":216,"spa":0,"spd":0,"spe":52},"ivs":{"hp":31,"atk":31,"def":31,"spa":31,"spd":31,"spe":31}},{"name":"Hydreigon","species":"Hydreigon","item":"lifeorb","ability":"Levitate","moves":["dracometeor","darkpulse","flashcannon","earthpower"],"nature":"Timid","evs":{"hp":0,"atk":0,"def":0,"spa":252,"spd":4,"spe":252},"gender":"M","ivs":{"hp":31,"atk":31,"def":31,"spa":31,"spd":31,"spe":31}},{"name":"Hoopa-Unbound","species":"Hoopa-Unbound","item":"choicescarf","ability":"Magician","moves":["hyperspacefury","focusblast","psychic","darkpulse"],"nature":"Hasty","evs":{"hp":0,"atk":4,"def":0,"spa":252,"spd":0,"spe":252},"ivs":{"hp":31,"atk":31,"def":31,"spa":31,"spd":31,"spe":31}},{"name":"Drapion","species":"Drapion","item":"lumberry","ability":"Sniper","moves":["swordsdance","knockoff","poisonjab","earthquake"],"nature":"Jolly","evs":{"hp":0,"atk":252,"def":4,"spa":0,"spd":0,"spe":252},"gender":"M","shiny":true,"ivs":{"hp":31,"atk":31,"def":31,"spa":31,"spd":31,"spe":31}}],"p2team":[{"name":"Hawlucha","species":"Hawlucha","item":"powerherb","ability":"Unburden","moves":["swordsdance","skyattack","acrobatics","highjumpkick"],"nature":"Jolly","evs":{"hp":0,"atk":252,"def":0,"spa":0,"spd":4,"spe":252},"gender":"M","ivs":{"hp":31,"atk":31,"def":31,"spa":31,"spd":31,"spe":31}},{"name":"Conkeldurr","species":"Conkeldurr","item":"assaultvest","ability":"Guts","moves":["drainpunch","poisonjab","icepunch","machpunch"],"nature":"Adamant","evs":{"hp":4,"atk":252,"def":0,"spa":0,"spd":252,"spe":0},"gender":"M","ivs":{"hp":31,"atk":31,"def":31,"spa":31,"spd":31,"spe":31}},{"name":"Terrakion","species":"Terrakion","item":"choicescarf","ability":"Justified","moves":["stoneedge","xscissor","ironhead","closecombat"],"nature":"Jolly","evs":{"hp":0,"atk":252,"def":4,"spa":0,"spd":0,"spe":252},"ivs":{"hp":31,"atk":31,"def":31,"spa":31,"spd":31,"spe":31}},{"name":"Medicham","species":"Medicham","item":"medichamite","ability":"Pure Power","moves":["fakeout","highjumpkick","zenheadbutt","bulletpunch"],"nature":"Adamant","evs":{"hp":0,"atk":252,"def":0,"spa":0,"spd":4,"spe":252},"gender":"M","ivs":{"hp":31,"atk":31,"def":31,"spa":31,"spd":31,"spe":31}},{"name":"Keldeo","species":"Keldeo","item":"leftovers","ability":"Justified","moves":["substitute","scald","secretsword","calmmind"],"nature":"Timid","evs":{"hp":0,"atk":0,"def":0,"spa":252,"spd":4,"spe":252},"ivs":{"hp":31,"atk":0,"def":31,"spa":31,"spd":31,"spe":31}},{"name":"Breloom","species":"Breloom","item":"focussash","ability":"Technician","moves":["spore","swordsdance","bulletseed","machpunch"],"nature":"Jolly","evs":{"hp":0,"atk":252,"def":0,"spa":0,"spd":4,"spe":252},"gender":"M","ivs":{"hp":31,"atk":31,"def":31,"spa":31,"spd":31,"spe":31}}],"log":["|player|p1|00Shadow|00shadow.png","|player|p2|Alliance - Elite|92","|gametype|singles","|gen|6","|tier|Monotype","|rated","|rule|Baton Pass Clause: Limit one Baton Passer, can't pass Spe and other stats simultaneously","|rule|Swagger Clause: Swagger is banned","|rule|Same Type Clause: Pokémon in a team must share a type","|clearpoke","|poke|p1|Bisharp, M","|poke|p1|Liepard, F, shiny","|poke|p1|Mandibuzz, F","|poke|p1|Hydreigon, M","|poke|p1|Hoopa-Unbound","|poke|p1|Drapion, M, shiny","|poke|p2|Hawlucha, M","|poke|p2|Conkeldurr, M","|poke|p2|Terrakion","|poke|p2|Medicham, M","|poke|p2|Keldeo","|poke|p2|Breloom, M","|rule|Sleep Clause Mod: Limit one foe put to sleep","|rule|Species Clause: Limit one of each Pokémon","|rule|OHKO Clause: OHKO moves are banned","|rule|Moody Clause: Moody is banned","|rule|Evasion Moves Clause: Evasion moves are banned","|rule|Endless Battle Clause: Forcing endless battles is banned","|rule|HP Percentage Mod: HP is shown in percentages","|teampreview","|","|start","|switch|p1a: Mandibuzz|Mandibuzz, F|421/421","|switch|p2a: Keldeo|Keldeo|323/323","|turn|1","|","|move|p2a: Keldeo|Substitute|p2a: Keldeo","|-start|p2a: Keldeo|Substitute","|-damage|p2a: Keldeo|243/323","|move|p1a: Mandibuzz|Toxic|p2a: Keldeo","|-fail|p2a: Keldeo","|","|-heal|p2a: Keldeo|263/323|[from] item: Leftovers","|turn|2","|","|move|p2a: Keldeo|Calm Mind|p2a: Keldeo","|-boost|p2a: Keldeo|spa|1","|-boost|p2a: Keldeo|spd|1","|move|p1a: Mandibuzz|Foul Play|p2a: Keldeo","|-resisted|p2a: Keldeo","|-activate|p2a: Keldeo|Substitute|[damage]","|","|-heal|p2a: Keldeo|283/323|[from] item: Leftovers","|turn|3","|","|move|p2a: Keldeo|Calm Mind|p2a: Keldeo","|-boost|p2a: Keldeo|spa|1","|-boost|p2a: Keldeo|spd|1","|move|p1a: Mandibuzz|Foul Play|p2a: Keldeo","|-resisted|p2a: Keldeo","|-activate|p2a: Keldeo|Substitute|[damage]","|","|-heal|p2a: Keldeo|303/323|[from] item: Leftovers","|turn|4","|","|move|p2a: Keldeo|Calm Mind|p2a: Keldeo","|-boost|p2a: Keldeo|spa|1","|-boost|p2a: Keldeo|spd|1","|move|p1a: Mandibuzz|Foul Play|p2a: Keldeo","|-resisted|p2a: Keldeo","|-end|p2a: Keldeo|Substitute","|","|-heal|p2a: Keldeo|323/323|[from] item: Leftovers","|turn|5","|","|switch|p1a: Liepard|Liepard, F, shiny|332/332","|move|p2a: Keldeo|Substitute|p2a: Keldeo","|-start|p2a: Keldeo|Substitute","|-damage|p2a: Keldeo|243/323","|","|-heal|p2a: Keldeo|263/323|[from] item: Leftovers","|turn|6","|","|move|p1a: Liepard|Encore|p2a: Keldeo","|-start|p2a: Keldeo|Encore","|move|p2a: Keldeo|Substitute|p2a: Keldeo","|-fail|p2a: Keldeo|move: Substitute","|","|-heal|p2a: Keldeo|283/323|[from] item: Leftovers","|turn|7","|","|move|p2a: Keldeo|Substitute|p2a: Keldeo","|-fail|p2a: Keldeo|move: Substitute","|move|p1a: Liepard|U-turn|p2a: Keldeo","|-resisted|p2a: Keldeo","|-activate|p2a: Keldeo|Substitute|[damage]","|","|switch|p1a: Hoopa-Unbound|Hoopa-Unbound|301/301","|","|-heal|p2a: Keldeo|303/323|[from] item: Leftovers","|turn|8","|","|move|p1a: Hoopa-Unbound|Psychic|p2a: Keldeo","|-supereffective|p2a: Keldeo","|-end|p2a: Keldeo|Substitute","|move|p2a: Keldeo|Substitute|p2a: Keldeo","|-start|p2a: Keldeo|Substitute","|-damage|p2a: Keldeo|223/323","|","|-heal|p2a: Keldeo|243/323|[from] item: Leftovers","|-end|p2a: Keldeo|Encore","|turn|9","|","|move|p1a: Hoopa-Unbound|Psychic|p2a: Keldeo","|-supereffective|p2a: Keldeo","|-end|p2a: Keldeo|Substitute","|move|p2a: Keldeo|Secret Sword|p1a: Hoopa-Unbound","|-damage|p1a: Hoopa-Unbound|0 fnt","|faint|p1a: Hoopa-Unbound","|","|-heal|p2a: Keldeo|263/323|[from] item: Leftovers","|","|switch|p1a: Liepard|Liepard, F, shiny|332/332","|turn|10","|","|move|p1a: Liepard|Thunder Wave|p2a: Keldeo","|-status|p2a: Keldeo|par","|move|p2a: Keldeo|Secret Sword|p1a: Liepard","|-crit|p1a: Liepard","|-supereffective|p1a: Liepard","|-enditem|p1a: Liepard|Focus Sash","|-damage|p1a: Liepard|1/332","|","|-heal|p2a: Keldeo|283/323 par|[from] item: Leftovers","|turn|11","|","|move|p1a: Liepard|Taunt|p2a: Keldeo","|-start|p2a: Keldeo|move: Taunt","|move|p2a: Keldeo|Secret Sword|p1a: Liepard","|-supereffective|p1a: Liepard","|-damage|p1a: Liepard|0 fnt","|faint|p1a: Liepard","|","|-heal|p2a: Keldeo|303/323 par|[from] item: Leftovers","|","|switch|p1a: Drapion|Drapion, M, shiny|281/281","|turn|12","|","|move|p1a: Drapion|Poison Jab|p2a: Keldeo","|-damage|p2a: Keldeo|186/323 par","|move|p2a: Keldeo|Secret Sword|p1a: Drapion","|-damage|p1a: Drapion|0 fnt","|faint|p1a: Drapion","|","|-heal|p2a: Keldeo|206/323 par|[from] item: Leftovers","|","|switch|p1a: Bisharp|Bisharp, M|271/271","|turn|13","|","|move|p1a: Bisharp|Iron Head|p2a: Keldeo","|-resisted|p2a: Keldeo","|-damage|p2a: Keldeo|112/323 par","|-damage|p1a: Bisharp|244/271|[from] item: Life Orb","|cant|p2a: Keldeo|par","|","|-heal|p2a: Keldeo|132/323 par|[from] item: Leftovers","|-end|p2a: Keldeo|move: Taunt","|turn|14","|","|move|p1a: Bisharp|Iron Head|p2a: Keldeo","|-resisted|p2a: Keldeo","|-damage|p2a: Keldeo|25/323 par","|-damage|p1a: Bisharp|217/271|[from] item: Life Orb","|cant|p2a: Keldeo|flinch","|","|-heal|p2a: Keldeo|45/323 par|[from] item: Leftovers","|turn|15","|","|move|p1a: Bisharp|Iron Head|p2a: Keldeo","|-resisted|p2a: Keldeo","|-damage|p2a: Keldeo|0 fnt","|-damage|p1a: Bisharp|190/271|[from] item: Life Orb","|faint|p2a: Keldeo","|","|","|switch|p2a: Hawlucha|Hawlucha, M|297/297","|turn|16","|","|move|p2a: Hawlucha|High Jump Kick|p1a: Bisharp","|-supereffective|p1a: Bisharp","|-damage|p1a: Bisharp|0 fnt","|faint|p1a: Bisharp","|","|","|switch|p1a: Mandibuzz|Mandibuzz, F|421/421","|turn|17","|","|move|p2a: Hawlucha|Swords Dance|p2a: Hawlucha","|-boost|p2a: Hawlucha|atk|2","|move|p1a: Mandibuzz|Foul Play|p2a: Hawlucha","|-resisted|p2a: Hawlucha","|-damage|p2a: Hawlucha|117/297","|","|turn|18","|","|move|p2a: Hawlucha|High Jump Kick|p1a: Mandibuzz|[miss]","|-miss|p2a: Hawlucha|p1a: Mandibuzz","|-damage|p2a: Hawlucha|0 fnt|[from] highjumpkick","|faint|p2a: Hawlucha","|move|p1a: Mandibuzz|Foul Play|p2: Hawlucha|[notarget]","|-notarget","|","|","|switch|p2a: Terrakion|Terrakion|323/323","|turn|19","|","|move|p2a: Terrakion|Stone Edge|p1a: Mandibuzz","|-supereffective|p1a: Mandibuzz","|-damage|p1a: Mandibuzz|181/421","|move|p1a: Mandibuzz|Roost|p1a: Mandibuzz","|-heal|p1a: Mandibuzz|392/421","|","|turn|20","|","|move|p2a: Terrakion|Stone Edge|p1a: Mandibuzz","|-supereffective|p1a: Mandibuzz","|-damage|p1a: Mandibuzz|138/421","|move|p1a: Mandibuzz|Toxic|p2a: Terrakion","|-status|p2a: Terrakion|tox","|","|-damage|p2a: Terrakion|303/323 tox|[from] psn","|turn|21","|","|move|p2a: Terrakion|Stone Edge|p1a: Mandibuzz","|-supereffective|p1a: Mandibuzz","|-damage|p1a: Mandibuzz|0 fnt","|faint|p1a: Mandibuzz","|","|-damage|p2a: Terrakion|263/323 tox|[from] psn","|","|switch|p1a: Hydreigon|Hydreigon, M|325/325","|turn|22","|","|move|p2a: Terrakion|Stone Edge|p1a: Hydreigon","|-damage|p1a: Hydreigon|120/325","|move|p1a: Hydreigon|Flash Cannon|p2a: Terrakion","|-supereffective|p2a: Terrakion","|-damage|p2a: Terrakion|0 fnt","|-damage|p1a: Hydreigon|88/325|[from] item: Life Orb","|faint|p2a: Terrakion","|","|","|switch|p2a: Conkeldurr|Conkeldurr, M|352/352","|turn|23","|","|move|p2a: Conkeldurr|Mach Punch|p1a: Hydreigon","|-supereffective|p1a: Hydreigon","|-damage|p1a: Hydreigon|0 fnt","|faint|p1a: Hydreigon","|","|win|Alliance - Elite"],"p1rating":{"entryid":"679972","serverid":"eos","formatid":"monotype","userid":"00shadow","username":"00Shadow","w":"1","l":1,"t":"0","gxe":49.9,"r":"1500","rd":"130","sigma":"0","rptime":"1440925200","rpr":1499.5638761927,"rprd":116.5013705938,"rpsigma":"0","acre":1028.1962714237,"lacre":1028.1962714237,"oldacre":"1040"},"p2rating":{"entryid":"364566","serverid":"eos","formatid":"monotype","userid":"allianceelite","username":"Alliance - Elite","w":6,"l":"3","t":"0","gxe":59.7,"r":"1504.4008084228","rd":"106.95479267214","sigma":"0","rptime":"1440925200","rpr":1576.3504471959,"rprd":89.774853830512,"rpsigma":"0","acre":1151.7441195897,"lacre":1151.7441195897,"oldacre":"1133.3007936892"},"endType":"normal"}