{"seed":[45224,38545,30002,28653],"turns":32,"p1":"Crystal Blade64","p2":"Crystl Sabo","p1team":[{"name":"Gliscor","species":"Gliscor","item":"toxicorb","ability":"Poison Heal","moves":["roost","protect","earthquake","toxic"],"nature":"Impish","evs":{"hp":248,"atk":0,"def":188,"spa":0,"spd":0,"spe":72},"ivs":{"hp":31,"atk":31,"def":31,"spa":31,"spd":31,"spe":31}},{"name":"Lopunny","species":"Lopunny","item":"lopunnite","ability":"Cute Charm","moves":["fakeout","highjumpkick","frustration","icepunch"],"nature":"Jolly","evs":{"hp":0,"atk":252,"def":0,"spa":0,"spd":4,"spe":252},"happiness":0,"ivs":{"hp":31,"atk":31,"def":31,"spa":31,"spd":31,"spe":31}},{"name":"Weavile","species":"Weavile","item":"lifeorb","ability":"Pickpocket","moves":["fakeout","iceshard","iciclecrash","knockoff"],"nature":"Jolly","evs":{"hp":0,"atk":252,"def":0,"spa":0,"spd":4,"spe":252},"ivs":{"hp":31,"atk":31,"def":31,"spa":31,"spd":31,"spe":31}},{"name":"Garchomp","species":"Garchomp","item":"rockyhelmet","ability":"Rough Skin","moves":["stealthrock","dragontail","earthquake","toxic"],"nature":"Impish","evs":{"hp":252,"atk":0,"def":252,"spa":0,"spd":4,"spe":0},"ivs":{"hp":31,"atk":31,"def":31,"spa":31,"spd":31,"spe":31}},{"name":"Magnezone","species":"Magnezone","item":"choicespecs","ability":"Analytic","moves":["voltswitch","flashcannon","hiddenpowerice","thunderbolt"],"nature":"Modest","evs":{"hp":248,"atk":0,"def":0,"spa":252,"spd":8,"spe":0},"ivs":{"hp":31,"atk":30,"def":30,"spa":31,"spd":31,"spe":31}},{"name":"Mamoswine","species":"Mamoswine","item":"choiceband","ability":"Thick Fat","moves":["earthquake","iceshard","iciclecrash","superpower"],"nature":"Adamant","evs":{"hp":248,"atk":252,"def":0,"spa":0,"spd":8,"spe":0},"ivs":{"hp":31,"atk":31,"def":31,"spa":31,"spd":31,"spe":31}}],"p2team":[{"name":"No Mercy","species":"poliwag","item":"focussash","ability":"Water Absorb","moves":["waterfall","bellydrum","wakeupslap","hypnosis"],"nature":"Adamant","evs":{"hp":0,"atk":252,"def":0,"spa":0,"spd":0,"spe":252},"shiny":true,"ivs":{"hp":31,"atk":31,"def":31,"spa":31,"spd":31,"spe":31}},{"name":"Galvantula","species":"Galvantula","item":"focussash","ability":"Swarm","moves":["stickyweb","bugbuzz","thunderwave","thunder"],"nature":"Timid","evs":{"hp":0,"atk":0,"def":0,"spa":252,"spd":4,"spe":252},"ivs":{"hp":31,"atk":31,"def":31,"spa":31,"spd":31,"spe":31}},{"name":"Smeargle","species":"Smeargle","item":"focussash","ability":"Own Tempo","moves":["substitute","agility","spore","batonpass"],"nature":"Timid","evs":{"hp":248,"atk":0,"def":0,"spa":0,"spd":8,"spe":252},"ivs":{"hp":31,"atk":31,"def":31,"spa":31,"spd":31,"spe":31}},{"name":"Espeon","species":"Espeon","item":"lightclay","ability":"Magic Bounce","moves":["lightscreen","reflect","wish","protect"],"nature":"Timid","evs":{"hp":248,"atk":0,"def":0,"spa":0,"spd":8,"spe":252},"ivs":{"hp":31,"atk":31,"def":31,"spa":31,"spd":31,"spe":31}},{"name":"Forretress","species":"Forretress","item":"redcard","ability":"Sturdy","moves":["stealthrock","spikes","rapidspin","gyroball"],"nature":"Relaxed","evs":{"hp":252,"atk":0,"def":252,"spa":0,"spd":0,"spe":0},"ivs":{"hp":31,"atk":31,"def":31,"spa":31,"spd":31,"spe":0},"shiny":true},{"name":"Whimsicott","species":"Whimsicott","item":"focussash","ability":"Prankster","moves":["encore","memento","tailwind","leechseed"],"nature":"Timid","evs":{"hp":252,"atk":0,"def":0,"spa":0,"spd":0,"spe":252},"ivs":{"hp":31,"atk":31,"def":31,"spa":31,"spd":31,"spe":31}}],"log":["|player|p1|Crystal Blade64|165","|player|p2|Crystl Sabo|crystlsabo.png","|gametype|singles","|gen|6","|tier|OU","|rated","|clearpoke","|poke|p1|Gliscor, M","|poke|p1|Lopunny, F","|poke|p1|Weavile, F","|poke|p1|Garchomp, M","|poke|p1|Magnezone","|poke|p1|Mamoswine, M","|poke|p2|Poliwag, F, shiny","|poke|p2|Galvantula, F","|poke|p2|Smeargle, M","|poke|p2|Espeon, F","|poke|p2|Forretress, M, shiny","|poke|p2|Whimsicott, F","|rule|Swagger Clause: Swagger is banned","|rule|Baton Pass Clause: Limit one Baton Passer, can't pass Spe and other stats simultaneously","|rule|Sleep Clause Mod: Limit one foe put to sleep","|rule|Species Clause: Limit one of each Pokémon","|rule|OHKO Clause: OHKO moves are banned","|rule|Moody Clause: Moody is banned","|rule|Evasion Moves Clause: Evasion moves are banned","|rule|Endless Battle Clause: Forcing endless battles is banned","|rule|HP Percentage Mod: HP is shown in percentages","|teampreview","|","|start","|switch|p1a: Garchomp|Garchomp, M|420/420","|switch|p2a: Galvantula|Galvantula, F|281/281","|turn|1","|","|switch|p2a: Espeon|Espeon, F|333/333","|move|p1a: Garchomp|Stealth Rock|p2a: Espeon","|move|p2a: Espeon|Stealth Rock|p1a: Garchomp|[from]Magic Bounce","|-sidestart|p1: Crystal Blade64|move: Stealth Rock","|","|turn|2","|","|move|p2a: Espeon|Reflect|p2a: Espeon","|-sidestart|p2: Crystl Sabo|Reflect","|move|p1a: Garchomp|Earthquake|p2a: Espeon","|-damage|p2a: Espeon|216/333","|","|turn|3","|","|move|p2a: Espeon|Wish|p2a: Espeon","|move|p1a: Garchomp|Dragon Tail|p2a: Espeon","|-damage|p2a: Espeon|149/333","|drag|p2a: Smeargle|Smeargle, M|313/313","|","|turn|4","|","|switch|p2a: Galvantula|Galvantula, F|281/281","|move|p1a: Garchomp|Dragon Tail|p2a: Galvantula","|-damage|p2a: Galvantula|215/281","|drag|p2a: Whimsicott|Whimsicott, F|324/324","|","|turn|5","|","|switch|p2a: Espeon|Espeon, F|149/333","|move|p1a: Garchomp|Stealth Rock|p2a: Espeon","|move|p2a: Espeon|Stealth Rock|p1a: Garchomp|[from]Magic Bounce","|-fail|p1a: Garchomp","|","|turn|6","|","|move|p2a: Espeon|Wish|p2a: Espeon","|move|p1a: Garchomp|Dragon Tail|p2a: Espeon","|-crit|p2a: Espeon","|-damage|p2a: Espeon|0 fnt","|faint|p2a: Espeon","|","|","|switch|p2a: Galvantula|Galvantula, F|215/281","|turn|7","|","|move|p2a: Galvantula|Sticky Web|p1a: Garchomp","|-sidestart|p1: Crystal Blade64|move: Sticky Web","|move|p1a: Garchomp|Earthquake|p2a: Galvantula","|-damage|p2a: Galvantula|96/281","|","|-heal|p2a: Galvantula|262/281|[from] move: Wish|[wisher] Espeon","|turn|8","|","|move|p2a: Galvantula|Bug Buzz|p1a: Garchomp","|-damage|p1a: Garchomp|264/420","|move|p1a: Garchomp|Stealth Rock|p2a: Galvantula","|-sidestart|p2: Crystl Sabo|move: Stealth Rock","|","|turn|9","|","|move|p2a: Galvantula|Bug Buzz|p1a: Garchomp","|-damage|p1a: Garchomp|117/420","|move|p1a: Garchomp|Earthquake|p2a: Galvantula","|-damage|p2a: Galvantula|159/281","|","|-sideend|p2: Crystl Sabo|Reflect","|turn|10","|","|move|p2a: Galvantula|Bug Buzz|p1a: Garchomp","|-damage|p1a: Garchomp|0 fnt","|faint|p1a: Garchomp","|","|","|switch|p1a: Gliscor|Gliscor, M|353/353","|-damage|p1a: Gliscor|309/353|[from] Stealth Rock","|turn|11","|","|switch|p2a: Whimsicott|Whimsicott, F|324/324","|-damage|p2a: Whimsicott|284/324|[from] Stealth Rock","|move|p1a: Gliscor|Earthquake|p2a: Whimsicott","|-resisted|p2a: Whimsicott","|-damage|p2a: Whimsicott|219/324","|","|-status|p1a: Gliscor|tox|[from] item: Toxic Orb","|turn|12","|","|move|p1a: Gliscor|Protect|p1a: Gliscor","|-singleturn|p1a: Gliscor|Protect","|move|p2a: Whimsicott|Encore|p1a: Gliscor","|-activate|p1a: Gliscor|Protect","|","|-heal|p1a: Gliscor|353/353 tox|[from] ability: Poison Heal","|turn|13","|","|move|p2a: Whimsicott|Leech Seed|p1a: Gliscor","|-start|p1a: Gliscor|move: Leech Seed","|move|p1a: Gliscor|Toxic|p2a: Whimsicott|[miss]","|-miss|p1a: Gliscor|p2a: Whimsicott","|","|-damage|p1a: Gliscor|309/353 tox|[from] Leech Seed|[of] p2a: Whimsicott","|-heal|p2a: Whimsicott|263/324|[silent]","|-heal|p1a: Gliscor|353/353 tox|[from] ability: Poison Heal","|turn|14","|","|switch|p1a: Weavile|Weavile, F|281/281","|-damage|p1a: Weavile|211/281|[from] Stealth Rock","|-activate|p1a: Weavile|move: Sticky Web","|-unboost|p1a: Weavile|spe|1","|move|p2a: Whimsicott|Encore|p1a: Weavile","|-fail|p1a: Weavile","|","|turn|15","|","|move|p1a: Weavile|Fake Out|p2a: Whimsicott","|-damage|p2a: Whimsicott|197/324","|-damage|p1a: Weavile|183/281|[from] item: Life Orb","|cant|p2a: Whimsicott|flinch","|","|turn|16","|","|move|p2a: Whimsicott|Encore|p1a: Weavile","|-start|p1a: Weavile|Encore","|move|p1a: Weavile|Fake Out|p2a: Whimsicott","|-fail|p1a: Weavile","|-hint|Fake Out only works on your first turn out.","|","|turn|17","|","|switch|p1a: Mamoswine|Mamoswine, M|423/423","|-activate|p1a: Mamoswine|move: Sticky Web","|-unboost|p1a: Mamoswine|spe|1","|-damage|p1a: Mamoswine|371/423|[from] Stealth Rock","|move|p2a: Whimsicott|Leech Seed|p1a: Mamoswine","|-start|p1a: Mamoswine|move: Leech Seed","|","|-damage|p1a: Mamoswine|319/423|[from] Leech Seed|[of] p2a: Whimsicott","|-heal|p2a: Whimsicott|249/324|[silent]","|turn|18","|","|move|p2a: Whimsicott|Memento|p1a: Mamoswine","|-unboost|p1a: Mamoswine|atk|2","|-unboost|p1a: Mamoswine|spa|2","|faint|p2a: Whimsicott","|move|p1a: Mamoswine|Ice Shard|p2: Whimsicott|[notarget]","|-notarget","|","|","|switch|p2a: Forretress|Forretress, M, shiny|354/354","|-damage|p2a: Forretress|310/354|[from] Stealth Rock","|turn|19","|","|switch|p1a: Gliscor|Gliscor, M|353/353 tox","|-damage|p1a: Gliscor|309/353 tox|[from] Stealth Rock","|move|p2a: Forretress|Rapid Spin|p1a: Gliscor","|-damage|p1a: Gliscor|299/353 tox","|-sideend|p2: Crystl Sabo|Stealth Rock|[from] move: Rapid Spin|[of] p2a: Forretress","|","|-heal|p1a: Gliscor|343/353 tox|[from] ability: Poison Heal","|turn|20","|","|move|p1a: Gliscor|Earthquake|p2a: Forretress","|-damage|p2a: Forretress|241/354","|-enditem|p2a: Forretress|Red Card|[of] p1a: Gliscor","|drag|p1a: Weavile|Weavile, F|183/281","|-damage|p1a: Weavile|113/281|[from] Stealth Rock","|-activate|p1a: Weavile|move: Sticky Web","|-unboost|p1a: Weavile|spe|1","|move|p2a: Forretress|Spikes|p1a: Weavile","|-sidestart|p1: Crystal Blade64|Spikes","|","|turn|21","|","|move|p1a: Weavile|Fake Out|p2a: Forretress","|-resisted|p2a: Forretress","|-damage|p2a: Forretress|225/354","|-damage|p1a: Weavile|85/281|[from] item: Life Orb","|cant|p2a: Forretress|flinch","|","|turn|22","|","|move|p1a: Weavile|Knock Off|p2a: Forretress","|-damage|p2a: Forretress|143/354","|-damage|p1a: Weavile|57/281|[from] item: Life Orb","|move|p2a: Forretress|Gyro Ball|p1a: Weavile","|-supereffective|p1a: Weavile","|-damage|p1a: Weavile|0 fnt","|faint|p1a: Weavile","|","|","|switch|p1a: Mamoswine|Mamoswine, M|319/423","|-activate|p1a: Mamoswine|move: Sticky Web","|-unboost|p1a: Mamoswine|spe|1","|-damage|p1a: Mamoswine|267/423|[from] Stealth Rock","|-damage|p1a: Mamoswine|215/423|[from] Spikes","|turn|23","|","|move|p1a: Mamoswine|Earthquake|p2a: Forretress","|-damage|p2a: Forretress|0 fnt","|faint|p2a: Forretress","|","|","|switch|p2a: Smeargle|Smeargle, M|313/313","|turn|24","|","|move|p2a: Smeargle|Spore|p1a: Mamoswine","|-status|p1a: Mamoswine|slp","|cant|p1a: Mamoswine|slp","|","|turn|25","|","|switch|p1a: Gliscor|Gliscor, M|343/353 tox","|-damage|p1a: Gliscor|299/353 tox|[from] Stealth Rock","|move|p2a: Smeargle|Substitute|p2a: Smeargle","|-start|p2a: Smeargle|Substitute","|-damage|p2a: Smeargle|235/313","|","|-heal|p1a: Gliscor|343/353 tox|[from] ability: Poison Heal","|turn|26","|","|move|p2a: Smeargle|Baton Pass|p2a: Smeargle","|","|switch|p2a: No Mercy|Poliwag, F, shiny|221/221","|move|p1a: Gliscor|Earthquake|p2a: No Mercy","|-end|p2a: No Mercy|Substitute","|","|-heal|p1a: Gliscor|353/353 tox|[from] ability: Poison Heal","|turn|27","|","|switch|p2a: Galvantula|Galvantula, F|159/281","|move|p1a: Gliscor|Earthquake|p2a: Galvantula","|-damage|p2a: Galvantula|0 fnt","|faint|p2a: Galvantula","|","|","|switch|p2a: Smeargle|Smeargle, M|235/313","|turn|28","|","|move|p2a: Smeargle|Substitute|p2a: Smeargle","|-start|p2a: Smeargle|Substitute","|-damage|p2a: Smeargle|157/313","|move|p1a: Gliscor|Earthquake|p2a: Smeargle","|-end|p2a: Smeargle|Substitute","|","|turn|29","|","|move|p2a: Smeargle|Agility|p2a: Smeargle","|-boost|p2a: Smeargle|spe|2","|move|p1a: Gliscor|Earthquake|p2a: Smeargle","|-damage|p2a: Smeargle|0 fnt","|faint|p2a: Smeargle","|","|","|switch|p2a: No Mercy|Poliwag, F, shiny|221/221","|turn|30","|","|move|p2a: No Mercy|Waterfall|p1a: Gliscor","|-supereffective|p1a: Gliscor","|-damage|p1a: Gliscor|239/353 tox","|move|p1a: Gliscor|Earthquake|p2a: No Mercy","|-enditem|p2a: No Mercy|Focus Sash","|-damage|p2a: No Mercy|1/221","|","|-heal|p1a: Gliscor|283/353 tox|[from] ability: Poison Heal","|turn|31","|","|move|p2a: No Mercy|Waterfall|p1a: Gliscor","|-supereffective|p1a: Gliscor","|-damage|p1a: Gliscor|175/353 tox","|cant|p1a: Gliscor|flinch","|","|-heal|p1a: Gliscor|219/353 tox|[from] ability: Poison Heal","|turn|32","|","|move|p2a: No Mercy|Waterfall|p1a: Gliscor","|-supereffective|p1a: Gliscor","|-damage|p1a: Gliscor|109/353 tox","|move|p1a: Gliscor|Earthquake|p2a: No Mercy","|-damage|p2a: No Mercy|0 fnt","|faint|p2a: No Mercy","|","|win|Crystal Blade64"],"p1rating":{"entryid":"123969","serverid":"eos","formatid":"ou","userid":"crystalblade64","username":"Crystal Blade64","w":3,"l":"0","t":"0","gxe":63.6,"r":"1584.0363542179","rd":"117.07901124109","sigma":"0","rptime":"1440234000","rpr":1610.0809753513,"rprd":112.02098779722,"rpsigma":"0","acre":1104.3245534424,"lacre":1104.3245534424,"oldacre":"1083.2883308208"},"p2rating":{"entryid":306589,"formatid":"ou","userid":"crystlsabo","username":"Crystl Sabo","r":1500,"rd":130,"sigma":0,"rpr":1468.2768599647,"rprd":123.00852871938,"rpsigma":0,"rptime":1440234000,"w":0,"l":1,"t":0,"gxe":46,"acre":1000,"lacre":1000,"oldacre":1000},"endType":"normal"}