{"seed":[56836,18934,32285,59548],"turns":20,"p1":"s467","p2":"soccerstar520","p1team":[{"name":"Vaporeon","species":"Vaporeon","item":"focussash","ability":"Water Absorb","moves":["toxic","acidarmor","surf","icebeam"],"nature":"Mild","evs":{"hp":252,"atk":0,"def":0,"spa":128,"spd":128,"spe":0},"gender":"F","ivs":{"hp":31,"atk":31,"def":31,"spa":31,"spd":31,"spe":31}},{"name":"Jolteon","species":"Jolteon","item":"lifeorb","ability":"Volt Absorb","moves":["voltswitch","discharge","attract","hiddenpowerfire"],"nature":"Timid","evs":{"hp":4,"atk":0,"def":0,"spa":252,"spd":0,"spe":252},"gender":"M","ivs":{"hp":31,"atk":30,"def":31,"spa":30,"spd":31,"spe":30}},{"name":"Flareon","species":"Flareon","item":"flameorb","ability":"Guts","moves":["facade","flamecharge","bite","irontail"],"nature":"Gentle","evs":{"hp":4,"atk":252,"def":0,"spa":0,"spd":0,"spe":252},"gender":"M","ivs":{"hp":31,"atk":31,"def":31,"spa":31,"spd":31,"spe":31}},{"name":"Umbreon","species":"Umbreon","item":"leftovers","ability":"Synchronize","moves":["toxic","moonlight","darkpulse","meanlook"],"nature":"Sassy","evs":{"hp":252,"atk":0,"def":0,"spa":4,"spd":252,"spe":0},"gender":"F","shiny":true,"ivs":{"hp":31,"atk":31,"def":31,"spa":31,"spd":31,"spe":31}},{"name":"Espeon","species":"Espeon","item":"wiseglasses","ability":"Magic Bounce","moves":["psychic","shadowball","calmmind","dazzlinggleam"],"nature":"Modest","evs":{"hp":8,"atk":0,"def":0,"spa":252,"spd":0,"spe":248},"gender":"F","ivs":{"hp":31,"atk":31,"def":31,"spa":31,"spd":31,"spe":31}},{"name":"Sylveon","species":"Sylveon","item":"lightclay","ability":"Pixilate","moves":["drainingkiss","lightscreen","reflect","echoedvoice"],"nature":"Calm","evs":{"hp":252,"atk":0,"def":0,"spa":132,"spd":124,"spe":0},"gender":"F","ivs":{"hp":31,"atk":31,"def":31,"spa":31,"spd":31,"spe":31}}],"p2team":[{"name":"Gallade","species":"Gallade","item":"galladite","ability":"Justified","moves":["swordsdance","drainpunch","knockoff","willowisp"],"nature":"Jolly","evs":{"hp":0,"atk":252,"def":4,"spa":0,"spd":0,"spe":252},"ivs":{"hp":31,"atk":31,"def":31,"spa":31,"spd":31,"spe":31}},{"name":"Talonflame","species":"Talonflame","item":"sharpbeak","ability":"Gale Wings","moves":["bravebird","flareblitz","uturn","roost"],"nature":"Jolly","evs":{"hp":0,"atk":252,"def":0,"spa":0,"spd":4,"spe":252},"ivs":{"hp":31,"atk":31,"def":31,"spa":31,"spd":31,"spe":31}},{"name":"Serperior","species":"Serperior","item":"leftovers","ability":"Contrary","moves":["leafstorm","substitute","hiddenpowerfire","leechseed"],"nature":"Timid","evs":{"hp":0,"atk":0,"def":0,"spa":252,"spd":4,"spe":252},"ivs":{"hp":31,"atk":30,"def":31,"spa":30,"spd":31,"spe":30}},{"name":"Azumarill","species":"Azumarill","item":"sitrusberry","ability":"Huge Power","moves":["bellydrum","aquajet","playrough","waterfall"],"nature":"Adamant","evs":{"hp":92,"atk":252,"def":0,"spa":0,"spd":0,"spe":164},"ivs":{"hp":31,"atk":31,"def":31,"spa":31,"spd":31,"spe":31}},{"name":"Zapdos","species":"Zapdos","item":"leftovers","ability":"Pressure","moves":["voltswitch","roost","toxic","defog"],"nature":"Calm","evs":{"hp":248,"atk":0,"def":64,"spa":0,"spd":180,"spe":16},"ivs":{"hp":31,"atk":31,"def":31,"spa":31,"spd":31,"spe":31}},{"name":"Garchomp","species":"Garchomp","item":"choicescarf","ability":"Rough Skin","moves":["earthquake","outrage","stoneedge","stealthrock"],"nature":"Jolly","evs":{"hp":0,"atk":252,"def":4,"spa":0,"spd":0,"spe":252},"ivs":{"hp":31,"atk":31,"def":31,"spa":31,"spd":31,"spe":31}}],"log":["|player|p1|s467|289","|player|p2|soccerstar520|102","|gametype|singles","|gen|6","|tier|OU","|rated","|clearpoke","|poke|p1|Vaporeon, F","|poke|p1|Jolteon, M","|poke|p1|Flareon, M","|poke|p1|Umbreon, F, shiny","|poke|p1|Espeon, F","|poke|p1|Sylveon, F","|poke|p2|Gallade, M","|poke|p2|Talonflame, F","|poke|p2|Serperior, F","|poke|p2|Azumarill, F","|poke|p2|Zapdos","|poke|p2|Garchomp, F","|rule|Swagger Clause: Swagger is banned","|rule|Baton Pass Clause: Limit one Baton Passer, can't pass Spe and other stats simultaneously","|rule|Sleep Clause Mod: Limit one foe put to sleep","|rule|Species Clause: Limit one of each Pokémon","|rule|OHKO Clause: OHKO moves are banned","|rule|Moody Clause: Moody is banned","|rule|Evasion Moves Clause: Evasion moves are banned","|rule|Endless Battle Clause: Forcing endless battles is banned","|rule|HP Percentage Mod: HP is shown in percentages","|teampreview","|","|start","|switch|p1a: Jolteon|Jolteon, M|272/272","|switch|p2a: Garchomp|Garchomp, F|357/357","|turn|1","|","|move|p2a: Garchomp|Stealth Rock|p1a: Jolteon","|-sidestart|p1: s467|move: Stealth Rock","|move|p1a: Jolteon|Attract|p2a: Garchomp","|-start|p2a: Garchomp|Attract","|","|turn|2","|","|switch|p2a: Serperior|Serperior, F|291/291","|move|p1a: Jolteon|Volt Switch|p2a: Serperior","|-resisted|p2a: Serperior","|-damage|p2a: Serperior|217/291","|-damage|p1a: Jolteon|245/272|[from] item: Life Orb","|","|switch|p1a: Flareon|Flareon, M|272/272","|-damage|p1a: Flareon|204/272|[from] Stealth Rock","|","|-heal|p2a: Serperior|235/291|[from] item: Leftovers","|turn|3","|","|switch|p2a: Garchomp|Garchomp, F|357/357","|move|p1a: Flareon|Flame Charge|p2a: Garchomp","|-resisted|p2a: Garchomp","|-damage|p2a: Garchomp|311/357","|-damage|p1a: Flareon|170/272|[from] ability: Rough Skin|[of] p2a: Garchomp","|-boost|p1a: Flareon|spe|1","|","|turn|4","|","|move|p2a: Garchomp|Earthquake|p1a: Flareon","|-supereffective|p1a: Flareon","|-damage|p1a: Flareon|0 fnt","|faint|p1a: Flareon","|","|","|switch|p1a: Sylveon|Sylveon, F|394/394","|-damage|p1a: Sylveon|345/394|[from] Stealth Rock","|turn|5","|","|switch|p2a: Zapdos|Zapdos|383/383","|-ability|p2a: Zapdos|Pressure","|move|p1a: Sylveon|Echoed Voice|p2a: Zapdos","|-damage|p2a: Zapdos|326/383","|","|-heal|p2a: Zapdos|349/383|[from] item: Leftovers","|turn|6","|","|move|p2a: Zapdos|Toxic|p1a: Sylveon","|-status|p1a: Sylveon|tox","|move|p1a: Sylveon|Light Screen|p1a: Sylveon","|-sidestart|p1: s467|move: Light Screen","|","|-heal|p2a: Zapdos|372/383|[from] item: Leftovers","|-damage|p1a: Sylveon|321/394 tox|[from] psn","|turn|7","|","|move|p2a: Zapdos|Volt Switch|p1a: Sylveon","|-damage|p1a: Sylveon|288/394 tox","|","|switch|p2a: Serperior|Serperior, F|235/291","|move|p1a: Sylveon|Reflect|p1a: Sylveon","|-sidestart|p1: s467|Reflect","|","|-heal|p2a: Serperior|253/291|[from] item: Leftovers","|-damage|p1a: Sylveon|240/394 tox|[from] psn","|turn|8","|","|move|p2a: Serperior|Leech Seed|p1a: Sylveon","|-start|p1a: Sylveon|move: Leech Seed","|move|p1a: Sylveon|Draining Kiss|p2a: Serperior","|-damage|p2a: Serperior|181/291","|-heal|p1a: Sylveon|294/394 tox|[from] drain|[of] p2a: Serperior","|","|-heal|p2a: Serperior|199/291|[from] item: Leftovers","|-damage|p1a: Sylveon|245/394 tox|[from] Leech Seed|[of] p2a: Serperior","|-heal|p2a: Serperior|248/291|[silent]","|-damage|p1a: Sylveon|173/394 tox|[from] psn","|turn|9","|","|move|p2a: Serperior|Leaf Storm|p1a: Sylveon","|-damage|p1a: Sylveon|121/394 tox","|-boost|p2a: Serperior|spa|2","|move|p1a: Sylveon|Draining Kiss|p2a: Serperior","|-damage|p2a: Serperior|178/291","|-heal|p1a: Sylveon|174/394 tox|[from] drain|[of] p2a: Serperior","|","|-heal|p2a: Serperior|196/291|[from] item: Leftovers","|-damage|p1a: Sylveon|125/394 tox|[from] Leech Seed|[of] p2a: Serperior","|-heal|p2a: Serperior|245/291|[silent]","|-damage|p1a: Sylveon|29/394 tox|[from] psn","|turn|10","|","|move|p2a: Serperior|Leaf Storm|p1a: Sylveon","|-damage|p1a: Sylveon|0 fnt","|-boost|p2a: Serperior|spa|2","|faint|p1a: Sylveon","|","|-heal|p2a: Serperior|263/291|[from] item: Leftovers","|","|switch|p1a: Umbreon|Umbreon, F, shiny|394/394","|-damage|p1a: Umbreon|345/394|[from] Stealth Rock","|turn|11","|","|move|p2a: Serperior|Leaf Storm|p1a: Umbreon","|-damage|p1a: Umbreon|202/394","|-boost|p2a: Serperior|spa|2","|move|p1a: Umbreon|Toxic|p2a: Serperior","|-status|p2a: Serperior|tox","|","|-heal|p2a: Serperior|281/291 tox|[from] item: Leftovers","|-heal|p1a: Umbreon|226/394|[from] item: Leftovers","|-damage|p2a: Serperior|263/291 tox|[from] psn","|turn|12","|","|move|p2a: Serperior|Leech Seed|p1a: Umbreon","|-start|p1a: Umbreon|move: Leech Seed","|move|p1a: Umbreon|Moonlight|p1a: Umbreon","|-heal|p1a: Umbreon|394/394","|","|-heal|p2a: Serperior|281/291 tox|[from] item: Leftovers","|-damage|p1a: Umbreon|345/394|[from] Leech Seed|[of] p2a: Serperior","|-heal|p2a: Serperior|291/291 tox|[silent]","|-damage|p2a: Serperior|255/291 tox|[from] psn","|turn|13","|","|move|p2a: Serperior|Hidden Power|p1a: Umbreon","|-crit|p1a: Umbreon","|-damage|p1a: Umbreon|165/394","|move|p1a: Umbreon|Mean Look|p2a: Serperior","|-activate|p2a: Serperior|trapped","|","|-heal|p2a: Serperior|273/291 tox|[from] item: Leftovers","|-heal|p1a: Umbreon|189/394|[from] item: Leftovers","|-damage|p1a: Umbreon|140/394|[from] Leech Seed|[of] p2a: Serperior","|-heal|p2a: Serperior|291/291 tox|[silent]","|-damage|p2a: Serperior|237/291 tox|[from] psn","|-sideend|p1: s467|move: Light Screen","|turn|14","|","|move|p2a: Serperior|Leaf Storm|p1a: Umbreon|[miss]","|-miss|p2a: Serperior|p1a: Umbreon","|move|p1a: Umbreon|Dark Pulse|p2a: Serperior","|-damage|p2a: Serperior|167/291 tox","|","|-heal|p2a: Serperior|185/291 tox|[from] item: Leftovers","|-heal|p1a: Umbreon|164/394|[from] item: Leftovers","|-damage|p1a: Umbreon|115/394|[from] Leech Seed|[of] p2a: Serperior","|-heal|p2a: Serperior|234/291 tox|[silent]","|-damage|p2a: Serperior|162/291 tox|[from] psn","|-sideend|p1: s467|Reflect","|turn|15","|","|move|p2a: Serperior|Leaf Storm|p1a: Umbreon","|-damage|p1a: Umbreon|0 fnt","|faint|p1a: Umbreon","|","|-heal|p2a: Serperior|180/291 tox|[from] item: Leftovers","|-damage|p2a: Serperior|90/291 tox|[from] psn","|","|switch|p1a: Espeon|Espeon, F|273/273","|-damage|p1a: Espeon|239/273|[from] Stealth Rock","|turn|16","|","|move|p2a: Serperior|Leaf Storm|p1a: Espeon","|-damage|p1a: Espeon|0 fnt","|faint|p1a: Espeon","|","|-heal|p2a: Serperior|108/291 tox|[from] item: Leftovers","|-damage|p2a: Serperior|0 fnt|[from] psn","|faint|p2a: Serperior","|","|switch|p2a: Garchomp|Garchomp, F|311/357","|switch|p1a: Vaporeon|Vaporeon, F|464/464","|-damage|p1a: Vaporeon|406/464|[from] Stealth Rock","|turn|17","|","|move|p2a: Garchomp|Outrage|p1a: Vaporeon","|-damage|p1a: Vaporeon|75/464","|move|p1a: Vaporeon|Ice Beam|p2a: Garchomp","|-supereffective|p2a: Garchomp","|-damage|p2a: Garchomp|0 fnt","|faint|p2a: Garchomp","|","|","|switch|p2a: Zapdos|Zapdos|372/383","|-ability|p2a: Zapdos|Pressure","|turn|18","|","|move|p2a: Zapdos|Volt Switch|p1a: Vaporeon","|-supereffective|p1a: Vaporeon","|-damage|p1a: Vaporeon|0 fnt","|faint|p1a: Vaporeon","|","|switch|p2a: Gallade|Gallade, M|277/277","|","|","|switch|p1a: Jolteon|Jolteon, M|245/272","|-damage|p1a: Jolteon|211/272|[from] Stealth Rock","|turn|19","|","|detailschange|p2a: Gallade|Gallade-Mega, M","|-mega|p2a: Gallade|Gallade|Galladite","|move|p1a: Jolteon|Attract|p2a: Gallade","|-fail|p2a: Gallade","|move|p2a: Gallade|Swords Dance|p2a: Gallade","|-boost|p2a: Gallade|atk|2","|","|turn|20","|","|move|p1a: Jolteon|Discharge|p2a: Gallade","|-damage|p2a: Gallade|137/277","|-damage|p1a: Jolteon|184/272|[from] item: Life Orb","|move|p2a: Gallade|Knock Off|p1a: Jolteon","|-damage|p1a: Jolteon|0 fnt","|-enditem|p1a: Jolteon|Life Orb|[from] move: Knock Off|[of] p2a: Gallade","|faint|p1a: Jolteon","|","|win|soccerstar520"],"p1rating":{"entryid":295608,"formatid":"ou","userid":"s467","username":"s467","r":1500,"rd":130,"sigma":0,"rpr":1459.8393856612,"rprd":122.8583080769,"rpsigma":0,"rptime":1440234000,"w":0,"l":1,"t":0,"gxe":45,"acre":1000,"lacre":1000,"oldacre":1000},"p2rating":{"entryid":295609,"formatid":"ou","userid":"soccerstar520","username":"soccerstar520","r":1500,"rd":130,"sigma":0,"rpr":1540.1606143388,"rprd":122.8583080769,"rpsigma":0,"rptime":1440234000,"w":1,"l":0,"t":0,"gxe":55,"acre":1040,"lacre":1040,"oldacre":1000},"endType":"normal"}