{"seed":[47874,38658,63974,42048],"turns":22,"p1":"GTX♅bookman","p2":"Emg Gl Linket","p1team":[{"name":"Tentacruel","moves":["scald","sludgebomb","rapidspin","knockoff"],"ability":"Clear Body","evs":{"hp":85,"atk":85,"def":85,"spa":85,"spd":85,"spe":85},"ivs":{"hp":31,"atk":31,"def":31,"spa":31,"spd":31,"spe":31},"item":"Assault Vest","level":77,"shiny":false},{"name":"Quagsire","moves":["earthquake","scald","encore","icebeam"],"ability":"Water Absorb","evs":{"hp":85,"atk":85,"def":85,"spa":85,"spd":85,"spe":85},"ivs":{"hp":31,"atk":31,"def":31,"spa":31,"spd":31,"spe":31},"item":"Life Orb","level":81,"shiny":false},{"name":"Armaldo","moves":["toxic","knockoff","rapidspin","xscissor"],"ability":"Swift Swim","evs":{"hp":81,"atk":89,"def":85,"spa":85,"spd":85,"spe":85},"ivs":{"hp":31,"atk":31,"def":31,"spa":31,"spd":31,"spe":31},"item":"Life Orb","level":83,"shiny":false},{"name":"Yveltal","moves":["uturn","darkpulse","suckerpunch","toxic"],"ability":"Dark Aura","evs":{"hp":81,"atk":89,"def":85,"spa":85,"spd":85,"spe":85},"ivs":{"hp":31,"atk":31,"def":31,"spa":31,"spd":31,"spe":31},"item":"Leftovers","level":73,"shiny":false},{"name":"Sigilyph","moves":["storedpower","psychoshift","roost","cosmicpower"],"ability":"Magic Guard","evs":{"hp":85,"atk":85,"def":85,"spa":85,"spd":85,"spe":85},"ivs":{"hp":31,"atk":31,"def":31,"spa":31,"spd":31,"spe":31},"item":"Flame Orb","level":79,"shiny":false},{"name":"Haxorus","moves":["dragonclaw","substitute","poisonjab","earthquake"],"ability":"Mold Breaker","evs":{"hp":85,"atk":85,"def":85,"spa":85,"spd":85,"spe":85},"ivs":{"hp":31,"atk":31,"def":31,"spa":31,"spd":31,"spe":31},"item":"Leftovers","level":77,"shiny":false}],"p2team":[{"name":"Swanna","moves":["scald","defog","icebeam","roost"],"ability":"Hydration","evs":{"hp":81,"atk":85,"def":85,"spa":89,"spd":85,"spe":85},"ivs":{"hp":31,"atk":31,"def":31,"spa":31,"spd":31,"spe":31},"item":"Focus Sash","level":83,"shiny":false},{"name":"Walrein","moves":["protect","toxic","substitute","surf"],"ability":"Thick Fat","evs":{"hp":85,"atk":85,"def":85,"spa":85,"spd":85,"spe":85},"ivs":{"hp":31,"atk":31,"def":31,"spa":31,"spd":31,"spe":31},"item":"Leftovers","level":83,"shiny":false},{"name":"Gogoat","moves":["hornleech","earthquake","substitute","rockslide"],"ability":"Sap Sipper","evs":{"hp":85,"atk":85,"def":85,"spa":85,"spd":85,"spe":85},"ivs":{"hp":31,"atk":31,"def":31,"spa":31,"spd":31,"spe":31},"item":"Leftovers","level":83,"shiny":false},{"name":"Mienshao","moves":["uturn","knockoff","highjumpkick","fakeout"],"ability":"Regenerator","evs":{"hp":85,"atk":85,"def":85,"spa":85,"spd":85,"spe":85},"ivs":{"hp":31,"atk":31,"def":31,"spa":31,"spd":31,"spe":31},"item":"Life Orb","level":77,"shiny":false},{"name":"Flareon","moves":["flareblitz","flamecharge","facade","protect"],"ability":"Guts","evs":{"hp":81,"atk":89,"def":85,"spa":85,"spd":85,"spe":85},"ivs":{"hp":31,"atk":31,"def":31,"spa":31,"spd":31,"spe":31},"item":"Toxic Orb","level":83,"shiny":false},{"name":"Kingdra","moves":["ironhead","hydropump","dracometeor","raindance"],"ability":"Swift Swim","evs":{"hp":85,"atk":85,"def":85,"spa":85,"spd":85,"spe":85},"ivs":{"hp":31,"atk":31,"def":31,"spa":31,"spd":31,"spe":31},"item":"Damp Rock","level":78,"shiny":false}],"log":["|player|p1|GTX♅bookman|151","|player|p2|Emg Gl Linket|1","|gametype|singles","|gen|6","|tier|Random Battle","|rated","|rule|Sleep Clause Mod: Limit one foe put to sleep","|rule|HP Percentage Mod: HP is shown in percentages","|","|start","|switch|p1a: Tentacruel|Tentacruel, L77, M|250/250","|switch|p2a: Swanna|Swanna, L83, M|259/259","|turn|1","|","|switch|p2a: Mienshao|Mienshao, L77, M|227/227","|move|p1a: Tentacruel|Sludge Bomb|p2a: Mienshao","|-damage|p2a: Mienshao|133/227","|","|turn|2","|","|move|p2a: Mienshao|Fake Out|p1a: Tentacruel","|-damage|p1a: Tentacruel|203/250","|-damage|p2a: Mienshao|111/227|[from] item: Life Orb","|cant|p1a: Tentacruel|flinch","|","|turn|3","|","|move|p2a: Mienshao|High Jump Kick|p1a: Tentacruel","|-resisted|p1a: Tentacruel","|-damage|p1a: Tentacruel|76/250","|-damage|p2a: Mienshao|89/227|[from] item: Life Orb","|move|p1a: Tentacruel|Sludge Bomb|p2a: Mienshao","|-damage|p2a: Mienshao|0 fnt","|faint|p2a: Mienshao","|","|","|switch|p2a: Gogoat|Gogoat, L83, F|340/340","|turn|4","|","|move|p1a: Tentacruel|Knock Off|p2a: Gogoat","|-crit|p2a: Gogoat","|-damage|p2a: Gogoat|251/340","|-enditem|p2a: Gogoat|Leftovers|[from] move: Knock Off|[of] p1a: Tentacruel","|move|p2a: Gogoat|Earthquake|p1a: Tentacruel","|-supereffective|p1a: Tentacruel","|-damage|p1a: Tentacruel|0 fnt","|faint|p1a: Tentacruel","|","|","|switch|p1a: Quagsire|Quagsire, L81, F|287/287","|turn|5","|","|move|p2a: Gogoat|Horn Leech|p1a: Quagsire","|-supereffective|p1a: Quagsire","|-damage|p1a: Quagsire|0 fnt","|-heal|p2a: Gogoat|340/340|[from] drain|[of] p1a: Quagsire","|faint|p1a: Quagsire","|","|","|switch|p1a: Armaldo|Armaldo, L83, F|259/259","|turn|6","|","|switch|p2a: Walrein|Walrein, L83, M|318/318","|move|p1a: Armaldo|X-Scissor|p2a: Walrein","|-damage|p2a: Walrein|196/318","|-damage|p1a: Armaldo|234/259|[from] item: Life Orb","|","|-heal|p2a: Walrein|215/318|[from] item: Leftovers","|turn|7","|","|move|p2a: Walrein|Protect|p2a: Walrein","|-singleturn|p2a: Walrein|Protect","|move|p1a: Armaldo|Toxic|p2a: Walrein","|-activate|p2a: Walrein|Protect","|","|-heal|p2a: Walrein|234/318|[from] item: Leftovers","|turn|8","|","|move|p2a: Walrein|Substitute|p2a: Walrein","|-start|p2a: Walrein|Substitute","|-damage|p2a: Walrein|155/318","|move|p1a: Armaldo|X-Scissor|p2a: Walrein","|-end|p2a: Walrein|Substitute","|-damage|p1a: Armaldo|209/259|[from] item: Life Orb","|","|-heal|p2a: Walrein|174/318|[from] item: Leftovers","|turn|9","|","|move|p2a: Walrein|Surf|p1a: Armaldo","|-supereffective|p1a: Armaldo","|-damage|p1a: Armaldo|15/259","|move|p1a: Armaldo|X-Scissor|p2a: Walrein","|-crit|p2a: Walrein","|-damage|p2a: Walrein|0 fnt","|-damage|p1a: Armaldo|0 fnt|[from] item: Life Orb","|faint|p2a: Walrein","|faint|p1a: Armaldo","|","|","|switch|p1a: Yveltal|Yveltal, L73|304/304","|switch|p2a: Gogoat|Gogoat, L83, F|340/340","|-ability|p1a: Yveltal|Dark Aura","|turn|10","|","|move|p1a: Yveltal|Sucker Punch|p2a: Gogoat","|-damage|p2a: Gogoat|196/340","|move|p2a: Gogoat|Rock Slide|p1a: Yveltal","|-miss|p2a: Gogoat|p1a: Yveltal","|","|turn|11","|","|move|p1a: Yveltal|Sucker Punch|p2a: Gogoat","|-fail|p1a: Yveltal","|move|p2a: Gogoat|Substitute|p2a: Gogoat","|-start|p2a: Gogoat|Substitute","|-damage|p2a: Gogoat|111/340","|","|turn|12","|","|move|p1a: Yveltal|Sucker Punch|p2a: Gogoat","|-end|p2a: Gogoat|Substitute","|move|p2a: Gogoat|Rock Slide|p1a: Yveltal","|-supereffective|p1a: Yveltal","|-damage|p1a: Yveltal|184/304","|","|-heal|p1a: Yveltal|203/304|[from] item: Leftovers","|turn|13","|","|move|p1a: Yveltal|Sucker Punch|p2a: Gogoat","|-fail|p1a: Yveltal","|move|p2a: Gogoat|Substitute|p2a: Gogoat","|-start|p2a: Gogoat|Substitute","|-damage|p2a: Gogoat|26/340","|","|-heal|p1a: Yveltal|222/304|[from] item: Leftovers","|turn|14","|","|move|p1a: Yveltal|Sucker Punch|p2a: Gogoat","|-end|p2a: Gogoat|Substitute","|move|p2a: Gogoat|Rock Slide|p1a: Yveltal","|-supereffective|p1a: Yveltal","|-damage|p1a: Yveltal|114/304","|","|-heal|p1a: Yveltal|133/304|[from] item: Leftovers","|turn|15","|","|move|p1a: Yveltal|Sucker Punch|p2a: Gogoat","|-damage|p2a: Gogoat|0 fnt","|faint|p2a: Gogoat","|","|-heal|p1a: Yveltal|152/304|[from] item: Leftovers","|","|switch|p2a: Swanna|Swanna, L83, M|259/259","|turn|16","|","|move|p1a: Yveltal|Sucker Punch|p2a: Swanna","|-damage|p2a: Swanna|123/259","|move|p2a: Swanna|Ice Beam|p1a: Yveltal","|-supereffective|p1a: Yveltal","|-damage|p1a: Yveltal|32/304","|","|-heal|p1a: Yveltal|51/304|[from] item: Leftovers","|turn|17","|","|move|p1a: Yveltal|Sucker Punch|p2a: Swanna","|-fail|p1a: Yveltal","|move|p2a: Swanna|Roost|p2a: Swanna","|-heal|p2a: Swanna|253/259","|","|-heal|p1a: Yveltal|70/304|[from] item: Leftovers","|turn|18","|","|move|p2a: Swanna|Ice Beam|p1a: Yveltal","|-supereffective|p1a: Yveltal","|-damage|p1a: Yveltal|0 fnt","|faint|p1a: Yveltal","|","|","|switch|p1a: Sigilyph|Sigilyph, L79, M|243/243","|turn|19","|","|move|p2a: Swanna|Ice Beam|p1a: Sigilyph","|-supereffective|p1a: Sigilyph","|-damage|p1a: Sigilyph|109/243","|move|p1a: Sigilyph|Psycho Shift|p2a: Swanna","|-fail|p2a: Swanna","|","|-status|p1a: Sigilyph|brn|[from] item: Flame Orb","|turn|20","|","|move|p2a: Swanna|Ice Beam|p1a: Sigilyph","|-supereffective|p1a: Sigilyph","|-damage|p1a: Sigilyph|0 fnt","|faint|p1a: Sigilyph","|","|","|switch|p1a: Haxorus|Haxorus, L77, M|244/244","|-ability|p1a: Haxorus|Mold Breaker","|turn|21","|","|move|p2a: Swanna|Ice Beam|p1a: Haxorus","|-supereffective|p1a: Haxorus","|-damage|p1a: Haxorus|96/244","|-status|p1a: Haxorus|frz","|cant|p1a: Haxorus|frz","|","|-heal|p1a: Haxorus|111/244 frz|[from] item: Leftovers","|turn|22","|","|move|p2a: Swanna|Ice Beam|p1a: Haxorus","|-supereffective|p1a: Haxorus","|-damage|p1a: Haxorus|0 fnt","|faint|p1a: Haxorus","|","|win|Emg Gl Linket"],"p1rating":{"entryid":"6888133","serverid":"eos","formatid":"randombattle","userid":"gtxbookman","username":"Gtx Bookman","w":"15","l":31,"t":"0","gxe":36,"r":"1401.5747789774","rd":"55.180036638938","sigma":"0","rptime":"1439283600","rpr":1390.2938525853,"rprd":54.07884248046,"rpsigma":"0","acre":1019.1353591147,"lacre":1019.1353591147,"oldacre":"1031.3552481147"},"p2rating":{"entryid":"7099396","serverid":"eos","formatid":"randombattle","userid":"emggllinket","username":"Emg GL Linket","w":7,"l":"6","t":"0","gxe":52.1,"r":"1522.4044224597","rd":"86.685963130751","sigma":"0","rptime":"1439283600","rpr":1516.165835973,"rprd":82.396096660004,"rpsigma":"0","acre":1112.5538750075,"lacre":1112.5538750075,"oldacre":"1090.6051950038"},"endType":"normal"}