{"seed":[40347,48972,48061,49907],"turns":21,"p1":"AuremJesus","p2":"Aleiik","p1team":[{"name":"Deoxys-Defense","moves":["taunt","recover","stealthrock","seismictoss"],"ability":"Pressure","evs":{"hp":85,"atk":85,"def":85,"spa":85,"spd":85,"spe":85},"ivs":{"hp":31,"atk":31,"def":31,"spa":31,"spd":31,"spe":31},"item":"Leftovers","level":73,"shiny":false},{"name":"Raticate","moves":["facade","suckerpunch","swordsdance","flamewheel"],"ability":"Guts","evs":{"hp":85,"atk":85,"def":85,"spa":85,"spd":85,"spe":85},"ivs":{"hp":31,"atk":31,"def":31,"spa":31,"spd":31,"spe":31},"item":"Toxic Orb","level":83,"shiny":false},{"name":"Parasect","moves":["leechseed","spore","seedbomb","xscissor"],"ability":"Dry Skin","evs":{"hp":85,"atk":85,"def":85,"spa":85,"spd":85,"spe":85},"ivs":{"hp":31,"atk":31,"def":31,"spa":31,"spd":31,"spe":31},"item":"Leftovers","level":83,"shiny":false},{"name":"Manectric","moves":["voltswitch","hiddenpowergrass","thunderbolt","overheat"],"ability":"Lightning Rod","evs":{"hp":85,"atk":85,"def":85,"spa":85,"spd":85,"spe":85},"ivs":{"hp":31,"atk":30,"def":31,"spa":30,"spd":31,"spe":31},"item":"Manectite","level":75,"shiny":false},{"name":"Excadrill","moves":["ironhead","earthquake","rapidspin","rockslide"],"ability":"Mold Breaker","evs":{"hp":85,"atk":85,"def":85,"spa":85,"spd":85,"spe":85},"ivs":{"hp":31,"atk":31,"def":31,"spa":31,"spd":31,"spe":31},"item":"Assault Vest","level":75,"shiny":false},{"name":"Umbreon","moves":["batonpass","protect","healbell","foulplay"],"ability":"Synchronize","evs":{"hp":85,"atk":85,"def":85,"spa":85,"spd":85,"spe":85},"ivs":{"hp":31,"atk":31,"def":31,"spa":31,"spd":31,"spe":31},"item":"Leftovers","level":77,"shiny":false}],"p2team":[{"name":"Tornadus-Therian","moves":["superpower","airslash","uturn","knockoff"],"ability":"Regenerator","evs":{"hp":85,"atk":85,"def":85,"spa":85,"spd":85,"spe":85},"ivs":{"hp":31,"atk":31,"def":31,"spa":31,"spd":31,"spe":31},"item":"Expert Belt","level":75,"shiny":false},{"name":"Victini","moves":["boltstrike","blueflare","zenheadbutt","focusblast"],"ability":"Victory Star","evs":{"hp":85,"atk":85,"def":85,"spa":85,"spd":85,"spe":85},"ivs":{"hp":31,"atk":31,"def":31,"spa":31,"spd":31,"spe":31},"item":"Assault Vest","level":76,"shiny":false},{"name":"Mismagius","moves":["destinybond","taunt","painsplit","shadowball"],"ability":"Levitate","evs":{"hp":85,"atk":85,"def":85,"spa":85,"spd":85,"spe":85},"ivs":{"hp":31,"atk":31,"def":31,"spa":31,"spd":31,"spe":31},"item":"Leftovers","level":81,"shiny":false},{"name":"Meloetta","moves":["shadowball","psyshock","focusblast","calmmind"],"ability":"Serene Grace","evs":{"hp":85,"atk":85,"def":85,"spa":85,"spd":85,"spe":85},"ivs":{"hp":31,"atk":31,"def":31,"spa":31,"spd":31,"spe":31},"item":"Leftovers","level":79,"shiny":false},{"name":"Parasect","moves":["seedbomb","spore","substitute","xscissor"],"ability":"Dry Skin","evs":{"hp":85,"atk":85,"def":85,"spa":85,"spd":85,"spe":85},"ivs":{"hp":31,"atk":31,"def":31,"spa":31,"spd":31,"spe":31},"item":"Leftovers","level":83,"shiny":false},{"name":"Mandibuzz","moves":["toxic","roost","uturn","knockoff"],"ability":"Overcoat","evs":{"hp":81,"atk":89,"def":85,"spa":85,"spd":85,"spe":85},"ivs":{"hp":31,"atk":31,"def":31,"spa":31,"spd":31,"spe":31},"item":"Leftovers","level":77,"shiny":false}],"log":["|player|p1|AuremJesus|40","|player|p2|Aleiik|102","|gametype|singles","|gen|6","|tier|Random Battle","|rated","|rule|Sleep Clause Mod: Limit one foe put to sleep","|rule|HP Percentage Mod: HP is shown in percentages","|","|start","|switch|p1a: Deoxys-Defense|Deoxys-Defense, L73|193/193","|switch|p2a: Tornadus-Therian|Tornadus-Therian, L75, M|242/242","|-ability|p1a: Deoxys-Defense|Pressure","|turn|1","|","|move|p2a: Tornadus-Therian|Knock Off|p1a: Deoxys-Defense","|-supereffective|p1a: Deoxys-Defense","|-damage|p1a: Deoxys-Defense|99/193","|-enditem|p1a: Deoxys-Defense|Leftovers|[from] move: Knock Off|[of] p2a: Tornadus-Therian","|move|p1a: Deoxys-Defense|Stealth Rock|p2a: Tornadus-Therian","|-sidestart|p2: Aleiik|move: Stealth Rock","|","|turn|2","|","|move|p2a: Tornadus-Therian|Knock Off|p1a: Deoxys-Defense","|-supereffective|p1a: Deoxys-Defense","|-damage|p1a: Deoxys-Defense|25/193","|move|p1a: Deoxys-Defense|Recover|p1a: Deoxys-Defense","|-heal|p1a: Deoxys-Defense|122/193","|","|turn|3","|","|move|p2a: Tornadus-Therian|U-turn|p1a: Deoxys-Defense","|-supereffective|p1a: Deoxys-Defense","|-damage|p1a: Deoxys-Defense|45/193","|","|switch|p2a: Mandibuzz|Mandibuzz, L77, F|295/295","|-damage|p2a: Mandibuzz|222/295|[from] Stealth Rock","|move|p1a: Deoxys-Defense|Recover|p1a: Deoxys-Defense","|-heal|p1a: Deoxys-Defense|142/193","|","|-heal|p2a: Mandibuzz|240/295|[from] item: Leftovers","|turn|4","|","|switch|p1a: Manectric|Manectric, L75, M|229/229","|move|p2a: Mandibuzz|Knock Off|p1a: Manectric","|-damage|p1a: Manectric|168/229","|","|-heal|p2a: Mandibuzz|258/295|[from] item: Leftovers","|turn|5","|","|detailschange|p1a: Manectric|Manectric-Mega, L75, M","|-mega|p1a: Manectric|Manectric|Manectite","|-ability|p1a: Manectric|Intimidate","|-unboost|p2a: Mandibuzz|atk|1","|move|p1a: Manectric|Thunderbolt|p2a: Mandibuzz","|-supereffective|p2a: Mandibuzz","|-damage|p2a: Mandibuzz|36/295","|move|p2a: Mandibuzz|Toxic|p1a: Manectric","|-status|p1a: Manectric|tox","|","|-heal|p2a: Mandibuzz|54/295|[from] item: Leftovers","|-damage|p1a: Manectric|154/229 tox|[from] psn","|turn|6","|","|move|p1a: Manectric|Thunderbolt|p2a: Mandibuzz","|-supereffective|p2a: Mandibuzz","|-damage|p2a: Mandibuzz|0 fnt","|faint|p2a: Mandibuzz","|","|-damage|p1a: Manectric|126/229 tox|[from] psn","|","|switch|p2a: Parasect|Parasect, L83, F|235/235","|-damage|p2a: Parasect|177/235|[from] Stealth Rock","|turn|7","|","|move|p1a: Manectric|Overheat|p2a: Parasect","|-supereffective|p2a: Parasect","|-damage|p2a: Parasect|0 fnt","|-unboost|p1a: Manectric|spa|2","|faint|p2a: Parasect","|","|-damage|p1a: Manectric|84/229 tox|[from] psn","|","|switch|p2a: Victini|Victini, L76|277/277","|-damage|p2a: Victini|208/277|[from] Stealth Rock","|turn|8","|","|switch|p1a: Deoxys-Defense|Deoxys-Defense, L73|142/193","|-ability|p1a: Deoxys-Defense|Pressure","|move|p2a: Victini|Zen Headbutt|p1a: Deoxys-Defense","|-crit|p1a: Deoxys-Defense","|-resisted|p1a: Deoxys-Defense","|-damage|p1a: Deoxys-Defense|100/193","|","|turn|9","|","|switch|p2a: Tornadus-Therian|Tornadus-Therian, L75, M|242/242","|-damage|p2a: Tornadus-Therian|182/242|[from] Stealth Rock","|move|p1a: Deoxys-Defense|Recover|p1a: Deoxys-Defense","|-heal|p1a: Deoxys-Defense|193/193","|","|turn|10","|","|switch|p1a: Umbreon|Umbreon, L77, F|273/273","|move|p2a: Tornadus-Therian|Knock Off|p1a: Umbreon","|-resisted|p1a: Umbreon","|-damage|p1a: Umbreon|246/273","|-enditem|p1a: Umbreon|Leftovers|[from] move: Knock Off|[of] p2a: Tornadus-Therian","|","|turn|11","|","|move|p2a: Tornadus-Therian|Superpower|p1a: Umbreon","|-supereffective|p1a: Umbreon","|-damage|p1a: Umbreon|88/273","|-unboost|p2a: Tornadus-Therian|atk|1","|-unboost|p2a: Tornadus-Therian|def|1","|move|p1a: Umbreon|Foul Play|p2a: Tornadus-Therian","|-damage|p2a: Tornadus-Therian|80/242","|","|turn|12","|","|move|p2a: Tornadus-Therian|Superpower|p1a: Umbreon","|-supereffective|p1a: Umbreon","|-damage|p1a: Umbreon|0 fnt","|-unboost|p2a: Tornadus-Therian|atk|1","|-unboost|p2a: Tornadus-Therian|def|1","|faint|p1a: Umbreon","|","|","|switch|p1a: Manectric|Manectric-Mega, L75, M|84/229 tox","|-ability|p1a: Manectric|Intimidate","|-unboost|p2a: Tornadus-Therian|atk|1","|turn|13","|","|move|p1a: Manectric|Volt Switch|p2a: Tornadus-Therian","|-supereffective|p2a: Tornadus-Therian","|-damage|p2a: Tornadus-Therian|0 fnt","|faint|p2a: Tornadus-Therian","|","|switch|p1a: Raticate|Raticate, L83, M|227/227","|","|-status|p1a: Raticate|tox|[from] item: Toxic Orb","|","|switch|p2a: Victini|Victini, L76|208/277","|-damage|p2a: Victini|139/277|[from] Stealth Rock","|turn|14","|","|move|p1a: Raticate|Facade|p2a: Victini","|-damage|p2a: Victini|0 fnt","|faint|p2a: Victini","|","|-damage|p1a: Raticate|213/227 tox|[from] psn","|","|switch|p2a: Meloetta|Meloetta, L79|288/288","|-damage|p2a: Meloetta|252/288|[from] Stealth Rock","|turn|15","|","|move|p1a: Raticate|Facade|p2a: Meloetta","|-damage|p2a: Meloetta|17/288","|move|p2a: Meloetta|Focus Blast|p1a: Raticate","|-supereffective|p1a: Raticate","|-damage|p1a: Raticate|0 fnt","|faint|p1a: Raticate","|","|-heal|p2a: Meloetta|35/288|[from] item: Leftovers","|","|switch|p1a: Manectric|Manectric-Mega, L75, M|84/229 tox","|-ability|p1a: Manectric|Intimidate","|-unboost|p2a: Meloetta|atk|1","|turn|16","|","|move|p1a: Manectric|Volt Switch|p2a: Meloetta","|-damage|p2a: Meloetta|0 fnt","|faint|p2a: Meloetta","|","|switch|p1a: Deoxys-Defense|Deoxys-Defense, L73|193/193","|-ability|p1a: Deoxys-Defense|Pressure","|","|","|switch|p2a: Mismagius|Mismagius, L81, M|230/230","|-damage|p2a: Mismagius|202/230|[from] Stealth Rock","|turn|17","|","|move|p2a: Mismagius|Taunt|p1a: Deoxys-Defense","|-start|p1a: Deoxys-Defense|move: Taunt","|cant|p1a: Deoxys-Defense|move: Taunt|Taunt","|","|-heal|p2a: Mismagius|216/230|[from] item: Leftovers","|turn|18","|","|switch|p1a: Parasect|Parasect, L83, M|235/235","|move|p2a: Mismagius|Shadow Ball|p1a: Parasect","|-damage|p1a: Parasect|144/235","|","|-heal|p2a: Mismagius|230/230|[from] item: Leftovers","|-heal|p1a: Parasect|158/235|[from] item: Leftovers","|turn|19","|","|move|p2a: Mismagius|Shadow Ball|p1a: Parasect","|-damage|p1a: Parasect|65/235","|-unboost|p1a: Parasect|spd|1","|move|p1a: Parasect|Seed Bomb|p2a: Mismagius","|-damage|p2a: Mismagius|116/230","|","|-heal|p2a: Mismagius|130/230|[from] item: Leftovers","|-heal|p1a: Parasect|79/235|[from] item: Leftovers","|turn|20","|","|move|p2a: Mismagius|Shadow Ball|p1a: Parasect","|-damage|p1a: Parasect|0 fnt","|faint|p1a: Parasect","|","|-heal|p2a: Mismagius|144/230|[from] item: Leftovers","|","|switch|p1a: Excadrill|Excadrill, L75, M|289/289","|-ability|p1a: Excadrill|Mold Breaker","|turn|21","|","|move|p2a: Mismagius|Shadow Ball|p1a: Excadrill","|-crit|p1a: Excadrill","|-damage|p1a: Excadrill|171/289","|-unboost|p1a: Excadrill|spd|1","|move|p1a: Excadrill|Earthquake|p2a: Mismagius","|-damage|p2a: Mismagius|0 fnt","|faint|p2a: Mismagius","|","|win|AuremJesus"],"p1rating":{"entryid":"7561316","serverid":"eos","formatid":"randombattle","userid":"auremjesus","username":"AuremJesus","w":2,"l":"0","t":"0","gxe":59,"r":"1500","rd":"130","sigma":"0","rptime":"1439283600","rpr":1572.5671258289,"rprd":116.77753930647,"rpsigma":"0","acre":1074.4486546624,"lacre":1074.4486546624,"oldacre":"1040"},"p2rating":{"entryid":"7539131","serverid":"eos","formatid":"randombattle","userid":"aleiik","username":"Aleiik","w":"1","l":1,"t":"0","gxe":50,"r":1540.1606143388,"rd":122.8583080769,"sigma":"0","rptime":1439283600,"rpr":1499.970724027,"rprd":116.84146468108,"rpsigma":"0","acre":1027.6769842671,"lacre":1027.6769842671,"oldacre":"1044.584930701"},"endType":"normal"}