{"seed":[39795,57432,38063,7644],"turns":22,"p1":"Seven Swell","p2":"Jericoolico","p1team":[{"name":"Cinccino","moves":["wakeupslap","bulletseed","knockoff","tailslap"],"ability":"Skill Link","evs":{"hp":85,"atk":85,"def":85,"spa":85,"spd":85,"spe":85},"ivs":{"hp":31,"atk":31,"def":31,"spa":31,"spd":31,"spe":31},"item":"Choice Band","level":79,"shiny":false},{"name":"Seismitoad","moves":["stealthrock","scald","earthquake","toxic"],"ability":"Water Absorb","evs":{"hp":85,"atk":85,"def":85,"spa":85,"spd":85,"spe":85},"ivs":{"hp":31,"atk":31,"def":31,"spa":31,"spd":31,"spe":31},"item":"Leftovers","level":79,"shiny":false},{"name":"Articuno","moves":["hurricane","roost","freezedry","substitute"],"ability":"Pressure","evs":{"hp":85,"atk":85,"def":85,"spa":85,"spd":85,"spe":85},"ivs":{"hp":31,"atk":31,"def":31,"spa":31,"spd":31,"spe":31},"item":"Leftovers","level":83,"shiny":false},{"name":"Pangoro","moves":["partingshot","superpower","knockoff","icepunch"],"ability":"Mold Breaker","evs":{"hp":85,"atk":85,"def":85,"spa":85,"spd":85,"spe":85},"ivs":{"hp":31,"atk":31,"def":31,"spa":31,"spd":31,"spe":31},"item":"Life Orb","level":78,"shiny":false},{"name":"Electrode","moves":["signalbeam","taunt","thunderbolt","hiddenpowergrass"],"ability":"Static","evs":{"hp":85,"atk":85,"def":85,"spa":85,"spd":85,"spe":85},"ivs":{"hp":31,"atk":30,"def":31,"spa":30,"spd":31,"spe":31},"item":"Life Orb","level":83,"shiny":false},{"name":"Mismagius","moves":["dazzlinggleam","nastyplot","destinybond","shadowball"],"ability":"Levitate","evs":{"hp":85,"atk":85,"def":85,"spa":85,"spd":85,"spe":85},"ivs":{"hp":31,"atk":31,"def":31,"spa":31,"spd":31,"spe":31},"item":"Leftovers","level":81,"shiny":false}],"p2team":[{"name":"Palkia","moves":["dragontail","hydropump","fireblast","dracometeor"],"ability":"Pressure","evs":{"hp":85,"atk":85,"def":85,"spa":85,"spd":85,"spe":85},"ivs":{"hp":31,"atk":31,"def":31,"spa":31,"spd":31,"spe":31},"item":"Assault Vest","level":73,"shiny":false},{"name":"Swampert","moves":["superpower","icepunch","waterfall","raindance"],"ability":"Torrent","evs":{"hp":85,"atk":85,"def":85,"spa":85,"spd":85,"spe":85},"ivs":{"hp":31,"atk":31,"def":31,"spa":31,"spd":31,"spe":31},"item":"Swampertite","level":77,"shiny":false},{"name":"Dodrio","moves":["roost","quickattack","doubleedge","bravebird"],"ability":"Early Bird","evs":{"hp":85,"atk":85,"def":85,"spa":85,"spd":85,"spe":85},"ivs":{"hp":31,"atk":31,"def":31,"spa":31,"spd":31,"spe":31},"item":"Life Orb","level":83,"shiny":false},{"name":"Durant","moves":["honeclaws","xscissor","superpower","ironhead"],"ability":"Hustle","evs":{"hp":85,"atk":85,"def":85,"spa":85,"spd":85,"spe":85},"ivs":{"hp":31,"atk":31,"def":31,"spa":31,"spd":31,"spe":31},"item":"Life Orb","level":79,"shiny":false},{"name":"Rotom-Heat","moves":["hiddenpowerice","thunderbolt","voltswitch","trick"],"ability":"Levitate","evs":{"hp":81,"atk":85,"def":85,"spa":89,"spd":85,"spe":85},"ivs":{"hp":31,"atk":30,"def":30,"spa":31,"spd":31,"spe":31},"item":"Choice Specs","level":77,"shiny":false},{"name":"Roserade","moves":["sleeppowder","hiddenpowerfire","synthesis","gigadrain"],"ability":"Natural Cure","evs":{"hp":85,"atk":85,"def":85,"spa":85,"spd":85,"spe":85},"ivs":{"hp":31,"atk":30,"def":31,"spa":30,"spd":31,"spe":30},"item":"Black Sludge","level":77,"shiny":false}],"log":["|player|p1|Seven Swell|sevenswell.png","|player|p2|Jericoolico|257","|gametype|singles","|gen|6","|tier|Random Battle","|rated","|rule|Sleep Clause Mod: Limit one foe put to sleep","|rule|HP Percentage Mod: HP is shown in percentages","|","|start","|switch|p1a: Cinccino|Cinccino, L79, M|248/248","|switch|p2a: Palkia|Palkia, L73|252/252","|-ability|p2a: Palkia|Pressure","|turn|1","|","|move|p1a: Cinccino|Tail Slap|p2a: Palkia","|-damage|p2a: Palkia|215/252","|-crit|p2a: Palkia","|-damage|p2a: Palkia|161/252","|-damage|p2a: Palkia|125/252","|-crit|p2a: Palkia","|-damage|p2a: Palkia|70/252","|-damage|p2a: Palkia|36/252","|-hitcount|p2a: Palkia|5","|move|p2a: Palkia|Draco Meteor|p1a: Cinccino","|-damage|p1a: Cinccino|55/248","|-unboost|p2a: Palkia|spa|2","|","|turn|2","|","|move|p1a: Cinccino|Tail Slap|p2a: Palkia","|-damage|p2a: Palkia|0 fnt","|-hitcount|p2a: Palkia|1","|faint|p2a: Palkia","|","|","|switch|p2a: Dodrio|Dodrio, L83, F|235/235","|turn|3","|","|switch|p1a: Mismagius|Mismagius, L81, M|230/230","|move|p2a: Dodrio|Quick Attack|p1a: Mismagius","|-immune|p1a: Mismagius|[msg]","|","|turn|4","|","|switch|p2a: Rotom-Heat|Rotom-Heat, L77|203/203","|move|p1a: Mismagius|Nasty Plot|p1a: Mismagius","|-boost|p1a: Mismagius|spa|2","|","|turn|5","|","|move|p1a: Mismagius|Shadow Ball|p2a: Rotom-Heat","|-damage|p2a: Rotom-Heat|37/203","|-unboost|p2a: Rotom-Heat|spd|1","|move|p2a: Rotom-Heat|Trick|p1a: Mismagius","|-activate|p2a: Rotom-Heat|move: Trick|[of] p1a: Mismagius","|-item|p1a: Mismagius|Choice Specs|[from] move: Trick","|-item|p2a: Rotom-Heat|Leftovers|[from] move: Trick","|","|-heal|p2a: Rotom-Heat|49/203|[from] item: Leftovers","|turn|6","|","|switch|p2a: Dodrio|Dodrio, L83, F|235/235","|move|p1a: Mismagius|Dazzling Gleam|p2a: Dodrio","|-damage|p2a: Dodrio|13/235","|","|turn|7","|","|switch|p1a: Pangoro|Pangoro, L78, F|276/276","|-ability|p1a: Pangoro|Mold Breaker","|move|p2a: Dodrio|Brave Bird|p1a: Pangoro","|-crit|p1a: Pangoro","|-supereffective|p1a: Pangoro","|-damage|p1a: Pangoro|0 fnt","|-damage|p2a: Dodrio|0 fnt|[from] recoil|[of] p1a: Pangoro","|faint|p1a: Pangoro","|faint|p2a: Dodrio","|","|","|switch|p1a: Cinccino|Cinccino, L79, M|55/248","|switch|p2a: Rotom-Heat|Rotom-Heat, L77|49/203","|turn|8","|","|move|p1a: Cinccino|Knock Off|p2a: Rotom-Heat","|-damage|p2a: Rotom-Heat|0 fnt","|-enditem|p2a: Rotom-Heat|Leftovers|[from] move: Knock Off|[of] p1a: Cinccino","|faint|p2a: Rotom-Heat","|","|","|switch|p2a: Swampert|Swampert, L77, M|281/281","|turn|9","|","|switch|p1a: Articuno|Articuno, L83|285/285","|-ability|p1a: Articuno|Pressure","|detailschange|p2a: Swampert|Swampert-Mega, L77, M","|-mega|p2a: Swampert|Swampert|Swampertite","|move|p2a: Swampert|Rain Dance|p2a: Swampert","|-weather|RainDance","|","|-weather|RainDance|[upkeep]","|turn|10","|","|move|p2a: Swampert|Waterfall|p1a: Articuno","|-damage|p1a: Articuno|141/285","|cant|p1a: Articuno|flinch","|","|-weather|RainDance|[upkeep]","|-heal|p1a: Articuno|158/285|[from] item: Leftovers","|turn|11","|","|move|p2a: Swampert|Waterfall|p1a: Articuno","|-damage|p1a: Articuno|22/285","|move|p1a: Articuno|Freeze-Dry|p2a: Swampert","|-supereffective|p2a: Swampert","|-damage|p2a: Swampert|17/281","|","|-weather|RainDance|[upkeep]","|-heal|p1a: Articuno|39/285|[from] item: Leftovers","|turn|12","|","|switch|p1a: Seismitoad|Seismitoad, L79, F|295/295","|move|p2a: Swampert|Waterfall|p1a: Seismitoad","|-immune|p1a: Seismitoad|[msg]","|","|-weather|RainDance|[upkeep]","|turn|13","|","|switch|p1a: Articuno|Articuno, L83|39/285","|-ability|p1a: Articuno|Pressure","|move|p2a: Swampert|Superpower|p1a: Articuno","|-damage|p1a: Articuno|0 fnt","|-unboost|p2a: Swampert|atk|1","|-unboost|p2a: Swampert|def|1","|faint|p1a: Articuno","|","|-weather|none","|","|switch|p1a: Electrode|Electrode, L83|235/235","|turn|14","|","|move|p1a: Electrode|Hidden Power|p2a: Swampert","|-supereffective|p2a: Swampert","|-damage|p2a: Swampert|0 fnt","|-damage|p1a: Electrode|212/235|[from] item: Life Orb","|faint|p2a: Swampert","|","|","|switch|p2a: Roserade|Roserade, L77, M|219/219","|turn|15","|","|move|p1a: Electrode|Signal Beam|p2a: Roserade","|-damage|p2a: Roserade|162/219","|-damage|p1a: Electrode|189/235|[from] item: Life Orb","|move|p2a: Roserade|Sleep Powder|p1a: Electrode","|-status|p1a: Electrode|slp","|","|-heal|p2a: Roserade|175/219|[from] item: Black Sludge","|turn|16","|","|cant|p1a: Electrode|slp","|move|p2a: Roserade|Giga Drain|p1a: Electrode","|-damage|p1a: Electrode|96/235 slp","|-heal|p2a: Roserade|219/219|[from] drain|[of] p1a: Electrode","|","|turn|17","|","|cant|p1a: Electrode|slp","|move|p2a: Roserade|Giga Drain|p1a: Electrode","|-damage|p1a: Electrode|14/235 slp","|","|turn|18","|","|cant|p1a: Electrode|slp","|move|p2a: Roserade|Giga Drain|p1a: Electrode","|-damage|p1a: Electrode|0 fnt","|faint|p1a: Electrode","|","|","|switch|p1a: Cinccino|Cinccino, L79, M|55/248","|turn|19","|","|move|p1a: Cinccino|Tail Slap|p2a: Roserade","|-damage|p2a: Roserade|168/219","|-damage|p2a: Roserade|119/219","|-damage|p2a: Roserade|71/219","|-damage|p2a: Roserade|20/219","|-damage|p2a: Roserade|0 fnt","|-hitcount|p2a: Roserade|5","|faint|p2a: Roserade","|","|","|switch|p2a: Durant|Durant, L79, M|221/221","|turn|20","|","|move|p1a: Cinccino|Tail Slap|p2a: Durant","|-resisted|p2a: Durant","|-damage|p2a: Durant|206/221","|-resisted|p2a: Durant","|-damage|p2a: Durant|191/221","|-resisted|p2a: Durant","|-damage|p2a: Durant|177/221","|-resisted|p2a: Durant","|-damage|p2a: Durant|161/221","|-resisted|p2a: Durant","|-damage|p2a: Durant|146/221","|-hitcount|p2a: Durant|5","|move|p2a: Durant|Hone Claws|p2a: Durant","|-boost|p2a: Durant|atk|1","|-boost|p2a: Durant|accuracy|1","|","|turn|21","|","|switch|p1a: Mismagius|Mismagius, L81, M|230/230","|move|p2a: Durant|Iron Head|p1a: Mismagius","|-damage|p1a: Mismagius|0 fnt","|-damage|p2a: Durant|124/221|[from] item: Life Orb","|faint|p1a: Mismagius","|","|","|switch|p1a: Seismitoad|Seismitoad, L79, F|295/295","|turn|22","|","|move|p2a: Durant|X-Scissor|p1a: Seismitoad","|-damage|p1a: Seismitoad|30/295","|-damage|p2a: Durant|102/221|[from] item: Life Orb","|move|p1a: Seismitoad|Scald|p2a: Durant","|-damage|p2a: Durant|0 fnt","|faint|p2a: Durant","|","|win|Seven Swell"],"p1rating":{"entryid":"7278334","serverid":"eos","formatid":"randombattle","userid":"sevenswell","username":"Seven Swell","w":6,"l":"1","t":"0","gxe":66.2,"r":"1591.2251670745","rd":"104.01174558469","sigma":"0","rptime":"1439283600","rpr":1631.3860112763,"rprd":96.882213525234,"rpsigma":"0","acre":1142.8919380382,"lacre":1142.8919380382,"oldacre":"1126.6199432041"},"p2rating":{"entryid":"7563312","serverid":"eos","formatid":"randombattle","userid":"jericoolico","username":"Jericoolico","w":"0","l":2,"t":"0","gxe":41.9,"r":"1500","rd":"130","sigma":"0","rptime":"1439283600","rpr":1435.1425167973,"rprd":116.6605665013,"rpsigma":"0","acre":1000,"lacre":1000,"oldacre":"1000"},"endType":"normal"}