{"seed":[65360,64900,62003,12546],"turns":29,"p1":"Seven Swell","p2":"Emg Gl Linket","p1team":[{"name":"Fearow","moves":["pursuit","doubleedge","uturn","drillrun"],"ability":"Sniper","evs":{"hp":81,"atk":89,"def":85,"spa":85,"spd":85,"spe":85},"ivs":{"hp":31,"atk":31,"def":31,"spa":31,"spd":31,"spe":31},"item":"Choice Scarf","level":83,"shiny":false},{"name":"Cherrim","moves":["synthesis","hiddenpowerice","solarbeam","sunnyday"],"ability":"Flower Gift","evs":{"hp":85,"atk":85,"def":85,"spa":85,"spd":85,"spe":85},"ivs":{"hp":31,"atk":30,"def":30,"spa":31,"spd":31,"spe":31},"item":"Heat Rock","level":83,"shiny":false},{"name":"Porygon-Z","moves":["triattack","thunderbolt","nastyplot","agility"],"ability":"Download","evs":{"hp":85,"atk":85,"def":85,"spa":85,"spd":85,"spe":85},"ivs":{"hp":31,"atk":31,"def":31,"spa":31,"spd":31,"spe":31},"item":"Leftovers","level":77,"shiny":false},{"name":"Musharna","moves":["psychic","calmmind","moonlight","batonpass"],"ability":"Synchronize","evs":{"hp":85,"atk":85,"def":85,"spa":85,"spd":85,"spe":85},"ivs":{"hp":31,"atk":31,"def":31,"spa":31,"spd":31,"spe":31},"item":"Leftovers","level":81,"shiny":false},{"name":"Weezing","moves":["willowisp","toxicspikes","protect","sludgebomb"],"ability":"Levitate","evs":{"hp":85,"atk":85,"def":85,"spa":85,"spd":85,"spe":85},"ivs":{"hp":31,"atk":31,"def":31,"spa":31,"spd":31,"spe":31},"item":"Black Sludge","level":81,"shiny":false},{"name":"Medicham","moves":["fakeout","icepunch","highjumpkick","zenheadbutt"],"ability":"Pure Power","evs":{"hp":85,"atk":85,"def":85,"spa":85,"spd":85,"spe":85},"ivs":{"hp":31,"atk":31,"def":31,"spa":31,"spd":31,"spe":31},"item":"Medichamite","level":76,"shiny":false}],"p2team":[{"name":"Delphox","moves":["shadowball","psyshock","calmmind","grassknot"],"ability":"Magician","evs":{"hp":81,"atk":85,"def":85,"spa":89,"spd":85,"spe":85},"ivs":{"hp":31,"atk":31,"def":31,"spa":31,"spd":31,"spe":31},"item":"Life Orb","level":79,"shiny":false},{"name":"Wormadam","moves":["protect","synthesis","toxic","gigadrain"],"ability":"Overcoat","evs":{"hp":85,"atk":85,"def":85,"spa":85,"spd":85,"spe":85},"ivs":{"hp":31,"atk":31,"def":31,"spa":31,"spd":31,"spe":31},"item":"Leftovers","level":83,"shiny":false},{"name":"Rotom","moves":["thunderbolt","willowisp","painsplit","substitute"],"ability":"Levitate","evs":{"hp":85,"atk":85,"def":85,"spa":85,"spd":85,"spe":85},"ivs":{"hp":31,"atk":31,"def":31,"spa":31,"spd":31,"spe":31},"item":"Leftovers","level":81,"shiny":false},{"name":"Entei","moves":["stoneedge","extremespeed","flareblitz","bulldoze"],"ability":"Flash Fire","evs":{"hp":81,"atk":89,"def":85,"spa":85,"spd":85,"spe":85},"ivs":{"hp":31,"atk":31,"def":31,"spa":31,"spd":31,"spe":31},"item":"Choice Band","level":77,"shiny":false},{"name":"Bellossom","moves":["sleeppowder","synthesis","hiddenpowerfire","gigadrain"],"ability":"Chlorophyll","evs":{"hp":85,"atk":85,"def":85,"spa":85,"spd":85,"spe":85},"ivs":{"hp":31,"atk":30,"def":31,"spa":30,"spd":31,"spe":30},"item":"Leftovers","level":83,"shiny":false},{"name":"Swoobat","moves":["calmmind","substitute","airslash","psychic"],"ability":"Simple","evs":{"hp":85,"atk":85,"def":85,"spa":85,"spd":85,"spe":85},"ivs":{"hp":31,"atk":31,"def":31,"spa":31,"spd":31,"spe":31},"item":"Leftovers","level":83,"shiny":false}],"log":["|player|p1|Seven Swell|sevenswell.png","|player|p2|Emg Gl Linket|1","|gametype|singles","|gen|6","|tier|Random Battle","|rated","|rule|Sleep Clause Mod: Limit one foe put to sleep","|rule|HP Percentage Mod: HP is shown in percentages","|","|start","|switch|p1a: Fearow|Fearow, L83, M|243/243","|switch|p2a: Delphox|Delphox, L79, F|247/247","|turn|1","|","|switch|p2a: Wormadam|Wormadam, L83, F|235/235","|move|p1a: Fearow|Drill Run|p2a: Wormadam","|-resisted|p2a: Wormadam","|-damage|p2a: Wormadam|222/235","|","|-heal|p2a: Wormadam|235/235|[from] item: Leftovers","|turn|2","|","|switch|p1a: Weezing|Weezing, L81, M|238/238","|move|p2a: Wormadam|Toxic|p1a: Weezing|[miss]","|-miss|p2a: Wormadam|p1a: Weezing","|","|turn|3","|","|switch|p2a: Entei|Entei, L77|303/303","|move|p1a: Weezing|Toxic Spikes|p2a: Entei","|-sidestart|p2: Emg Gl Linket|move: Toxic Spikes","|","|turn|4","|","|move|p2a: Entei|Bulldoze|p1a: Weezing","|-immune|p1a: Weezing|[msg]","|move|p1a: Weezing|Toxic Spikes|p2a: Entei","|-sidestart|p2: Emg Gl Linket|move: Toxic Spikes","|","|turn|5","|","|switch|p2a: Swoobat|Swoobat, L83, F|247/247","|move|p1a: Weezing|Sludge Bomb|p2a: Swoobat","|-crit|p2a: Swoobat","|-damage|p2a: Swoobat|66/247","|","|-heal|p2a: Swoobat|81/247|[from] item: Leftovers","|turn|6","|","|move|p2a: Swoobat|Psychic|p1a: Weezing","|-supereffective|p1a: Weezing","|-damage|p1a: Weezing|50/238","|move|p1a: Weezing|Sludge Bomb|p2a: Swoobat","|-damage|p2a: Swoobat|0 fnt","|faint|p2a: Swoobat","|","|-heal|p1a: Weezing|64/238|[from] item: Black Sludge","|","|switch|p2a: Rotom|Rotom, L81|214/214","|turn|7","|","|switch|p1a: Cherrim|Cherrim, L83, M|252/252","|move|p2a: Rotom|Thunderbolt|p1a: Cherrim","|-resisted|p1a: Cherrim","|-damage|p1a: Cherrim|207/252","|","|turn|8","|","|switch|p2a: Wormadam|Wormadam, L83, F|235/235","|-status|p2a: Wormadam|tox","|move|p1a: Cherrim|Sunny Day|p1a: Cherrim","|-weather|SunnyDay","|-formechange|p1a: Cherrim|Cherrim-Sunshine|[msg]","|","|-weather|SunnyDay|[upkeep]","|-damage|p2a: Wormadam|221/235 tox|[from] psn","|turn|9","|","|switch|p1a: Weezing|Weezing, L81, M|64/238","|move|p2a: Wormadam|Toxic|p1a: Weezing","|-immune|p1a: Weezing|[msg]","|","|-weather|SunnyDay|[upkeep]","|-heal|p1a: Weezing|78/238|[from] item: Black Sludge","|-heal|p2a: Wormadam|235/235 tox|[from] item: Leftovers","|-damage|p2a: Wormadam|207/235 tox|[from] psn","|turn|10","|","|move|p1a: Weezing|Sludge Bomb|p2a: Wormadam","|-supereffective|p2a: Wormadam","|-damage|p2a: Wormadam|63/235 tox","|move|p2a: Wormadam|Giga Drain|p1a: Weezing","|-resisted|p1a: Weezing","|-damage|p1a: Weezing|40/238","|-heal|p2a: Wormadam|82/235 tox|[from] drain|[of] p1a: Weezing","|","|-weather|SunnyDay|[upkeep]","|-heal|p1a: Weezing|54/238|[from] item: Black Sludge","|-heal|p2a: Wormadam|96/235 tox|[from] item: Leftovers","|-damage|p2a: Wormadam|54/235 tox|[from] psn","|turn|11","|","|move|p1a: Weezing|Sludge Bomb|p2a: Wormadam","|-supereffective|p2a: Wormadam","|-damage|p2a: Wormadam|0 fnt","|faint|p2a: Wormadam","|","|-weather|SunnyDay|[upkeep]","|-heal|p1a: Weezing|68/238|[from] item: Black Sludge","|","|switch|p2a: Rotom|Rotom, L81|214/214","|turn|12","|","|move|p1a: Weezing|Protect|p1a: Weezing","|-singleturn|p1a: Weezing|Protect","|move|p2a: Rotom|Substitute|p2a: Rotom","|-start|p2a: Rotom|Substitute","|-damage|p2a: Rotom|161/214","|","|-weather|SunnyDay|[upkeep]","|-heal|p2a: Rotom|174/214|[from] item: Leftovers","|-heal|p1a: Weezing|82/238|[from] item: Black Sludge","|turn|13","|","|move|p2a: Rotom|Thunderbolt|p1a: Weezing","|-damage|p1a: Weezing|0 fnt","|faint|p1a: Weezing","|","|-weather|SunnyDay|[upkeep]","|-heal|p2a: Rotom|187/214|[from] item: Leftovers","|","|switch|p1a: Musharna|Musharna, L81, M|321/321","|turn|14","|","|move|p2a: Rotom|Will-O-Wisp|p1a: Musharna","|-status|p1a: Musharna|brn","|-status|p2a: Rotom|brn","|move|p1a: Musharna|Psychic|p2a: Rotom","|-end|p2a: Rotom|Substitute","|","|-weather|SunnyDay|[upkeep]","|-heal|p2a: Rotom|200/214 brn|[from] item: Leftovers","|-damage|p2a: Rotom|174/214 brn|[from] brn","|-damage|p1a: Musharna|281/321 brn|[from] brn","|turn|15","|","|move|p2a: Rotom|Thunderbolt|p1a: Musharna","|-damage|p1a: Musharna|196/321 brn","|move|p1a: Musharna|Psychic|p2a: Rotom","|-damage|p2a: Rotom|65/214 brn","|","|-weather|none","|-heal|p2a: Rotom|78/214 brn|[from] item: Leftovers","|-heal|p1a: Musharna|216/321 brn|[from] item: Leftovers","|-damage|p2a: Rotom|52/214 brn|[from] brn","|-damage|p1a: Musharna|176/321 brn|[from] brn","|turn|16","|","|move|p2a: Rotom|Thunderbolt|p1a: Musharna","|-damage|p1a: Musharna|92/321 brn","|move|p1a: Musharna|Psychic|p2a: Rotom","|-damage|p2a: Rotom|0 fnt","|faint|p2a: Rotom","|","|-heal|p1a: Musharna|112/321 brn|[from] item: Leftovers","|-damage|p1a: Musharna|72/321 brn|[from] brn","|","|switch|p2a: Delphox|Delphox, L79, F|247/247","|-status|p2a: Delphox|tox","|turn|17","|","|move|p2a: Delphox|Shadow Ball|p1a: Musharna","|-supereffective|p1a: Musharna","|-damage|p1a: Musharna|0 fnt","|-damage|p2a: Delphox|223/247 tox|[from] item: Life Orb","|faint|p1a: Musharna","|","|-damage|p2a: Delphox|208/247 tox|[from] psn","|","|switch|p1a: Porygon-Z|Porygon-Z, L77|257/257","|-boost|p1a: Porygon-Z|atk|1|[from] ability: Download","|turn|18","|","|switch|p2a: Bellossom|Bellossom, L83, M|260/260","|-status|p2a: Bellossom|tox","|move|p1a: Porygon-Z|Agility|p1a: Porygon-Z","|-boost|p1a: Porygon-Z|spe|2","|","|-damage|p2a: Bellossom|244/260 tox|[from] psn","|turn|19","|","|move|p1a: Porygon-Z|Nasty Plot|p1a: Porygon-Z","|-boost|p1a: Porygon-Z|spa|2","|move|p2a: Bellossom|Sleep Powder|p1a: Porygon-Z","|-status|p1a: Porygon-Z|slp","|","|-heal|p2a: Bellossom|260/260 tox|[from] item: Leftovers","|-damage|p2a: Bellossom|228/260 tox|[from] psn","|turn|20","|","|switch|p2a: Entei|Entei, L77|303/303","|-status|p2a: Entei|tox","|cant|p1a: Porygon-Z|slp","|","|-damage|p2a: Entei|285/303 tox|[from] psn","|turn|21","|","|cant|p1a: Porygon-Z|slp","|move|p2a: Entei|Flare Blitz|p1a: Porygon-Z","|-damage|p1a: Porygon-Z|2/257 slp","|-damage|p2a: Entei|201/303 tox|[from] recoil|[of] p1a: Porygon-Z","|","|-heal|p1a: Porygon-Z|18/257 slp|[from] item: Leftovers","|-damage|p2a: Entei|165/303 tox|[from] psn","|turn|22","|","|switch|p2a: Bellossom|Bellossom, L83, M|228/260 tox","|cant|p1a: Porygon-Z|slp","|","|-heal|p1a: Porygon-Z|34/257 slp|[from] item: Leftovers","|-heal|p2a: Bellossom|244/260 tox|[from] item: Leftovers","|-damage|p2a: Bellossom|228/260 tox|[from] psn","|turn|23","|","|-curestatus|p1a: Porygon-Z|slp","|move|p1a: Porygon-Z|Tri Attack|p2a: Bellossom","|-damage|p2a: Bellossom|48/260 tox","|move|p2a: Bellossom|Giga Drain|p1a: Porygon-Z","|-crit|p1a: Porygon-Z","|-damage|p1a: Porygon-Z|0 fnt","|-heal|p2a: Bellossom|65/260 tox|[from] drain|[of] p1a: Porygon-Z","|faint|p1a: Porygon-Z","|","|-heal|p2a: Bellossom|81/260 tox|[from] item: Leftovers","|-damage|p2a: Bellossom|49/260 tox|[from] psn","|","|switch|p1a: Fearow|Fearow, L83, M|243/243","|turn|24","|","|move|p1a: Fearow|U-turn|p2a: Bellossom","|-supereffective|p2a: Bellossom","|-damage|p2a: Bellossom|0 fnt","|faint|p2a: Bellossom","|","|switch|p1a: Medicham|Medicham, L76, M|216/216","|","|","|switch|p2a: Delphox|Delphox, L79, F|208/247 tox","|turn|25","|","|detailschange|p1a: Medicham|Medicham-Mega, L76, M","|-mega|p1a: Medicham|Medicham|Medichamite","|move|p1a: Medicham|Fake Out|p2a: Delphox","|-damage|p2a: Delphox|153/247 tox","|cant|p2a: Delphox|flinch","|","|-damage|p2a: Delphox|138/247 tox|[from] psn","|turn|26","|","|switch|p1a: Cherrim|Cherrim, L83, M|207/252","|move|p2a: Delphox|Shadow Ball|p1a: Cherrim","|-damage|p1a: Cherrim|130/252","|-damage|p2a: Delphox|114/247 tox|[from] item: Life Orb","|","|-damage|p2a: Delphox|84/247 tox|[from] psn","|turn|27","|","|move|p2a: Delphox|Psyshock|p1a: Cherrim","|-damage|p1a: Cherrim|0 fnt","|-damage|p2a: Delphox|60/247 tox|[from] item: Life Orb","|faint|p1a: Cherrim","|","|-damage|p2a: Delphox|15/247 tox|[from] psn","|","|switch|p1a: Fearow|Fearow, L83, M|243/243","|turn|28","|","|move|p1a: Fearow|Double-Edge|p2a: Delphox","|-damage|p2a: Delphox|0 fnt","|-damage|p1a: Fearow|238/243|[from] recoil|[of] p2a: Delphox","|faint|p2a: Delphox","|","|","|switch|p2a: Entei|Entei, L77|165/303 tox","|turn|29","|","|move|p1a: Fearow|Double-Edge|p2a: Entei","|-damage|p2a: Entei|32/303 tox","|-damage|p1a: Fearow|194/243|[from] recoil|[of] p2a: Entei","|move|p2a: Entei|Flare Blitz|p1a: Fearow","|-damage|p1a: Fearow|0 fnt","|-damage|p2a: Entei|0 fnt|[from] recoil|[of] p1a: Fearow","|faint|p1a: Fearow","|faint|p2a: Entei","|","|win|Seven Swell"],"p1rating":{"entryid":"7278334","serverid":"eos","formatid":"randombattle","userid":"sevenswell","username":"Seven Swell","w":5,"l":"1","t":"0","gxe":64.1,"r":"1591.2251670745","rd":"104.01174558469","sigma":"0","rptime":"1439283600","rpr":1613.7709720301,"rprd":100.06915316629,"rpsigma":"0","acre":1126.6199432041,"lacre":1126.6199432041,"oldacre":"1102.8602570579"},"p2rating":{"entryid":"7099396","serverid":"eos","formatid":"randombattle","userid":"emggllinket","username":"Emg GL Linket","w":"7","l":8,"t":"0","gxe":48.5,"r":"1522.4044224597","rd":"86.685963130751","sigma":"0","rptime":"1439283600","rpr":1488.5980332015,"rprd":78.603643554212,"rpsigma":"0","acre":1063.9008049331,"lacre":1063.9008049331,"oldacre":"1085.6089267815"},"endType":"normal"}