{"seed":[60021,19098,15289,1254],"turns":27,"p1":"Emg Gl Linket","p2":"Fairy Fee","p1team":[{"name":"Giratina-Origin","moves":["dragontail","dracometeor","shadowball","shadowsneak"],"ability":"Levitate","evs":{"hp":85,"atk":85,"def":85,"spa":85,"spd":85,"spe":85},"ivs":{"hp":31,"atk":31,"def":31,"spa":31,"spd":31,"spe":31},"item":"Griseous Orb","level":73,"shiny":false},{"name":"Simipour","moves":["substitute","focusblast","nastyplot","hydropump"],"ability":"Torrent","evs":{"hp":85,"atk":85,"def":85,"spa":85,"spd":85,"spe":85},"ivs":{"hp":31,"atk":31,"def":31,"spa":31,"spd":31,"spe":31},"item":"Leftovers","level":83,"shiny":false},{"name":"Dialga","moves":["flashcannon","toxic","thunderbolt","roar"],"ability":"Pressure","evs":{"hp":85,"atk":85,"def":85,"spa":85,"spd":85,"spe":85},"ivs":{"hp":31,"atk":31,"def":31,"spa":31,"spd":31,"spe":31},"item":"Air Balloon","level":73,"shiny":false},{"name":"Corsola","moves":["powergem","toxic","stealthrock","recover"],"ability":"Regenerator","evs":{"hp":85,"atk":85,"def":85,"spa":85,"spd":85,"spe":85},"ivs":{"hp":31,"atk":31,"def":31,"spa":31,"spd":31,"spe":31},"item":"Air Balloon","level":83,"shiny":false},{"name":"Liepard","moves":["copycat","encore","substitute","knockoff"],"ability":"Prankster","evs":{"hp":85,"atk":85,"def":85,"spa":85,"spd":85,"spe":85},"ivs":{"hp":31,"atk":31,"def":31,"spa":31,"spd":31,"spe":31},"item":"Leftovers","level":81,"shiny":false},{"name":"Mienshao","moves":["swordsdance","batonpass","knockoff","highjumpkick"],"ability":"Regenerator","evs":{"hp":85,"atk":85,"def":85,"spa":85,"spd":85,"spe":85},"ivs":{"hp":31,"atk":31,"def":31,"spa":31,"spd":31,"spe":31},"item":"Leftovers","level":77,"shiny":false}],"p2team":[{"name":"Dedenne","moves":["hiddenpowerice","grassknot","voltswitch","toxic"],"ability":"Cheek Pouch","evs":{"hp":85,"atk":85,"def":85,"spa":85,"spd":85,"spe":85},"ivs":{"hp":31,"atk":30,"def":30,"spa":31,"spd":31,"spe":31},"item":"Petaya Berry","level":83,"shiny":false},{"name":"Galvantula","moves":["hiddenpowerice","bugbuzz","thunder","voltswitch"],"ability":"Compound Eyes","evs":{"hp":85,"atk":85,"def":85,"spa":85,"spd":85,"spe":85},"ivs":{"hp":31,"atk":30,"def":30,"spa":31,"spd":31,"spe":31},"item":"Choice Specs","level":77,"shiny":false},{"name":"Togekiss","moves":["airslash","nastyplot","aurasphere","roost"],"ability":"Serene Grace","evs":{"hp":85,"atk":85,"def":85,"spa":85,"spd":85,"spe":85},"ivs":{"hp":31,"atk":31,"def":31,"spa":31,"spd":31,"spe":31},"item":"Leftovers","level":76,"shiny":false},{"name":"Noivern","moves":["boomburst","dracometeor","switcheroo","taunt"],"ability":"Infiltrator","evs":{"hp":85,"atk":85,"def":85,"spa":85,"spd":85,"spe":85},"ivs":{"hp":31,"atk":31,"def":31,"spa":31,"spd":31,"spe":31},"item":"Choice Scarf","level":78,"shiny":false},{"name":"Malamar","moves":["superpower","rockslide","trickroom","knockoff"],"ability":"Contrary","evs":{"hp":170,"atk":85,"def":85,"spa":85,"spd":85,"spe":0},"ivs":{"hp":31,"atk":31,"def":31,"spa":31,"spd":31,"spe":0},"item":"Life Orb","level":81,"shiny":false},{"name":"Jolteon","moves":["thunderbolt","substitute","batonpass","signalbeam"],"ability":"Volt Absorb","evs":{"hp":85,"atk":85,"def":85,"spa":85,"spd":85,"spe":85},"ivs":{"hp":31,"atk":31,"def":31,"spa":31,"spd":31,"spe":31},"item":"Leftovers","level":79,"shiny":false}],"log":["|player|p1|Emg Gl Linket|1","|player|p2|Fairy Fee|5","|gametype|singles","|gen|6","|tier|Random Battle","|rated","|rule|Sleep Clause Mod: Limit one foe put to sleep","|rule|HP Percentage Mod: HP is shown in percentages","|","|start","|switch|p1a: Giratina-Origin|Giratina-Origin, L73|339/339","|switch|p2a: Dedenne|Dedenne, L83, M|247/247","|turn|1","|","|switch|p1a: Corsola|Corsola, L83, F|227/227","|-item|p1a: Corsola|Air Balloon","|move|p2a: Dedenne|Toxic|p1a: Corsola","|-status|p1a: Corsola|tox","|","|-damage|p1a: Corsola|213/227 tox|[from] psn","|turn|2","|","|move|p2a: Dedenne|Volt Switch|p1a: Corsola","|-supereffective|p1a: Corsola","|-damage|p1a: Corsola|67/227 tox","|-enditem|p1a: Corsola|Air Balloon","|","|switch|p2a: Togekiss|Togekiss, L76, F|254/254","|move|p1a: Corsola|Toxic|p2a: Togekiss","|-status|p2a: Togekiss|tox","|","|-damage|p2a: Togekiss|239/254 tox|[from] psn","|-damage|p1a: Corsola|39/227 tox|[from] psn","|turn|3","|","|move|p2a: Togekiss|Aura Sphere|p1a: Corsola","|-supereffective|p1a: Corsola","|-damage|p1a: Corsola|0 fnt","|faint|p1a: Corsola","|","|-heal|p2a: Togekiss|254/254 tox|[from] item: Leftovers","|-damage|p2a: Togekiss|224/254 tox|[from] psn","|","|switch|p1a: Dialga|Dialga, L73|266/266","|-ability|p1a: Dialga|Pressure","|-item|p1a: Dialga|Air Balloon","|turn|4","|","|move|p1a: Dialga|Flash Cannon|p2a: Togekiss","|-supereffective|p2a: Togekiss","|-damage|p2a: Togekiss|66/254 tox","|move|p2a: Togekiss|Nasty Plot|p2a: Togekiss","|-boost|p2a: Togekiss|spa|2","|","|-heal|p2a: Togekiss|81/254 tox|[from] item: Leftovers","|-damage|p2a: Togekiss|36/254 tox|[from] psn","|turn|5","|","|move|p1a: Dialga|Flash Cannon|p2a: Togekiss","|-supereffective|p2a: Togekiss","|-damage|p2a: Togekiss|0 fnt","|faint|p2a: Togekiss","|","|","|switch|p2a: Malamar|Malamar, L81, M|289/289","|turn|6","|","|switch|p1a: Giratina-Origin|Giratina-Origin, L73|339/339","|move|p2a: Malamar|Superpower|p1a: Giratina-Origin","|-immune|p1a: Giratina-Origin|[msg]","|","|turn|7","|","|move|p1a: Giratina-Origin|Shadow Ball|p2a: Malamar","|-damage|p2a: Malamar|183/289","|move|p2a: Malamar|Rock Slide|p1a: Giratina-Origin","|-damage|p1a: Giratina-Origin|273/339","|-damage|p2a: Malamar|155/289|[from] item: Life Orb","|","|turn|8","|","|move|p1a: Giratina-Origin|Draco Meteor|p2a: Malamar","|-damage|p2a: Malamar|0 fnt","|-unboost|p1a: Giratina-Origin|spa|2","|faint|p2a: Malamar","|","|","|switch|p2a: Noivern|Noivern, L78, F|261/261","|turn|9","|","|switch|p1a: Simipour|Simipour, L83, F|260/260","|move|p2a: Noivern|Draco Meteor|p1a: Simipour","|-damage|p1a: Simipour|116/260","|-unboost|p2a: Noivern|spa|2","|","|-heal|p1a: Simipour|132/260|[from] item: Leftovers","|turn|10","|","|switch|p2a: Jolteon|Jolteon, L79, F|232/232","|move|p1a: Simipour|Hydro Pump|p2a: Jolteon","|-damage|p2a: Jolteon|123/232","|","|-heal|p2a: Jolteon|137/232|[from] item: Leftovers","|-heal|p1a: Simipour|148/260|[from] item: Leftovers","|turn|11","|","|move|p2a: Jolteon|Thunderbolt|p1a: Simipour","|-supereffective|p1a: Simipour","|-damage|p1a: Simipour|0 fnt","|faint|p1a: Simipour","|","|-heal|p2a: Jolteon|151/232|[from] item: Leftovers","|","|switch|p1a: Dialga|Dialga, L73|266/266","|-ability|p1a: Dialga|Pressure","|-item|p1a: Dialga|Air Balloon","|turn|12","|","|move|p2a: Jolteon|Substitute|p2a: Jolteon","|-start|p2a: Jolteon|Substitute","|-damage|p2a: Jolteon|93/232","|move|p1a: Dialga|Toxic|p2a: Jolteon","|-fail|p2a: Jolteon","|","|-heal|p2a: Jolteon|107/232|[from] item: Leftovers","|turn|13","|","|move|p2a: Jolteon|Thunderbolt|p1a: Dialga","|-resisted|p1a: Dialga","|-damage|p1a: Dialga|215/266","|-enditem|p1a: Dialga|Air Balloon","|move|p1a: Dialga|Roar|p2a: Jolteon","|drag|p2a: Galvantula|Galvantula, L77, F|234/234","|","|turn|14","|","|move|p2a: Galvantula|Thunder|p1a: Dialga","|-resisted|p1a: Dialga","|-damage|p1a: Dialga|137/266","|move|p1a: Dialga|Toxic|p2a: Galvantula","|-status|p2a: Galvantula|tox","|","|-damage|p2a: Galvantula|220/234 tox|[from] psn","|turn|15","|","|switch|p2a: Dedenne|Dedenne, L83, M|247/247","|move|p1a: Dialga|Roar|p2a: Dedenne","|drag|p2a: Jolteon|Jolteon, L79, F|107/232","|","|-heal|p2a: Jolteon|121/232|[from] item: Leftovers","|turn|16","|","|move|p2a: Jolteon|Thunderbolt|p1a: Dialga","|-resisted|p1a: Dialga","|-damage|p1a: Dialga|92/266","|move|p1a: Dialga|Flash Cannon|p2a: Jolteon","|-resisted|p2a: Jolteon","|-damage|p2a: Jolteon|77/232","|","|-heal|p2a: Jolteon|91/232|[from] item: Leftovers","|turn|17","|","|switch|p2a: Dedenne|Dedenne, L83, M|247/247","|move|p1a: Dialga|Toxic|p2a: Dedenne","|-status|p2a: Dedenne|tox","|","|-damage|p2a: Dedenne|232/247 tox|[from] psn","|turn|18","|","|move|p2a: Dedenne|Volt Switch|p1a: Dialga","|-resisted|p1a: Dialga","|-damage|p1a: Dialga|59/266","|","|switch|p2a: Galvantula|Galvantula, L77, F|220/234 tox","|move|p1a: Dialga|Flash Cannon|p2a: Galvantula","|-resisted|p2a: Galvantula","|-damage|p2a: Galvantula|160/234 tox","|","|-damage|p2a: Galvantula|146/234 tox|[from] psn","|turn|19","|","|move|p2a: Galvantula|Thunder|p1a: Dialga","|-resisted|p1a: Dialga","|-damage|p1a: Dialga|0 fnt","|faint|p1a: Dialga","|","|-damage|p2a: Galvantula|118/234 tox|[from] psn","|","|switch|p1a: Liepard|Liepard, L81, M|236/236","|turn|20","|","|move|p1a: Liepard|Knock Off|p2a: Galvantula","|-damage|p2a: Galvantula|0 fnt","|-enditem|p2a: Galvantula|Choice Specs|[from] move: Knock Off|[of] p1a: Liepard","|faint|p2a: Galvantula","|","|","|switch|p2a: Jolteon|Jolteon, L79, F|91/232","|turn|21","|","|move|p2a: Jolteon|Signal Beam|p1a: Liepard","|-supereffective|p1a: Liepard","|-damage|p1a: Liepard|66/236","|move|p1a: Liepard|Knock Off|p2a: Jolteon","|-damage|p2a: Jolteon|0 fnt","|-enditem|p2a: Jolteon|Leftovers|[from] move: Knock Off|[of] p1a: Liepard","|faint|p2a: Jolteon","|","|-heal|p1a: Liepard|80/236|[from] item: Leftovers","|","|switch|p2a: Noivern|Noivern, L78, F|261/261","|turn|22","|","|move|p2a: Noivern|Draco Meteor|p1a: Liepard","|-damage|p1a: Liepard|0 fnt","|-unboost|p2a: Noivern|spa|2","|faint|p1a: Liepard","|","|","|switch|p1a: Giratina-Origin|Giratina-Origin, L73|273/339","|turn|23","|","|move|p2a: Noivern|Draco Meteor|p1a: Giratina-Origin","|-supereffective|p1a: Giratina-Origin","|-damage|p1a: Giratina-Origin|151/339","|-unboost|p2a: Noivern|spa|2","|move|p1a: Giratina-Origin|Draco Meteor|p2a: Noivern","|-supereffective|p2a: Noivern","|-damage|p2a: Noivern|0 fnt","|-unboost|p1a: Giratina-Origin|spa|2","|faint|p2a: Noivern","|","|","|switch|p2a: Dedenne|Dedenne, L83, M|232/247 tox","|turn|24","|","|move|p2a: Dedenne|Hidden Power|p1a: Giratina-Origin","|-supereffective|p1a: Giratina-Origin","|-damage|p1a: Giratina-Origin|67/339","|move|p1a: Giratina-Origin|Shadow Ball|p2a: Dedenne","|-damage|p2a: Dedenne|174/247 tox","|","|-damage|p2a: Dedenne|159/247 tox|[from] psn","|turn|25","|","|move|p1a: Giratina-Origin|Shadow Sneak|p2a: Dedenne","|-damage|p2a: Dedenne|89/247 tox","|move|p2a: Dedenne|Hidden Power|p1a: Giratina-Origin","|-supereffective|p1a: Giratina-Origin","|-damage|p1a: Giratina-Origin|0 fnt","|faint|p1a: Giratina-Origin","|","|-damage|p2a: Dedenne|59/247 tox|[from] psn","|-heal|p2a: Dedenne|141/247 tox|[from] ability: Cheek Pouch","|-enditem|p2a: Dedenne|Petaya Berry|[eat]","|-boost|p2a: Dedenne|spa|1|[from] item: Petaya Berry","|","|switch|p1a: Mienshao|Mienshao, L77, F|227/227","|turn|26","|","|move|p2a: Dedenne|Volt Switch|p1a: Mienshao","|-damage|p1a: Mienshao|100/227","|move|p1a: Mienshao|High Jump Kick|p2a: Dedenne","|-resisted|p2a: Dedenne","|-damage|p2a: Dedenne|51/247 tox","|","|-heal|p1a: Mienshao|114/227|[from] item: Leftovers","|-damage|p2a: Dedenne|6/247 tox|[from] psn","|turn|27","|","|move|p2a: Dedenne|Volt Switch|p1a: Mienshao","|-damage|p1a: Mienshao|0 fnt","|faint|p1a: Mienshao","|","|win|Fairy Fee"],"p1rating":{"entryid":"7099396","serverid":"eos","formatid":"randombattle","userid":"emggllinket","username":"Emg GL Linket","w":"7","l":7,"t":"0","gxe":50.2,"r":"1522.4044224597","rd":"86.685963130751","sigma":"0","rptime":"1439283600","rpr":1501.4100192132,"rprd":80.415707934805,"rpsigma":"0","acre":1085.6089267815,"lacre":1085.6089267815,"oldacre":"1112.5538750075"},"p2rating":{"entryid":"6818807","serverid":"eos","formatid":"randombattle","userid":"fairyfee","username":"Fairy Fee","w":6,"l":"2","t":"0","gxe":62.5,"r":"1577.8859498459","rd":"100.78173959011","sigma":"0","rptime":"1439283600","rpr":1600.071939749,"rprd":97.13946578627,"rpsigma":"0","acre":1114.7634843227,"lacre":1114.7634843227,"oldacre":"1085.469374364"},"endType":"normal"}