{"seed":[56563,19548,45175,62305],"turns":19,"p1":"Blasmery","p2":"IceeSnowcone","p1team":[{"name":"Zapdos","moves":["thunderbolt","roost","heatwave","toxic"],"ability":"Pressure","evs":{"hp":85,"atk":85,"def":85,"spa":85,"spd":85,"spe":85},"ivs":{"hp":31,"atk":31,"def":31,"spa":31,"spd":31,"spe":31},"item":"Focus Sash","level":75,"shiny":false},{"name":"Deoxys-Attack","moves":["stealthrock","superpower","icebeam","psychoboost"],"ability":"Pressure","evs":{"hp":85,"atk":85,"def":85,"spa":85,"spd":85,"spe":85},"ivs":{"hp":31,"atk":31,"def":31,"spa":31,"spd":31,"spe":31},"item":"Life Orb","level":73,"shiny":false},{"name":"Chatot","moves":["uturn","chatter","boomburst","heatwave"],"ability":"Tangled Feet","evs":{"hp":85,"atk":85,"def":85,"spa":85,"spd":85,"spe":85},"ivs":{"hp":31,"atk":31,"def":31,"spa":31,"spd":31,"spe":31},"item":"Life Orb","level":83,"shiny":false},{"name":"Giratina","moves":["roar","willowisp","dragonpulse","shadowball"],"ability":"Pressure","evs":{"hp":85,"atk":85,"def":85,"spa":85,"spd":85,"spe":85},"ivs":{"hp":31,"atk":31,"def":31,"spa":31,"spd":31,"spe":31},"item":"Leftovers","level":73,"shiny":false},{"name":"Octillery","moves":["energyball","waterspout","hydropump","fireblast"],"ability":"Suction Cups","evs":{"hp":85,"atk":85,"def":85,"spa":85,"spd":85,"spe":85},"ivs":{"hp":31,"atk":31,"def":31,"spa":31,"spd":31,"spe":31},"item":"Choice Specs","level":83,"shiny":false},{"name":"Slurpuff","moves":["flamethrower","calmmind","surf","drainingkiss"],"ability":"Unburden","evs":{"hp":85,"atk":85,"def":85,"spa":85,"spd":85,"spe":85},"ivs":{"hp":31,"atk":31,"def":31,"spa":31,"spd":31,"spe":31},"item":"Sitrus Berry","level":77,"shiny":false}],"p2team":[{"name":"Deoxys","moves":["taunt","stealthrock","spikes","psychoboost"],"ability":"Pressure","evs":{"hp":85,"atk":85,"def":85,"spa":85,"spd":85,"spe":85},"ivs":{"hp":31,"atk":31,"def":31,"spa":31,"spd":31,"spe":31},"item":"Focus Sash","level":73,"shiny":false},{"name":"Avalugg","moves":["recover","earthquake","avalanche","rapidspin"],"ability":"Sturdy","evs":{"hp":85,"atk":85,"def":85,"spa":85,"spd":85,"spe":85},"ivs":{"hp":31,"atk":31,"def":31,"spa":31,"spd":31,"spe":31},"item":"Leftovers","level":83,"shiny":false},{"name":"Darmanitan","moves":["flareblitz","superpower","rockslide","uturn"],"ability":"Sheer Force","evs":{"hp":81,"atk":89,"def":85,"spa":85,"spd":85,"spe":85},"ivs":{"hp":31,"atk":31,"def":31,"spa":31,"spd":31,"spe":31},"item":"Life Orb","level":77,"shiny":false},{"name":"Skuntank","moves":["pursuit","suckerpunch","fireblast","poisonjab"],"ability":"Aftermath","evs":{"hp":85,"atk":85,"def":85,"spa":85,"spd":85,"spe":85},"ivs":{"hp":31,"atk":31,"def":31,"spa":31,"spd":31,"spe":31},"item":"Expert Belt","level":81,"shiny":false},{"name":"Hitmonchan","moves":["machpunch","drainpunch","bulkup","icepunch"],"ability":"Iron Fist","evs":{"hp":85,"atk":85,"def":85,"spa":85,"spd":85,"spe":85},"ivs":{"hp":31,"atk":31,"def":31,"spa":31,"spd":31,"spe":31},"item":"Life Orb","level":81,"shiny":false},{"name":"Persian","moves":["fakeout","taunt","knockoff","return"],"ability":"Technician","evs":{"hp":85,"atk":85,"def":85,"spa":85,"spd":85,"spe":85},"ivs":{"hp":31,"atk":31,"def":31,"spa":31,"spd":31,"spe":31},"item":"Life Orb","level":83,"shiny":false}],"log":["|player|p1|Blasmery|34","|player|p2|IceeSnowcone|160","|gametype|singles","|gen|6","|tier|Random Battle","|rated","|rule|Sleep Clause Mod: Limit one foe put to sleep","|rule|HP Percentage Mod: HP is shown in percentages","|","|start","|switch|p1a: Zapdos|Zapdos, L75|259/259","|switch|p2a: Deoxys|Deoxys, L73|193/193","|-ability|p2a: Deoxys|Pressure","|-ability|p1a: Zapdos|Pressure","|turn|1","|","|move|p2a: Deoxys|Spikes|p1a: Zapdos","|-sidestart|p1: Blasmery|Spikes","|move|p1a: Zapdos|Toxic|p2a: Deoxys","|-status|p2a: Deoxys|tox","|","|-damage|p2a: Deoxys|181/193 tox|[from] psn","|turn|2","|","|move|p2a: Deoxys|Stealth Rock|p1a: Zapdos","|-sidestart|p1: Blasmery|move: Stealth Rock","|move|p1a: Zapdos|Thunderbolt|p2a: Deoxys","|-damage|p2a: Deoxys|30/193 tox","|","|-damage|p2a: Deoxys|6/193 tox|[from] psn","|turn|3","|","|move|p2a: Deoxys|Psycho Boost|p1a: Zapdos","|-damage|p1a: Zapdos|84/259","|-unboost|p2a: Deoxys|spa|2","|move|p1a: Zapdos|Thunderbolt|p2a: Deoxys","|-damage|p2a: Deoxys|0 fnt","|faint|p2a: Deoxys","|","|","|switch|p2a: Persian|Persian, L83, M|244/244","|turn|4","|","|move|p2a: Persian|Fake Out|p1a: Zapdos","|-damage|p1a: Zapdos|2/259","|-damage|p2a: Persian|220/244|[from] item: Life Orb","|cant|p1a: Zapdos|flinch","|","|turn|5","|","|move|p2a: Persian|Knock Off|p1a: Zapdos","|-damage|p1a: Zapdos|0 fnt","|-enditem|p1a: Zapdos|Focus Sash|[from] move: Knock Off|[of] p2a: Persian","|-damage|p2a: Persian|196/244|[from] item: Life Orb","|faint|p1a: Zapdos","|","|","|switch|p1a: Chatot|Chatot, L83, M|262/262","|-damage|p1a: Chatot|197/262|[from] Stealth Rock","|turn|6","|","|move|p2a: Persian|Knock Off|p1a: Chatot","|-damage|p1a: Chatot|81/262","|-enditem|p1a: Chatot|Life Orb|[from] move: Knock Off|[of] p2a: Persian","|-damage|p2a: Persian|172/244|[from] item: Life Orb","|move|p1a: Chatot|Chatter|p2a: Persian","|-damage|p2a: Persian|96/244","|-start|p2a: Persian|confusion","|","|turn|7","|","|-activate|p2a: Persian|confusion","|-damage|p2a: Persian|36/244|[from] confusion","|move|p1a: Chatot|Boomburst|p2a: Persian","|-damage|p2a: Persian|0 fnt","|faint|p2a: Persian","|","|","|switch|p2a: Avalugg|Avalugg, L83, F|293/293","|turn|8","|","|move|p1a: Chatot|Heat Wave|p2a: Avalugg","|-supereffective|p2a: Avalugg","|-damage|p2a: Avalugg|89/293","|move|p2a: Avalugg|Avalanche|p1a: Chatot","|-supereffective|p1a: Chatot","|-damage|p1a: Chatot|0 fnt","|faint|p1a: Chatot","|","|-heal|p2a: Avalugg|107/293|[from] item: Leftovers","|","|switch|p1a: Octillery|Octillery, L83, M|260/260","|-damage|p1a: Octillery|228/260|[from] Spikes","|-damage|p1a: Octillery|196/260|[from] Stealth Rock","|turn|9","|","|move|p1a: Octillery|Fire Blast|p2a: Avalugg","|-supereffective|p2a: Avalugg","|-damage|p2a: Avalugg|0 fnt","|faint|p2a: Avalugg","|","|","|switch|p2a: Hitmonchan|Hitmonchan, L81, M|214/214","|turn|10","|","|move|p2a: Hitmonchan|Bulk Up|p2a: Hitmonchan","|-boost|p2a: Hitmonchan|atk|1","|-boost|p2a: Hitmonchan|def|1","|move|p1a: Octillery|Fire Blast|p2a: Hitmonchan","|-damage|p2a: Hitmonchan|116/214","|","|turn|11","|","|move|p2a: Hitmonchan|Drain Punch|p1a: Octillery","|-damage|p1a: Octillery|0 fnt","|-heal|p2a: Hitmonchan|214/214|[from] drain|[of] p1a: Octillery","|-damage|p2a: Hitmonchan|193/214|[from] item: Life Orb","|faint|p1a: Octillery","|","|","|switch|p1a: Slurpuff|Slurpuff, L77, F|253/253","|-damage|p1a: Slurpuff|222/253|[from] Stealth Rock","|-damage|p1a: Slurpuff|191/253|[from] Spikes","|turn|12","|","|switch|p2a: Skuntank|Skuntank, L81, F|299/299","|move|p1a: Slurpuff|Draining Kiss|p2a: Skuntank","|-damage|p2a: Skuntank|239/299","|-heal|p1a: Slurpuff|236/253|[from] drain|[of] p2a: Skuntank","|","|turn|13","|","|move|p2a: Skuntank|Poison Jab|p1a: Slurpuff","|-supereffective|p1a: Slurpuff","|-damage|p1a: Slurpuff|34/253","|-enditem|p1a: Slurpuff|Sitrus Berry|[eat]","|-heal|p1a: Slurpuff|97/253|[from] item: Sitrus Berry","|move|p1a: Slurpuff|Calm Mind|p1a: Slurpuff","|-boost|p1a: Slurpuff|spa|1","|-boost|p1a: Slurpuff|spd|1","|","|turn|14","|","|move|p1a: Slurpuff|Surf|p2a: Skuntank","|-damage|p2a: Skuntank|136/299","|move|p2a: Skuntank|Poison Jab|p1a: Slurpuff","|-supereffective|p1a: Slurpuff","|-damage|p1a: Slurpuff|0 fnt","|faint|p1a: Slurpuff","|","|","|switch|p1a: Giratina|Giratina, L73|339/339","|-damage|p1a: Giratina|297/339|[from] Stealth Rock","|-damage|p1a: Giratina|255/339|[from] Spikes","|-ability|p1a: Giratina|Pressure","|turn|15","|","|move|p2a: Skuntank|Sucker Punch|p1a: Giratina","|-supereffective|p1a: Giratina","|-damage|p1a: Giratina|80/339","|move|p1a: Giratina|Dragon Pulse|p2a: Skuntank","|-damage|p2a: Skuntank|42/299","|","|-heal|p1a: Giratina|101/339|[from] item: Leftovers","|turn|16","|","|move|p2a: Skuntank|Sucker Punch|p1a: Giratina","|-supereffective|p1a: Giratina","|-damage|p1a: Giratina|0 fnt","|faint|p1a: Giratina","|","|","|switch|p1a: Deoxys-Attack|Deoxys-Attack, L73|193/193","|-damage|p1a: Deoxys-Attack|169/193|[from] Stealth Rock","|-damage|p1a: Deoxys-Attack|145/193|[from] Spikes","|-ability|p1a: Deoxys-Attack|Pressure","|turn|17","|","|move|p1a: Deoxys-Attack|Ice Beam|p2a: Skuntank","|-damage|p2a: Skuntank|0 fnt","|-damage|p1a: Deoxys-Attack|126/193|[from] item: Life Orb","|faint|p2a: Skuntank","|","|","|switch|p2a: Darmanitan|Darmanitan, L77, M|287/287","|turn|18","|","|move|p1a: Deoxys-Attack|Psycho Boost|p2a: Darmanitan","|-damage|p2a: Darmanitan|0 fnt","|-unboost|p1a: Deoxys-Attack|spa|2","|-damage|p1a: Deoxys-Attack|107/193|[from] item: Life Orb","|faint|p2a: Darmanitan","|","|","|switch|p2a: Hitmonchan|Hitmonchan, L81, M|193/214","|turn|19","|","|move|p1a: Deoxys-Attack|Psycho Boost|p2a: Hitmonchan","|-supereffective|p2a: Hitmonchan","|-damage|p2a: Hitmonchan|0 fnt","|-unboost|p1a: Deoxys-Attack|spa|2","|-damage|p1a: Deoxys-Attack|88/193|[from] item: Life Orb","|faint|p2a: Hitmonchan","|","|win|Blasmery"],"p1rating":{"entryid":"7539355","serverid":"eos","formatid":"randombattle","userid":"blasmery","username":"Blasmery","w":6,"l":"0","t":"0","gxe":69,"r":"1569.7570181179","rd":"116.67496356904","sigma":"0","rptime":"1439283600","rpr":1656.6509070727,"rprd":99.298825614944,"rpsigma":"0","acre":1154.5287333491,"lacre":1154.5287333491,"oldacre":"1137.2162179534"},"p2rating":{"entryid":"7559283","serverid":"eos","formatid":"randombattle","userid":"iceesnowcone","username":"IceeSnowcone","w":"1","l":2,"t":"0","gxe":45.7,"r":"1500","rd":"130","sigma":"0","rptime":"1439283600","rpr":1465.9855053319,"rprd":111.25456767367,"rpsigma":"0","acre":1017.0980292844,"lacre":1017.0980292844,"oldacre":"1026.8076863373"},"endType":"normal"}