{"seed":[8116,8975,31366,41100],"turns":21,"p1":"abnd200","p2":"FriskySalami","p1team":[{"name":"Keldeo","moves":["calmmind","scald","secretsword","hiddenpowerflying"],"ability":"Justified","evs":{"hp":85,"atk":85,"def":85,"spa":85,"spd":85,"spe":85},"ivs":{"hp":30,"atk":30,"def":30,"spa":30,"spd":30,"spe":31},"item":"Life Orb","level":75,"shiny":false},{"name":"Carracosta","moves":["waterfall","stoneedge","shellsmash","aquajet"],"ability":"Sturdy","evs":{"hp":85,"atk":85,"def":85,"spa":85,"spd":85,"spe":85},"ivs":{"hp":31,"atk":31,"def":31,"spa":31,"spd":31,"spe":31},"item":"White Herb","level":83,"shiny":false},{"name":"Groudon","moves":["thunderwave","overheat","earthquake","stealthrock"],"ability":"Drought","evs":{"hp":85,"atk":85,"def":85,"spa":85,"spd":85,"spe":85},"ivs":{"hp":31,"atk":31,"def":31,"spa":31,"spd":31,"spe":31},"item":"Red Orb","level":73,"shiny":false},{"name":"Lunatone","moves":["stealthrock","toxic","moonlight","hiddenpowerrock"],"ability":"Levitate","evs":{"hp":85,"atk":85,"def":85,"spa":85,"spd":85,"spe":85},"ivs":{"hp":31,"atk":31,"def":30,"spa":31,"spd":30,"spe":30},"item":"Leftovers","level":83,"shiny":false},{"name":"Malamar","moves":["substitute","trickroom","rockslide","knockoff"],"ability":"Infiltrator","evs":{"hp":170,"atk":85,"def":85,"spa":85,"spd":85,"spe":0},"ivs":{"hp":31,"atk":31,"def":31,"spa":31,"spd":31,"spe":0},"item":"Leftovers","level":81,"shiny":false},{"name":"Flygon","moves":["uturn","firepunch","defog","earthquake"],"ability":"Levitate","evs":{"hp":85,"atk":85,"def":85,"spa":85,"spd":85,"spe":85},"ivs":{"hp":31,"atk":31,"def":31,"spa":31,"spd":31,"spe":31},"item":"Life Orb","level":79,"shiny":false}],"p2team":[{"name":"Tornadus-Therian","moves":["knockoff","superpower","heatwave","hurricane"],"ability":"Regenerator","evs":{"hp":85,"atk":85,"def":85,"spa":85,"spd":85,"spe":85},"ivs":{"hp":31,"atk":31,"def":31,"spa":31,"spd":31,"spe":31},"item":"Expert Belt","level":75,"shiny":false},{"name":"Latios","moves":["roost","defog","dracometeor","hiddenpowerfire"],"ability":"Levitate","evs":{"hp":85,"atk":85,"def":85,"spa":85,"spd":85,"spe":85},"ivs":{"hp":31,"atk":30,"def":31,"spa":30,"spd":31,"spe":30},"item":"Latiosite","level":75,"shiny":false},{"name":"Swalot","moves":["yawn","sludgebomb","painsplit","encore"],"ability":"Sticky Hold","evs":{"hp":85,"atk":85,"def":85,"spa":85,"spd":85,"spe":85},"ivs":{"hp":31,"atk":31,"def":31,"spa":31,"spd":31,"spe":31},"item":"Black Sludge","level":83,"shiny":false},{"name":"Hypno","moves":["protect","wish","seismictoss","toxic"],"ability":"Insomnia","evs":{"hp":85,"atk":85,"def":85,"spa":85,"spd":85,"spe":85},"ivs":{"hp":31,"atk":31,"def":31,"spa":31,"spd":31,"spe":31},"item":"Leftovers","level":83,"shiny":false},{"name":"Chansey","moves":["softboiled","thunderwave","healbell","seismictoss"],"ability":"Natural Cure","evs":{"hp":85,"atk":85,"def":85,"spa":85,"spd":85,"spe":85},"ivs":{"hp":31,"atk":31,"def":31,"spa":31,"spd":31,"spe":31},"item":"Eviolite","level":75,"shiny":false},{"name":"Excadrill","moves":["earthquake","swordsdance","rockslide","ironhead"],"ability":"Mold Breaker","evs":{"hp":85,"atk":85,"def":85,"spa":85,"spd":85,"spe":85},"ivs":{"hp":31,"atk":31,"def":31,"spa":31,"spd":31,"spe":31},"item":"Life Orb","level":75,"shiny":false}],"log":["|player|p1|abnd200|2","|player|p2|FriskySalami|254","|gametype|singles","|gen|6","|tier|Random Battle","|rated","|rule|Sleep Clause Mod: Limit one foe put to sleep","|rule|HP Percentage Mod: HP is shown in percentages","|","|start","|switch|p1a: Keldeo|Keldeo, L75|259/259","|switch|p2a: Tornadus-Therian|Tornadus-Therian, L75, M|242/242","|turn|1","|","|switch|p1a: Lunatone|Lunatone, L83|252/252","|move|p2a: Tornadus-Therian|Knock Off|p1a: Lunatone","|-supereffective|p1a: Lunatone","|-damage|p1a: Lunatone|82/252","|-enditem|p1a: Lunatone|Leftovers|[from] move: Knock Off|[of] p2a: Tornadus-Therian","|","|turn|2","|","|move|p2a: Tornadus-Therian|Knock Off|p1a: Lunatone","|-supereffective|p1a: Lunatone","|-damage|p1a: Lunatone|0 fnt","|faint|p1a: Lunatone","|","|","|switch|p1a: Groudon|Groudon, L73|266/266","|detailschange|p1a: Groudon|Groudon-Primal, L73","|message|Groudon's Primal Reversion! It reverted to its primal form!","|-weather|DesolateLand","|turn|3","|","|move|p2a: Tornadus-Therian|Hurricane|p1a: Groudon","|-damage|p1a: Groudon|152/266","|move|p1a: Groudon|Thunder Wave|p2a: Tornadus-Therian","|-status|p2a: Tornadus-Therian|par","|","|-weather|DesolateLand|[upkeep]","|turn|4","|","|-weather|none","|switch|p1a: Carracosta|Carracosta, L83, F|259/259","|cant|p2a: Tornadus-Therian|par","|","|turn|5","|","|move|p1a: Carracosta|Shell Smash|p1a: Carracosta","|-unboost|p1a: Carracosta|def|1","|-unboost|p1a: Carracosta|spd|1","|-boost|p1a: Carracosta|atk|2","|-boost|p1a: Carracosta|spa|2","|-boost|p1a: Carracosta|spe|2","|-enditem|p1a: Carracosta|White Herb","|-restoreboost|p1a: Carracosta|[silent]","|cant|p2a: Tornadus-Therian|par","|","|turn|6","|","|move|p1a: Carracosta|Stone Edge|p2a: Tornadus-Therian","|-supereffective|p2a: Tornadus-Therian","|-damage|p2a: Tornadus-Therian|0 fnt","|faint|p2a: Tornadus-Therian","|","|","|switch|p2a: Swalot|Swalot, L83, M|302/302","|turn|7","|","|move|p1a: Carracosta|Waterfall|p2a: Swalot","|-damage|p2a: Swalot|103/302","|move|p2a: Swalot|Yawn|p1a: Carracosta","|-start|p1a: Carracosta|move: Yawn|[of] p2a: Swalot","|","|-heal|p2a: Swalot|121/302|[from] item: Black Sludge","|turn|8","|","|move|p1a: Carracosta|Waterfall|p2a: Swalot","|-damage|p2a: Swalot|0 fnt","|faint|p2a: Swalot","|","|-end|p1a: Carracosta|move: Yawn|[silent]","|-status|p1a: Carracosta|slp","|","|switch|p2a: Excadrill|Excadrill, L75, F|289/289","|-ability|p2a: Excadrill|Mold Breaker","|turn|9","|","|cant|p1a: Carracosta|slp","|move|p2a: Excadrill|Swords Dance|p2a: Excadrill","|-boost|p2a: Excadrill|atk|2","|","|turn|10","|","|-curestatus|p1a: Carracosta|slp","|move|p1a: Carracosta|Waterfall|p2a: Excadrill","|-supereffective|p2a: Excadrill","|-damage|p2a: Excadrill|0 fnt","|faint|p2a: Excadrill","|","|","|switch|p2a: Chansey|Chansey, L75, F|499/499","|turn|11","|","|move|p1a: Carracosta|Waterfall|p2a: Chansey","|-damage|p2a: Chansey|6/499","|move|p2a: Chansey|Thunder Wave|p1a: Carracosta","|-status|p1a: Carracosta|par","|","|turn|12","|","|move|p2a: Chansey|Seismic Toss|p1a: Carracosta","|-damage|p1a: Carracosta|184/259 par","|move|p1a: Carracosta|Waterfall|p2a: Chansey","|-damage|p2a: Chansey|0 fnt","|faint|p2a: Chansey","|","|","|switch|p2a: Latios|Latios, L75, M|244/244","|turn|13","|","|detailschange|p2a: Latios|Latios-Mega, L75, M","|-mega|p2a: Latios|Latios|Latiosite","|move|p2a: Latios|Draco Meteor|p1a: Carracosta","|-damage|p1a: Carracosta|0 fnt","|-unboost|p2a: Latios|spa|2","|faint|p1a: Carracosta","|","|","|switch|p1a: Malamar|Malamar, L81, F|289/289","|turn|14","|","|move|p2a: Latios|Draco Meteor|p1a: Malamar","|-crit|p1a: Malamar","|-damage|p1a: Malamar|0 fnt","|-unboost|p2a: Latios|spa|2","|faint|p1a: Malamar","|","|","|switch|p1a: Flygon|Flygon, L79, F|256/256","|turn|15","|","|switch|p2a: Hypno|Hypno, L83, M|277/277","|move|p1a: Flygon|U-turn|p2a: Hypno","|-crit|p2a: Hypno","|-supereffective|p2a: Hypno","|-damage|p2a: Hypno|85/277","|-damage|p1a: Flygon|231/256|[from] item: Life Orb","|","|switch|p1a: Groudon|Groudon-Primal, L73|152/266","|-weather|DesolateLand","|","|-weather|DesolateLand|[upkeep]","|-heal|p2a: Hypno|102/277|[from] item: Leftovers","|turn|16","|","|move|p1a: Groudon|Earthquake|p2a: Hypno","|-damage|p2a: Hypno|0 fnt","|faint|p2a: Hypno","|","|-weather|DesolateLand|[upkeep]","|","|switch|p2a: Latios|Latios-Mega, L75, M|244/244","|turn|17","|","|move|p2a: Latios|Draco Meteor|p1a: Groudon","|-damage|p1a: Groudon|0 fnt","|-unboost|p2a: Latios|spa|2","|faint|p1a: Groudon","|-weather|none","|","|","|switch|p1a: Flygon|Flygon, L79, F|231/256","|turn|18","|","|move|p2a: Latios|Draco Meteor|p1a: Flygon","|-supereffective|p1a: Flygon","|-damage|p1a: Flygon|43/256","|-unboost|p2a: Latios|spa|2","|move|p1a: Flygon|U-turn|p2a: Latios","|-supereffective|p2a: Latios","|-damage|p2a: Latios|119/244","|-damage|p1a: Flygon|18/256|[from] item: Life Orb","|","|switch|p1a: Keldeo|Keldeo, L75|259/259","|","|turn|19","|","|move|p2a: Latios|Draco Meteor|p1a: Keldeo","|-damage|p1a: Keldeo|193/259","|-unboost|p2a: Latios|spa|2","|move|p1a: Keldeo|Scald|p2a: Latios","|-resisted|p2a: Latios","|-damage|p2a: Latios|72/244","|-status|p2a: Latios|brn","|-damage|p1a: Keldeo|168/259|[from] item: Life Orb","|","|-damage|p2a: Latios|42/244 brn|[from] brn","|turn|20","|","|move|p2a: Latios|Draco Meteor|p1a: Keldeo","|-damage|p1a: Keldeo|122/259","|move|p1a: Keldeo|Calm Mind|p1a: Keldeo","|-boost|p1a: Keldeo|spa|1","|-boost|p1a: Keldeo|spd|1","|","|-damage|p2a: Latios|12/244 brn|[from] brn","|turn|21","|","|move|p2a: Latios|Draco Meteor|p1a: Keldeo","|-damage|p1a: Keldeo|92/259","|move|p1a: Keldeo|Scald|p2a: Latios","|-resisted|p2a: Latios","|-damage|p2a: Latios|0 fnt","|-damage|p1a: Keldeo|67/259|[from] item: Life Orb","|faint|p2a: Latios","|","|win|abnd200"],"p1rating":{"entryid":"7559440","serverid":"eos","formatid":"randombattle","userid":"abnd200","username":"abnd200","w":2,"l":"0","t":"0","gxe":59,"r":"1500","rd":"130","sigma":"0","rptime":"1439283600","rpr":1572.5671258289,"rprd":116.77753930647,"rpsigma":"0","acre":1074.1653999112,"lacre":1074.1653999112,"oldacre":"1045.2554190508"},"p2rating":{"entryid":7559811,"formatid":"randombattle","userid":"friskysalami","username":"FriskySalami","r":1500,"rd":130,"sigma":0,"rpr":1459.8393856612,"rprd":122.8583080769,"rpsigma":0,"rptime":1439283600,"w":0,"l":1,"t":0,"gxe":45,"acre":1000,"lacre":1000,"oldacre":1000},"endType":"normal"}