{"seed":[31202,2414,13994,57099],"turns":42,"p1":"E.光.♣.chikorita01","p2":"DpxYT","p1team":[{"name":"Beartic","moves":["aquajet","stoneedge","superpower","iciclecrash"],"ability":"Snow Cloak","evs":{"hp":85,"atk":85,"def":85,"spa":85,"spd":85,"spe":85},"ivs":{"hp":31,"atk":31,"def":31,"spa":31,"spd":31,"spe":31},"item":"Choice Band","level":83,"shiny":false},{"name":"Hydreigon","moves":["superpower","flashcannon","dracometeor","uturn"],"ability":"Levitate","evs":{"hp":85,"atk":85,"def":85,"spa":85,"spd":85,"spe":85},"ivs":{"hp":31,"atk":31,"def":31,"spa":31,"spd":31,"spe":31},"item":"Expert Belt","level":77,"shiny":false},{"name":"Emolga","moves":["chargebeam","batonpass","substitute","encore"],"ability":"Motor Drive","evs":{"hp":85,"atk":85,"def":85,"spa":85,"spd":85,"spe":85},"ivs":{"hp":31,"atk":31,"def":31,"spa":31,"spd":31,"spe":31},"item":"Leftovers","level":83,"shiny":false},{"name":"Kyurem-White","moves":["substitute","roost","focusblast","dragonpulse"],"ability":"Turboblaze","evs":{"hp":85,"atk":85,"def":85,"spa":85,"spd":85,"spe":85},"ivs":{"hp":31,"atk":31,"def":31,"spa":31,"spd":31,"spe":31},"item":"Leftovers","level":73,"shiny":false},{"name":"Honchkrow","moves":["suckerpunch","roost","pursuit","heatwave"],"ability":"Moxie","evs":{"hp":85,"atk":85,"def":85,"spa":85,"spd":85,"spe":85},"ivs":{"hp":31,"atk":31,"def":31,"spa":31,"spd":31,"spe":31},"item":"Life Orb","level":77,"shiny":false},{"name":"Gourgeist-Super","moves":["synthesis","substitute","willowisp","shadowsneak"],"ability":"Insomnia","evs":{"hp":85,"atk":85,"def":85,"spa":85,"spd":85,"spe":85},"ivs":{"hp":31,"atk":31,"def":31,"spa":31,"spd":31,"spe":31},"item":"Leftovers","level":83,"shiny":false}],"p2team":[{"name":"Wailord","moves":["hiddenpowerfire","hydropump","icebeam","waterspout"],"ability":"Water Veil","evs":{"hp":85,"atk":85,"def":85,"spa":85,"spd":85,"spe":85},"ivs":{"hp":31,"atk":30,"def":31,"spa":30,"spd":31,"spe":30},"item":"Choice Specs","level":83,"shiny":false},{"name":"Plusle","moves":["encore","nastyplot","substitute","thunderbolt"],"ability":"Lightning Rod","evs":{"hp":85,"atk":85,"def":85,"spa":85,"spd":85,"spe":85},"ivs":{"hp":31,"atk":31,"def":31,"spa":31,"spd":31,"spe":31},"item":"Leftovers","level":83,"shiny":false},{"name":"Ambipom","moves":["fakeout","lowkick","uturn","return"],"ability":"Technician","evs":{"hp":85,"atk":85,"def":85,"spa":85,"spd":85,"spe":85},"ivs":{"hp":31,"atk":31,"def":31,"spa":31,"spd":31,"spe":31},"item":"Life Orb","level":79,"shiny":false},{"name":"Slowking","moves":["icebeam","nastyplot","psychic","slackoff"],"ability":"Regenerator","evs":{"hp":85,"atk":85,"def":85,"spa":85,"spd":85,"spe":85},"ivs":{"hp":31,"atk":31,"def":31,"spa":31,"spd":31,"spe":31},"item":"Leftovers","level":77,"shiny":false},{"name":"Garbodor","moves":["toxicspikes","toxic","painsplit","gunkshot"],"ability":"Aftermath","evs":{"hp":85,"atk":85,"def":85,"spa":85,"spd":85,"spe":85},"ivs":{"hp":31,"atk":31,"def":31,"spa":31,"spd":31,"spe":31},"item":"Black Sludge","level":81,"shiny":false},{"name":"Mienshao","moves":["stoneedge","knockoff","swordsdance","highjumpkick"],"ability":"Regenerator","evs":{"hp":85,"atk":85,"def":85,"spa":85,"spd":85,"spe":85},"ivs":{"hp":31,"atk":31,"def":31,"spa":31,"spd":31,"spe":31},"item":"Life Orb","level":77,"shiny":false}],"log":["|player|p1|E.光.♣.chikorita01|236","|player|p2|DpxYT|80","|gametype|singles","|gen|6","|tier|Random Battle","|rated","|rule|Sleep Clause Mod: Limit one foe put to sleep","|rule|HP Percentage Mod: HP is shown in percentages","|","|start","|switch|p1a: Beartic|Beartic, L83, F|293/293","|switch|p2a: Wailord|Wailord, L83, M|418/418","|turn|1","|","|move|p2a: Wailord|Hidden Power|p1a: Beartic","|-supereffective|p1a: Beartic","|-damage|p1a: Beartic|175/293","|move|p1a: Beartic|Stone Edge|p2a: Wailord|[miss]","|-miss|p1a: Beartic|p2a: Wailord","|","|turn|2","|","|move|p2a: Wailord|Hidden Power|p1a: Beartic","|-supereffective|p1a: Beartic","|-damage|p1a: Beartic|39/293","|move|p1a: Beartic|Stone Edge|p2a: Wailord","|-damage|p2a: Wailord|221/418","|","|turn|3","|","|move|p2a: Wailord|Hidden Power|p1a: Beartic","|-supereffective|p1a: Beartic","|-damage|p1a: Beartic|0 fnt","|faint|p1a: Beartic","|","|","|switch|p1a: Gourgeist-Super|Gourgeist-Super, L83, M|277/277","|turn|4","|","|move|p2a: Wailord|Hidden Power|p1a: Gourgeist-Super","|-supereffective|p1a: Gourgeist-Super","|-damage|p1a: Gourgeist-Super|151/277","|move|p1a: Gourgeist-Super|Substitute|p1a: Gourgeist-Super","|-start|p1a: Gourgeist-Super|Substitute","|-damage|p1a: Gourgeist-Super|82/277","|","|-heal|p1a: Gourgeist-Super|99/277|[from] item: Leftovers","|turn|5","|","|move|p2a: Wailord|Hidden Power|p1a: Gourgeist-Super","|-supereffective|p1a: Gourgeist-Super","|-end|p1a: Gourgeist-Super|Substitute","|move|p1a: Gourgeist-Super|Synthesis|p1a: Gourgeist-Super","|-heal|p1a: Gourgeist-Super|237/277","|","|-heal|p1a: Gourgeist-Super|254/277|[from] item: Leftovers","|turn|6","|","|switch|p1a: Kyurem-White|Kyurem-White, L73|303/303","|-ability|p1a: Kyurem-White|Turboblaze","|move|p2a: Wailord|Hidden Power|p1a: Kyurem-White","|-damage|p1a: Kyurem-White|246/303","|","|-heal|p1a: Kyurem-White|264/303|[from] item: Leftovers","|turn|7","|","|switch|p2a: Slowking|Slowking, L77, M|273/273","|move|p1a: Kyurem-White|Dragon Pulse|p2a: Slowking","|-damage|p2a: Slowking|170/273","|","|-heal|p1a: Kyurem-White|282/303|[from] item: Leftovers","|-heal|p2a: Slowking|187/273|[from] item: Leftovers","|turn|8","|","|switch|p1a: Emolga|Emolga, L83, F|227/227","|move|p2a: Slowking|Slack Off|p2a: Slowking","|-heal|p2a: Slowking|273/273","|","|turn|9","|","|move|p1a: Emolga|Charge Beam|p2a: Slowking","|-supereffective|p2a: Slowking","|-damage|p2a: Slowking|193/273","|move|p2a: Slowking|Nasty Plot|p2a: Slowking","|-boost|p2a: Slowking|spa|2","|","|-heal|p2a: Slowking|210/273|[from] item: Leftovers","|turn|10","|","|move|p1a: Emolga|Encore|p2a: Slowking","|-start|p2a: Slowking|Encore","|move|p2a: Slowking|Nasty Plot|p2a: Slowking","|-boost|p2a: Slowking|spa|2","|","|-heal|p2a: Slowking|227/273|[from] item: Leftovers","|turn|11","|","|move|p1a: Emolga|Charge Beam|p2a: Slowking","|-supereffective|p2a: Slowking","|-damage|p2a: Slowking|147/273","|-boost|p1a: Emolga|spa|1","|move|p2a: Slowking|Nasty Plot|p2a: Slowking","|-boost|p2a: Slowking|spa|2","|","|-heal|p2a: Slowking|164/273|[from] item: Leftovers","|turn|12","|","|move|p1a: Emolga|Charge Beam|p2a: Slowking","|-supereffective|p2a: Slowking","|-damage|p2a: Slowking|48/273","|-boost|p1a: Emolga|spa|1","|move|p2a: Slowking|Nasty Plot|p2a: Slowking","|-fail|p2a: Slowking","|","|-heal|p2a: Slowking|65/273|[from] item: Leftovers","|-end|p2a: Slowking|Encore","|turn|13","|","|switch|p2a: Garbodor|Garbodor, L81, F|262/262","|move|p1a: Emolga|Charge Beam|p2a: Garbodor","|-damage|p2a: Garbodor|160/262","|","|-heal|p2a: Garbodor|176/262|[from] item: Black Sludge","|turn|14","|","|move|p1a: Emolga|Charge Beam|p2a: Garbodor","|-damage|p2a: Garbodor|80/262","|-boost|p1a: Emolga|spa|1","|move|p2a: Garbodor|Gunk Shot|p1a: Emolga","|-damage|p1a: Emolga|74/227","|","|-heal|p1a: Emolga|88/227|[from] item: Leftovers","|-heal|p2a: Garbodor|96/262|[from] item: Black Sludge","|turn|15","|","|move|p1a: Emolga|Charge Beam|p2a: Garbodor","|-damage|p2a: Garbodor|0 fnt","|-boost|p1a: Emolga|spa|1","|faint|p2a: Garbodor","|","|-heal|p1a: Emolga|102/227|[from] item: Leftovers","|","|switch|p2a: Ambipom|Ambipom, L79, F|248/248","|turn|16","|","|move|p2a: Ambipom|Fake Out|p1a: Emolga","|-damage|p1a: Emolga|8/227","|-damage|p2a: Ambipom|224/248|[from] item: Life Orb","|cant|p1a: Emolga|flinch","|","|-heal|p1a: Emolga|22/227|[from] item: Leftovers","|turn|17","|","|move|p2a: Ambipom|Return|p1a: Emolga","|-damage|p1a: Emolga|0 fnt","|-damage|p2a: Ambipom|200/248|[from] item: Life Orb","|faint|p1a: Emolga","|","|","|switch|p1a: Kyurem-White|Kyurem-White, L73|282/303","|-ability|p1a: Kyurem-White|Turboblaze","|turn|18","|","|move|p2a: Ambipom|Low Kick|p1a: Kyurem-White","|-supereffective|p1a: Kyurem-White","|-damage|p1a: Kyurem-White|71/303","|-damage|p2a: Ambipom|176/248|[from] item: Life Orb","|move|p1a: Kyurem-White|Focus Blast|p2a: Ambipom","|-supereffective|p2a: Ambipom","|-damage|p2a: Ambipom|0 fnt","|faint|p2a: Ambipom","|","|-heal|p1a: Kyurem-White|89/303|[from] item: Leftovers","|","|switch|p2a: Slowking|Slowking, L77, M|156/273","|turn|19","|","|move|p1a: Kyurem-White|Dragon Pulse|p2a: Slowking","|-damage|p2a: Slowking|56/273","|move|p2a: Slowking|Nasty Plot|p2a: Slowking","|-boost|p2a: Slowking|spa|2","|","|-heal|p1a: Kyurem-White|107/303|[from] item: Leftovers","|-heal|p2a: Slowking|73/273|[from] item: Leftovers","|turn|20","|","|switch|p2a: Wailord|Wailord, L83, M|221/418","|move|p1a: Kyurem-White|Dragon Pulse|p2a: Wailord","|-damage|p2a: Wailord|31/418","|","|-heal|p1a: Kyurem-White|125/303|[from] item: Leftovers","|turn|21","|","|move|p1a: Kyurem-White|Dragon Pulse|p2a: Wailord","|-damage|p2a: Wailord|0 fnt","|faint|p2a: Wailord","|","|-heal|p1a: Kyurem-White|143/303|[from] item: Leftovers","|","|switch|p2a: Plusle|Plusle, L83, M|235/235","|turn|22","|","|switch|p1a: Hydreigon|Hydreigon, L77, M|268/268","|move|p2a: Plusle|Substitute|p2a: Plusle","|-start|p2a: Plusle|Substitute","|-damage|p2a: Plusle|177/235","|","|-heal|p2a: Plusle|191/235|[from] item: Leftovers","|turn|23","|","|move|p2a: Plusle|Nasty Plot|p2a: Plusle","|-boost|p2a: Plusle|spa|2","|move|p1a: Hydreigon|Flash Cannon|p2a: Plusle","|-resisted|p2a: Plusle","|-activate|p2a: Plusle|Substitute|[damage]","|","|-heal|p2a: Plusle|205/235|[from] item: Leftovers","|turn|24","|","|move|p2a: Plusle|Encore|p1a: Hydreigon","|-start|p1a: Hydreigon|Encore","|move|p1a: Hydreigon|Flash Cannon|p2a: Plusle","|-resisted|p2a: Plusle","|-end|p2a: Plusle|Substitute","|","|-heal|p2a: Plusle|219/235|[from] item: Leftovers","|turn|25","|","|move|p2a: Plusle|Substitute|p2a: Plusle","|-start|p2a: Plusle|Substitute","|-damage|p2a: Plusle|161/235","|move|p1a: Hydreigon|Flash Cannon|p2a: Plusle","|-resisted|p2a: Plusle","|-activate|p2a: Plusle|Substitute|[damage]","|","|-heal|p2a: Plusle|175/235|[from] item: Leftovers","|turn|26","|","|move|p2a: Plusle|Nasty Plot|p2a: Plusle","|-boost|p2a: Plusle|spa|2","|move|p1a: Hydreigon|Flash Cannon|p2a: Plusle","|-resisted|p2a: Plusle","|-end|p2a: Plusle|Substitute","|","|-heal|p2a: Plusle|189/235|[from] item: Leftovers","|-end|p1a: Hydreigon|Encore","|turn|27","|","|move|p2a: Plusle|Substitute|p2a: Plusle","|-start|p2a: Plusle|Substitute","|-damage|p2a: Plusle|131/235","|move|p1a: Hydreigon|Draco Meteor|p2a: Plusle","|-end|p2a: Plusle|Substitute","|-unboost|p1a: Hydreigon|spa|2","|","|-heal|p2a: Plusle|145/235|[from] item: Leftovers","|turn|28","|","|move|p2a: Plusle|Nasty Plot|p2a: Plusle","|-boost|p2a: Plusle|spa|2","|move|p1a: Hydreigon|Draco Meteor|p2a: Plusle","|-damage|p2a: Plusle|61/235","|-unboost|p1a: Hydreigon|spa|2","|","|-heal|p2a: Plusle|75/235|[from] item: Leftovers","|turn|29","|","|move|p2a: Plusle|Thunderbolt|p1a: Hydreigon","|-resisted|p1a: Hydreigon","|-damage|p1a: Hydreigon|86/268","|move|p1a: Hydreigon|U-turn|p2a: Plusle","|-damage|p2a: Plusle|3/235","|","|switch|p1a: Honchkrow|Honchkrow, L77, M|281/281","|","|-heal|p2a: Plusle|17/235|[from] item: Leftovers","|turn|30","|","|move|p2a: Plusle|Thunderbolt|p1a: Honchkrow","|-supereffective|p1a: Honchkrow","|-damage|p1a: Honchkrow|0 fnt","|faint|p1a: Honchkrow","|","|-heal|p2a: Plusle|31/235|[from] item: Leftovers","|","|switch|p1a: Hydreigon|Hydreigon, L77, M|86/268","|turn|31","|","|move|p2a: Plusle|Thunderbolt|p1a: Hydreigon","|-resisted|p1a: Hydreigon","|-damage|p1a: Hydreigon|0 fnt","|faint|p1a: Hydreigon","|","|-heal|p2a: Plusle|45/235|[from] item: Leftovers","|","|switch|p1a: Gourgeist-Super|Gourgeist-Super, L83, M|254/277","|turn|32","|","|move|p1a: Gourgeist-Super|Shadow Sneak|p2a: Plusle","|-damage|p2a: Plusle|0 fnt","|faint|p2a: Plusle","|","|-heal|p1a: Gourgeist-Super|271/277|[from] item: Leftovers","|","|switch|p2a: Mienshao|Mienshao, L77, M|227/227","|turn|33","|","|move|p1a: Gourgeist-Super|Shadow Sneak|p2a: Mienshao","|-damage|p2a: Mienshao|170/227","|move|p2a: Mienshao|Knock Off|p1a: Gourgeist-Super","|-supereffective|p1a: Gourgeist-Super","|-damage|p1a: Gourgeist-Super|138/277","|-enditem|p1a: Gourgeist-Super|Leftovers|[from] move: Knock Off|[of] p2a: Mienshao","|-damage|p2a: Mienshao|148/227|[from] item: Life Orb","|","|turn|34","|","|move|p2a: Mienshao|Swords Dance|p2a: Mienshao","|-boost|p2a: Mienshao|atk|2","|move|p1a: Gourgeist-Super|Will-O-Wisp|p2a: Mienshao","|-status|p2a: Mienshao|brn","|","|-damage|p2a: Mienshao|120/227 brn|[from] brn","|turn|35","|","|move|p1a: Gourgeist-Super|Shadow Sneak|p2a: Mienshao","|-damage|p2a: Mienshao|54/227 brn","|move|p2a: Mienshao|Swords Dance|p2a: Mienshao","|-boost|p2a: Mienshao|atk|2","|","|-damage|p2a: Mienshao|26/227 brn|[from] brn","|turn|36","|","|move|p1a: Gourgeist-Super|Shadow Sneak|p2a: Mienshao","|-damage|p2a: Mienshao|0 fnt","|faint|p2a: Mienshao","|","|","|switch|p2a: Slowking|Slowking, L77, M|164/273","|turn|37","|","|move|p1a: Gourgeist-Super|Shadow Sneak|p2a: Slowking","|-supereffective|p2a: Slowking","|-damage|p2a: Slowking|66/273","|move|p2a: Slowking|Slack Off|p2a: Slowking","|-heal|p2a: Slowking|203/273","|","|-heal|p2a: Slowking|220/273|[from] item: Leftovers","|turn|38","|","|move|p1a: Gourgeist-Super|Shadow Sneak|p2a: Slowking","|-supereffective|p2a: Slowking","|-damage|p2a: Slowking|128/273","|move|p2a: Slowking|Ice Beam|p1a: Gourgeist-Super","|-supereffective|p1a: Gourgeist-Super","|-damage|p1a: Gourgeist-Super|14/277","|","|-heal|p2a: Slowking|145/273|[from] item: Leftovers","|turn|39","|","|move|p1a: Gourgeist-Super|Will-O-Wisp|p2a: Slowking","|-status|p2a: Slowking|brn","|move|p2a: Slowking|Slack Off|p2a: Slowking","|-heal|p2a: Slowking|273/273 brn","|","|-damage|p2a: Slowking|239/273 brn|[from] brn","|turn|40","|","|move|p1a: Gourgeist-Super|Synthesis|p1a: Gourgeist-Super","|-heal|p1a: Gourgeist-Super|152/277","|move|p2a: Slowking|Ice Beam|p1a: Gourgeist-Super","|-supereffective|p1a: Gourgeist-Super","|-damage|p1a: Gourgeist-Super|22/277","|","|-heal|p2a: Slowking|256/273 brn|[from] item: Leftovers","|-damage|p2a: Slowking|222/273 brn|[from] brn","|turn|41","|","|move|p1a: Gourgeist-Super|Shadow Sneak|p2a: Slowking","|-supereffective|p2a: Slowking","|-damage|p2a: Slowking|112/273 brn","|move|p2a: Slowking|Ice Beam|p1a: Gourgeist-Super","|-supereffective|p1a: Gourgeist-Super","|-damage|p1a: Gourgeist-Super|0 fnt","|faint|p1a: Gourgeist-Super","|","|-heal|p2a: Slowking|129/273 brn|[from] item: Leftovers","|-damage|p2a: Slowking|95/273 brn|[from] brn","|","|switch|p1a: Kyurem-White|Kyurem-White, L73|143/303","|-ability|p1a: Kyurem-White|Turboblaze","|turn|42","|","|move|p1a: Kyurem-White|Dragon Pulse|p2a: Slowking","|-damage|p2a: Slowking|0 fnt","|faint|p2a: Slowking","|","|win|E.光.♣.chikorita01"],"p1rating":{"entryid":7564099,"formatid":"randombattle","userid":"echikorita01","username":"E.光.♣.chikorita01","r":1500,"rd":130,"sigma":0,"rpr":1542.2701702095,"rprd":122.32727148576,"rpsigma":0,"rptime":1439283600,"w":1,"l":0,"t":0,"gxe":55.3,"acre":1051.320477795,"lacre":1051.320477795,"oldacre":1000},"p2rating":{"entryid":"5752056","serverid":"eos","formatid":"randombattle","userid":"dpxyt","username":"DpxYT","w":"6","l":7,"t":"0","gxe":48.3,"r":"1507.4856960291","rd":"90.031670161503","sigma":"0","rptime":"1439283600","rpr":1486.6828300879,"rprd":87.555632811466,"rpsigma":"0","acre":1069.0122130648,"lacre":1069.0122130648,"oldacre":"1101.0875116867"},"endType":"normal"}