{"seed":[34532,24542,2746,49461],"turns":30,"p1":"GTX♅bookman","p2":"IceeSnowcone","p1team":[{"name":"Sandslash","moves":["knockoff","rapidspin","earthquake","toxic"],"ability":"Sand Rush","evs":{"hp":85,"atk":85,"def":85,"spa":85,"spd":85,"spe":85},"ivs":{"hp":31,"atk":31,"def":31,"spa":31,"spd":31,"spe":31},"item":"Life Orb","level":81,"shiny":false},{"name":"Venomoth","moves":["substitute","sludgebomb","sleeppowder","batonpass"],"ability":"Tinted Lens","evs":{"hp":81,"atk":85,"def":85,"spa":89,"spd":85,"spe":85},"ivs":{"hp":31,"atk":31,"def":31,"spa":31,"spd":31,"spe":31},"item":"Black Sludge","level":79,"shiny":false},{"name":"Delcatty","moves":["healbell","wildcharge","thunderwave","doubleedge"],"ability":"Wonder Skin","evs":{"hp":85,"atk":85,"def":85,"spa":85,"spd":85,"spe":85},"ivs":{"hp":31,"atk":31,"def":31,"spa":31,"spd":31,"spe":31},"item":"Leftovers","level":83,"shiny":false},{"name":"Rotom-Mow","moves":["hiddenpowerfire","thunderbolt","trick","painsplit"],"ability":"Levitate","evs":{"hp":85,"atk":85,"def":85,"spa":85,"spd":85,"spe":85},"ivs":{"hp":31,"atk":30,"def":31,"spa":30,"spd":31,"spe":30},"item":"Choice Scarf","level":79,"shiny":false},{"name":"Mantine","moves":["scald","defog","airslash","toxic"],"ability":"Water Absorb","evs":{"hp":85,"atk":85,"def":85,"spa":85,"spd":85,"spe":85},"ivs":{"hp":31,"atk":31,"def":31,"spa":31,"spd":31,"spe":31},"item":"Leftovers","level":81,"shiny":false},{"name":"Aurorus","moves":["earthpower","encore","thunderbolt","blizzard"],"ability":"Snow Warning","evs":{"hp":81,"atk":85,"def":85,"spa":89,"spd":85,"spe":85},"ivs":{"hp":31,"atk":31,"def":31,"spa":31,"spd":31,"spe":31},"item":"Leftovers","level":81,"shiny":false}],"p2team":[{"name":"Noctowl","moves":["whirlwind","nightshade","roost","toxic"],"ability":"Tinted Lens","evs":{"hp":85,"atk":85,"def":85,"spa":85,"spd":85,"spe":85},"ivs":{"hp":31,"atk":31,"def":31,"spa":31,"spd":31,"spe":31},"item":"Focus Sash","level":83,"shiny":false},{"name":"Castform","moves":["weatherball","thunder","hurricane","raindance"],"ability":"Forecast","evs":{"hp":85,"atk":85,"def":85,"spa":85,"spd":85,"spe":85},"ivs":{"hp":31,"atk":31,"def":31,"spa":31,"spd":31,"spe":31},"item":"Damp Rock","level":83,"shiny":false},{"name":"Hawlucha","moves":["thunderpunch","roost","acrobatics","highjumpkick"],"ability":"Unburden","evs":{"hp":85,"atk":85,"def":85,"spa":85,"spd":85,"spe":85},"ivs":{"hp":31,"atk":31,"def":31,"spa":31,"spd":31,"spe":31},"item":"Flying Gem","level":76,"shiny":false},{"name":"Victreebel","moves":["sleeppowder","weatherball","sludgebomb","sunnyday"],"ability":"Chlorophyll","evs":{"hp":85,"atk":85,"def":85,"spa":85,"spd":85,"spe":85},"ivs":{"hp":31,"atk":31,"def":31,"spa":31,"spd":31,"spe":31},"item":"Heat Rock","level":82,"shiny":false},{"name":"Mr. Mime","moves":["dazzlinggleam","focusblast","psychic","encore"],"ability":"Filter","evs":{"hp":85,"atk":85,"def":85,"spa":85,"spd":85,"spe":85},"ivs":{"hp":31,"atk":31,"def":31,"spa":31,"spd":31,"spe":31},"item":"Life Orb","level":83,"shiny":false},{"name":"Raikou","moves":["calmmind","aurasphere","thunderbolt","hiddenpowerice"],"ability":"Volt Absorb","evs":{"hp":85,"atk":85,"def":85,"spa":85,"spd":85,"spe":85},"ivs":{"hp":31,"atk":30,"def":30,"spa":31,"spd":31,"spe":31},"item":"Life Orb","level":75,"shiny":false}],"log":["|player|p1|GTX♅bookman|151","|player|p2|IceeSnowcone|160","|gametype|singles","|gen|6","|tier|Random Battle","|rated","|rule|Sleep Clause Mod: Limit one foe put to sleep","|rule|HP Percentage Mod: HP is shown in percentages","|","|start","|switch|p1a: Sandslash|Sandslash, L81, F|254/254","|switch|p2a: Noctowl|Noctowl, L83, F|302/302","|turn|1","|","|move|p2a: Noctowl|Night Shade|p1a: Sandslash","|-damage|p1a: Sandslash|171/254","|move|p1a: Sandslash|Earthquake|p2a: Noctowl","|-immune|p2a: Noctowl|[msg]","|","|turn|2","|","|move|p2a: Noctowl|Toxic|p1a: Sandslash|[miss]","|-miss|p2a: Noctowl|p1a: Sandslash","|move|p1a: Sandslash|Knock Off|p2a: Noctowl","|-damage|p2a: Noctowl|181/302","|-enditem|p2a: Noctowl|Focus Sash|[from] move: Knock Off|[of] p1a: Sandslash","|-damage|p1a: Sandslash|146/254|[from] item: Life Orb","|","|turn|3","|","|move|p2a: Noctowl|Toxic|p1a: Sandslash","|-status|p1a: Sandslash|tox","|move|p1a: Sandslash|Knock Off|p2a: Noctowl","|-damage|p2a: Noctowl|93/302","|-damage|p1a: Sandslash|121/254 tox|[from] item: Life Orb","|","|-damage|p1a: Sandslash|106/254 tox|[from] psn","|turn|4","|","|move|p2a: Noctowl|Roost|p2a: Noctowl","|-heal|p2a: Noctowl|244/302","|move|p1a: Sandslash|Knock Off|p2a: Noctowl","|-damage|p2a: Noctowl|165/302","|-damage|p1a: Sandslash|81/254 tox|[from] item: Life Orb","|","|-damage|p1a: Sandslash|51/254 tox|[from] psn","|turn|5","|","|move|p2a: Noctowl|Roost|p2a: Noctowl","|-heal|p2a: Noctowl|302/302","|move|p1a: Sandslash|Toxic|p2a: Noctowl","|-status|p2a: Noctowl|tox","|","|-damage|p2a: Noctowl|284/302 tox|[from] psn","|-damage|p1a: Sandslash|6/254 tox|[from] psn","|turn|6","|","|move|p1a: Sandslash|Knock Off|p2a: Noctowl","|-damage|p2a: Noctowl|200/302 tox","|-damage|p1a: Sandslash|0 fnt|[from] item: Life Orb","|faint|p1a: Sandslash","|move|p2a: Noctowl|Whirlwind|p1: Sandslash|[notarget]","|-notarget","|","|-damage|p2a: Noctowl|164/302 tox|[from] psn","|","|switch|p1a: Venomoth|Venomoth, L79, M|239/239","|turn|7","|","|move|p1a: Venomoth|Sludge Bomb|p2a: Noctowl","|-crit|p2a: Noctowl","|-damage|p2a: Noctowl|43/302 tox","|move|p2a: Noctowl|Whirlwind|p1a: Venomoth","|drag|p1a: Rotom-Mow|Rotom-Mow, L79|209/209","|","|-damage|p2a: Noctowl|0 fnt|[from] psn","|faint|p2a: Noctowl","|","|switch|p2a: Mr. Mime|Mr. Mime, L83, F|202/202","|turn|8","|","|move|p1a: Rotom-Mow|Pain Split|p2a: Mr. Mime","|-sethp|p2a: Mr. Mime|202/202|p1a: Rotom-Mow|205/209|[from] move: Pain Split","|move|p2a: Mr. Mime|Dazzling Gleam|p1a: Rotom-Mow","|-damage|p1a: Rotom-Mow|111/209","|-damage|p2a: Mr. Mime|182/202|[from] item: Life Orb","|","|turn|9","|","|switch|p2a: Victreebel|Victreebel, L82, M|265/265","|move|p1a: Rotom-Mow|Pain Split|p2a: Victreebel","|-sethp|p2a: Victreebel|188/265|p1a: Rotom-Mow|188/209|[from] move: Pain Split","|","|turn|10","|","|move|p1a: Rotom-Mow|Pain Split|p2a: Victreebel","|-sethp|p2a: Victreebel|188/265|p1a: Rotom-Mow|188/209|[from] move: Pain Split","|move|p2a: Victreebel|Sleep Powder|p1a: Rotom-Mow|[miss]","|-miss|p2a: Victreebel|p1a: Rotom-Mow","|","|turn|11","|","|move|p1a: Rotom-Mow|Pain Split|p2a: Victreebel","|-sethp|p2a: Victreebel|188/265|p1a: Rotom-Mow|188/209|[from] move: Pain Split","|move|p2a: Victreebel|Weather Ball|p1a: Rotom-Mow","|-damage|p1a: Rotom-Mow|155/209","|","|turn|12","|","|move|p1a: Rotom-Mow|Pain Split|p2a: Victreebel","|-sethp|p2a: Victreebel|171/265|p1a: Rotom-Mow|171/209|[from] move: Pain Split","|move|p2a: Victreebel|Sludge Bomb|p1a: Rotom-Mow","|-supereffective|p1a: Rotom-Mow","|-damage|p1a: Rotom-Mow|0 fnt","|faint|p1a: Rotom-Mow","|","|","|switch|p1a: Delcatty|Delcatty, L83, M|252/252","|turn|13","|","|move|p1a: Delcatty|Double-Edge|p2a: Victreebel","|-damage|p2a: Victreebel|62/265","|-damage|p1a: Delcatty|216/252|[from] recoil|[of] p2a: Victreebel","|move|p2a: Victreebel|Sleep Powder|p1a: Delcatty","|-status|p1a: Delcatty|slp","|","|-heal|p1a: Delcatty|231/252 slp|[from] item: Leftovers","|turn|14","|","|switch|p1a: Mantine|Mantine, L81, M|238/238","|move|p2a: Victreebel|Sunny Day|p2a: Victreebel","|-weather|SunnyDay","|","|-weather|SunnyDay|[upkeep]","|turn|15","|","|move|p2a: Victreebel|Weather Ball|p1a: Mantine","|-resisted|p1a: Mantine","|-damage|p1a: Mantine|201/238","|move|p1a: Mantine|Air Slash|p2a: Victreebel","|-supereffective|p2a: Victreebel","|-damage|p2a: Victreebel|0 fnt","|faint|p2a: Victreebel","|","|-weather|SunnyDay|[upkeep]","|-heal|p1a: Mantine|215/238|[from] item: Leftovers","|","|switch|p2a: Raikou|Raikou, L75|259/259","|turn|16","|","|move|p2a: Raikou|Thunderbolt|p1a: Mantine","|-supereffective|p1a: Mantine","|-damage|p1a: Mantine|0 fnt","|-damage|p2a: Raikou|234/259|[from] item: Life Orb","|faint|p1a: Mantine","|","|-weather|SunnyDay|[upkeep]","|","|switch|p1a: Venomoth|Venomoth, L79, M|239/239","|turn|17","|","|move|p2a: Raikou|Thunderbolt|p1a: Venomoth","|-damage|p1a: Venomoth|90/239","|-damage|p2a: Raikou|209/259|[from] item: Life Orb","|move|p1a: Venomoth|Sleep Powder|p2a: Raikou","|-status|p2a: Raikou|slp","|","|-weather|SunnyDay|[upkeep]","|-heal|p1a: Venomoth|104/239|[from] item: Black Sludge","|turn|18","|","|cant|p2a: Raikou|slp","|move|p1a: Venomoth|Sludge Bomb|p2a: Raikou","|-damage|p2a: Raikou|131/259 slp","|","|-weather|SunnyDay|[upkeep]","|-heal|p1a: Venomoth|118/239|[from] item: Black Sludge","|turn|19","|","|cant|p2a: Raikou|slp","|move|p1a: Venomoth|Sludge Bomb|p2a: Raikou","|-damage|p2a: Raikou|55/259 slp","|","|-weather|SunnyDay|[upkeep]","|-heal|p1a: Venomoth|132/239|[from] item: Black Sludge","|turn|20","|","|switch|p2a: Hawlucha|Hawlucha, L76, F|244/244","|move|p1a: Venomoth|Sludge Bomb|p2a: Hawlucha","|-damage|p2a: Hawlucha|138/244","|-status|p2a: Hawlucha|psn","|","|-weather|SunnyDay|[upkeep]","|-heal|p1a: Venomoth|146/239|[from] item: Black Sludge","|-damage|p2a: Hawlucha|108/244 psn|[from] psn","|turn|21","|","|move|p2a: Hawlucha|Thunder Punch|p1a: Venomoth","|-damage|p1a: Venomoth|85/239","|move|p1a: Venomoth|Sludge Bomb|p2a: Hawlucha","|-damage|p2a: Hawlucha|0 fnt","|faint|p2a: Hawlucha","|","|-weather|none","|-heal|p1a: Venomoth|99/239|[from] item: Black Sludge","|","|switch|p2a: Castform|Castform, L83, M|252/252","|turn|22","|","|move|p1a: Venomoth|Sleep Powder|p2a: Castform","|-message|Sleep Clause Mod activated.","|-immune|p2a: Castform|[msg]","|move|p2a: Castform|Thunder|p1a: Venomoth","|-damage|p1a: Venomoth|28/239","|","|-heal|p1a: Venomoth|42/239|[from] item: Black Sludge","|turn|23","|","|move|p1a: Venomoth|Sleep Powder|p2a: Castform","|-message|Sleep Clause Mod activated.","|-immune|p2a: Castform|[msg]","|move|p2a: Castform|Rain Dance|p2a: Castform","|-weather|RainDance","|-formechange|p2a: Castform|Castform-Rainy|[msg]","|","|-weather|RainDance|[upkeep]","|-heal|p1a: Venomoth|56/239|[from] item: Black Sludge","|turn|24","|","|move|p1a: Venomoth|Sleep Powder|p2a: Castform","|-message|Sleep Clause Mod activated.","|-immune|p2a: Castform|[msg]","|move|p2a: Castform|Weather Ball|p1a: Venomoth","|-damage|p1a: Venomoth|0 fnt","|faint|p1a: Venomoth","|","|-weather|RainDance|[upkeep]","|","|switch|p1a: Delcatty|Delcatty, L83, M|231/252 slp","|turn|25","|","|cant|p1a: Delcatty|slp","|move|p2a: Castform|Weather Ball|p1a: Delcatty","|-damage|p1a: Delcatty|48/252 slp","|","|-weather|RainDance|[upkeep]","|-heal|p1a: Delcatty|63/252 slp|[from] item: Leftovers","|turn|26","|","|cant|p1a: Delcatty|slp","|move|p2a: Castform|Weather Ball|p1a: Delcatty","|-damage|p1a: Delcatty|0 fnt","|faint|p1a: Delcatty","|","|-weather|RainDance|[upkeep]","|","|switch|p1a: Aurorus|Aurorus, L81, M|331/331","|-weather|Hail","|-formechange|p2a: Castform|Castform-Snowy|[msg]","|turn|27","|","|move|p2a: Castform|Weather Ball|p1a: Aurorus","|-resisted|p1a: Aurorus","|-damage|p1a: Aurorus|293/331","|move|p1a: Aurorus|Thunderbolt|p2a: Castform","|-damage|p2a: Castform|185/252","|","|-weather|Hail|[upkeep]","|-heal|p1a: Aurorus|313/331|[from] item: Leftovers","|turn|28","|","|move|p2a: Castform|Rain Dance|p2a: Castform","|-weather|RainDance","|-formechange|p2a: Castform|Castform-Rainy|[msg]","|move|p1a: Aurorus|Earth Power|p2a: Castform","|-damage|p2a: Castform|113/252","|","|-weather|RainDance|[upkeep]","|-heal|p1a: Aurorus|331/331|[from] item: Leftovers","|turn|29","|","|move|p2a: Castform|Weather Ball|p1a: Aurorus","|-supereffective|p1a: Aurorus","|-damage|p1a: Aurorus|77/331","|move|p1a: Aurorus|Earth Power|p2a: Castform","|-damage|p2a: Castform|42/252","|","|-weather|RainDance|[upkeep]","|-heal|p1a: Aurorus|97/331|[from] item: Leftovers","|turn|30","|","|move|p2a: Castform|Weather Ball|p1a: Aurorus","|-supereffective|p1a: Aurorus","|-damage|p1a: Aurorus|0 fnt","|faint|p1a: Aurorus","|","|win|IceeSnowcone"],"p1rating":{"entryid":"6888133","serverid":"eos","formatid":"randombattle","userid":"gtxbookman","username":"Gtx Bookman","w":"15","l":30,"t":"0","gxe":36.6,"r":1401.5747789774,"rd":55.180036638938,"sigma":"0","rptime":1439283600,"rpr":1395.6668101823,"rprd":54.632581795458,"rpsigma":"0","acre":1031.3552481147,"lacre":1031.3552481147,"oldacre":"1051.7423529013"},"p2rating":{"entryid":7559283,"formatid":"randombattle","userid":"iceesnowcone","username":"IceeSnowcone","r":1500,"rd":130,"sigma":0,"rpr":1531.6358165368,"rprd":122.46309703774,"rpsigma":0,"rptime":1439283600,"w":1,"l":0,"t":0,"gxe":54,"acre":1045.9134050451,"lacre":1045.9134050451,"oldacre":1000},"endType":"normal"}