{"seed":[62579,45534,15174,4382],"turns":23,"p1":"Emg Gl Linket","p2":"pklover69","p1team":[{"name":"Vaporeon","moves":["icebeam","protect","roar","scald"],"ability":"Water Absorb","evs":{"hp":85,"atk":85,"def":85,"spa":85,"spd":85,"spe":85},"ivs":{"hp":31,"atk":31,"def":31,"spa":31,"spd":31,"spe":31},"item":"Leftovers","level":77,"shiny":false},{"name":"Flareon","moves":["wish","toxic","protect","flareblitz"],"ability":"Guts","evs":{"hp":81,"atk":89,"def":85,"spa":85,"spd":85,"spe":85},"ivs":{"hp":31,"atk":31,"def":31,"spa":31,"spd":31,"spe":31},"item":"Toxic Orb","level":83,"shiny":false},{"name":"Wobbuffet","moves":["destinybond","encore","mirrorcoat","counter"],"ability":"Shadow Tag","evs":{"hp":85,"atk":85,"def":85,"spa":85,"spd":85,"spe":85},"ivs":{"hp":31,"atk":31,"def":31,"spa":31,"spd":31,"spe":31},"item":"Leftovers","level":79,"shiny":false},{"name":"Honchkrow","moves":["heatwave","suckerpunch","substitute","bravebird"],"ability":"Moxie","evs":{"hp":85,"atk":85,"def":85,"spa":85,"spd":85,"spe":85},"ivs":{"hp":31,"atk":31,"def":31,"spa":31,"spd":31,"spe":31},"item":"Leftovers","level":77,"shiny":false},{"name":"Klinklang","moves":["geargrind","wildcharge","return","substitute"],"ability":"Clear Body","evs":{"hp":85,"atk":85,"def":85,"spa":85,"spd":85,"spe":85},"ivs":{"hp":31,"atk":31,"def":31,"spa":31,"spd":31,"spe":31},"item":"Leftovers","level":81,"shiny":false},{"name":"Heliolisk","moves":["hiddenpowerice","raindance","hypervoice","darkpulse"],"ability":"Dry Skin","evs":{"hp":85,"atk":85,"def":85,"spa":85,"spd":85,"spe":85},"ivs":{"hp":31,"atk":30,"def":30,"spa":31,"spd":31,"spe":31},"item":"Damp Rock","level":77,"shiny":false}],"p2team":[{"name":"Dugtrio","moves":["suckerpunch","earthquake","reversal","substitute"],"ability":"Arena Trap","evs":{"hp":85,"atk":85,"def":85,"spa":85,"spd":85,"spe":85},"ivs":{"hp":31,"atk":31,"def":31,"spa":31,"spd":31,"spe":31},"item":"Focus Sash","level":79,"shiny":false},{"name":"Spinda","moves":["return","suckerpunch","trickroom","superpower"],"ability":"Contrary","evs":{"hp":170,"atk":85,"def":85,"spa":85,"spd":85,"spe":0},"ivs":{"hp":31,"atk":31,"def":31,"spa":31,"spd":31,"spe":0},"item":"Life Orb","level":83,"shiny":false},{"name":"Forretress","moves":["stealthrock","spikes","rapidspin","gyroball"],"ability":"Sturdy","evs":{"hp":85,"atk":170,"def":85,"spa":85,"spd":85,"spe":0},"ivs":{"hp":31,"atk":31,"def":31,"spa":31,"spd":31,"spe":0},"item":"Leftovers","level":77,"shiny":false},{"name":"Seismitoad","moves":["stealthrock","earthquake","toxic","knockoff"],"ability":"Water Absorb","evs":{"hp":85,"atk":85,"def":85,"spa":85,"spd":85,"spe":85},"ivs":{"hp":31,"atk":31,"def":31,"spa":31,"spd":31,"spe":31},"item":"Leftovers","level":79,"shiny":false},{"name":"Malamar","moves":["trickroom","superpower","rockslide","knockoff"],"ability":"Contrary","evs":{"hp":170,"atk":85,"def":85,"spa":85,"spd":85,"spe":0},"ivs":{"hp":31,"atk":31,"def":31,"spa":31,"spd":31,"spe":0},"item":"Life Orb","level":81,"shiny":false},{"name":"Terrakion","moves":["closecombat","substitute","stealthrock","stoneedge"],"ability":"Justified","evs":{"hp":85,"atk":85,"def":85,"spa":85,"spd":85,"spe":85},"ivs":{"hp":31,"atk":31,"def":31,"spa":31,"spd":31,"spe":31},"item":"Leftovers","level":76,"shiny":false}],"log":["|player|p1|Emg Gl Linket|1","|player|p2|pklover69|128","|gametype|singles","|gen|6","|tier|Random Battle","|rated","|rule|Sleep Clause Mod: Limit one foe put to sleep","|rule|HP Percentage Mod: HP is shown in percentages","|","|start","|switch|p1a: Vaporeon|Vaporeon, L77, F|327/327","|switch|p2a: Dugtrio|Dugtrio, L79, M|185/185","|turn|1","|","|move|p2a: Dugtrio|Earthquake|p1a: Vaporeon","|-damage|p1a: Vaporeon|210/327","|move|p1a: Vaporeon|Scald|p2a: Dugtrio","|-supereffective|p2a: Dugtrio","|-enditem|p2a: Dugtrio|Focus Sash","|-damage|p2a: Dugtrio|1/185","|","|-heal|p1a: Vaporeon|230/327|[from] item: Leftovers","|turn|2","|","|move|p1a: Vaporeon|Protect|p1a: Vaporeon","|-singleturn|p1a: Vaporeon|Protect","|move|p2a: Dugtrio|Reversal|p1a: Vaporeon","|-activate|p1a: Vaporeon|Protect","|","|-heal|p1a: Vaporeon|250/327|[from] item: Leftovers","|turn|3","|","|move|p2a: Dugtrio|Reversal|p1a: Vaporeon","|-damage|p1a: Vaporeon|105/327","|move|p1a: Vaporeon|Scald|p2a: Dugtrio","|-supereffective|p2a: Dugtrio","|-damage|p2a: Dugtrio|0 fnt","|faint|p2a: Dugtrio","|","|-heal|p1a: Vaporeon|125/327|[from] item: Leftovers","|","|switch|p2a: Seismitoad|Seismitoad, L79, M|295/295","|turn|4","|","|move|p2a: Seismitoad|Stealth Rock|p1a: Vaporeon","|-sidestart|p1: Emg Gl Linket|move: Stealth Rock","|move|p1a: Vaporeon|Roar|p2a: Seismitoad","|drag|p2a: Terrakion|Terrakion, L76|263/263","|","|-heal|p1a: Vaporeon|145/327|[from] item: Leftovers","|turn|5","|","|move|p1a: Vaporeon|Protect|p1a: Vaporeon","|-singleturn|p1a: Vaporeon|Protect","|move|p2a: Terrakion|Substitute|p2a: Terrakion","|-start|p2a: Terrakion|Substitute","|-damage|p2a: Terrakion|198/263","|","|-heal|p2a: Terrakion|214/263|[from] item: Leftovers","|-heal|p1a: Vaporeon|165/327|[from] item: Leftovers","|turn|6","|","|move|p2a: Terrakion|Close Combat|p1a: Vaporeon","|-crit|p1a: Vaporeon","|-damage|p1a: Vaporeon|0 fnt","|-unboost|p2a: Terrakion|def|1","|-unboost|p2a: Terrakion|spd|1","|faint|p1a: Vaporeon","|","|-heal|p2a: Terrakion|230/263|[from] item: Leftovers","|","|switch|p1a: Wobbuffet|Wobbuffet, L79, M|430/430","|-damage|p1a: Wobbuffet|377/430|[from] Stealth Rock","|turn|7","|","|move|p2a: Terrakion|Stone Edge|p1a: Wobbuffet","|-damage|p1a: Wobbuffet|217/430","|move|p1a: Wobbuffet|Counter|p2a: Terrakion","|-end|p2a: Terrakion|Substitute","|","|-heal|p2a: Terrakion|246/263|[from] item: Leftovers","|-heal|p1a: Wobbuffet|243/430|[from] item: Leftovers","|turn|8","|","|move|p2a: Terrakion|Stone Edge|p1a: Wobbuffet","|-crit|p1a: Wobbuffet","|-damage|p1a: Wobbuffet|18/430","|move|p1a: Wobbuffet|Encore|p2a: Terrakion","|-start|p2a: Terrakion|Encore","|","|-heal|p2a: Terrakion|262/263|[from] item: Leftovers","|-heal|p1a: Wobbuffet|44/430|[from] item: Leftovers","|turn|9","|","|move|p2a: Terrakion|Stone Edge|p1a: Wobbuffet|[miss]","|-miss|p2a: Terrakion|p1a: Wobbuffet","|move|p1a: Wobbuffet|Destiny Bond|p1a: Wobbuffet","|-singlemove|p1a: Wobbuffet|Destiny Bond","|","|-heal|p2a: Terrakion|263/263|[from] item: Leftovers","|-heal|p1a: Wobbuffet|70/430|[from] item: Leftovers","|turn|10","|","|move|p2a: Terrakion|Stone Edge|p1a: Wobbuffet","|-damage|p1a: Wobbuffet|0 fnt","|faint|p1a: Wobbuffet","|-activate|p1a: Wobbuffet|Destiny Bond","|faint|p2a: Terrakion","|","|","|switch|p1a: Klinklang|Klinklang, L81|230/230","|switch|p2a: Forretress|Forretress, L77, M|242/242","|-damage|p1a: Klinklang|216/230|[from] Stealth Rock","|turn|11","|","|switch|p1a: Flareon|Flareon, L83, F|243/243","|-damage|p1a: Flareon|183/243|[from] Stealth Rock","|move|p2a: Forretress|Spikes|p1a: Flareon","|-sidestart|p1: Emg Gl Linket|Spikes","|","|-status|p1a: Flareon|tox|[from] item: Toxic Orb","|turn|12","|","|move|p1a: Flareon|Toxic|p2a: Forretress","|-immune|p2a: Forretress|[msg]","|move|p2a: Forretress|Spikes|p1a: Flareon","|-sidestart|p1: Emg Gl Linket|Spikes","|","|-damage|p1a: Flareon|168/243 tox|[from] psn","|turn|13","|","|move|p1a: Flareon|Flare Blitz|p2a: Forretress","|-supereffective|p2a: Forretress","|-ability|p2a: Forretress|Sturdy","|-damage|p2a: Forretress|1/242","|-damage|p1a: Flareon|88/243 tox|[from] recoil|[of] p2a: Forretress","|move|p2a: Forretress|Spikes|p1a: Flareon","|-sidestart|p1: Emg Gl Linket|Spikes","|","|-heal|p2a: Forretress|16/242|[from] item: Leftovers","|-damage|p1a: Flareon|58/243 tox|[from] psn","|turn|14","|","|switch|p2a: Seismitoad|Seismitoad, L79, M|295/295","|move|p1a: Flareon|Protect|p1a: Flareon","|-fail|p1a: Flareon","|","|-damage|p1a: Flareon|13/243 tox|[from] psn","|turn|15","|","|move|p2a: Seismitoad|Earthquake|p1a: Flareon","|-supereffective|p1a: Flareon","|-damage|p1a: Flareon|0 fnt","|faint|p1a: Flareon","|","|","|switch|p1a: Honchkrow|Honchkrow, L77, F|281/281","|-damage|p1a: Honchkrow|211/281|[from] Stealth Rock","|turn|16","|","|move|p2a: Seismitoad|Knock Off|p1a: Honchkrow","|-resisted|p1a: Honchkrow","|-damage|p1a: Honchkrow|163/281","|-enditem|p1a: Honchkrow|Leftovers|[from] move: Knock Off|[of] p2a: Seismitoad","|move|p1a: Honchkrow|Substitute|p1a: Honchkrow","|-start|p1a: Honchkrow|Substitute","|-damage|p1a: Honchkrow|93/281","|","|turn|17","|","|switch|p2a: Forretress|Forretress, L77, M|16/242","|move|p1a: Honchkrow|Brave Bird|p2a: Forretress","|-damage|p2a: Forretress|0 fnt","|-damage|p1a: Honchkrow|88/281|[from] recoil|[of] p2a: Forretress","|faint|p2a: Forretress","|-boost|p1a: Honchkrow|atk|1|[from] ability: Moxie","|","|","|switch|p2a: Malamar|Malamar, L81, F|289/289","|turn|18","|","|move|p1a: Honchkrow|Brave Bird|p2a: Malamar","|-damage|p2a: Malamar|84/289","|-damage|p1a: Honchkrow|20/281|[from] recoil|[of] p2a: Malamar","|move|p2a: Malamar|Superpower|p1a: Honchkrow","|-end|p1a: Honchkrow|Substitute","|-boost|p2a: Malamar|atk|1","|-boost|p2a: Malamar|def|1","|-damage|p2a: Malamar|56/289|[from] item: Life Orb","|","|turn|19","|","|move|p1a: Honchkrow|Sucker Punch|p2a: Malamar","|-damage|p2a: Malamar|0 fnt","|faint|p2a: Malamar","|-boost|p1a: Honchkrow|atk|1|[from] ability: Moxie","|","|","|switch|p2a: Seismitoad|Seismitoad, L79, M|295/295","|turn|20","|","|move|p2a: Seismitoad|Toxic|p1a: Honchkrow","|-status|p1a: Honchkrow|tox","|move|p1a: Honchkrow|Brave Bird|p2a: Seismitoad","|-damage|p2a: Seismitoad|0 fnt","|-damage|p1a: Honchkrow|0 fnt|[from] recoil|[of] p2a: Seismitoad","|faint|p2a: Seismitoad","|faint|p1a: Honchkrow","|","|","|switch|p1a: Heliolisk|Heliolisk, L77, F|222/222","|switch|p2a: Spinda|Spinda, L83, F|253/253","|-damage|p1a: Heliolisk|167/222|[from] Spikes","|-damage|p1a: Heliolisk|140/222|[from] Stealth Rock","|turn|21","|","|move|p1a: Heliolisk|Hyper Voice|p2a: Spinda","|-crit|p2a: Spinda","|-damage|p2a: Spinda|76/253","|move|p2a: Spinda|Trick Room|p2a: Spinda","|-fieldstart|move: Trick Room|[of] p2a: Spinda","|","|turn|22","|","|move|p2a: Spinda|Superpower|p1a: Heliolisk","|-supereffective|p1a: Heliolisk","|-damage|p1a: Heliolisk|0 fnt","|-boost|p2a: Spinda|atk|1","|-boost|p2a: Spinda|def|1","|-damage|p2a: Spinda|51/253|[from] item: Life Orb","|faint|p1a: Heliolisk","|","|","|switch|p1a: Klinklang|Klinklang, L81|216/230","|-damage|p1a: Klinklang|159/230|[from] Spikes","|-damage|p1a: Klinklang|145/230|[from] Stealth Rock","|turn|23","|","|move|p2a: Spinda|Superpower|p1a: Klinklang","|-supereffective|p1a: Klinklang","|-damage|p1a: Klinklang|0 fnt","|-boost|p2a: Spinda|atk|1","|-boost|p2a: Spinda|def|1","|-damage|p2a: Spinda|26/253|[from] item: Life Orb","|faint|p1a: Klinklang","|","|win|pklover69"],"p1rating":{"entryid":"7099396","serverid":"eos","formatid":"randombattle","userid":"emggllinket","username":"Emg GL Linket","w":"6","l":6,"t":"0","gxe":50.3,"r":"1522.4044224597","rd":"86.685963130751","sigma":"0","rptime":"1439283600","rpr":1502.2868841039,"rprd":84.475940283602,"rpsigma":"0","acre":1090.6051950038,"lacre":1090.6051950038,"oldacre":"1124.1785636709"},"p2rating":{"entryid":7562291,"formatid":"randombattle","userid":"pklover69","username":"pklover69","r":1500,"rd":130,"sigma":0,"rpr":1544.0949103819,"rprd":122.31263664836,"rpsigma":0,"rptime":1439283600,"w":1,"l":0,"t":0,"gxe":55.5,"acre":1053.7173898673,"lacre":1053.7173898673,"oldacre":1000},"endType":"normal"}