{"seed":[44468,53353,18231,30451],"turns":20,"p1":"Emg Gl Linket","p2":"itsmagic<3","p1team":[{"name":"Sawsbuck","moves":["batonpass","jumpkick","hornleech","substitute"],"ability":"Sap Sipper","evs":{"hp":85,"atk":85,"def":85,"spa":85,"spd":85,"spe":85},"ivs":{"hp":31,"atk":31,"def":31,"spa":31,"spd":31,"spe":31},"item":"Leftovers","level":83,"shiny":false},{"name":"Ho-Oh","moves":["flamecharge","earthquake","roost","bravebird"],"ability":"Regenerator","evs":{"hp":85,"atk":85,"def":85,"spa":85,"spd":85,"spe":85},"ivs":{"hp":31,"atk":31,"def":31,"spa":31,"spd":31,"spe":31},"item":"Leftovers","level":73,"shiny":false},{"name":"Lucario","moves":["flashcannon","crunch","closecombat","icepunch"],"ability":"Justified","evs":{"hp":85,"atk":85,"def":85,"spa":85,"spd":85,"spe":85},"ivs":{"hp":31,"atk":31,"def":31,"spa":31,"spd":31,"spe":31},"item":"Lucarionite","level":74,"shiny":false},{"name":"Mr. Mime","moves":["batonpass","psyshock","nastyplot","focusblast"],"ability":"Filter","evs":{"hp":85,"atk":85,"def":85,"spa":85,"spd":85,"spe":85},"ivs":{"hp":31,"atk":31,"def":31,"spa":31,"spd":31,"spe":31},"item":"Leftovers","level":83,"shiny":false},{"name":"Dragonite","moves":["roost","extremespeed","outrage","dragondance"],"ability":"Multiscale","evs":{"hp":81,"atk":89,"def":85,"spa":85,"spd":85,"spe":85},"ivs":{"hp":31,"atk":31,"def":31,"spa":31,"spd":31,"spe":31},"item":"Lum Berry","level":75,"shiny":false},{"name":"Sableye","moves":["knockoff","recover","taunt","toxic"],"ability":"Prankster","evs":{"hp":85,"atk":85,"def":85,"spa":85,"spd":85,"spe":85},"ivs":{"hp":31,"atk":31,"def":31,"spa":31,"spd":31,"spe":31},"item":"Leftovers","level":77,"shiny":false}],"p2team":[{"name":"Gyarados","moves":["earthquake","dragondance","substitute","crunch"],"ability":"Moxie","evs":{"hp":85,"atk":85,"def":85,"spa":85,"spd":85,"spe":85},"ivs":{"hp":31,"atk":31,"def":31,"spa":31,"spd":31,"spe":31},"item":"Gyaradosite","level":75,"shiny":false},{"name":"Kecleon","moves":["suckerpunch","drainpunch","knockoff","recover"],"ability":"Protean","evs":{"hp":85,"atk":85,"def":85,"spa":85,"spd":85,"spe":85},"ivs":{"hp":31,"atk":31,"def":31,"spa":31,"spd":31,"spe":31},"item":"Life Orb","level":81,"shiny":false},{"name":"Garchomp","moves":["dragonclaw","earthquake","stoneedge","stealthrock"],"ability":"Rough Skin","evs":{"hp":85,"atk":85,"def":85,"spa":85,"spd":85,"spe":85},"ivs":{"hp":31,"atk":31,"def":31,"spa":31,"spd":31,"spe":31},"item":"Rocky Helmet","level":75,"shiny":false},{"name":"Terrakion","moves":["substitute","closecombat","stoneedge","stealthrock"],"ability":"Justified","evs":{"hp":85,"atk":85,"def":85,"spa":85,"spd":85,"spe":85},"ivs":{"hp":31,"atk":31,"def":31,"spa":31,"spd":31,"spe":31},"item":"Leftovers","level":76,"shiny":false},{"name":"Volcarona","moves":["gigadrain","bugbuzz","hiddenpowerice","quiverdance"],"ability":"Flame Body","evs":{"hp":81,"atk":85,"def":85,"spa":89,"spd":85,"spe":85},"ivs":{"hp":31,"atk":30,"def":30,"spa":31,"spd":31,"spe":31},"item":"Life Orb","level":76,"shiny":false},{"name":"Meowstic-F","moves":["shadowball","energyball","calmmind","psyshock"],"ability":"Infiltrator","evs":{"hp":85,"atk":85,"def":85,"spa":85,"spd":85,"spe":85},"ivs":{"hp":31,"atk":31,"def":31,"spa":31,"spd":31,"spe":31},"item":"Life Orb","level":83,"shiny":false}],"log":["|player|p1|Emg Gl Linket|1","|player|p2|itsmagic<3|72","|gametype|singles","|gen|6","|tier|Random Battle","|rated","|rule|Sleep Clause Mod: Limit one foe put to sleep","|rule|HP Percentage Mod: HP is shown in percentages","|","|start","|switch|p1a: Sawsbuck|Sawsbuck, L83, F|268/268","|switch|p2a: Gyarados|Gyarados, L75, M|266/266","|turn|1","|","|switch|p1a: Dragonite|Dragonite, L75, F|259/259","|switch|p2a: Volcarona|Volcarona, L76, F|253/253","|","|turn|2","|","|move|p2a: Volcarona|Hidden Power|p1a: Dragonite","|-supereffective|p1a: Dragonite","|-damage|p1a: Dragonite|139/259","|-damage|p2a: Volcarona|228/253|[from] item: Life Orb","|move|p1a: Dragonite|Dragon Dance|p1a: Dragonite","|-boost|p1a: Dragonite|atk|1","|-boost|p1a: Dragonite|spe|1","|","|turn|3","|","|move|p1a: Dragonite|Roost|p1a: Dragonite","|-heal|p1a: Dragonite|259/259","|move|p2a: Volcarona|Hidden Power|p1a: Dragonite","|-supereffective|p1a: Dragonite","|-damage|p1a: Dragonite|198/259","|-damage|p2a: Volcarona|203/253|[from] item: Life Orb","|","|turn|4","|","|move|p1a: Dragonite|Dragon Dance|p1a: Dragonite","|-boost|p1a: Dragonite|atk|1","|-boost|p1a: Dragonite|spe|1","|move|p2a: Volcarona|Hidden Power|p1a: Dragonite","|-supereffective|p1a: Dragonite","|-damage|p1a: Dragonite|0 fnt","|-damage|p2a: Volcarona|178/253|[from] item: Life Orb","|faint|p1a: Dragonite","|","|","|switch|p1a: Sableye|Sableye, L77, F|204/204","|turn|5","|","|move|p1a: Sableye|Toxic|p2a: Volcarona","|-status|p2a: Volcarona|tox","|move|p2a: Volcarona|Quiver Dance|p2a: Volcarona","|-boost|p2a: Volcarona|spa|1","|-boost|p2a: Volcarona|spd|1","|-boost|p2a: Volcarona|spe|1","|","|-damage|p2a: Volcarona|163/253 tox|[from] psn","|turn|6","|","|move|p2a: Volcarona|Bug Buzz|p1a: Sableye","|-damage|p1a: Sableye|0 fnt","|-damage|p2a: Volcarona|138/253 tox|[from] item: Life Orb","|faint|p1a: Sableye","|","|-damage|p2a: Volcarona|108/253 tox|[from] psn","|","|switch|p1a: Ho-Oh|Ho-Oh, L73|275/275","|turn|7","|","|move|p2a: Volcarona|Hidden Power|p1a: Ho-Oh","|-crit|p1a: Ho-Oh","|-damage|p1a: Ho-Oh|175/275","|-damage|p2a: Volcarona|83/253 tox|[from] item: Life Orb","|move|p1a: Ho-Oh|Flame Charge|p2a: Volcarona","|-crit|p2a: Volcarona","|-damage|p2a: Volcarona|0 fnt","|-boost|p1a: Ho-Oh|spe|1","|faint|p2a: Volcarona","|","|-heal|p1a: Ho-Oh|192/275|[from] item: Leftovers","|","|switch|p2a: Garchomp|Garchomp, L75, M|286/286","|turn|8","|","|move|p1a: Ho-Oh|Roost|p1a: Ho-Oh","|-heal|p1a: Ho-Oh|275/275","|move|p2a: Garchomp|Stone Edge|p1a: Ho-Oh","|-supereffective|p1a: Ho-Oh","|-damage|p1a: Ho-Oh|123/275","|","|-heal|p1a: Ho-Oh|140/275|[from] item: Leftovers","|turn|9","|","|move|p1a: Ho-Oh|Roost|p1a: Ho-Oh","|-heal|p1a: Ho-Oh|275/275","|move|p2a: Garchomp|Stone Edge|p1a: Ho-Oh","|-supereffective|p1a: Ho-Oh","|-damage|p1a: Ho-Oh|113/275","|","|-heal|p1a: Ho-Oh|130/275|[from] item: Leftovers","|turn|10","|","|move|p1a: Ho-Oh|Roost|p1a: Ho-Oh","|-heal|p1a: Ho-Oh|268/275","|move|p2a: Garchomp|Stone Edge|p1a: Ho-Oh","|-supereffective|p1a: Ho-Oh","|-damage|p1a: Ho-Oh|110/275","|","|-heal|p1a: Ho-Oh|127/275|[from] item: Leftovers","|turn|11","|","|move|p1a: Ho-Oh|Roost|p1a: Ho-Oh","|-heal|p1a: Ho-Oh|265/275","|move|p2a: Garchomp|Stone Edge|p1a: Ho-Oh","|-supereffective|p1a: Ho-Oh","|-damage|p1a: Ho-Oh|105/275","|","|-heal|p1a: Ho-Oh|122/275|[from] item: Leftovers","|turn|12","|","|move|p1a: Ho-Oh|Roost|p1a: Ho-Oh","|-heal|p1a: Ho-Oh|260/275","|move|p2a: Garchomp|Stone Edge|p1a: Ho-Oh|[miss]","|-miss|p2a: Garchomp|p1a: Ho-Oh","|","|-heal|p1a: Ho-Oh|275/275|[from] item: Leftovers","|turn|13","|","|move|p1a: Ho-Oh|Earthquake|p2a: Garchomp","|-damage|p2a: Garchomp|210/286","|move|p2a: Garchomp|Stone Edge|p1a: Ho-Oh","|-supereffective|p1a: Ho-Oh","|-damage|p1a: Ho-Oh|0 fnt","|faint|p1a: Ho-Oh","|","|","|switch|p1a: Lucario|Lucario, L74, F|226/226","|turn|14","|","|detailschange|p1a: Lucario|Lucario-Mega, L74, F","|-mega|p1a: Lucario|Lucario|Lucarionite","|move|p2a: Garchomp|Earthquake|p1a: Lucario","|-supereffective|p1a: Lucario","|-damage|p1a: Lucario|0 fnt","|faint|p1a: Lucario","|","|","|switch|p1a: Sawsbuck|Sawsbuck, L83, F|268/268","|turn|15","|","|switch|p2a: Kecleon|Kecleon, L81, F|230/230","|move|p1a: Sawsbuck|Horn Leech|p2a: Kecleon","|-damage|p2a: Kecleon|127/230","|","|turn|16","|","|move|p1a: Sawsbuck|Jump Kick|p2a: Kecleon","|-supereffective|p2a: Kecleon","|-damage|p2a: Kecleon|0 fnt","|faint|p2a: Kecleon","|","|","|switch|p2a: Terrakion|Terrakion, L76|263/263","|turn|17","|","|move|p2a: Terrakion|Close Combat|p1a: Sawsbuck","|-supereffective|p1a: Sawsbuck","|-damage|p1a: Sawsbuck|0 fnt","|-unboost|p2a: Terrakion|def|1","|-unboost|p2a: Terrakion|spd|1","|faint|p1a: Sawsbuck","|","|","|switch|p1a: Mr. Mime|Mr. Mime, L83, M|202/202","|turn|18","|","|move|p2a: Terrakion|Stone Edge|p1a: Mr. Mime","|-damage|p1a: Mr. Mime|61/202","|move|p1a: Mr. Mime|Psyshock|p2a: Terrakion","|-supereffective|p2a: Terrakion","|-damage|p2a: Terrakion|0 fnt","|faint|p2a: Terrakion","|","|-heal|p1a: Mr. Mime|73/202|[from] item: Leftovers","|","|switch|p2a: Meowstic-F|Meowstic-F, L83, F|259/259","|turn|19","|","|move|p2a: Meowstic-F|Shadow Ball|p1a: Mr. Mime","|-supereffective|p1a: Mr. Mime","|-damage|p1a: Mr. Mime|3/202","|-damage|p2a: Meowstic-F|234/259|[from] item: Life Orb","|move|p1a: Mr. Mime|Nasty Plot|p1a: Mr. Mime","|-boost|p1a: Mr. Mime|spa|2","|","|-heal|p1a: Mr. Mime|15/202|[from] item: Leftovers","|turn|20","|","|move|p2a: Meowstic-F|Shadow Ball|p1a: Mr. Mime","|-supereffective|p1a: Mr. Mime","|-damage|p1a: Mr. Mime|0 fnt","|-damage|p2a: Meowstic-F|209/259|[from] item: Life Orb","|faint|p1a: Mr. Mime","|","|win|itsmagic<3"],"p1rating":{"entryid":"7099396","serverid":"eos","formatid":"randombattle","userid":"emggllinket","username":"Emg GL Linket","w":"7","l":9,"t":"0","gxe":46.3,"r":"1522.4044224597","rd":"86.685963130751","sigma":"0","rptime":"1439283600","rpr":1471.0813874857,"rprd":76.974036757567,"rpsigma":"0","acre":1040.7536375234,"lacre":1040.7536375234,"oldacre":"1063.9008049331"},"p2rating":{"entryid":"7008938","serverid":"eos","formatid":"randombattle","userid":"itsmagic3","username":"itsmagic<3","w":1,"l":"2","t":"0","gxe":45.7,"r":1418.8129780748,"rd":120.73233918789,"sigma":"0","rptime":1439283600,"rpr":1465.7285062528,"rprd":114.93276253856,"rpsigma":"0","acre":1047.2750057904,"lacre":1047.2750057904,"oldacre":"1000"},"endType":"normal"}