{"seed":[58010,50268,10762,60042],"turns":25,"p1":"C-control","p2":"Alliance - Mxy","p1team":[{"name":"Kyurem-Black","species":"Kyurem-Black","item":"choicescarf","ability":"Teravolt","moves":["fusionbolt","outrage","stoneedge","ironhead"],"nature":"Jolly","evs":{"hp":0,"atk":252,"def":0,"spa":0,"spd":4,"spe":252},"ivs":{"hp":31,"atk":31,"def":31,"spa":31,"spd":31,"spe":31}},{"name":"Aurorus","species":"Aurorus","item":"leftovers","ability":"Snow Warning","moves":["ancientpower","encore","stealthrock","thunderwave"],"nature":"Calm","evs":{"hp":252,"atk":0,"def":0,"spa":4,"spd":252,"spe":0},"ivs":{"hp":31,"atk":31,"def":31,"spa":31,"spd":31,"spe":31}},{"name":"Abomasnow","species":"Abomasnow","item":"abomasite","ability":"Snow Warning","moves":["gigadrain","blizzard","iceshard","substitute"],"nature":"Gentle","evs":{"hp":248,"atk":8,"def":0,"spa":0,"spd":252,"spe":0},"ivs":{"hp":31,"atk":31,"def":31,"spa":31,"spd":31,"spe":31}},{"name":"Glaceon","species":"Glaceon","item":"choicespecs","ability":"Snow Cloak","moves":["hiddenpowerfire","blizzard","shadowball","synchronoise"],"nature":"Modest","evs":{"hp":248,"atk":0,"def":0,"spa":252,"spd":8,"spe":0},"ivs":{"hp":31,"atk":30,"def":31,"spa":30,"spd":31,"spe":30}},{"name":"Avalugg","species":"Avalugg","item":"leftovers","ability":"Ice Body","moves":["earthquake","recover","superpower","icefang"],"nature":"Adamant","evs":{"hp":252,"atk":252,"def":0,"spa":0,"spd":4,"spe":0},"ivs":{"hp":31,"atk":31,"def":31,"spa":31,"spd":31,"spe":31}},{"name":"Froslass","species":"Froslass","item":"leftovers","ability":"Snow Cloak","moves":["taunt","spikes","shadowball","thunderwave"],"nature":"Timid","evs":{"hp":252,"atk":0,"def":0,"spa":4,"spd":0,"spe":252},"ivs":{"hp":31,"atk":31,"def":31,"spa":31,"spd":31,"spe":31}}],"p2team":[{"name":"Sharpedo","species":"Sharpedo","item":"sharpedonite","ability":"Speed Boost","moves":["crunch","hydropump","poisonjab","protect"],"nature":"Naive","evs":{"hp":0,"atk":252,"def":4,"spa":0,"spd":0,"spe":252},"ivs":{"hp":31,"atk":31,"def":31,"spa":31,"spd":31,"spe":31}},{"name":"Weavile","species":"Weavile","item":"lifeorb","ability":"Pressure","moves":["iciclecrash","iceshard","knockoff","lowkick"],"nature":"Jolly","evs":{"hp":0,"atk":252,"def":0,"spa":0,"spd":4,"spe":252},"ivs":{"hp":31,"atk":31,"def":31,"spa":31,"spd":31,"spe":31}},{"name":"Hoopa-Unbound","species":"Hoopa-Unbound","item":"choicescarf","ability":"Magician","moves":["psyshock","darkpulse","hiddenpowerfire","energyball"],"nature":"Timid","evs":{"hp":0,"atk":0,"def":0,"spa":252,"spd":4,"spe":252},"ivs":{"hp":31,"atk":30,"def":31,"spa":30,"spd":31,"spe":30}},{"name":"Sableye","species":"Sableye","item":"leftovers","ability":"Prankster","moves":["recover","willowisp","taunt","foulplay"],"nature":"Calm","evs":{"hp":252,"atk":0,"def":120,"spa":0,"spd":136,"spe":0},"ivs":{"hp":31,"atk":31,"def":31,"spa":31,"spd":31,"spe":31}},{"name":"Bisharp","species":"Bisharp","item":"assaultvest","ability":"Defiant","moves":["knockoff","suckerpunch","poweruppunch","ironhead"],"nature":"Adamant","evs":{"hp":192,"atk":220,"def":0,"spa":0,"spd":0,"spe":96},"ivs":{"hp":31,"atk":31,"def":31,"spa":31,"spd":31,"spe":31}},{"name":"Mandibuzz","species":"Mandibuzz","item":"rockyhelmet","ability":"Overcoat","moves":["bravebird","toxic","roost","defog"],"nature":"Impish","evs":{"hp":248,"atk":8,"def":252,"spa":0,"spd":0,"spe":0},"ivs":{"hp":31,"atk":31,"def":31,"spa":31,"spd":31,"spe":31}}],"log":["|player|p1|C-control|190","|player|p2|Alliance - Mxy|270","|gametype|singles","|gen|6","|tier|Monotype","|rated","|rule|Baton Pass Clause: Limit one Baton Passer, can't pass Spe and other stats simultaneously","|rule|Swagger Clause: Swagger is banned","|rule|Same Type Clause: Pokémon in a team must share a type","|clearpoke","|poke|p1|Kyurem-Black","|poke|p1|Aurorus, M","|poke|p1|Abomasnow, M","|poke|p1|Glaceon, F","|poke|p1|Avalugg, F","|poke|p1|Froslass, F","|poke|p2|Sharpedo, F","|poke|p2|Weavile, M","|poke|p2|Hoopa-Unbound","|poke|p2|Sableye, M","|poke|p2|Bisharp, M","|poke|p2|Mandibuzz, F","|rule|Sleep Clause Mod: Limit one foe put to sleep","|rule|Species Clause: Limit one of each Pokémon","|rule|OHKO Clause: OHKO moves are banned","|rule|Moody Clause: Moody is banned","|rule|Evasion Moves Clause: Evasion moves are banned","|rule|Endless Battle Clause: Forcing endless battles is banned","|rule|HP Percentage Mod: HP is shown in percentages","|teampreview","|","|start","|switch|p1a: Abomasnow|Abomasnow, M|383/383","|switch|p2a: Sableye|Sableye, M|304/304","|-weather|Hail","|turn|1","|","|switch|p2a: Bisharp|Bisharp, M|319/319","|detailschange|p1a: Abomasnow|Abomasnow-Mega, M","|-mega|p1a: Abomasnow|Abomasnow|Abomasite","|move|p1a: Abomasnow|Substitute|p1a: Abomasnow","|-start|p1a: Abomasnow|Substitute","|-damage|p1a: Abomasnow|288/383","|","|-weather|Hail|[upkeep]","|-damage|p2a: Bisharp|300/319|[from] hail","|turn|2","|","|move|p2a: Bisharp|Power-Up Punch|p1a: Abomasnow","|-supereffective|p1a: Abomasnow","|-end|p1a: Abomasnow|Substitute","|-boost|p2a: Bisharp|atk|1","|move|p1a: Abomasnow|Blizzard|p2a: Bisharp","|-resisted|p2a: Bisharp","|-damage|p2a: Bisharp|228/319","|","|-weather|Hail|[upkeep]","|-damage|p2a: Bisharp|209/319|[from] hail","|turn|3","|","|switch|p1a: Avalugg|Avalugg, F|394/394","|move|p2a: Bisharp|Iron Head|p1a: Avalugg","|-crit|p1a: Avalugg","|-supereffective|p1a: Avalugg","|-damage|p1a: Avalugg|14/394","|","|-weather|Hail|[upkeep]","|-damage|p2a: Bisharp|190/319|[from] hail","|-heal|p1a: Avalugg|38/394|[from] ability: Ice Body","|-heal|p1a: Avalugg|62/394|[from] item: Leftovers","|turn|4","|","|move|p2a: Bisharp|Power-Up Punch|p1a: Avalugg","|-crit|p1a: Avalugg","|-supereffective|p1a: Avalugg","|-damage|p1a: Avalugg|0 fnt","|-boost|p2a: Bisharp|atk|1","|faint|p1a: Avalugg","|","|-weather|Hail|[upkeep]","|-damage|p2a: Bisharp|171/319|[from] hail","|","|switch|p1a: Froslass|Froslass, F|344/344","|turn|5","|","|move|p1a: Froslass|Thunder Wave|p2a: Bisharp","|-status|p2a: Bisharp|par","|cant|p2a: Bisharp|par","|","|-weather|none","|turn|6","|","|move|p1a: Froslass|Shadow Ball|p2a: Bisharp","|-resisted|p2a: Bisharp","|-damage|p2a: Bisharp|135/319 par","|-unboost|p2a: Bisharp|spd|1","|-boost|p2a: Bisharp|atk|2|[from] ability: Defiant","|move|p2a: Bisharp|Knock Off|p1a: Froslass","|-supereffective|p1a: Froslass","|-damage|p1a: Froslass|0 fnt","|-enditem|p1a: Froslass|Leftovers|[from] move: Knock Off|[of] p2a: Bisharp","|faint|p1a: Froslass","|","|","|switch|p1a: Glaceon|Glaceon, F|333/333","|turn|7","|","|move|p1a: Glaceon|Hidden Power|p2a: Bisharp","|-supereffective|p2a: Bisharp","|-damage|p2a: Bisharp|0 fnt","|faint|p2a: Bisharp","|","|","|switch|p2a: Hoopa-Unbound|Hoopa-Unbound|301/301","|turn|8","|","|move|p2a: Hoopa-Unbound|Hidden Power|p1a: Glaceon","|-supereffective|p1a: Glaceon","|-damage|p1a: Glaceon|141/333","|move|p1a: Glaceon|Hidden Power|p2a: Hoopa-Unbound","|-crit|p2a: Hoopa-Unbound","|-damage|p2a: Hoopa-Unbound|157/301","|","|turn|9","|","|switch|p1a: Kyurem-Black|Kyurem-Black|391/391","|-ability|p1a: Kyurem-Black|Teravolt","|move|p2a: Hoopa-Unbound|Hidden Power|p1a: Kyurem-Black","|-damage|p1a: Kyurem-Black|303/391","|","|turn|10","|","|move|p1a: Kyurem-Black|Stone Edge|p2a: Hoopa-Unbound","|-damage|p2a: Hoopa-Unbound|0 fnt","|faint|p2a: Hoopa-Unbound","|","|","|switch|p2a: Sharpedo|Sharpedo, F|281/281","|turn|11","|","|switch|p1a: Aurorus|Aurorus, M|450/450","|-weather|Hail","|move|p2a: Sharpedo|Protect|p2a: Sharpedo","|-fail|p2a: Sharpedo","|","|-weather|Hail|[upkeep]","|-damage|p2a: Sharpedo|264/281|[from] hail","|-boost|p2a: Sharpedo|spe|1|[from] ability: Speed Boost","|turn|12","|","|move|p2a: Sharpedo|Hydro Pump|p1a: Aurorus","|-supereffective|p1a: Aurorus","|-damage|p1a: Aurorus|252/450","|move|p1a: Aurorus|Thunder Wave|p2a: Sharpedo","|-status|p2a: Sharpedo|par","|","|-weather|Hail|[upkeep]","|-damage|p2a: Sharpedo|247/281 par|[from] hail","|-heal|p1a: Aurorus|280/450|[from] item: Leftovers","|-boost|p2a: Sharpedo|spe|1|[from] ability: Speed Boost","|turn|13","|","|move|p2a: Sharpedo|Hydro Pump|p1a: Aurorus","|-supereffective|p1a: Aurorus","|-damage|p1a: Aurorus|104/450","|move|p1a: Aurorus|Encore|p2a: Sharpedo","|-start|p2a: Sharpedo|Encore","|","|-weather|Hail|[upkeep]","|-damage|p2a: Sharpedo|230/281 par|[from] hail","|-heal|p1a: Aurorus|132/450|[from] item: Leftovers","|-boost|p2a: Sharpedo|spe|1|[from] ability: Speed Boost","|turn|14","|","|cant|p2a: Sharpedo|par","|move|p1a: Aurorus|Stealth Rock|p2a: Sharpedo","|-sidestart|p2: Alliance - Mxy|move: Stealth Rock","|","|-weather|Hail|[upkeep]","|-damage|p2a: Sharpedo|213/281 par|[from] hail","|-heal|p1a: Aurorus|160/450|[from] item: Leftovers","|-boost|p2a: Sharpedo|spe|1|[from] ability: Speed Boost","|turn|15","|","|move|p2a: Sharpedo|Hydro Pump|p1a: Aurorus","|-supereffective|p1a: Aurorus","|-damage|p1a: Aurorus|0 fnt","|faint|p1a: Aurorus","|","|-weather|none","|-boost|p2a: Sharpedo|spe|1|[from] ability: Speed Boost","|","|switch|p1a: Abomasnow|Abomasnow-Mega, M|288/383","|-weather|Hail","|turn|16","|","|cant|p2a: Sharpedo|par","|move|p1a: Abomasnow|Giga Drain|p2a: Sharpedo","|-crit|p2a: Sharpedo","|-supereffective|p2a: Sharpedo","|-damage|p2a: Sharpedo|0 fnt","|-heal|p1a: Abomasnow|383/383|[from] drain|[of] p2a: Sharpedo","|faint|p2a: Sharpedo","|","|-weather|Hail|[upkeep]","|","|switch|p2a: Weavile|Weavile, M|281/281","|-damage|p2a: Weavile|211/281|[from] Stealth Rock","|-ability|p2a: Weavile|Pressure","|turn|17","|","|switch|p1a: Glaceon|Glaceon, F|141/333","|move|p2a: Weavile|Low Kick|p1a: Glaceon","|-supereffective|p1a: Glaceon","|-damage|p1a: Glaceon|0 fnt","|-damage|p2a: Weavile|183/281|[from] item: Life Orb","|faint|p1a: Glaceon","|","|-weather|Hail|[upkeep]","|","|switch|p1a: Kyurem-Black|Kyurem-Black|303/391","|-ability|p1a: Kyurem-Black|Teravolt","|turn|18","|","|move|p2a: Weavile|Ice Shard|p1a: Kyurem-Black","|-crit|p1a: Kyurem-Black","|-damage|p1a: Kyurem-Black|167/391","|-damage|p2a: Weavile|155/281|[from] item: Life Orb","|move|p1a: Kyurem-Black|Stone Edge|p2a: Weavile","|-supereffective|p2a: Weavile","|-damage|p2a: Weavile|0 fnt","|faint|p2a: Weavile","|","|-weather|Hail|[upkeep]","|","|switch|p2a: Mandibuzz|Mandibuzz, F|423/423","|-damage|p2a: Mandibuzz|318/423|[from] Stealth Rock","|turn|19","|","|move|p1a: Kyurem-Black|Stone Edge|p2a: Mandibuzz","|-supereffective|p2a: Mandibuzz","|-damage|p2a: Mandibuzz|112/423","|move|p2a: Mandibuzz|Roost|p2a: Mandibuzz","|-heal|p2a: Mandibuzz|324/423","|","|-weather|Hail|[upkeep]","|turn|20","|","|move|p1a: Kyurem-Black|Stone Edge|p2a: Mandibuzz","|-supereffective|p2a: Mandibuzz","|-damage|p2a: Mandibuzz|104/423","|move|p2a: Mandibuzz|Roost|p2a: Mandibuzz","|-heal|p2a: Mandibuzz|316/423","|","|-weather|none","|turn|21","|","|switch|p1a: Abomasnow|Abomasnow-Mega, M|383/383","|-weather|Hail","|move|p2a: Mandibuzz|Brave Bird|p1a: Abomasnow","|-crit|p1a: Abomasnow","|-supereffective|p1a: Abomasnow","|-damage|p1a: Abomasnow|59/383","|-damage|p2a: Mandibuzz|209/423|[from] recoil|[of] p1a: Abomasnow","|","|-weather|Hail|[upkeep]","|turn|22","|","|move|p1a: Abomasnow|Ice Shard|p2a: Mandibuzz","|-supereffective|p2a: Mandibuzz","|-damage|p2a: Mandibuzz|131/423","|move|p2a: Mandibuzz|Brave Bird|p1a: Abomasnow","|-supereffective|p1a: Abomasnow","|-damage|p1a: Abomasnow|0 fnt","|-damage|p2a: Mandibuzz|112/423|[from] recoil|[of] p1a: Abomasnow","|faint|p1a: Abomasnow","|","|-weather|Hail|[upkeep]","|","|switch|p1a: Kyurem-Black|Kyurem-Black|167/391","|-ability|p1a: Kyurem-Black|Teravolt","|turn|23","|","|move|p1a: Kyurem-Black|Outrage|p2a: Mandibuzz","|-damage|p2a: Mandibuzz|0 fnt","|-damage|p1a: Kyurem-Black|102/391|[from] item: Rocky Helmet|[of] p2a: Mandibuzz","|faint|p2a: Mandibuzz","|","|-weather|Hail|[upkeep]","|","|switch|p2a: Sableye|Sableye, M|304/304","|-damage|p2a: Sableye|266/304|[from] Stealth Rock","|turn|24","|","|move|p2a: Sableye|Will-O-Wisp|p1a: Kyurem-Black","|-status|p1a: Kyurem-Black|brn","|move|p1a: Kyurem-Black|Outrage|p2a: Sableye|[from]lockedmove","|-damage|p2a: Sableye|123/304","|-start|p1a: Kyurem-Black|confusion|[fatigue]","|","|-weather|Hail|[upkeep]","|-damage|p2a: Sableye|104/304|[from] hail","|-heal|p2a: Sableye|123/304|[from] item: Leftovers","|-damage|p1a: Kyurem-Black|54/391 brn|[from] brn","|turn|25","|","|move|p2a: Sableye|Recover|p2a: Sableye","|-heal|p2a: Sableye|275/304","|-activate|p1a: Kyurem-Black|confusion","|-damage|p1a: Kyurem-Black|27/391 brn|[from] confusion","|","|-weather|none","|-heal|p2a: Sableye|294/304|[from] item: Leftovers","|-damage|p1a: Kyurem-Black|0 fnt|[from] brn","|faint|p1a: Kyurem-Black","|","|win|Alliance - Mxy"],"p1rating":{"entryid":"6158211","serverid":"eos","formatid":"monotype","userid":"ccontrol","username":"C-control","w":"8","l":12,"t":"0","gxe":41.3,"r":1443.5210114298,"rd":80.575514574006,"sigma":"0","rptime":1439542800,"rpr":1432.1795245741,"rprd":78.77536275875,"rpsigma":"0","acre":1040.6286987688,"lacre":1040.6286987688,"oldacre":"1053.0528132143"},"p2rating":{"entryid":"6690851","serverid":"eos","formatid":"monotype","userid":"alliancemxy","username":"Alliance - Mxy","w":82,"l":"52","t":"0","gxe":60.5,"r":"1575.7609704698","rd":"33.942345590115","sigma":"0","rptime":"1439542800","rpr":1580.6645520192,"rprd":33.661725616082,"rpsigma":"0","acre":1181.0087797708,"lacre":1181.0087797708,"oldacre":"1163.7126326194"},"endType":"normal"}