{"seed":[39985,62258,12158,13453],"turns":29,"p1":"Guard Wulf","p2":"Sereana","p1team":[{"name":"Skarmory","species":"Skarmory","item":"leftovers","ability":"Sturdy","moves":["bravebird","whirlwind","roost","stealthrock"],"nature":"Impish","evs":{"hp":252,"atk":0,"def":232,"spa":0,"spd":0,"spe":24},"ivs":{"hp":31,"atk":31,"def":31,"spa":31,"spd":31,"spe":31}},{"name":"Heatran","species":"Heatran","item":"airballoon","ability":"Flash Fire","moves":["willowisp","lavaplume","earthpower","ancientpower"],"nature":"Calm","evs":{"hp":248,"atk":0,"def":0,"spa":8,"spd":252,"spe":0},"ivs":{"hp":31,"atk":31,"def":31,"spa":31,"spd":31,"spe":31}},{"name":"Ferrothorn","species":"Ferrothorn","item":"leftovers","ability":"Iron Barbs","moves":["leechseed","protect","spikes","seedbomb"],"nature":"Impish","evs":{"hp":208,"atk":0,"def":200,"spa":0,"spd":100,"spe":0},"ivs":{"hp":31,"atk":31,"def":31,"spa":31,"spd":31,"spe":31}},{"name":"Bisharp","species":"Bisharp","item":"lifeorb","ability":"Defiant","moves":["swordsdance","suckerpunch","knockoff","ironhead"],"nature":"Jolly","evs":{"hp":0,"atk":252,"def":0,"spa":0,"spd":4,"spe":252},"ivs":{"hp":31,"atk":31,"def":31,"spa":31,"spd":31,"spe":31}},{"name":"Scizor","species":"Scizor","item":"scizorite","ability":"Technician","moves":["swordsdance","bulletpunch","bugbite","superpower"],"nature":"Adamant","evs":{"hp":248,"atk":252,"def":0,"spa":0,"spd":8,"spe":0},"ivs":{"hp":31,"atk":31,"def":31,"spa":31,"spd":31,"spe":31}},{"name":"Magnezone","species":"Magnezone","item":"choicescarf","ability":"Magnet Pull","moves":["flashcannon","thunderbolt","hiddenpowerwater","voltswitch"],"nature":"Timid","evs":{"hp":0,"atk":0,"def":0,"spa":252,"spd":4,"spe":252},"ivs":{"hp":31,"atk":30,"def":30,"spa":30,"spd":31,"spe":31}}],"p2team":[{"name":"Azumarill","species":"Azumarill","item":"choiceband","ability":"Huge Power","moves":["playrough","aquajet","knockoff","superpower"],"nature":"Adamant","evs":{"hp":248,"atk":252,"def":0,"spa":0,"spd":8,"spe":0},"ivs":{"hp":31,"atk":31,"def":31,"spa":31,"spd":31,"spe":31}},{"name":"Keldeo-Resolute","species":"Keldeo-Resolute","item":"lifeorb","ability":"Justified","moves":["taunt","scald","hydropump","secretsword"],"nature":"Timid","evs":{"hp":0,"atk":0,"def":0,"spa":252,"spd":4,"spe":252},"ivs":{"hp":31,"atk":31,"def":31,"spa":31,"spd":31,"spe":31}},{"name":"Manaphy","species":"Manaphy","item":"sitrusberry","ability":"Hydration","moves":["tailglow","scald","icebeam","energyball"],"nature":"Timid","evs":{"hp":0,"atk":0,"def":0,"spa":252,"spd":4,"spe":252},"ivs":{"hp":31,"atk":31,"def":31,"spa":31,"spd":31,"spe":31}},{"name":"Gyarados","species":"Gyarados","item":"gyaradosite","ability":"Intimidate","moves":["dragondance","waterpulse","crunch","earthquake"],"nature":"Lonely","evs":{"hp":0,"atk":252,"def":0,"spa":4,"spd":0,"spe":252},"ivs":{"hp":31,"atk":31,"def":31,"spa":31,"spd":31,"spe":31}},{"name":"Rotom-Wash","species":"Rotom-Wash","item":"leftovers","ability":"Levitate","moves":["willowisp","voltswitch","hydropump","thunderbolt"],"nature":"Calm","evs":{"hp":252,"atk":0,"def":0,"spa":4,"spd":252,"spe":0},"ivs":{"hp":31,"atk":31,"def":31,"spa":31,"spd":31,"spe":31}},{"name":"Lanturn","species":"Lanturn","item":"leftovers","ability":"Volt Absorb","moves":["healbell","voltswitch","scald","toxic"],"nature":"Bold","evs":{"hp":252,"atk":0,"def":252,"spa":4,"spd":0,"spe":0},"ivs":{"hp":31,"atk":31,"def":31,"spa":31,"spd":31,"spe":31}}],"log":["|player|p1|Guard Wulf|163","|player|p2|Sereana|mashumashu.png","|gametype|singles","|gen|6","|tier|Monotype","|rated","|rule|Baton Pass Clause: Limit one Baton Passer, can't pass Spe and other stats simultaneously","|rule|Swagger Clause: Swagger is banned","|rule|Same Type Clause: Pokémon in a team must share a type","|clearpoke","|poke|p1|Skarmory, M","|poke|p1|Heatran, M","|poke|p1|Ferrothorn, F","|poke|p1|Bisharp, F","|poke|p1|Scizor, F","|poke|p1|Magnezone","|poke|p2|Azumarill, M","|poke|p2|Keldeo-Resolute","|poke|p2|Manaphy","|poke|p2|Gyarados, M","|poke|p2|Rotom-Wash","|poke|p2|Lanturn, F","|rule|Sleep Clause Mod: Limit one foe put to sleep","|rule|Species Clause: Limit one of each Pokémon","|rule|OHKO Clause: OHKO moves are banned","|rule|Moody Clause: Moody is banned","|rule|Evasion Moves Clause: Evasion moves are banned","|rule|Endless Battle Clause: Forcing endless battles is banned","|rule|HP Percentage Mod: HP is shown in percentages","|teampreview","|","|start","|switch|p1a: Heatran|Heatran, M|385/385","|switch|p2a: Lanturn|Lanturn, F|454/454","|-item|p1a: Heatran|Air Balloon","|turn|1","|","|move|p1a: Heatran|Earth Power|p2a: Lanturn","|-supereffective|p2a: Lanturn","|-damage|p2a: Lanturn|212/454","|move|p2a: Lanturn|Volt Switch|p1a: Heatran","|-damage|p1a: Heatran|336/385","|-enditem|p1a: Heatran|Air Balloon","|","|switch|p2a: Rotom-Wash|Rotom-Wash|304/304","|","|turn|2","|","|move|p2a: Rotom-Wash|Hydro Pump|p1a: Heatran","|-supereffective|p1a: Heatran","|-damage|p1a: Heatran|156/385","|move|p1a: Heatran|Will-O-Wisp|p2a: Rotom-Wash","|-status|p2a: Rotom-Wash|brn","|","|-damage|p2a: Rotom-Wash|266/304 brn|[from] brn","|turn|3","|","|move|p2a: Rotom-Wash|Hydro Pump|p1a: Heatran","|-supereffective|p1a: Heatran","|-damage|p1a: Heatran|0 fnt","|faint|p1a: Heatran","|","|-heal|p2a: Rotom-Wash|285/304 brn|[from] item: Leftovers","|-damage|p2a: Rotom-Wash|247/304 brn|[from] brn","|","|switch|p1a: Magnezone|Magnezone|281/281","|turn|4","|","|switch|p1a: Ferrothorn|Ferrothorn, F|341/341","|move|p2a: Rotom-Wash|Volt Switch|p1a: Ferrothorn","|-resisted|p1a: Ferrothorn","|-damage|p1a: Ferrothorn|305/341","|","|switch|p2a: Keldeo-Resolute|Keldeo-Resolute|323/323","|","|-heal|p1a: Ferrothorn|326/341|[from] item: Leftovers","|turn|5","|","|switch|p1a: Bisharp|Bisharp, F|271/271","|move|p2a: Keldeo-Resolute|Taunt|p1a: Bisharp","|-start|p1a: Bisharp|move: Taunt","|","|turn|6","|","|move|p1a: Bisharp|Sucker Punch|p2a: Keldeo-Resolute","|-resisted|p2a: Keldeo-Resolute","|-damage|p2a: Keldeo-Resolute|232/323","|-boost|p2a: Keldeo-Resolute|atk|1|[from] ability: Justified","|-damage|p1a: Bisharp|244/271|[from] item: Life Orb","|move|p2a: Keldeo-Resolute|Secret Sword|p1a: Bisharp","|-supereffective|p1a: Bisharp","|-damage|p1a: Bisharp|0 fnt","|-damage|p2a: Keldeo-Resolute|200/323|[from] item: Life Orb","|faint|p1a: Bisharp","|","|","|switch|p1a: Magnezone|Magnezone|281/281","|turn|7","|","|switch|p2a: Lanturn|Lanturn, F|212/454","|move|p1a: Magnezone|Volt Switch|p2a: Lanturn","|-heal|p2a: Lanturn|325/454|[from] ability: Volt Absorb|[of] p1a: Magnezone","|","|-heal|p2a: Lanturn|353/454|[from] item: Leftovers","|turn|8","|","|switch|p1a: Ferrothorn|Ferrothorn, F|326/341","|move|p2a: Lanturn|Scald|p1a: Ferrothorn","|-resisted|p1a: Ferrothorn","|-damage|p1a: Ferrothorn|295/341","|","|-heal|p2a: Lanturn|381/454|[from] item: Leftovers","|-heal|p1a: Ferrothorn|316/341|[from] item: Leftovers","|turn|9","|","|move|p2a: Lanturn|Scald|p1a: Ferrothorn","|-resisted|p1a: Ferrothorn","|-damage|p1a: Ferrothorn|286/341","|-status|p1a: Ferrothorn|brn","|move|p1a: Ferrothorn|Seed Bomb|p2a: Lanturn","|-supereffective|p2a: Lanturn","|-damage|p2a: Lanturn|290/454","|","|-heal|p2a: Lanturn|318/454|[from] item: Leftovers","|-heal|p1a: Ferrothorn|307/341 brn|[from] item: Leftovers","|-damage|p1a: Ferrothorn|265/341 brn|[from] brn","|turn|10","|","|move|p2a: Lanturn|Heal Bell|p2a: Lanturn","|-cureteam|p2a: Lanturn|[from] move: HealBell","|move|p1a: Ferrothorn|Leech Seed|p2a: Lanturn","|-start|p2a: Lanturn|move: Leech Seed","|","|-heal|p2a: Lanturn|346/454|[from] item: Leftovers","|-heal|p1a: Ferrothorn|286/341 brn|[from] item: Leftovers","|-damage|p2a: Lanturn|290/454|[from] Leech Seed|[of] p1a: Ferrothorn","|-heal|p1a: Ferrothorn|341/341 brn|[silent]","|-damage|p1a: Ferrothorn|299/341 brn|[from] brn","|turn|11","|","|switch|p2a: Manaphy|Manaphy|341/341","|move|p1a: Ferrothorn|Spikes|p2a: Manaphy","|-sidestart|p2: Sereana|Spikes","|","|-heal|p1a: Ferrothorn|320/341 brn|[from] item: Leftovers","|-damage|p1a: Ferrothorn|278/341 brn|[from] brn","|turn|12","|","|move|p2a: Manaphy|Tail Glow|p2a: Manaphy","|-boost|p2a: Manaphy|spa|3","|move|p1a: Ferrothorn|Leech Seed|p2a: Manaphy","|-start|p2a: Manaphy|move: Leech Seed","|","|-heal|p1a: Ferrothorn|299/341 brn|[from] item: Leftovers","|-damage|p2a: Manaphy|299/341|[from] Leech Seed|[of] p1a: Ferrothorn","|-heal|p1a: Ferrothorn|341/341 brn|[silent]","|-damage|p1a: Ferrothorn|299/341 brn|[from] brn","|turn|13","|","|move|p2a: Manaphy|Ice Beam|p1a: Ferrothorn","|-damage|p1a: Ferrothorn|127/341 brn","|move|p1a: Ferrothorn|Spikes|p2a: Manaphy","|-sidestart|p2: Sereana|Spikes","|","|-heal|p1a: Ferrothorn|148/341 brn|[from] item: Leftovers","|-damage|p2a: Manaphy|257/341|[from] Leech Seed|[of] p1a: Ferrothorn","|-heal|p1a: Ferrothorn|190/341 brn|[silent]","|-damage|p1a: Ferrothorn|148/341 brn|[from] brn","|turn|14","|","|move|p2a: Manaphy|Ice Beam|p1a: Ferrothorn","|-damage|p1a: Ferrothorn|0 fnt","|faint|p1a: Ferrothorn","|","|","|switch|p1a: Magnezone|Magnezone|281/281","|turn|15","|","|switch|p2a: Lanturn|Lanturn, F|290/454","|-damage|p2a: Lanturn|215/454|[from] Spikes","|move|p1a: Magnezone|Thunderbolt|p2a: Lanturn","|-heal|p2a: Lanturn|328/454|[from] ability: Volt Absorb|[of] p1a: Magnezone","|","|-heal|p2a: Lanturn|356/454|[from] item: Leftovers","|turn|16","|","|switch|p1a: Skarmory|Skarmory, M|334/334","|move|p2a: Lanturn|Scald|p1a: Skarmory","|-damage|p1a: Skarmory|237/334","|","|-heal|p1a: Skarmory|257/334|[from] item: Leftovers","|-heal|p2a: Lanturn|384/454|[from] item: Leftovers","|turn|17","|","|move|p1a: Skarmory|Stealth Rock|p2a: Lanturn","|-sidestart|p2: Sereana|move: Stealth Rock","|move|p2a: Lanturn|Volt Switch|p1a: Skarmory","|-supereffective|p1a: Skarmory","|-damage|p1a: Skarmory|81/334","|","|switch|p2a: Rotom-Wash|Rotom-Wash|247/304","|-damage|p2a: Rotom-Wash|209/304|[from] Stealth Rock","|","|-heal|p2a: Rotom-Wash|228/304|[from] item: Leftovers","|-heal|p1a: Skarmory|101/334|[from] item: Leftovers","|turn|18","|","|move|p2a: Rotom-Wash|Will-O-Wisp|p1a: Skarmory","|-status|p1a: Skarmory|brn","|move|p1a: Skarmory|Roost|p1a: Skarmory","|-heal|p1a: Skarmory|268/334 brn","|","|-heal|p2a: Rotom-Wash|247/304|[from] item: Leftovers","|-heal|p1a: Skarmory|288/334 brn|[from] item: Leftovers","|-damage|p1a: Skarmory|247/334 brn|[from] brn","|turn|19","|","|move|p2a: Rotom-Wash|Thunderbolt|p1a: Skarmory","|-supereffective|p1a: Skarmory","|-damage|p1a: Skarmory|0 fnt","|faint|p1a: Skarmory","|","|-heal|p2a: Rotom-Wash|266/304|[from] item: Leftovers","|","|switch|p1a: Magnezone|Magnezone|281/281","|turn|20","|","|move|p1a: Magnezone|Flash Cannon|p2a: Rotom-Wash","|-resisted|p2a: Rotom-Wash","|-damage|p2a: Rotom-Wash|243/304","|move|p2a: Rotom-Wash|Will-O-Wisp|p1a: Magnezone|[miss]","|-miss|p2a: Rotom-Wash|p1a: Magnezone","|","|-heal|p2a: Rotom-Wash|262/304|[from] item: Leftovers","|turn|21","|","|move|p1a: Magnezone|Flash Cannon|p2a: Rotom-Wash","|-resisted|p2a: Rotom-Wash","|-damage|p2a: Rotom-Wash|238/304","|-unboost|p2a: Rotom-Wash|spd|1","|move|p2a: Rotom-Wash|Will-O-Wisp|p1a: Magnezone","|-status|p1a: Magnezone|brn","|","|-heal|p2a: Rotom-Wash|257/304|[from] item: Leftovers","|-damage|p1a: Magnezone|246/281 brn|[from] brn","|turn|22","|","|move|p1a: Magnezone|Flash Cannon|p2a: Rotom-Wash","|-resisted|p2a: Rotom-Wash","|-damage|p2a: Rotom-Wash|220/304","|move|p2a: Rotom-Wash|Volt Switch|p1a: Magnezone","|-resisted|p1a: Magnezone","|-damage|p1a: Magnezone|204/281 brn","|","|switch|p2a: Lanturn|Lanturn, F|384/454","|-damage|p2a: Lanturn|309/454|[from] Spikes","|-damage|p2a: Lanturn|253/454|[from] Stealth Rock","|","|-heal|p2a: Lanturn|281/454|[from] item: Leftovers","|-damage|p1a: Magnezone|169/281 brn|[from] brn","|turn|23","|","|move|p1a: Magnezone|Flash Cannon|p2a: Lanturn","|-resisted|p2a: Lanturn","|-damage|p2a: Lanturn|239/454","|move|p2a: Lanturn|Scald|p1a: Magnezone","|-damage|p1a: Magnezone|79/281 brn","|","|-heal|p2a: Lanturn|267/454|[from] item: Leftovers","|-damage|p1a: Magnezone|44/281 brn|[from] brn","|turn|24","|","|switch|p2a: Rotom-Wash|Rotom-Wash|220/304","|-damage|p2a: Rotom-Wash|182/304|[from] Stealth Rock","|move|p1a: Magnezone|Flash Cannon|p2a: Rotom-Wash","|-resisted|p2a: Rotom-Wash","|-damage|p2a: Rotom-Wash|157/304","|","|-heal|p2a: Rotom-Wash|176/304|[from] item: Leftovers","|-damage|p1a: Magnezone|9/281 brn|[from] brn","|turn|25","|","|move|p1a: Magnezone|Flash Cannon|p2a: Rotom-Wash","|-resisted|p2a: Rotom-Wash","|-damage|p2a: Rotom-Wash|151/304","|move|p2a: Rotom-Wash|Thunderbolt|p1a: Magnezone","|-crit|p1a: Magnezone","|-resisted|p1a: Magnezone","|-damage|p1a: Magnezone|0 fnt","|faint|p1a: Magnezone","|","|-heal|p2a: Rotom-Wash|170/304|[from] item: Leftovers","|","|switch|p1a: Scizor|Scizor, F|343/343","|turn|26","|","|detailschange|p1a: Scizor|Scizor-Mega, F","|-mega|p1a: Scizor|Scizor|Scizorite","|move|p2a: Rotom-Wash|Will-O-Wisp|p1a: Scizor","|-status|p1a: Scizor|brn","|move|p1a: Scizor|Swords Dance|p1a: Scizor","|-boost|p1a: Scizor|atk|2","|","|-heal|p2a: Rotom-Wash|189/304|[from] item: Leftovers","|-damage|p1a: Scizor|301/343 brn|[from] brn","|turn|27","|","|move|p2a: Rotom-Wash|Hydro Pump|p1a: Scizor|[miss]","|-miss|p2a: Rotom-Wash|p1a: Scizor","|move|p1a: Scizor|Bug Bite|p2a: Rotom-Wash","|-damage|p2a: Rotom-Wash|0 fnt","|faint|p2a: Rotom-Wash","|","|-damage|p1a: Scizor|259/343 brn|[from] brn","|","|switch|p2a: Gyarados|Gyarados, M|331/331","|-damage|p2a: Gyarados|249/331|[from] Stealth Rock","|-ability|p2a: Gyarados|Intimidate","|-unboost|p1a: Scizor|atk|1","|turn|28","|","|detailschange|p2a: Gyarados|Gyarados-Mega, M","|-mega|p2a: Gyarados|Gyarados|Gyaradosite","|-ability|p2a: Gyarados|Mold Breaker","|move|p2a: Gyarados|Crunch|p1a: Scizor","|-damage|p1a: Scizor|135/343 brn","|move|p1a: Scizor|Bug Bite|p2a: Gyarados","|-supereffective|p2a: Gyarados","|-damage|p2a: Gyarados|0 fnt","|faint|p2a: Gyarados","|","|-damage|p1a: Scizor|93/343 brn|[from] brn","|","|switch|p2a: Azumarill|Azumarill, M|403/403","|-damage|p2a: Azumarill|336/403|[from] Spikes","|-damage|p2a: Azumarill|286/403|[from] Stealth Rock","|turn|29","|","|move|p2a: Azumarill|Aqua Jet|p1a: Scizor","|-damage|p1a: Scizor|0 fnt","|faint|p1a: Scizor","|","|win|Sereana"],"p1rating":{"entryid":"7326062","serverid":"eos","formatid":"monotype","userid":"guardwulf","username":"Guard Wulf","w":"52","l":26,"t":"0","gxe":63.7,"r":"1612.6543994126","rd":"41.801224475511","sigma":"0","rptime":"1439542800","rpr":1606.2295132709,"rprd":41.555075823319,"rpsigma":"0","acre":1255.3542413959,"lacre":1255.3542413959,"oldacre":"1295.9936941561"},"p2rating":{"entryid":"7004134","serverid":"eos","formatid":"monotype","userid":"sereana","username":"Sereana","w":6,"l":"7","t":"0","gxe":49.2,"r":"1484.5309758966","rd":"87.121043254934","sigma":"0","rptime":"1439542800","rpr":1493.4439189761,"rprd":82.771576962021,"rpsigma":"0","acre":1095.9767057882,"lacre":1095.9767057882,"oldacre":"1040.935049413"},"endType":"normal"}