{"seed":[60565,279,3246,4156],"turns":20,"p1":"Crystal Blade64","p2":"Sovereign♕Vanguard","p1team":[{"name":"Mew","species":"Mew","item":"leftovers","ability":"Synchronize","moves":["roost","willowisp","defog","knockoff"],"nature":"Careful","evs":{"hp":252,"atk":0,"def":4,"spa":0,"spd":252,"spe":0},"ivs":{"hp":31,"atk":31,"def":31,"spa":31,"spd":31,"spe":31}},{"name":"Medicham","species":"Medicham","item":"medichamite","ability":"Pure Power","moves":["fakeout","psychocut","highjumpkick","icepunch"],"nature":"Jolly","evs":{"hp":0,"atk":252,"def":0,"spa":0,"spd":4,"spe":252},"ivs":{"hp":31,"atk":31,"def":31,"spa":31,"spd":31,"spe":31}},{"name":"Hoopa-Unbound","species":"Hoopa-Unbound","item":"choicescarf","ability":"Magician","moves":["drainpunch","hyperspacefury","gunkshot","zenheadbutt"],"nature":"Jolly","evs":{"hp":0,"atk":252,"def":0,"spa":0,"spd":4,"spe":252},"ivs":{"hp":31,"atk":31,"def":31,"spa":31,"spd":31,"spe":31}},{"name":"Latios","species":"Latios","item":"choicescarf","ability":"Levitate","moves":["dracometeor","psyshock","energyball","thunderbolt"],"nature":"Timid","evs":{"hp":0,"atk":0,"def":0,"spa":252,"spd":4,"spe":252},"ivs":{"hp":31,"atk":31,"def":31,"spa":31,"spd":31,"spe":31}},{"name":"Victini","species":"Victini","item":"choicescarf","ability":"Victory Star","moves":["vcreate","boltstrike","zenheadbutt","uturn"],"nature":"Jolly","evs":{"hp":0,"atk":252,"def":0,"spa":0,"spd":4,"spe":252},"ivs":{"hp":31,"atk":31,"def":31,"spa":31,"spd":31,"spe":31}},{"name":"Slowbro","species":"Slowbro","item":"leftovers","ability":"Regenerator","moves":["thunderwave","scald","slackoff","fireblast"],"nature":"Bold","evs":{"hp":252,"atk":0,"def":252,"spa":4,"spd":0,"spe":0},"ivs":{"hp":31,"atk":31,"def":31,"spa":31,"spd":31,"spe":31}}],"p2team":[{"name":"Altaria","species":"Altaria","item":"altarianite","ability":"Natural Cure","moves":["dragondance","return","earthquake","roost"],"nature":"Adamant","evs":{"hp":0,"atk":252,"def":4,"spa":0,"spd":0,"spe":252},"ivs":{"hp":31,"atk":31,"def":31,"spa":31,"spd":31,"spe":31}},{"name":"Dragonite","species":"Dragonite","item":"choiceband","ability":"Multiscale","moves":["outrage","extremespeed","firepunch","earthquake"],"nature":"Adamant","evs":{"hp":0,"atk":252,"def":4,"spa":0,"spd":0,"spe":252},"ivs":{"hp":31,"atk":31,"def":31,"spa":31,"spd":31,"spe":31}},{"name":"Hydreigon","species":"Hydreigon","item":"lifeorb","ability":"Levitate","moves":["dracometeor","darkpulse","fireblast","flashcannon"],"nature":"Hasty","evs":{"hp":0,"atk":252,"def":0,"spa":0,"spd":4,"spe":252},"ivs":{"hp":31,"atk":31,"def":31,"spa":31,"spd":31,"spe":31}},{"name":"Garchomp","species":"Garchomp","item":"rockyhelmet","ability":"Rough Skin","moves":["stealthrock","toxic","dragontail","earthquake"],"nature":"Impish","evs":{"hp":252,"atk":0,"def":164,"spa":0,"spd":76,"spe":16},"ivs":{"hp":31,"atk":31,"def":31,"spa":31,"spd":31,"spe":31}},{"name":"Latios","species":"Latios","item":"lifeorb","ability":"Levitate","moves":["dracometeor","psyshock","calmmind","roost"],"nature":"","evs":{"hp":0,"atk":0,"def":4,"spa":252,"spd":0,"spe":252},"ivs":{"hp":31,"atk":31,"def":31,"spa":31,"spd":31,"spe":31}},{"name":"Goodra","species":"Goodra","item":"assaultvest","ability":"Sap Sipper","moves":["dragonpulse","sludgebomb","flamethrower","dragontail"],"nature":"","evs":{"hp":248,"atk":0,"def":0,"spa":252,"spd":8,"spe":0},"ivs":{"hp":31,"atk":31,"def":31,"spa":31,"spd":31,"spe":31}}],"log":["|player|p1|Crystal Blade64|165","|player|p2|Sovereign♕Vanguard|110","|gametype|singles","|gen|6","|tier|Monotype","|rated","|rule|Baton Pass Clause: Limit one Baton Passer, can't pass Spe and other stats simultaneously","|rule|Swagger Clause: Swagger is banned","|rule|Same Type Clause: Pokémon in a team must share a type","|clearpoke","|poke|p1|Mew","|poke|p1|Medicham, F","|poke|p1|Hoopa-Unbound","|poke|p1|Latios, M","|poke|p1|Victini","|poke|p1|Slowbro, M","|poke|p2|Altaria, F","|poke|p2|Dragonite, F","|poke|p2|Hydreigon, F","|poke|p2|Garchomp, M","|poke|p2|Latios, M","|poke|p2|Goodra, F","|rule|Sleep Clause Mod: Limit one foe put to sleep","|rule|Species Clause: Limit one of each Pokémon","|rule|OHKO Clause: OHKO moves are banned","|rule|Moody Clause: Moody is banned","|rule|Evasion Moves Clause: Evasion moves are banned","|rule|Endless Battle Clause: Forcing endless battles is banned","|rule|HP Percentage Mod: HP is shown in percentages","|teampreview","|","|start","|switch|p1a: Victini|Victini|341/341","|switch|p2a: Garchomp|Garchomp, M|420/420","|turn|1","|","|switch|p1a: Mew|Mew|404/404","|move|p2a: Garchomp|Stealth Rock|p1a: Mew","|-sidestart|p1: Crystal Blade64|move: Stealth Rock","|","|turn|2","|","|move|p2a: Garchomp|Toxic|p1a: Mew","|-status|p1a: Mew|tox","|-status|p2a: Garchomp|tox","|move|p1a: Mew|Will-O-Wisp|p2a: Garchomp|[miss]","|-miss|p1a: Mew|p2a: Garchomp","|","|-damage|p2a: Garchomp|394/420 tox|[from] psn","|-damage|p1a: Mew|379/404 tox|[from] psn","|turn|3","|","|move|p2a: Garchomp|Earthquake|p1a: Mew","|-damage|p1a: Mew|238/404 tox","|move|p1a: Mew|Knock Off|p2a: Garchomp","|-crit|p2a: Garchomp","|-damage|p2a: Garchomp|298/420 tox","|-damage|p1a: Mew|188/404 tox|[from] ability: Rough Skin|[of] p2a: Garchomp","|-damage|p1a: Mew|121/404 tox|[from] item: Rocky Helmet|[of] p2a: Garchomp","|-enditem|p2a: Garchomp|Rocky Helmet|[from] move: Knock Off|[of] p1a: Mew","|","|-heal|p1a: Mew|146/404 tox|[from] item: Leftovers","|-damage|p2a: Garchomp|246/420 tox|[from] psn","|-damage|p1a: Mew|96/404 tox|[from] psn","|turn|4","|","|move|p2a: Garchomp|Earthquake|p1a: Mew","|-damage|p1a: Mew|0 fnt","|faint|p1a: Mew","|","|-damage|p2a: Garchomp|168/420 tox|[from] psn","|","|switch|p1a: Medicham|Medicham, F|261/261","|-damage|p1a: Medicham|245/261|[from] Stealth Rock","|turn|5","|","|detailschange|p1a: Medicham|Medicham-Mega, F","|-mega|p1a: Medicham|Medicham|Medichamite","|move|p1a: Medicham|Ice Punch|p2a: Garchomp","|-supereffective|p2a: Garchomp","|-damage|p2a: Garchomp|0 fnt","|-damage|p1a: Medicham|213/261|[from] ability: Rough Skin|[of] p2a: Garchomp","|faint|p2a: Garchomp","|","|","|switch|p2a: Altaria|Altaria, F|291/291","|turn|6","|","|detailschange|p2a: Altaria|Altaria-Mega, F","|-mega|p2a: Altaria|Altaria|Altarianite","|move|p1a: Medicham|Ice Punch|p2a: Altaria","|-supereffective|p2a: Altaria","|-damage|p2a: Altaria|17/291","|move|p2a: Altaria|Return|p1a: Medicham","|-supereffective|p1a: Medicham","|-damage|p1a: Medicham|0 fnt","|faint|p1a: Medicham","|","|","|switch|p1a: Victini|Victini|341/341","|-damage|p1a: Victini|256/341|[from] Stealth Rock","|turn|7","|","|move|p1a: Victini|U-turn|p2a: Altaria","|-resisted|p2a: Altaria","|-damage|p2a: Altaria|0 fnt","|faint|p2a: Altaria","|","|switch|p1a: Latios|Latios, M|301/301","|-damage|p1a: Latios|264/301|[from] Stealth Rock","|","|","|switch|p2a: Hydreigon|Hydreigon, F|325/325","|turn|8","|","|move|p1a: Latios|Draco Meteor|p2a: Hydreigon","|-supereffective|p2a: Hydreigon","|-damage|p2a: Hydreigon|0 fnt","|-unboost|p1a: Latios|spa|2","|faint|p2a: Hydreigon","|","|","|switch|p2a: Goodra|Goodra, F|383/383","|turn|9","|","|switch|p1a: Slowbro|Slowbro, M|394/394","|-damage|p1a: Slowbro|345/394|[from] Stealth Rock","|move|p2a: Goodra|Dragon Pulse|p1a: Slowbro","|-damage|p1a: Slowbro|174/394","|","|-heal|p1a: Slowbro|198/394|[from] item: Leftovers","|turn|10","|","|move|p2a: Goodra|Sludge Bomb|p1a: Slowbro","|-damage|p1a: Slowbro|85/394","|move|p1a: Slowbro|Thunder Wave|p2a: Goodra","|-status|p2a: Goodra|par","|","|-heal|p1a: Slowbro|109/394|[from] item: Leftovers","|turn|11","|","|move|p1a: Slowbro|Slack Off|p1a: Slowbro","|-heal|p1a: Slowbro|306/394","|cant|p2a: Goodra|par","|","|-heal|p1a: Slowbro|330/394|[from] item: Leftovers","|turn|12","|","|move|p1a: Slowbro|Scald|p2a: Goodra","|-resisted|p2a: Goodra","|-damage|p2a: Goodra|362/383 par","|move|p2a: Goodra|Sludge Bomb|p1a: Slowbro","|-damage|p1a: Slowbro|223/394","|-status|p1a: Slowbro|psn","|","|-heal|p1a: Slowbro|247/394 psn|[from] item: Leftovers","|-damage|p1a: Slowbro|198/394 psn|[from] psn","|turn|13","|","|switch|p2a: Dragonite|Dragonite, F|323/323","|move|p1a: Slowbro|Slack Off|p1a: Slowbro","|-heal|p1a: Slowbro|394/394 psn","|","|-damage|p1a: Slowbro|345/394 psn|[from] psn","|turn|14","|","|move|p2a: Dragonite|Outrage|p1a: Slowbro","|-damage|p1a: Slowbro|99/394 psn","|move|p1a: Slowbro|Thunder Wave|p2a: Dragonite","|-status|p2a: Dragonite|par","|","|-heal|p1a: Slowbro|123/394 psn|[from] item: Leftovers","|-damage|p1a: Slowbro|74/394 psn|[from] psn","|turn|15","|","|move|p1a: Slowbro|Slack Off|p1a: Slowbro","|-heal|p1a: Slowbro|271/394 psn","|move|p2a: Dragonite|Outrage|p1a: Slowbro|[from]lockedmove","|-damage|p1a: Slowbro|18/394 psn","|","|-heal|p1a: Slowbro|42/394 psn|[from] item: Leftovers","|-damage|p1a: Slowbro|0 fnt|[from] psn","|faint|p1a: Slowbro","|","|switch|p1a: Latios|Latios, M|264/301","|-damage|p1a: Latios|227/301|[from] Stealth Rock","|turn|16","|","|move|p1a: Latios|Draco Meteor|p2a: Dragonite|[miss]","|-miss|p1a: Latios|p2a: Dragonite","|move|p2a: Dragonite|Outrage|p1a: Latios|[from]lockedmove","|-supereffective|p1a: Latios","|-damage|p1a: Latios|0 fnt","|-start|p2a: Dragonite|confusion|[fatigue]","|faint|p1a: Latios","|","|","|switch|p1a: Hoopa-Unbound|Hoopa-Unbound|301/301","|-damage|p1a: Hoopa-Unbound|264/301|[from] Stealth Rock","|turn|17","|","|move|p1a: Hoopa-Unbound|Hyperspace Fury|p2a: Dragonite","|-damage|p2a: Dragonite|217/323 par","|-unboost|p1a: Hoopa-Unbound|def|1","|-activate|p2a: Dragonite|confusion","|move|p2a: Dragonite|Outrage|p1a: Hoopa-Unbound","|-damage|p1a: Hoopa-Unbound|0 fnt","|faint|p1a: Hoopa-Unbound","|","|","|switch|p1a: Victini|Victini|256/341","|-damage|p1a: Victini|171/341|[from] Stealth Rock","|turn|18","|","|move|p1a: Victini|Zen Headbutt|p2a: Dragonite","|-damage|p2a: Dragonite|91/323 par","|cant|p2a: Dragonite|flinch","|","|turn|19","|","|move|p1a: Victini|Zen Headbutt|p2a: Dragonite","|-damage|p2a: Dragonite|0 fnt","|faint|p2a: Dragonite","|","|","|switch|p2a: Latios|Latios, M|301/301","|turn|20","|","|move|p1a: Victini|Zen Headbutt|p2a: Latios","|-resisted|p2a: Latios","|-damage|p2a: Latios|228/301","|move|p2a: Latios|Draco Meteor|p1a: Victini","|-damage|p1a: Victini|0 fnt","|-unboost|p2a: Latios|spa|2","|-damage|p2a: Latios|198/301|[from] item: Life Orb","|faint|p1a: Victini","|","|win|Sovereign♕Vanguard"],"p1rating":{"entryid":"6391332","serverid":"eos","formatid":"monotype","userid":"crystalblade64","username":"Crystal Blade64","w":"31","l":24,"t":"0","gxe":56.3,"r":"1555.9568872703","rd":"50.563373317684","sigma":"0","rptime":"1439542800","rpr":1548.409343701,"rprd":48.80690474723,"rpsigma":"0","acre":1237.5644607188,"lacre":1237.5644607188,"oldacre":"1276.0330302624"},"p2rating":{"entryid":"7434426","serverid":"eos","formatid":"monotype","userid":"sovereignvanguard","username":"Sovereign♕Vanguard","w":11,"l":"13","t":"0","gxe":45.5,"r":"1465.3285680468","rd":"69.920920312441","sigma":"0","rptime":"1439542800","rpr":1465.8527235527,"rprd":65.114255746194,"rpsigma":"0","acre":1112.8883486644,"lacre":1112.8883486644,"oldacre":"1066.7438890108"},"endType":"normal"}