{"seed":[29411,42081,20425,10238],"turns":27,"p1":"Marx Bot","p2":"Crystal Blade64","p1team":[{"name":"Charizard","species":"Charizard","item":"charizarditey","ability":"Blaze","moves":["airslash","fireblast","solarbeam","focusblast"],"nature":"Timid","evs":{"hp":0,"atk":0,"def":0,"spa":252,"spd":4,"spe":252},"ivs":{"hp":31,"atk":31,"def":31,"spa":31,"spd":31,"spe":31}},{"name":"Landorus","species":"Landorus","item":"choicescarf","ability":"Sheer Force","moves":["earthpower","psychic","focusblast","sludgewave"],"nature":"Timid","evs":{"hp":0,"atk":0,"def":0,"spa":252,"spd":4,"spe":252},"ivs":{"hp":31,"atk":31,"def":31,"spa":31,"spd":31,"spe":31}},{"name":"Defog","species":"skarmory","item":"rockyhelmet","ability":"Sturdy","moves":["bravebird","stealthrock","ironhead","defog"],"nature":"Adamant","evs":{"hp":232,"atk":252,"def":0,"spa":0,"spd":0,"spe":24},"ivs":{"hp":31,"atk":31,"def":31,"spa":31,"spd":31,"spe":31}},{"name":"Archeops","species":"Archeops","item":"choiceband","ability":"Defeatist","moves":["dragonclaw","earthquake","headsmash","uturn"],"nature":"Jolly","evs":{"hp":0,"atk":252,"def":0,"spa":0,"spd":4,"spe":252},"ivs":{"hp":31,"atk":31,"def":31,"spa":31,"spd":31,"spe":31}},{"name":"Thundurus-Therian","species":"Thundurus-Therian","item":"lifeorb","ability":"Volt Absorb","moves":["darkpulse","discharge","sludgewave","voltswitch"],"nature":"Timid","evs":{"hp":0,"atk":0,"def":0,"spa":252,"spd":4,"spe":252},"ivs":{"hp":31,"atk":31,"def":31,"spa":31,"spd":31,"spe":31}},{"name":"Murkrow","species":"Murkrow","item":"eviolite","ability":"Prankster","moves":["darkpulse","thunderwave","featherdance","roost"],"nature":"Calm","evs":{"hp":248,"atk":0,"def":0,"spa":8,"spd":252,"spe":0},"ivs":{"hp":31,"atk":31,"def":31,"spa":31,"spd":31,"spe":31}}],"p2team":[{"name":"Darmanitan","species":"Darmanitan","item":"lifeorb","ability":"Sheer Force","moves":["flareblitz","earthquake","rockslide","superpower"],"nature":"Jolly","evs":{"hp":4,"atk":252,"def":0,"spa":0,"spd":0,"spe":252},"ivs":{"hp":31,"atk":31,"def":31,"spa":31,"spd":31,"spe":31}},{"name":"Arcanine","species":"Arcanine","item":"leftovers","ability":"Intimidate","moves":["extremespeed","morningsun","willowisp","protect"],"nature":"Careful","evs":{"hp":252,"atk":4,"def":0,"spa":0,"spd":252,"spe":0},"ivs":{"hp":31,"atk":31,"def":31,"spa":31,"spd":31,"spe":31}},{"name":"Rotom-Heat","species":"Rotom-Heat","item":"lightclay","ability":"Levitate","moves":["lightscreen","reflect","painsplit","voltswitch"],"nature":"Calm","evs":{"hp":248,"atk":0,"def":0,"spa":8,"spd":252,"spe":0},"ivs":{"hp":31,"atk":31,"def":31,"spa":31,"spd":31,"spe":31}},{"name":"Combusken","species":"Combusken","item":"eviolite","ability":"Speed Boost","moves":["substitute","protect","batonpass","willowisp"],"nature":"Timid","evs":{"hp":248,"atk":0,"def":0,"spa":0,"spd":8,"spe":252},"ivs":{"hp":31,"atk":31,"def":31,"spa":31,"spd":31,"spe":31}},{"name":"Infernape","species":"Infernape","item":"focussash","ability":"Blaze","moves":["machpunch","taunt","stealthrock","overheat"],"nature":"Hasty","evs":{"hp":0,"atk":128,"def":0,"spa":128,"spd":0,"spe":252},"ivs":{"hp":31,"atk":31,"def":31,"spa":31,"spd":31,"spe":31}},{"name":"Charizard","species":"Charizard","item":"charizarditex","ability":"Blaze","moves":["dragondance","flareblitz","roost","outrage"],"nature":"Adamant","evs":{"hp":0,"atk":252,"def":0,"spa":0,"spd":4,"spe":252},"ivs":{"hp":31,"atk":31,"def":31,"spa":31,"spd":31,"spe":31}}],"log":["|player|p1|Marx Bot|238","|player|p2|Crystal Blade64|165","|gametype|singles","|gen|6","|tier|Monotype","|rated","|rule|Baton Pass Clause: Limit one Baton Passer, can't pass Spe and other stats simultaneously","|rule|Swagger Clause: Swagger is banned","|rule|Same Type Clause: Pokémon in a team must share a type","|clearpoke","|poke|p1|Charizard, F","|poke|p1|Landorus, M","|poke|p1|Skarmory, M","|poke|p1|Archeops, M","|poke|p1|Thundurus-Therian, M","|poke|p1|Murkrow, M","|poke|p2|Darmanitan, M","|poke|p2|Arcanine, M","|poke|p2|Rotom-Heat","|poke|p2|Combusken, M","|poke|p2|Infernape, F","|poke|p2|Charizard, M","|rule|Sleep Clause Mod: Limit one foe put to sleep","|rule|Species Clause: Limit one of each Pokémon","|rule|OHKO Clause: OHKO moves are banned","|rule|Moody Clause: Moody is banned","|rule|Evasion Moves Clause: Evasion moves are banned","|rule|Endless Battle Clause: Forcing endless battles is banned","|rule|HP Percentage Mod: HP is shown in percentages","|teampreview","|","|start","|switch|p1a: Landorus|Landorus, M|319/319","|switch|p2a: Infernape|Infernape, F|293/293","|turn|1","|","|switch|p2a: Rotom-Heat|Rotom-Heat|303/303","|move|p1a: Landorus|Psychic|p2a: Rotom-Heat","|-damage|p2a: Rotom-Heat|216/303","|","|turn|2","|","|switch|p1a: Murkrow|Murkrow, M|323/323","|move|p2a: Rotom-Heat|Light Screen|p2a: Rotom-Heat","|-sidestart|p2: Crystal Blade64|move: Light Screen","|","|turn|3","|","|switch|p1a: Landorus|Landorus, M|319/319","|move|p2a: Rotom-Heat|Volt Switch|p1a: Landorus","|-immune|p1a: Landorus|[msg]","|","|turn|4","|","|move|p1a: Landorus|Sludge Wave|p2a: Rotom-Heat","|-crit|p2a: Rotom-Heat","|-damage|p2a: Rotom-Heat|73/303","|move|p2a: Rotom-Heat|Pain Split|p1a: Landorus","|-sethp|p1a: Landorus|196/319|p2a: Rotom-Heat|196/303|[from] move: Pain Split","|","|turn|5","|","|move|p1a: Landorus|Sludge Wave|p2a: Rotom-Heat","|-damage|p2a: Rotom-Heat|147/303","|move|p2a: Rotom-Heat|Pain Split|p1a: Landorus","|-sethp|p1a: Landorus|171/319|p2a: Rotom-Heat|171/303|[from] move: Pain Split","|","|turn|6","|","|switch|p2a: Combusken|Combusken, M|323/323","|move|p1a: Landorus|Sludge Wave|p2a: Combusken","|-damage|p2a: Combusken|253/323","|","|turn|7","|","|move|p2a: Combusken|Protect|p2a: Combusken","|-singleturn|p2a: Combusken|Protect","|move|p1a: Landorus|Sludge Wave|p2a: Combusken","|-activate|p2a: Combusken|Protect","|","|-boost|p2a: Combusken|spe|1|[from] ability: Speed Boost","|turn|8","|","|move|p1a: Landorus|Sludge Wave|p2a: Combusken","|-crit|p2a: Combusken","|-damage|p2a: Combusken|50/323","|move|p2a: Combusken|Substitute|p2a: Combusken","|-fail|p2a: Combusken|move: Substitute|[weak]","|","|-boost|p2a: Combusken|spe|1|[from] ability: Speed Boost","|turn|9","|","|move|p2a: Combusken|Protect|p2a: Combusken","|-singleturn|p2a: Combusken|Protect","|move|p1a: Landorus|Sludge Wave|p2a: Combusken","|-activate|p2a: Combusken|Protect","|","|-sideend|p2: Crystal Blade64|move: Light Screen","|-boost|p2a: Combusken|spe|1|[from] ability: Speed Boost","|turn|10","|","|move|p2a: Combusken|Baton Pass|p2a: Combusken","|","|switch|p2a: Charizard|Charizard, M|297/297","|move|p1a: Landorus|Sludge Wave|p2a: Charizard","|-damage|p2a: Charizard|144/297","|","|turn|11","|","|detailschange|p2a: Charizard|Charizard-Mega-X, M","|-mega|p2a: Charizard|Charizard|Charizardite X","|move|p2a: Charizard|Outrage|p1a: Landorus","|-damage|p1a: Landorus|0 fnt","|faint|p1a: Landorus","|","|","|switch|p1a: Defog|Skarmory, M|329/329","|turn|12","|","|move|p2a: Charizard|Outrage|p1a: Defog|[from]lockedmove","|-resisted|p1a: Defog","|-damage|p1a: Defog|213/329","|-damage|p2a: Charizard|95/297|[from] item: Rocky Helmet|[of] p1a: Defog","|-start|p2a: Charizard|confusion|[fatigue]","|move|p1a: Defog|Stealth Rock|p2a: Charizard","|-sidestart|p2: Crystal Blade64|move: Stealth Rock","|","|turn|13","|","|-activate|p2a: Charizard|confusion","|move|p2a: Charizard|Roost|p2a: Charizard","|-heal|p2a: Charizard|244/297","|move|p1a: Defog|Brave Bird|p2a: Charizard","|-damage|p2a: Charizard|94/297","|-damage|p1a: Defog|163/329|[from] recoil|[of] p2a: Charizard","|","|turn|14","|","|-activate|p2a: Charizard|confusion","|-damage|p2a: Charizard|46/297|[from] confusion","|move|p1a: Defog|Brave Bird|p2a: Charizard","|-damage|p2a: Charizard|0 fnt","|-damage|p1a: Defog|148/329|[from] recoil|[of] p2a: Charizard","|faint|p2a: Charizard","|","|","|switch|p2a: Rotom-Heat|Rotom-Heat|171/303","|-damage|p2a: Rotom-Heat|96/303|[from] Stealth Rock","|turn|15","|","|switch|p1a: Thundurus-Therian|Thundurus-Therian, M|299/299","|move|p2a: Rotom-Heat|Volt Switch|p1a: Thundurus-Therian","|-immune|p1a: Thundurus-Therian|[msg]","|","|turn|16","|","|move|p1a: Thundurus-Therian|Sludge Wave|p2a: Rotom-Heat","|-damage|p2a: Rotom-Heat|0 fnt","|-damage|p1a: Thundurus-Therian|270/299|[from] item: Life Orb","|faint|p2a: Rotom-Heat","|","|","|switch|p2a: Combusken|Combusken, M|50/323","|-damage|p2a: Combusken|10/323|[from] Stealth Rock","|turn|17","|","|move|p2a: Combusken|Protect|p2a: Combusken","|-singleturn|p2a: Combusken|Protect","|move|p1a: Thundurus-Therian|Volt Switch|p2a: Combusken","|-activate|p2a: Combusken|Protect","|","|-boost|p2a: Combusken|spe|1|[from] ability: Speed Boost","|turn|18","|","|move|p2a: Combusken|Baton Pass|p2a: Combusken","|","|switch|p2a: Darmanitan|Darmanitan, M|352/352","|-damage|p2a: Darmanitan|264/352|[from] Stealth Rock","|move|p1a: Thundurus-Therian|Volt Switch|p2a: Darmanitan","|-damage|p2a: Darmanitan|0 fnt","|-damage|p1a: Thundurus-Therian|241/299|[from] item: Life Orb","|faint|p2a: Darmanitan","|","|switch|p1a: Murkrow|Murkrow, M|323/323","|","|","|switch|p2a: Combusken|Combusken, M|10/323","|-damage|p2a: Combusken|0 fnt|[from] Stealth Rock","|faint|p2a: Combusken","|","|switch|p2a: Infernape|Infernape, F|293/293","|-damage|p2a: Infernape|257/293|[from] Stealth Rock","|turn|19","|","|move|p1a: Murkrow|Feather Dance|p2a: Infernape","|-unboost|p2a: Infernape|atk|2","|move|p2a: Infernape|Taunt|p1a: Murkrow","|-start|p1a: Murkrow|move: Taunt","|","|turn|20","|","|switch|p1a: Defog|Skarmory, M|148/329","|move|p2a: Infernape|Overheat|p1a: Defog","|-supereffective|p1a: Defog","|-damage|p1a: Defog|0 fnt","|-unboost|p2a: Infernape|spa|2","|faint|p1a: Defog","|","|","|switch|p1a: Archeops|Archeops, M|291/291","|turn|21","|","|move|p1a: Archeops|Earthquake|p2a: Infernape","|-supereffective|p2a: Infernape","|-damage|p2a: Infernape|0 fnt","|faint|p2a: Infernape","|","|","|switch|p2a: Arcanine|Arcanine, M|384/384","|-damage|p2a: Arcanine|288/384|[from] Stealth Rock","|-ability|p2a: Arcanine|Intimidate","|-unboost|p1a: Archeops|atk|1","|turn|22","|","|switch|p1a: Thundurus-Therian|Thundurus-Therian, M|241/299","|move|p2a: Arcanine|Will-O-Wisp|p1a: Thundurus-Therian","|-status|p1a: Thundurus-Therian|brn","|","|-heal|p2a: Arcanine|312/384|[from] item: Leftovers","|-damage|p1a: Thundurus-Therian|204/299 brn|[from] brn","|turn|23","|","|move|p2a: Arcanine|Protect|p2a: Arcanine","|-singleturn|p2a: Arcanine|Protect","|move|p1a: Thundurus-Therian|Discharge|p2a: Arcanine","|-activate|p2a: Arcanine|Protect","|","|-heal|p2a: Arcanine|336/384|[from] item: Leftovers","|-damage|p1a: Thundurus-Therian|167/299 brn|[from] brn","|turn|24","|","|move|p2a: Arcanine|Extreme Speed|p1a: Thundurus-Therian","|-damage|p1a: Thundurus-Therian|79/299 brn","|move|p1a: Thundurus-Therian|Discharge|p2a: Arcanine","|-damage|p2a: Arcanine|161/384","|-damage|p1a: Thundurus-Therian|50/299 brn|[from] item: Life Orb","|","|-heal|p2a: Arcanine|185/384|[from] item: Leftovers","|-damage|p1a: Thundurus-Therian|13/299 brn|[from] brn","|turn|25","|","|move|p2a: Arcanine|Protect|p2a: Arcanine","|-singleturn|p2a: Arcanine|Protect","|move|p1a: Thundurus-Therian|Volt Switch|p2a: Arcanine","|-activate|p2a: Arcanine|Protect","|","|-heal|p2a: Arcanine|209/384|[from] item: Leftovers","|-damage|p1a: Thundurus-Therian|0 fnt|[from] brn","|faint|p1a: Thundurus-Therian","|","|switch|p1a: Archeops|Archeops, M|291/291","|turn|26","|","|move|p2a: Arcanine|Protect|p2a: Arcanine","|-singleturn|p2a: Arcanine|Protect","|move|p1a: Archeops|Earthquake|p2a: Arcanine","|-activate|p2a: Arcanine|Protect","|","|-heal|p2a: Arcanine|233/384|[from] item: Leftovers","|turn|27","|","|move|p1a: Archeops|Earthquake|p2a: Arcanine","|-supereffective|p2a: Arcanine","|-damage|p2a: Arcanine|0 fnt","|faint|p2a: Arcanine","|","|win|Marx Bot"],"p1rating":{"entryid":"5765428","serverid":"eos","formatid":"monotype","userid":"marxbot","username":"Marx Bot","w":204,"l":"297","t":"0","gxe":42.8,"r":"1437.95406109","rd":"32.411488775249","sigma":"0","rptime":"1439542800","rpr":1445.0517230723,"rprd":32.173720410338,"rpsigma":"0","acre":1193.5120277766,"lacre":1193.5120277766,"oldacre":"1158.6255439777"},"p2rating":{"entryid":"6391332","serverid":"eos","formatid":"monotype","userid":"crystalblade64","username":"Crystal Blade64","w":"31","l":23,"t":"0","gxe":57.4,"r":"1555.9568872703","rd":"50.563373317684","sigma":"0","rptime":"1439542800","rpr":1556.7860246407,"rprd":49.243136271198,"rpsigma":"0","acre":1276.0330302624,"lacre":1276.0330302624,"oldacre":"1303.9422173016"},"endType":"normal"}