{"seed":[24781,53183,52060,52168],"turns":23,"p1":"Guard Darkrai","p2":"Misaka Laddering","p1team":[{"name":"Dedenne","species":"Dedenne","item":"petayaberry","ability":"Cheek Pouch","moves":["recycle","substitute","discharge","grassknot"],"nature":"Timid","evs":{"hp":4,"atk":0,"def":0,"spa":252,"spd":0,"spe":252},"ivs":{"hp":31,"atk":31,"def":31,"spa":31,"spd":31,"spe":31}},{"name":"Luxray","species":"Luxray","item":"zapplate","ability":"Intimidate","moves":["wildcharge","voltswitch","crunch","superpower"],"nature":"Adamant","evs":{"hp":248,"atk":252,"def":0,"spa":0,"spd":8,"spe":0},"ivs":{"hp":31,"atk":31,"def":31,"spa":31,"spd":31,"spe":31}},{"name":"Magnezone","species":"Magnezone","item":"airballoon","ability":"Sturdy","moves":["thunderbolt","flashcannon","mirrorcoat","thunderwave"],"nature":"Modest","evs":{"hp":248,"atk":0,"def":0,"spa":252,"spd":8,"spe":0},"ivs":{"hp":31,"atk":31,"def":31,"spa":31,"spd":31,"spe":31}},{"name":"Magneton","species":"Magneton","item":"eviolite","ability":"Analytic","moves":["discharge","flashcannon","hiddenpowergrass","voltswitch"],"nature":"Modest","evs":{"hp":248,"atk":0,"def":0,"spa":252,"spd":8,"spe":0},"ivs":{"hp":31,"atk":30,"def":31,"spa":30,"spd":31,"spe":31}},{"name":"Rotom-Wash","species":"Rotom-Wash","item":"leftovers","ability":"Levitate","moves":["hydropump","voltswitch","willowisp","painsplit"],"nature":"Calm","evs":{"hp":252,"atk":0,"def":0,"spa":4,"spd":252,"spe":0},"ivs":{"hp":31,"atk":31,"def":31,"spa":31,"spd":31,"spe":31}},{"name":"Thundurus-Therian","species":"Thundurus-Therian","item":"choicescarf","ability":"Volt Absorb","moves":["voltswitch","thunderbolt","hiddenpowerice","focusblast"],"nature":"Timid","evs":{"hp":0,"atk":0,"def":0,"spa":252,"spd":4,"spe":252},"ivs":{"hp":31,"atk":30,"def":30,"spa":31,"spd":31,"spe":31}}],"p2team":[{"name":"Mamoswine","species":"Mamoswine","item":"focussash","ability":"Snow Cloak","moves":["iciclecrash","iceshard","earthquake","stealthrock"],"nature":"Adamant","evs":{"hp":4,"atk":252,"def":0,"spa":0,"spd":0,"spe":252},"gender":"M","ivs":{"hp":31,"atk":31,"def":31,"spa":31,"spd":31,"spe":31}},{"name":"Kyurem","species":"Kyurem","item":"choicescarf","ability":"Pressure","moves":["dracometeor","icebeam","earthpower","focusblast"],"nature":"","evs":{"hp":4,"atk":0,"def":0,"spa":252,"spd":0,"spe":252},"ivs":{"hp":31,"atk":31,"def":31,"spa":31,"spd":31,"spe":31}},{"name":"Avalugg","species":"Avalugg","item":"leftovers","ability":"Sturdy","moves":["curse","gyroball","avalanche","recover"],"nature":"Impish","evs":{"hp":252,"atk":0,"def":252,"spa":0,"spd":4,"spe":0},"ivs":{"hp":31,"atk":31,"def":31,"spa":31,"spd":31,"spe":0}},{"name":"Weavile","species":"Weavile","item":"lifeorb","ability":"Pressure","moves":["knockoff","iciclecrash","iceshard","swordsdance"],"nature":"Adamant","evs":{"hp":4,"atk":252,"def":0,"spa":0,"spd":0,"spe":252},"gender":"M","ivs":{"hp":31,"atk":31,"def":31,"spa":31,"spd":31,"spe":31}},{"name":"Froslass","species":"Froslass","item":"focussash","ability":"Snow Cloak","moves":["spikes","taunt","destinybond","thunderwave"],"nature":"Timid","evs":{"hp":4,"atk":0,"def":0,"spa":252,"spd":0,"spe":252},"shiny":true,"ivs":{"hp":31,"atk":31,"def":31,"spa":31,"spd":31,"spe":31}},{"name":"Articuno","species":"Articuno","item":"leftovers","ability":"Pressure","moves":["roost","healbell","freezedry","toxic"],"nature":"Calm","evs":{"hp":252,"atk":0,"def":4,"spa":0,"spd":252,"spe":0},"ivs":{"hp":31,"atk":31,"def":31,"spa":31,"spd":31,"spe":31}}],"log":["|player|p1|Guard Darkrai|guarddarkrai.png","|player|p2|Misaka Laddering|misakamikoto.png","|gametype|singles","|gen|6","|tier|Monotype","|rated","|rule|Baton Pass Clause: Limit one Baton Passer, can't pass Spe and other stats simultaneously","|rule|Swagger Clause: Swagger is banned","|rule|Same Type Clause: Pokémon in a team must share a type","|clearpoke","|poke|p1|Dedenne, F","|poke|p1|Luxray, M","|poke|p1|Magnezone","|poke|p1|Magneton","|poke|p1|Rotom-Wash","|poke|p1|Thundurus-Therian, M","|poke|p2|Mamoswine, M","|poke|p2|Kyurem","|poke|p2|Avalugg, F","|poke|p2|Weavile, M","|poke|p2|Froslass, F, shiny","|poke|p2|Articuno","|rule|Sleep Clause Mod: Limit one foe put to sleep","|rule|Species Clause: Limit one of each Pokémon","|rule|OHKO Clause: OHKO moves are banned","|rule|Moody Clause: Moody is banned","|rule|Evasion Moves Clause: Evasion moves are banned","|rule|Endless Battle Clause: Forcing endless battles is banned","|rule|HP Percentage Mod: HP is shown in percentages","|teampreview","|","|start","|switch|p1a: Dedenne|Dedenne, F|276/276","|switch|p2a: Weavile|Weavile, M|282/282","|-ability|p2a: Weavile|Pressure","|turn|1","|","|move|p2a: Weavile|Icicle Crash|p1a: Dedenne","|-damage|p1a: Dedenne|0 fnt","|-damage|p2a: Weavile|254/282|[from] item: Life Orb","|faint|p1a: Dedenne","|","|","|switch|p1a: Magnezone|Magnezone|343/343","|-item|p1a: Magnezone|Air Balloon","|turn|2","|","|move|p2a: Weavile|Knock Off|p1a: Magnezone","|-damage|p1a: Magnezone|140/343","|-enditem|p1a: Magnezone|Air Balloon","|-damage|p2a: Weavile|226/282|[from] item: Life Orb","|move|p1a: Magnezone|Flash Cannon|p2a: Weavile","|-supereffective|p2a: Weavile","|-damage|p2a: Weavile|0 fnt","|faint|p2a: Weavile","|","|","|switch|p2a: Mamoswine|Mamoswine, M|362/362","|turn|3","|","|switch|p1a: Rotom-Wash|Rotom-Wash|304/304","|move|p2a: Mamoswine|Icicle Crash|p1a: Rotom-Wash","|-resisted|p1a: Rotom-Wash","|-damage|p1a: Rotom-Wash|225/304","|","|-heal|p1a: Rotom-Wash|244/304|[from] item: Leftovers","|turn|4","|","|switch|p2a: Articuno|Articuno|384/384","|-ability|p2a: Articuno|Pressure","|move|p1a: Rotom-Wash|Will-O-Wisp|p2a: Articuno","|-status|p2a: Articuno|brn","|","|-heal|p1a: Rotom-Wash|263/304|[from] item: Leftovers","|-damage|p2a: Articuno|336/384 brn|[from] brn","|turn|5","|","|move|p1a: Rotom-Wash|Volt Switch|p2a: Articuno","|-supereffective|p2a: Articuno","|-damage|p2a: Articuno|232/384 brn","|","|switch|p1a: Magnezone|Magnezone|140/343","|move|p2a: Articuno|Roost|p2a: Articuno","|-heal|p2a: Articuno|384/384 brn","|","|-damage|p2a: Articuno|336/384 brn|[from] brn","|turn|6","|","|switch|p2a: Froslass|Froslass, F, shiny|282/282","|move|p1a: Magnezone|Flash Cannon|p2a: Froslass","|-supereffective|p2a: Froslass","|-enditem|p2a: Froslass|Focus Sash","|-damage|p2a: Froslass|1/282","|","|turn|7","|","|move|p2a: Froslass|Destiny Bond|p2a: Froslass","|-singlemove|p2a: Froslass|Destiny Bond","|move|p1a: Magnezone|Flash Cannon|p2a: Froslass","|-supereffective|p2a: Froslass","|-damage|p2a: Froslass|0 fnt","|faint|p2a: Froslass","|-activate|p2a: Froslass|Destiny Bond","|faint|p1a: Magnezone","|","|","|switch|p1a: Luxray|Luxray, M|363/363","|switch|p2a: Avalugg|Avalugg, F|394/394","|-ability|p1a: Luxray|Intimidate","|-unboost|p2a: Avalugg|atk|1","|turn|8","|","|switch|p1a: Magneton|Magneton|303/303","|move|p2a: Avalugg|Curse|p2a: Avalugg","|-unboost|p2a: Avalugg|spe|1","|-boost|p2a: Avalugg|atk|1","|-boost|p2a: Avalugg|def|1","|","|turn|9","|","|move|p1a: Magneton|Flash Cannon|p2a: Avalugg","|-supereffective|p2a: Avalugg","|-ability|p2a: Avalugg|Sturdy","|-damage|p2a: Avalugg|1/394","|move|p2a: Avalugg|Avalanche|p1a: Magneton","|-resisted|p1a: Magneton","|-damage|p1a: Magneton|249/303","|","|-heal|p2a: Avalugg|25/394|[from] item: Leftovers","|turn|10","|","|move|p1a: Magneton|Flash Cannon|p2a: Avalugg","|-supereffective|p2a: Avalugg","|-damage|p2a: Avalugg|0 fnt","|faint|p2a: Avalugg","|","|","|switch|p2a: Kyurem|Kyurem|392/392","|-ability|p2a: Kyurem|Pressure","|turn|11","|","|switch|p1a: Rotom-Wash|Rotom-Wash|263/304","|move|p2a: Kyurem|Focus Blast|p1a: Rotom-Wash","|-damage|p1a: Rotom-Wash|165/304","|","|-heal|p1a: Rotom-Wash|184/304|[from] item: Leftovers","|turn|12","|","|move|p2a: Kyurem|Focus Blast|p1a: Rotom-Wash|[miss]","|-miss|p2a: Kyurem|p1a: Rotom-Wash","|move|p1a: Rotom-Wash|Hydro Pump|p2a: Kyurem","|-resisted|p2a: Kyurem","|-damage|p2a: Kyurem|317/392","|","|-heal|p1a: Rotom-Wash|203/304|[from] item: Leftovers","|turn|13","|","|move|p2a: Kyurem|Focus Blast|p1a: Rotom-Wash","|-damage|p1a: Rotom-Wash|109/304","|-unboost|p1a: Rotom-Wash|spd|1","|move|p1a: Rotom-Wash|Will-O-Wisp|p2a: Kyurem","|-status|p2a: Kyurem|brn","|","|-heal|p1a: Rotom-Wash|128/304|[from] item: Leftovers","|-damage|p2a: Kyurem|268/392 brn|[from] brn","|turn|14","|","|switch|p1a: Luxray|Luxray, M|363/363","|-ability|p1a: Luxray|Intimidate","|-unboost|p2a: Kyurem|atk|1","|move|p2a: Kyurem|Focus Blast|p1a: Luxray","|-damage|p1a: Luxray|179/363","|-unboost|p1a: Luxray|spd|1","|","|-damage|p2a: Kyurem|219/392 brn|[from] brn","|turn|15","|","|switch|p1a: Thundurus-Therian|Thundurus-Therian, M|299/299","|move|p2a: Kyurem|Focus Blast|p1a: Thundurus-Therian","|-resisted|p1a: Thundurus-Therian","|-damage|p1a: Thundurus-Therian|218/299","|","|-damage|p2a: Kyurem|170/392 brn|[from] brn","|turn|16","|","|switch|p2a: Mamoswine|Mamoswine, M|362/362","|move|p1a: Thundurus-Therian|Hidden Power|p2a: Mamoswine","|-damage|p2a: Mamoswine|241/362","|","|turn|17","|","|move|p1a: Thundurus-Therian|Hidden Power|p2a: Mamoswine","|-damage|p2a: Mamoswine|132/362","|move|p2a: Mamoswine|Stealth Rock|p1a: Thundurus-Therian","|-sidestart|p1: Guard Darkrai|move: Stealth Rock","|","|turn|18","|","|move|p1a: Thundurus-Therian|Hidden Power|p2a: Mamoswine","|-damage|p2a: Mamoswine|14/362","|move|p2a: Mamoswine|Icicle Crash|p1a: Thundurus-Therian","|-supereffective|p1a: Thundurus-Therian","|-damage|p1a: Thundurus-Therian|0 fnt","|faint|p1a: Thundurus-Therian","|","|","|switch|p1a: Rotom-Wash|Rotom-Wash|128/304","|-damage|p1a: Rotom-Wash|90/304|[from] Stealth Rock","|turn|19","|","|move|p2a: Mamoswine|Icicle Crash|p1a: Rotom-Wash","|-resisted|p1a: Rotom-Wash","|-damage|p1a: Rotom-Wash|9/304","|move|p1a: Rotom-Wash|Will-O-Wisp|p2a: Mamoswine","|-status|p2a: Mamoswine|brn","|","|-heal|p1a: Rotom-Wash|28/304|[from] item: Leftovers","|-damage|p2a: Mamoswine|0 fnt|[from] brn","|faint|p2a: Mamoswine","|","|switch|p2a: Articuno|Articuno|336/384 brn","|-ability|p2a: Articuno|Pressure","|turn|20","|","|move|p1a: Rotom-Wash|Pain Split|p2a: Articuno","|-sethp|p2a: Articuno|182/384 brn|p1a: Rotom-Wash|182/304|[from] move: Pain Split","|move|p2a: Articuno|Freeze-Dry|p1a: Rotom-Wash","|-supereffective|p1a: Rotom-Wash","|-damage|p1a: Rotom-Wash|72/304","|","|-heal|p1a: Rotom-Wash|91/304|[from] item: Leftovers","|-heal|p2a: Articuno|206/384 brn|[from] item: Leftovers","|-damage|p2a: Articuno|158/384 brn|[from] brn","|turn|21","|","|move|p1a: Rotom-Wash|Volt Switch|p2a: Articuno","|-supereffective|p2a: Articuno","|-damage|p2a: Articuno|42/384 brn","|","|switch|p1a: Magneton|Magneton|249/303","|-damage|p1a: Magneton|231/303|[from] Stealth Rock","|move|p2a: Articuno|Freeze-Dry|p1a: Magneton","|-resisted|p1a: Magneton","|-damage|p1a: Magneton|194/303","|","|-heal|p2a: Articuno|66/384 brn|[from] item: Leftovers","|-damage|p2a: Articuno|18/384 brn|[from] brn","|turn|22","|","|move|p2a: Articuno|Roost|p2a: Articuno","|-heal|p2a: Articuno|210/384 brn","|move|p1a: Magneton|Flash Cannon|p2a: Articuno","|-supereffective|p2a: Articuno","|-damage|p2a: Articuno|0 fnt","|faint|p2a: Articuno","|","|","|switch|p2a: Kyurem|Kyurem|170/392 brn","|-ability|p2a: Kyurem|Pressure","|turn|23","|","|move|p2a: Kyurem|Focus Blast|p1a: Magneton|[miss]","|-miss|p2a: Kyurem|p1a: Magneton","|move|p1a: Magneton|Flash Cannon|p2a: Kyurem","|-supereffective|p2a: Kyurem","|-damage|p2a: Kyurem|0 fnt","|faint|p2a: Kyurem","|","|win|Guard Darkrai"],"p1rating":{"entryid":"6034648","serverid":"eos","formatid":"monotype","userid":"guarddarkrai","username":"Guard Darkrai","w":98,"l":"112","t":"0","gxe":46.8,"r":"1478.7038012894","rd":"29.209506663167","sigma":"0","rptime":"1439542800","rpr":1475.698688269,"rprd":28.69650342759,"rpsigma":"0","acre":1080.1929092662,"lacre":1080.1929092662,"oldacre":"1052.9928989206"},"p2rating":{"entryid":7636249,"formatid":"monotype","userid":"misakaladdering","username":"Misaka Laddering","r":1500,"rd":130,"sigma":0,"rpr":1454.8562303474,"rprd":121.84733214359,"rpsigma":0,"rptime":1439542800,"w":0,"l":1,"t":0,"gxe":44.4,"acre":1000,"lacre":1000,"oldacre":1000},"endType":"normal"}