{"seed":[14556,53340,34486,48910],"turns":24,"p1":"TS✯Tac Nyan Kitty","p2":"Sovereign PI64","p1team":[{"name":"Drapion","species":"Drapion","item":"airballoon","ability":"Sniper","moves":["crosspoison","toxicspikes","earthquake","xscissor"],"nature":"Adamant","evs":{"hp":0,"atk":252,"def":0,"spa":0,"spd":4,"spe":252},"shiny":true,"ivs":{"hp":31,"atk":31,"def":31,"spa":31,"spd":31,"spe":31}},{"name":"Hoopa-Unbound","species":"Hoopa-Unbound","item":"choicescarf","ability":"Magician","moves":["hyperspacefury","hyperspacehole","gunkshot","thunderbolt"],"nature":"Hasty","evs":{"hp":0,"atk":4,"def":0,"spa":252,"spd":0,"spe":252},"ivs":{"hp":31,"atk":31,"def":31,"spa":31,"spd":31,"spe":31}},{"name":"Sableye","species":"Sableye","item":"leftovers","ability":"Prankster","moves":["dazzlinggleam","willowisp","recover","taunt"],"nature":"Calm","evs":{"hp":0,"atk":252,"def":0,"spa":0,"spd":4,"spe":252},"shiny":true,"ivs":{"hp":31,"atk":31,"def":31,"spa":31,"spd":31,"spe":31}},{"name":"Houndoom","species":"Houndoom","item":"houndoominite","ability":"Early Bird","moves":["nastyplot","fireblast","attract","hiddenpowerpsychic"],"nature":"Timid","evs":{"hp":0,"atk":0,"def":0,"spa":252,"spd":4,"spe":252},"ivs":{"hp":31,"atk":30,"def":31,"spa":31,"spd":31,"spe":30}},{"name":"Sharpedo","species":"Sharpedo","item":"choicescarf","ability":"Speed Boost","moves":["poisonfang","aquajet","icebeam","earthquake"],"nature":"Adamant","evs":{"hp":0,"atk":252,"def":0,"spa":0,"spd":4,"spe":252},"ivs":{"hp":31,"atk":31,"def":31,"spa":31,"spd":31,"spe":31}},{"name":"Honchkrow","species":"Honchkrow","item":"choicescarf","ability":"Super Luck","moves":["defog","nightslash","suckerpunch","drillpeck"],"nature":"Jolly","evs":{"hp":0,"atk":8,"def":0,"spa":0,"spd":4,"spe":252},"ivs":{"hp":31,"atk":31,"def":31,"spa":31,"spd":31,"spe":31}}],"p2team":[{"name":"Not a Fairy","species":"celebi","item":"focussash","ability":"Natural Cure","moves":["gigadrain","psychic","healbell","stealthrock"],"nature":"Timid","evs":{"hp":0,"atk":0,"def":0,"spa":252,"spd":4,"spe":252},"ivs":{"hp":31,"atk":30,"def":31,"spa":30,"spd":31,"spe":30}},{"name":"WreckingBall","species":"ferrothorn","item":"rockyhelmet","ability":"Iron Barbs","moves":["powerwhip","leechseed","protect","thunderwave"],"nature":"Impish","evs":{"hp":252,"atk":4,"def":0,"spa":0,"spd":252,"spe":0},"gender":"F","ivs":{"hp":31,"atk":31,"def":31,"spa":31,"spd":31,"spe":0}},{"name":"Amingo","species":"ludicolo","item":"damprock","ability":"Swift Swim","moves":["waterfall","seedbomb","drainpunch","raindance"],"nature":"Adamant","evs":{"hp":0,"atk":252,"def":0,"spa":0,"spd":4,"spe":252},"gender":"M","ivs":{"hp":31,"atk":31,"def":31,"spa":31,"spd":31,"spe":31}},{"name":"Kurama","species":"roserade","item":"lifeorb","ability":"Natural Cure","moves":["gigadrain","sludgebomb","dazzlinggleam","weatherball"],"nature":"Timid","evs":{"hp":0,"atk":0,"def":0,"spa":252,"spd":4,"spe":252},"gender":"M","ivs":{"hp":31,"atk":31,"def":31,"spa":31,"spd":31,"spe":31}},{"name":"Breaker","species":"virizion","item":"choicescarf","ability":"Justified","moves":["leafblade","closecombat","stoneedge","xscissor"],"nature":"Adamant","evs":{"hp":0,"atk":252,"def":0,"spa":0,"spd":4,"spe":252},"ivs":{"hp":31,"atk":31,"def":31,"spa":31,"spd":31,"spe":31}},{"name":"Rebirth","species":"sceptile","item":"sceptilite","ability":"Overgrow","moves":["gigadrain","dragonpulse","focusblast","substitute"],"nature":"Timid","evs":{"hp":0,"atk":0,"def":0,"spa":252,"spd":4,"spe":252},"gender":"M","ivs":{"hp":31,"atk":31,"def":31,"spa":31,"spd":31,"spe":31}}],"log":["|player|p1|TS✯Tac Nyan Kitty|268","|player|p2|Sovereign PI64|192","|gametype|singles","|gen|6","|tier|Monotype","|rated","|rule|Baton Pass Clause: Limit one Baton Passer, can't pass Spe and other stats simultaneously","|rule|Swagger Clause: Swagger is banned","|rule|Same Type Clause: Pokémon in a team must share a type","|clearpoke","|poke|p1|Drapion, M, shiny","|poke|p1|Hoopa-Unbound","|poke|p1|Sableye, M, shiny","|poke|p1|Houndoom, F","|poke|p1|Sharpedo, M","|poke|p1|Honchkrow, F","|poke|p2|Celebi","|poke|p2|Ferrothorn, F","|poke|p2|Ludicolo, M","|poke|p2|Roserade, M","|poke|p2|Virizion","|poke|p2|Sceptile, M","|rule|Sleep Clause Mod: Limit one foe put to sleep","|rule|Species Clause: Limit one of each Pokémon","|rule|OHKO Clause: OHKO moves are banned","|rule|Moody Clause: Moody is banned","|rule|Evasion Moves Clause: Evasion moves are banned","|rule|Endless Battle Clause: Forcing endless battles is banned","|rule|HP Percentage Mod: HP is shown in percentages","|teampreview","|","|start","|switch|p1a: Honchkrow|Honchkrow, F|341/341","|switch|p2a: Not a Fairy|Celebi|341/341","|turn|1","|","|move|p1a: Honchkrow|Drill Peck|p2a: Not a Fairy","|-supereffective|p2a: Not a Fairy","|-damage|p2a: Not a Fairy|105/341","|move|p2a: Not a Fairy|Stealth Rock|p1a: Honchkrow","|-sidestart|p1: TS✯Tac Nyan Kitty|move: Stealth Rock","|","|turn|2","|","|switch|p2a: WreckingBall|Ferrothorn, F|352/352","|move|p1a: Honchkrow|Drill Peck|p2a: WreckingBall","|-damage|p2a: WreckingBall|268/352","|-damage|p1a: Honchkrow|299/341|[from] ability: Iron Barbs|[of] p2a: WreckingBall","|-damage|p1a: Honchkrow|243/341|[from] item: Rocky Helmet|[of] p2a: WreckingBall","|","|turn|3","|","|switch|p1a: Houndoom|Houndoom, F|291/291","|-damage|p1a: Houndoom|219/291|[from] Stealth Rock","|move|p2a: WreckingBall|Leech Seed|p1a: Houndoom","|-start|p1a: Houndoom|move: Leech Seed","|","|-damage|p1a: Houndoom|183/291|[from] Leech Seed|[of] p2a: WreckingBall","|-heal|p2a: WreckingBall|304/352|[silent]","|turn|4","|","|detailschange|p1a: Houndoom|Houndoom-Mega, F","|-mega|p1a: Houndoom|Houndoom|Houndoominite","|move|p2a: WreckingBall|Protect|p2a: WreckingBall","|-singleturn|p2a: WreckingBall|Protect","|move|p1a: Houndoom|Fire Blast|p2a: WreckingBall","|-activate|p2a: WreckingBall|Protect","|","|-damage|p1a: Houndoom|147/291|[from] Leech Seed|[of] p2a: WreckingBall","|-heal|p2a: WreckingBall|340/352|[silent]","|turn|5","|","|switch|p2a: Amingo|Ludicolo, M|301/301","|move|p1a: Houndoom|Fire Blast|p2a: Amingo","|-damage|p2a: Amingo|87/301","|","|-damage|p1a: Houndoom|111/291|[from] Leech Seed|[of] p2a: Amingo","|-heal|p2a: Amingo|123/301|[silent]","|turn|6","|","|move|p1a: Houndoom|Fire Blast|p2a: Amingo","|-damage|p2a: Amingo|0 fnt","|faint|p2a: Amingo","|","|","|switch|p2a: Breaker|Virizion|323/323","|turn|7","|","|switch|p1a: Sableye|Sableye, M, shiny|241/241","|-damage|p1a: Sableye|211/241|[from] Stealth Rock","|move|p2a: Breaker|Close Combat|p1a: Sableye","|-immune|p1a: Sableye|[msg]","|","|-heal|p1a: Sableye|226/241|[from] item: Leftovers","|turn|8","|","|switch|p2a: Not a Fairy|Celebi|105/341","|move|p1a: Sableye|Will-O-Wisp|p2a: Not a Fairy","|-status|p2a: Not a Fairy|brn","|","|-heal|p1a: Sableye|241/241|[from] item: Leftovers","|-damage|p2a: Not a Fairy|63/341 brn|[from] brn","|turn|9","|","|move|p1a: Sableye|Taunt|p2a: Not a Fairy","|-start|p2a: Not a Fairy|move: Taunt","|cant|p2a: Not a Fairy|move: Taunt|Heal Bell","|","|-damage|p2a: Not a Fairy|21/341 brn|[from] brn","|turn|10","|","|move|p2a: Not a Fairy|Giga Drain|p1a: Sableye","|-crit|p1a: Sableye","|-damage|p1a: Sableye|15/241","|-heal|p2a: Not a Fairy|134/341 brn|[from] drain|[of] p1a: Sableye","|move|p1a: Sableye|Dazzling Gleam|p2a: Not a Fairy","|-damage|p2a: Not a Fairy|86/341 brn","|","|-heal|p1a: Sableye|30/241|[from] item: Leftovers","|-damage|p2a: Not a Fairy|44/341 brn|[from] brn","|turn|11","|","|move|p1a: Sableye|Recover|p1a: Sableye","|-heal|p1a: Sableye|151/241","|move|p2a: Not a Fairy|Giga Drain|p1a: Sableye","|-damage|p1a: Sableye|12/241","|-heal|p2a: Not a Fairy|114/341 brn|[from] drain|[of] p1a: Sableye","|","|-heal|p1a: Sableye|27/241|[from] item: Leftovers","|-damage|p2a: Not a Fairy|72/341 brn|[from] brn","|-end|p2a: Not a Fairy|move: Taunt","|turn|12","|","|move|p1a: Sableye|Taunt|p2a: Not a Fairy","|-start|p2a: Not a Fairy|move: Taunt","|move|p2a: Not a Fairy|Giga Drain|p1a: Sableye","|-damage|p1a: Sableye|0 fnt","|-heal|p2a: Not a Fairy|86/341 brn|[from] drain|[of] p1a: Sableye","|faint|p1a: Sableye","|","|-damage|p2a: Not a Fairy|44/341 brn|[from] brn","|","|switch|p1a: Drapion|Drapion, M, shiny|281/281","|-damage|p1a: Drapion|246/281|[from] Stealth Rock","|-item|p1a: Drapion|Air Balloon","|turn|13","|","|move|p2a: Not a Fairy|Giga Drain|p1a: Drapion","|-resisted|p1a: Drapion","|-damage|p1a: Drapion|172/281","|-heal|p2a: Not a Fairy|81/341 brn|[from] drain|[of] p1a: Drapion","|-enditem|p1a: Drapion|Air Balloon","|move|p1a: Drapion|X-Scissor|p2a: Not a Fairy","|-supereffective|p2a: Not a Fairy","|-damage|p2a: Not a Fairy|0 fnt","|faint|p2a: Not a Fairy","|","|","|switch|p2a: WreckingBall|Ferrothorn, F|340/352","|turn|14","|","|move|p1a: Drapion|Earthquake|p2a: WreckingBall","|-damage|p2a: WreckingBall|268/352","|move|p2a: WreckingBall|Leech Seed|p1a: Drapion","|-start|p1a: Drapion|move: Leech Seed","|","|-damage|p1a: Drapion|137/281|[from] Leech Seed|[of] p2a: WreckingBall","|-heal|p2a: WreckingBall|303/352|[silent]","|turn|15","|","|move|p1a: Drapion|Earthquake|p2a: WreckingBall","|-damage|p2a: WreckingBall|231/352","|move|p2a: WreckingBall|Thunder Wave|p1a: Drapion","|-status|p1a: Drapion|par","|","|-damage|p1a: Drapion|102/281 par|[from] Leech Seed|[of] p2a: WreckingBall","|-heal|p2a: WreckingBall|266/352|[silent]","|turn|16","|","|move|p2a: WreckingBall|Protect|p2a: WreckingBall","|-singleturn|p2a: WreckingBall|Protect","|cant|p1a: Drapion|par","|","|-damage|p1a: Drapion|67/281 par|[from] Leech Seed|[of] p2a: WreckingBall","|-heal|p2a: WreckingBall|301/352|[silent]","|turn|17","|","|cant|p1a: Drapion|par","|move|p2a: WreckingBall|Power Whip|p1a: Drapion","|-resisted|p1a: Drapion","|-damage|p1a: Drapion|9/281 par","|","|-damage|p1a: Drapion|0 fnt|[from] Leech Seed|[of] p2a: WreckingBall","|-heal|p2a: WreckingBall|310/352|[silent]","|faint|p1a: Drapion","|","|switch|p1a: Houndoom|Houndoom-Mega, F|111/291","|-damage|p1a: Houndoom|39/291|[from] Stealth Rock","|turn|18","|","|move|p1a: Houndoom|Fire Blast|p2a: WreckingBall|[miss]","|-miss|p1a: Houndoom|p2a: WreckingBall","|move|p2a: WreckingBall|Thunder Wave|p1a: Houndoom","|-status|p1a: Houndoom|par","|","|turn|19","|","|move|p1a: Houndoom|Fire Blast|p2a: WreckingBall","|-supereffective|p2a: WreckingBall","|-damage|p2a: WreckingBall|0 fnt","|faint|p2a: WreckingBall","|","|","|switch|p2a: Kurama|Roserade, M|261/261","|turn|20","|","|move|p2a: Kurama|Sludge Bomb|p1a: Houndoom","|-damage|p1a: Houndoom|0 fnt","|-damage|p2a: Kurama|235/261|[from] item: Life Orb","|faint|p1a: Houndoom","|","|","|switch|p1a: Honchkrow|Honchkrow, F|243/341","|-damage|p1a: Honchkrow|158/341|[from] Stealth Rock","|turn|21","|","|move|p1a: Honchkrow|Drill Peck|p2a: Kurama","|-supereffective|p2a: Kurama","|-damage|p2a: Kurama|0 fnt","|faint|p2a: Kurama","|","|","|switch|p2a: Breaker|Virizion|323/323","|turn|22","|","|move|p2a: Breaker|Close Combat|p1a: Honchkrow","|-damage|p1a: Honchkrow|0 fnt","|-unboost|p2a: Breaker|def|1","|-unboost|p2a: Breaker|spd|1","|faint|p1a: Honchkrow","|","|","|switch|p1a: Hoopa-Unbound|Hoopa-Unbound|301/301","|-damage|p1a: Hoopa-Unbound|264/301|[from] Stealth Rock","|turn|23","|","|move|p2a: Breaker|Close Combat|p1a: Hoopa-Unbound","|-damage|p1a: Hoopa-Unbound|0 fnt","|-unboost|p2a: Breaker|def|1","|-unboost|p2a: Breaker|spd|1","|faint|p1a: Hoopa-Unbound","|","|","|switch|p1a: Sharpedo|Sharpedo, M|281/281","|-damage|p1a: Sharpedo|246/281|[from] Stealth Rock","|turn|24","|","|move|p2a: Breaker|Close Combat|p1a: Sharpedo","|-supereffective|p1a: Sharpedo","|-damage|p1a: Sharpedo|0 fnt","|-unboost|p2a: Breaker|def|1","|-unboost|p2a: Breaker|spd|1","|faint|p1a: Sharpedo","|","|win|Sovereign PI64"],"p1rating":{"entryid":"7634374","serverid":"eos","formatid":"monotype","userid":"tstacnyankitty","username":"TS✯Tac Nyan Kitty","w":"0","l":3,"t":"0","gxe":38.6,"r":"1500","rd":"130","sigma":"0","rptime":"1439542800","rpr":1408.127916418,"rprd":111.24691948476,"rpsigma":"0","acre":1000,"lacre":1000,"oldacre":"1000"},"p2rating":{"entryid":7635525,"formatid":"monotype","userid":"sovereignpi64","username":"Sovereign PI64","r":1500,"rd":130,"sigma":0,"rpr":1540.1606143388,"rprd":122.8583080769,"rpsigma":0,"rptime":1439542800,"w":1,"l":0,"t":0,"gxe":55,"acre":1040,"lacre":1040,"oldacre":1000},"endType":"normal"}