{"seed":[27804,27484,20516,30611],"turns":21,"p1":"Sovereign♕Vanguard","p2":"Guard Shadow","p1team":[{"name":"Altaria","species":"Altaria","item":"altarianite","ability":"Natural Cure","moves":["dragondance","return","earthquake","roost"],"nature":"Adamant","evs":{"hp":0,"atk":252,"def":4,"spa":0,"spd":0,"spe":252},"ivs":{"hp":31,"atk":31,"def":31,"spa":31,"spd":31,"spe":31}},{"name":"Dragonite","species":"Dragonite","item":"choiceband","ability":"Multiscale","moves":["outrage","extremespeed","firepunch","earthquake"],"nature":"Adamant","evs":{"hp":0,"atk":252,"def":4,"spa":0,"spd":0,"spe":252},"ivs":{"hp":31,"atk":31,"def":31,"spa":31,"spd":31,"spe":31}},{"name":"Hydreigon","species":"Hydreigon","item":"lifeorb","ability":"Levitate","moves":["dracometeor","darkpulse","fireblast","flashcannon"],"nature":"Hasty","evs":{"hp":0,"atk":252,"def":0,"spa":0,"spd":4,"spe":252},"ivs":{"hp":31,"atk":31,"def":31,"spa":31,"spd":31,"spe":31}},{"name":"Garchomp","species":"Garchomp","item":"rockyhelmet","ability":"Rough Skin","moves":["stealthrock","toxic","dragontail","earthquake"],"nature":"Impish","evs":{"hp":252,"atk":0,"def":164,"spa":0,"spd":76,"spe":16},"ivs":{"hp":31,"atk":31,"def":31,"spa":31,"spd":31,"spe":31}},{"name":"Latios","species":"Latios","item":"lifeorb","ability":"Levitate","moves":["dracometeor","psyshock","calmmind","roost"],"nature":"","evs":{"hp":0,"atk":0,"def":4,"spa":252,"spd":0,"spe":252},"ivs":{"hp":31,"atk":31,"def":31,"spa":31,"spd":31,"spe":31}},{"name":"Goodra","species":"Goodra","item":"assaultvest","ability":"Sap Sipper","moves":["dragonpulse","sludgebomb","flamethrower","dragontail"],"nature":"","evs":{"hp":248,"atk":0,"def":0,"spa":252,"spd":8,"spe":0},"ivs":{"hp":31,"atk":31,"def":31,"spa":31,"spd":31,"spe":31}}],"p2team":[{"name":"Shadow","species":"sableye","item":"sablenite","ability":"Prankster","moves":["willowisp","calmmind","recover","darkpulse"],"nature":"Bold","evs":{"hp":252,"atk":0,"def":252,"spa":0,"spd":4,"spe":0},"gender":"M","ivs":{"hp":31,"atk":0,"def":31,"spa":31,"spd":31,"spe":31}},{"name":"Phantom","species":"gengar","item":"focussash","ability":"Levitate","moves":["shadowball","sludgebomb","energyball","destinybond"],"nature":"Timid","evs":{"hp":0,"atk":0,"def":0,"spa":252,"spd":4,"spe":252},"gender":"M","shiny":true,"ivs":{"hp":31,"atk":31,"def":31,"spa":31,"spd":31,"spe":31}},{"name":"Wraith","species":"golurk","item":"focussash","ability":"No Guard","moves":["dynamicpunch","earthquake","rockpolish","stealthrock"],"nature":"Adamant","evs":{"hp":0,"atk":252,"def":0,"spa":0,"spd":4,"spe":252},"shiny":true,"ivs":{"hp":31,"atk":31,"def":31,"spa":31,"spd":31,"spe":31}},{"name":"Masamune","species":"aegislash","item":"leftovers","ability":"Stance Change","moves":["ironhead","shadowsneak","swordsdance","kingsshield"],"nature":"Adamant","evs":{"hp":252,"atk":252,"def":0,"spa":0,"spd":0,"spe":4},"gender":"M","shiny":true,"ivs":{"hp":31,"atk":31,"def":31,"spa":31,"spd":31,"spe":31}},{"name":"Inferno","species":"chandelure","item":"choicescarf","ability":"Flash Fire","moves":["fireblast","shadowball","hiddenpowerice","trick"],"nature":"Modest","evs":{"hp":0,"atk":0,"def":0,"spa":252,"spd":4,"spe":252},"gender":"M","ivs":{"hp":31,"atk":30,"def":30,"spa":31,"spd":31,"spe":31}},{"name":"Mismagius","species":"Mismagius","item":"focussash","ability":"Levitate","moves":["shadowball","dazzlinggleam","nastyplot","destinybond"],"nature":"Timid","evs":{"hp":0,"atk":0,"def":0,"spa":252,"spd":4,"spe":252},"gender":"F","ivs":{"hp":31,"atk":31,"def":31,"spa":31,"spd":31,"spe":31}}],"log":["|player|p1|Sovereign♕Vanguard|110","|player|p2|Guard Shadow|274","|gametype|singles","|gen|6","|tier|Monotype","|rated","|rule|Baton Pass Clause: Limit one Baton Passer, can't pass Spe and other stats simultaneously","|rule|Swagger Clause: Swagger is banned","|rule|Same Type Clause: Pokémon in a team must share a type","|clearpoke","|poke|p1|Altaria, M","|poke|p1|Dragonite, M","|poke|p1|Hydreigon, F","|poke|p1|Garchomp, M","|poke|p1|Latios, M","|poke|p1|Goodra, F","|poke|p2|Sableye, M","|poke|p2|Gengar, M, shiny","|poke|p2|Golurk, shiny","|poke|p2|Aegislash, M, shiny","|poke|p2|Chandelure, M","|poke|p2|Mismagius, F","|rule|Sleep Clause Mod: Limit one foe put to sleep","|rule|Species Clause: Limit one of each Pokémon","|rule|OHKO Clause: OHKO moves are banned","|rule|Moody Clause: Moody is banned","|rule|Evasion Moves Clause: Evasion moves are banned","|rule|Endless Battle Clause: Forcing endless battles is banned","|rule|HP Percentage Mod: HP is shown in percentages","|teampreview","|","|start","|switch|p1a: Garchomp|Garchomp, M|420/420","|switch|p2a: Inferno|Chandelure, M|261/261","|turn|1","|","|move|p2a: Inferno|Hidden Power|p1a: Garchomp","|-supereffective|p1a: Garchomp","|-damage|p1a: Garchomp|48/420","|move|p1a: Garchomp|Stealth Rock|p2a: Inferno","|-sidestart|p2: Guard Shadow|move: Stealth Rock","|","|turn|2","|","|move|p2a: Inferno|Hidden Power|p1a: Garchomp","|-supereffective|p1a: Garchomp","|-damage|p1a: Garchomp|0 fnt","|faint|p1a: Garchomp","|","|","|switch|p1a: Dragonite|Dragonite, M|323/323","|turn|3","|","|move|p2a: Inferno|Hidden Power|p1a: Dragonite","|-supereffective|p1a: Dragonite","|-damage|p1a: Dragonite|153/323","|move|p1a: Dragonite|Earthquake|p2a: Inferno","|-supereffective|p2a: Inferno","|-damage|p2a: Inferno|0 fnt","|faint|p2a: Inferno","|","|","|switch|p2a: Shadow|Sableye, M|304/304","|-damage|p2a: Shadow|266/304|[from] Stealth Rock","|turn|4","|","|move|p2a: Shadow|Will-O-Wisp|p1a: Dragonite","|-status|p1a: Dragonite|brn","|move|p1a: Dragonite|Earthquake|p2a: Shadow","|-damage|p2a: Shadow|175/304","|","|-damage|p1a: Dragonite|113/323 brn|[from] brn","|turn|5","|","|move|p2a: Shadow|Calm Mind|p2a: Shadow","|-boost|p2a: Shadow|spa|1","|-boost|p2a: Shadow|spd|1","|move|p1a: Dragonite|Earthquake|p2a: Shadow","|-damage|p2a: Shadow|83/304","|","|-damage|p1a: Dragonite|73/323 brn|[from] brn","|turn|6","|","|move|p2a: Shadow|Recover|p2a: Shadow","|-heal|p2a: Shadow|235/304","|move|p1a: Dragonite|Earthquake|p2a: Shadow","|-damage|p2a: Shadow|149/304","|","|-damage|p1a: Dragonite|33/323 brn|[from] brn","|turn|7","|","|move|p2a: Shadow|Calm Mind|p2a: Shadow","|-boost|p2a: Shadow|spa|1","|-boost|p2a: Shadow|spd|1","|move|p1a: Dragonite|Earthquake|p2a: Shadow","|-damage|p2a: Shadow|61/304","|","|-damage|p1a: Dragonite|0 fnt|[from] brn","|faint|p1a: Dragonite","|","|switch|p1a: Altaria|Altaria, M|291/291","|turn|8","|","|detailschange|p1a: Altaria|Altaria-Mega, M","|-mega|p1a: Altaria|Altaria|Altarianite","|detailschange|p2a: Shadow|Sableye-Mega, M","|-mega|p2a: Shadow|Sableye|Sablenite","|move|p2a: Shadow|Recover|p2a: Shadow","|-heal|p2a: Shadow|213/304","|move|p1a: Altaria|Return|p2a: Shadow","|-supereffective|p2a: Shadow","|-damage|p2a: Shadow|0 fnt","|faint|p2a: Shadow","|","|","|switch|p2a: Masamune|Aegislash, M, shiny|324/324","|-damage|p2a: Masamune|304/324|[from] Stealth Rock","|turn|9","|","|move|p1a: Altaria|Dragon Dance|p1a: Altaria","|-boost|p1a: Altaria|atk|1","|-boost|p1a: Altaria|spe|1","|move|p2a: Masamune|Swords Dance|p2a: Masamune","|-boost|p2a: Masamune|atk|2","|","|-heal|p2a: Masamune|324/324|[from] item: Leftovers","|turn|10","|","|move|p1a: Altaria|Earthquake|p2a: Masamune","|-supereffective|p2a: Masamune","|-damage|p2a: Masamune|80/324","|-formechange|p2a: Masamune|Aegislash-Blade","|move|p2a: Masamune|Iron Head|p1a: Altaria","|-supereffective|p1a: Altaria","|-damage|p1a: Altaria|0 fnt","|faint|p1a: Altaria","|","|-heal|p2a: Masamune|100/324|[from] item: Leftovers","|","|switch|p1a: Goodra|Goodra, F|383/383","|turn|11","|","|-formechange|p2a: Masamune|Aegislash","|move|p2a: Masamune|King's Shield|p2a: Masamune","|-singleturn|p2a: Masamune|Protect","|move|p1a: Goodra|Flamethrower|p2a: Masamune","|-activate|p2a: Masamune|Protect","|","|-heal|p2a: Masamune|120/324|[from] item: Leftovers","|turn|12","|","|move|p1a: Goodra|Flamethrower|p2a: Masamune","|-supereffective|p2a: Masamune","|-damage|p2a: Masamune|0 fnt","|faint|p2a: Masamune","|","|","|switch|p2a: Mismagius|Mismagius, F|261/261","|-damage|p2a: Mismagius|229/261|[from] Stealth Rock","|turn|13","|","|move|p2a: Mismagius|Dazzling Gleam|p1a: Goodra","|-supereffective|p1a: Goodra","|-damage|p1a: Goodra|309/383","|move|p1a: Goodra|Sludge Bomb|p2a: Mismagius","|-resisted|p2a: Mismagius","|-damage|p2a: Mismagius|181/261","|-status|p2a: Mismagius|psn","|","|-damage|p2a: Mismagius|149/261 psn|[from] psn","|turn|14","|","|move|p2a: Mismagius|Destiny Bond|p2a: Mismagius","|-singlemove|p2a: Mismagius|Destiny Bond","|move|p1a: Goodra|Dragon Pulse|p2a: Mismagius","|-damage|p2a: Mismagius|29/261 psn","|","|-damage|p2a: Mismagius|0 fnt|[from] psn","|faint|p2a: Mismagius","|","|switch|p2a: Wraith|Golurk, shiny|319/319","|-damage|p2a: Wraith|300/319|[from] Stealth Rock","|turn|15","|","|move|p2a: Wraith|Dynamic Punch|p1a: Goodra","|-damage|p1a: Goodra|126/383","|-start|p1a: Goodra|confusion","|-activate|p1a: Goodra|confusion","|-damage|p1a: Goodra|85/383|[from] confusion","|","|turn|16","|","|move|p2a: Wraith|Rock Polish|p2a: Wraith","|-boost|p2a: Wraith|spe|2","|-end|p1a: Goodra|confusion","|move|p1a: Goodra|Sludge Bomb|p2a: Wraith","|-resisted|p2a: Wraith","|-damage|p2a: Wraith|269/319","|-status|p2a: Wraith|psn","|","|-damage|p2a: Wraith|230/319 psn|[from] psn","|turn|17","|","|move|p2a: Wraith|Dynamic Punch|p1a: Goodra","|-crit|p1a: Goodra","|-damage|p1a: Goodra|0 fnt","|faint|p1a: Goodra","|","|-damage|p2a: Wraith|191/319 psn|[from] psn","|","|switch|p1a: Latios|Latios, M|301/301","|turn|18","|","|move|p2a: Wraith|Dynamic Punch|p1a: Latios","|-resisted|p1a: Latios","|-damage|p1a: Latios|223/301","|-start|p1a: Latios|confusion","|-activate|p1a: Latios|confusion","|-damage|p1a: Latios|180/301|[from] confusion","|","|-damage|p2a: Wraith|152/319 psn|[from] psn","|turn|19","|","|move|p2a: Wraith|Stealth Rock|p1a: Latios","|-sidestart|p1: Sovereign♕Vanguard|move: Stealth Rock","|-end|p1a: Latios|confusion","|move|p1a: Latios|Draco Meteor|p2a: Wraith","|-damage|p2a: Wraith|0 fnt","|-unboost|p1a: Latios|spa|2","|-damage|p1a: Latios|150/301|[from] item: Life Orb","|faint|p2a: Wraith","|","|","|switch|p2a: Phantom|Gengar, M, shiny|261/261","|-damage|p2a: Phantom|229/261|[from] Stealth Rock","|turn|20","|","|move|p2a: Phantom|Shadow Ball|p1a: Latios","|-supereffective|p1a: Latios","|-damage|p1a: Latios|0 fnt","|faint|p1a: Latios","|","|","|switch|p1a: Hydreigon|Hydreigon, F|325/325","|-damage|p1a: Hydreigon|285/325|[from] Stealth Rock","|turn|21","|","|move|p2a: Phantom|Destiny Bond|p2a: Phantom","|-singlemove|p2a: Phantom|Destiny Bond","|move|p1a: Hydreigon|Dark Pulse|p2a: Phantom","|-supereffective|p2a: Phantom","|-damage|p2a: Phantom|0 fnt","|-damage|p1a: Hydreigon|253/325|[from] item: Life Orb","|faint|p2a: Phantom","|-activate|p2a: Phantom|Destiny Bond","|faint|p1a: Hydreigon","|","|win|Sovereign♕Vanguard"],"p1rating":{"entryid":"7434426","serverid":"eos","formatid":"monotype","userid":"sovereignvanguard","username":"Sovereign♕Vanguard","w":10,"l":"13","t":"0","gxe":43.5,"r":"1465.3285680468","rd":"69.920920312441","sigma":"0","rptime":"1439542800","rpr":1450.2846780064,"rprd":66.184082987766,"rpsigma":"0","acre":1066.7438890108,"lacre":1066.7438890108,"oldacre":"1020.1663191522"},"p2rating":{"entryid":"6072101","serverid":"eos","formatid":"monotype","userid":"guardshadow","username":"Guard Shadow","w":"18","l":23,"t":"0","gxe":42,"r":"1408.2330362149","rd":"65.070631300771","sigma":"0","rptime":"1439542800","rpr":1438.575491502,"rprd":61.693196580245,"rpsigma":"0","acre":1081.0184800591,"lacre":1081.0184800591,"oldacre":"1112.5110454369"},"endType":"normal"}