{"seed":[34757,12853,57072,5871],"turns":24,"p1":"Rain ☆ Dinite","p2":"Rain Boots","p1team":[{"name":"super bunny","species":"diggersby","item":"choicescarf","ability":"Huge Power","moves":["earthquake","return","knockoff","uturn"],"nature":"Jolly","evs":{"hp":0,"atk":252,"def":4,"spa":0,"spd":0,"spe":252},"ivs":{"hp":31,"atk":31,"def":31,"spa":31,"spd":31,"spe":31}},{"name":"ace","species":"lopunny","item":"lopunnite","ability":"Limber","moves":["highjumpkick","return","fakeout","poweruppunch"],"nature":"Jolly","evs":{"hp":0,"atk":252,"def":4,"spa":0,"spd":0,"spe":252},"ivs":{"hp":31,"atk":31,"def":31,"spa":31,"spd":31,"spe":31}},{"name":"buffy-power","species":"staraptor","item":"choicescarf","ability":"Reckless","moves":["bravebird","doubleedge","closecombat","uturn"],"nature":"Jolly","evs":{"hp":0,"atk":252,"def":4,"spa":0,"spd":0,"spe":252},"ivs":{"hp":31,"atk":31,"def":31,"spa":31,"spd":31,"spe":31}},{"name":"buffy-puffy","species":"chansey","item":"eviolite","ability":"Natural Cure","moves":["toxic","softboiled","seismictoss","healbell"],"nature":"Bold","evs":{"hp":4,"atk":0,"def":252,"spa":0,"spd":252,"spe":0},"ivs":{"hp":31,"atk":31,"def":31,"spa":31,"spd":31,"spe":31}},{"name":"copy slimy","species":"ditto","item":"choicescarf","ability":"Imposter","moves":["transform"],"nature":"Relaxed","evs":{"hp":248,"atk":0,"def":252,"spa":0,"spd":0,"spe":0},"ivs":{"hp":31,"atk":31,"def":31,"spa":31,"spd":31,"spe":31}},{"name":"#17","species":"porygon2","item":"eviolite","ability":"Download","moves":["triattack","icebeam","discharge","recover"],"nature":"Modest","evs":{"hp":252,"atk":0,"def":4,"spa":252,"spd":0,"spe":0},"shiny":true,"ivs":{"hp":31,"atk":31,"def":31,"spa":31,"spd":31,"spe":31}}],"p2team":[{"name":"Massacrebringer","species":"bisharp","item":"choicescarf","ability":"Defiant","moves":["brickbreak","suckerpunch","knockoff","ironhead"],"nature":"Jolly","evs":{"hp":0,"atk":252,"def":0,"spa":0,"spd":4,"spe":252},"gender":"M","shiny":true,"ivs":{"hp":31,"atk":31,"def":31,"spa":31,"spd":31,"spe":31}},{"name":"Icebringer","species":"weavile","item":"choicescarf","ability":"Pressure","moves":["iceshard","iciclecrash","knockoff","brickbreak"],"nature":"Adamant","evs":{"hp":0,"atk":252,"def":0,"spa":0,"spd":4,"spe":252},"gender":"F","ivs":{"hp":31,"atk":31,"def":31,"spa":31,"spd":31,"spe":31}},{"name":"Hellbringer","species":"mandibuzz","item":"leftovers","ability":"Overcoat","moves":["toxic","roost","foulplay","whirlwind"],"nature":"Bold","evs":{"hp":252,"atk":0,"def":252,"spa":0,"spd":4,"spe":0},"shiny":true,"ivs":{"hp":31,"atk":31,"def":31,"spa":31,"spd":31,"spe":31}},{"name":"Nightbringer","species":"zoroark","item":"choicespecs","ability":"Illusion","moves":["darkpulse","flamethrower","trick","extrasensory"],"nature":"Timid","evs":{"hp":0,"atk":0,"def":0,"spa":252,"spd":4,"spe":252},"gender":"F","shiny":true,"ivs":{"hp":31,"atk":31,"def":31,"spa":31,"spd":31,"spe":31}},{"name":"Deathbringer","species":"absol","item":"absolite","ability":"Super Luck","moves":["darkpulse","thunderbolt","flamethrower","icebeam"],"nature":"Timid","evs":{"hp":0,"atk":0,"def":0,"spa":252,"spd":4,"spe":252},"gender":"F","shiny":true,"ivs":{"hp":31,"atk":31,"def":31,"spa":31,"spd":31,"spe":31}},{"name":"Chaosbringer","species":"hydreigon","item":"choicescarf","ability":"Levitate","moves":["dracometeor","flamethrower","flashcannon","darkpulse"],"nature":"Timid","evs":{"hp":0,"atk":0,"def":0,"spa":252,"spd":4,"spe":252},"gender":"M","shiny":true,"ivs":{"hp":31,"atk":31,"def":31,"spa":31,"spd":31,"spe":31}}],"log":["|player|p1|Rain ☆ Dinite|137","|player|p2|Rain Boots|233","|gametype|singles","|gen|6","|tier|Monotype","|rated","|rule|Baton Pass Clause: Limit one Baton Passer, can't pass Spe and other stats simultaneously","|rule|Swagger Clause: Swagger is banned","|rule|Same Type Clause: Pokémon in a team must share a type","|clearpoke","|poke|p1|Diggersby, M","|poke|p1|Lopunny, M","|poke|p1|Staraptor, M","|poke|p1|Chansey, F","|poke|p1|Ditto","|poke|p1|Porygon2, shiny","|poke|p2|Bisharp, M, shiny","|poke|p2|Weavile, F","|poke|p2|Mandibuzz, F, shiny","|poke|p2|Zoroark, F, shiny","|poke|p2|Absol, F, shiny","|poke|p2|Hydreigon, M, shiny","|rule|Sleep Clause Mod: Limit one foe put to sleep","|rule|Species Clause: Limit one of each Pokémon","|rule|OHKO Clause: OHKO moves are banned","|rule|Moody Clause: Moody is banned","|rule|Evasion Moves Clause: Evasion moves are banned","|rule|Endless Battle Clause: Forcing endless battles is banned","|rule|HP Percentage Mod: HP is shown in percentages","|teampreview","|","|start","|switch|p1a: #17|Porygon2, shiny|374/374","|switch|p2a: Hellbringer|Mandibuzz, F, shiny|424/424","|-boost|p1a: #17|spa|1|[from] ability: Download","|turn|1","|","|move|p2a: Hellbringer|Toxic|p1a: #17","|-status|p1a: #17|tox","|move|p1a: #17|Discharge|p2a: Hellbringer","|-supereffective|p2a: Hellbringer","|-damage|p2a: Hellbringer|166/424","|","|-heal|p2a: Hellbringer|192/424|[from] item: Leftovers","|-damage|p1a: #17|351/374 tox|[from] psn","|turn|2","|","|move|p2a: Hellbringer|Roost|p2a: Hellbringer","|-heal|p2a: Hellbringer|404/424","|move|p1a: #17|Tri Attack|p2a: Hellbringer","|-damage|p2a: Hellbringer|211/424","|","|-heal|p2a: Hellbringer|237/424|[from] item: Leftovers","|-damage|p1a: #17|305/374 tox|[from] psn","|turn|3","|","|switch|p1a: buffy-puffy|Chansey, F|642/642","|move|p2a: Hellbringer|Roost|p2a: Hellbringer","|-heal|p2a: Hellbringer|424/424","|","|turn|4","|","|switch|p2a: Chaosbringer|Hydreigon, M, shiny|261/261","|move|p1a: buffy-puffy|Heal Bell|p1a: buffy-puffy","|-cureteam|p1a: buffy-puffy|[from] move: HealBell","|","|turn|5","|","|move|p2a: Chaosbringer|Trick|p1a: buffy-puffy","|-activate|p2a: Chaosbringer|move: Trick|[of] p1a: buffy-puffy","|-item|p1a: buffy-puffy|Choice Specs|[from] move: Trick","|-item|p2a: Chaosbringer|Eviolite|[from] move: Trick","|move|p1a: buffy-puffy|Toxic|p2a: Chaosbringer","|-status|p2a: Chaosbringer|tox","|","|-damage|p2a: Chaosbringer|245/261 tox|[from] psn","|turn|6","|","|switch|p2a: Massacrebringer|Bisharp, M, shiny|271/271","|switch|p1a: #17|Porygon2, shiny|305/374","|-boost|p1a: #17|spa|1|[from] ability: Download","|","|turn|7","|","|move|p2a: Massacrebringer|Knock Off|p1a: #17","|-damage|p1a: #17|173/374","|-enditem|p1a: #17|Eviolite|[from] move: Knock Off|[of] p2a: Massacrebringer","|move|p1a: #17|Discharge|p2a: Massacrebringer","|-damage|p2a: Massacrebringer|77/271","|","|turn|8","|","|move|p2a: Massacrebringer|Knock Off|p1a: #17","|-damage|p1a: #17|49/374","|move|p1a: #17|Recover|p1a: #17","|-heal|p1a: #17|236/374","|","|turn|9","|","|switch|p2a: Chaosbringer|Hydreigon, M, shiny|325/325","|move|p1a: #17|Discharge|p2a: Chaosbringer","|-resisted|p2a: Chaosbringer","|-damage|p2a: Chaosbringer|249/325","|","|turn|10","|","|move|p2a: Chaosbringer|Draco Meteor|p1a: #17","|-damage|p1a: #17|0 fnt","|-unboost|p2a: Chaosbringer|spa|2","|faint|p1a: #17","|","|","|switch|p1a: buffy-puffy|Chansey, F|642/642","|turn|11","|","|switch|p2a: Massacrebringer|Bisharp, M, shiny|77/271","|move|p1a: buffy-puffy|Seismic Toss|p2a: Massacrebringer","|-damage|p2a: Massacrebringer|0 fnt","|faint|p2a: Massacrebringer","|","|","|switch|p2a: Icebringer|Weavile, F|281/281","|-ability|p2a: Icebringer|Pressure","|turn|12","|","|move|p2a: Icebringer|Brick Break|p1a: buffy-puffy","|-supereffective|p1a: buffy-puffy","|-damage|p1a: buffy-puffy|266/642","|move|p1a: buffy-puffy|Seismic Toss|p2a: Icebringer","|-damage|p2a: Icebringer|181/281","|","|turn|13","|","|move|p2a: Icebringer|Brick Break|p1a: buffy-puffy","|-supereffective|p1a: buffy-puffy","|-damage|p1a: buffy-puffy|0 fnt","|faint|p1a: buffy-puffy","|","|","|switch|p1a: copy slimy|Ditto|299/299","|-transform|p1a: copy slimy|p2a: Icebringer","|-ability|p1a: copy slimy|Pressure","|turn|14","|","|move|p2a: Icebringer|Brick Break|p1a: copy slimy","|-supereffective|p1a: copy slimy","|-damage|p1a: copy slimy|0 fnt","|faint|p1a: copy slimy","|","|","|switch|p1a: buffy-power|Staraptor, M|311/311","|turn|15","|","|switch|p2a: Hellbringer|Mandibuzz, F, shiny|424/424","|move|p1a: buffy-power|Close Combat|p2a: Hellbringer","|-damage|p2a: Hellbringer|324/424","|-unboost|p1a: buffy-power|def|1","|-unboost|p1a: buffy-power|spd|1","|","|-heal|p2a: Hellbringer|350/424|[from] item: Leftovers","|turn|16","|","|switch|p1a: super bunny|Diggersby, M|311/311","|move|p2a: Hellbringer|Foul Play|p1a: super bunny","|-damage|p1a: super bunny|178/311","|","|-heal|p2a: Hellbringer|376/424|[from] item: Leftovers","|turn|17","|","|move|p1a: super bunny|Return|p2a: Hellbringer","|-damage|p2a: Hellbringer|238/424","|move|p2a: Hellbringer|Foul Play|p1a: super bunny","|-damage|p1a: super bunny|45/311","|","|-heal|p2a: Hellbringer|264/424|[from] item: Leftovers","|turn|18","|","|move|p1a: super bunny|Return|p2a: Hellbringer","|-damage|p2a: Hellbringer|110/424","|move|p2a: Hellbringer|Roost|p2a: Hellbringer","|-heal|p2a: Hellbringer|322/424","|","|-heal|p2a: Hellbringer|348/424|[from] item: Leftovers","|turn|19","|","|move|p1a: super bunny|Return|p2a: Hellbringer","|-damage|p2a: Hellbringer|200/424","|move|p2a: Hellbringer|Foul Play|p1a: super bunny","|-crit|p1a: super bunny","|-damage|p1a: super bunny|0 fnt","|faint|p1a: super bunny","|","|-heal|p2a: Hellbringer|226/424|[from] item: Leftovers","|","|switch|p1a: ace|Lopunny, M|271/271","|turn|20","|","|detailschange|p1a: ace|Lopunny-Mega, M","|-mega|p1a: ace|Lopunny|Lopunnite","|move|p1a: ace|Power-Up Punch|p2a: Hellbringer","|-crit|p2a: Hellbringer","|-damage|p2a: Hellbringer|153/424","|-boost|p1a: ace|atk|1","|move|p2a: Hellbringer|Roost|p2a: Hellbringer","|-heal|p2a: Hellbringer|365/424","|","|-heal|p2a: Hellbringer|391/424|[from] item: Leftovers","|turn|21","|","|move|p1a: ace|Power-Up Punch|p2a: Hellbringer","|-damage|p2a: Hellbringer|316/424","|-boost|p1a: ace|atk|1","|move|p2a: Hellbringer|Toxic|p1a: ace","|-status|p1a: ace|tox","|","|-heal|p2a: Hellbringer|342/424|[from] item: Leftovers","|-damage|p1a: ace|255/271 tox|[from] psn","|turn|22","|","|move|p1a: ace|Return|p2a: Hellbringer","|-damage|p2a: Hellbringer|77/424","|move|p2a: Hellbringer|Foul Play|p1a: ace","|-resisted|p1a: ace","|-damage|p1a: ace|61/271 tox","|","|-heal|p2a: Hellbringer|103/424|[from] item: Leftovers","|-damage|p1a: ace|29/271 tox|[from] psn","|turn|23","|","|switch|p2a: Chaosbringer|Hydreigon, M, shiny|245/261 tox","|move|p1a: ace|Return|p2a: Chaosbringer","|replace|p2a: Nightbringer|Zoroark, F, shiny|245/261 tox","|-damage|p2a: Nightbringer|0 fnt","|faint|p2a: Nightbringer","|","|-damage|p1a: ace|0 fnt|[from] psn","|faint|p1a: ace","|","|switch|p2a: Icebringer|Weavile, F|181/281","|switch|p1a: buffy-power|Staraptor, M|311/311","|-ability|p2a: Icebringer|Pressure","|turn|24","|","|move|p2a: Icebringer|Icicle Crash|p1a: buffy-power","|-supereffective|p1a: buffy-power","|-damage|p1a: buffy-power|0 fnt","|faint|p1a: buffy-power","|","|win|Rain Boots"],"p1rating":{"entryid":"7159862","serverid":"eos","formatid":"monotype","userid":"raindinite","username":"Rain ☆ Dinite","w":"8","l":22,"t":"0","gxe":33.1,"r":1372.8429592928,"rd":66.637395811336,"sigma":"0","rptime":1439542800,"rpr":1365.0971434531,"rprd":65.720581914939,"rpsigma":"0","acre":1019.0708877885,"lacre":1019.0708877885,"oldacre":"1034.7348206155"},"p2rating":{"entryid":"7627461","serverid":"eos","formatid":"monotype","userid":"rainboots","username":"Rain Boots","w":2,"l":"1","t":"0","gxe":53,"r":"1500","rd":"130","sigma":"0","rptime":"1439542800","rpr":1523.6960421349,"rprd":111.50809347853,"rpsigma":"0","acre":1061.7969368117,"lacre":1061.7969368117,"oldacre":"1024.3679979165"},"endType":"normal"}