{"seed":[2160,31896,24562,39791],"turns":22,"p1":"Void KGBeast","p2":"Inferno Sasuke","p1team":[{"name":"Beedrill","species":"Beedrill","item":"beedrillite","ability":"Sniper","moves":["protect","uturn","poisonjab","drillrun"],"nature":"Jolly","evs":{"hp":0,"atk":252,"def":0,"spa":0,"spd":4,"spe":252},"ivs":{"hp":31,"atk":31,"def":31,"spa":31,"spd":31,"spe":31}},{"name":"Weezing","species":"Weezing","item":"blacksludge","ability":"Levitate","moves":["willowisp","flamethrower","clearsmog","painsplit"],"nature":"Bold","evs":{"hp":252,"atk":0,"def":252,"spa":0,"spd":0,"spe":4},"ivs":{"hp":31,"atk":0,"def":31,"spa":31,"spd":31,"spe":31}},{"name":"Amoonguss","species":"Amoonguss","item":"blacksludge","ability":"Regenerator","moves":["spore","gigadrain","sludgebomb","foulplay"],"nature":"Bold","evs":{"hp":248,"atk":0,"def":252,"spa":0,"spd":0,"spe":8},"ivs":{"hp":31,"atk":31,"def":31,"spa":31,"spd":31,"spe":31}},{"name":"Tentacruel","species":"Tentacruel","item":"blacksludge","ability":"Liquid Ooze","moves":["scald","sludgebomb","rapidspin","acidspray"],"nature":"Calm","evs":{"hp":248,"atk":0,"def":0,"spa":0,"spd":252,"spe":8},"ivs":{"hp":31,"atk":0,"def":31,"spa":31,"spd":31,"spe":31}},{"name":"Gengar","species":"Gengar","item":"focussash","ability":"Levitate","moves":["shadowball","sludgewave","focusblast","destinybond"],"nature":"Timid","evs":{"hp":0,"atk":0,"def":0,"spa":252,"spd":4,"spe":252},"ivs":{"hp":31,"atk":0,"def":31,"spa":31,"spd":31,"spe":31}},{"name":"Skuntank","species":"Skuntank","item":"airballoon","ability":"Aftermath","moves":["suckerpunch","defog","taunt","pursuit"],"nature":"Adamant","evs":{"hp":0,"atk":252,"def":4,"spa":0,"spd":0,"spe":252},"ivs":{"hp":31,"atk":31,"def":31,"spa":31,"spd":31,"spe":31}}],"p2team":[{"name":"Torkoal","species":"Torkoal","item":"leftovers","ability":"Shell Armor","moves":["stealthrock","rapidspin","yawn","lavaplume"],"nature":"Bold","evs":{"hp":252,"atk":0,"def":252,"spa":0,"spd":4,"spe":0},"ivs":{"hp":31,"atk":0,"def":31,"spa":31,"spd":31,"spe":31},"shiny":true},{"name":"Entei","species":"Entei","item":"lifeorb","ability":"Pressure","moves":["sacredfire","extremespeed","stoneedge","ironhead"],"nature":"Adamant","evs":{"hp":0,"atk":252,"def":0,"spa":0,"spd":4,"spe":252},"shiny":true,"ivs":{"hp":31,"atk":31,"def":31,"spa":31,"spd":31,"spe":31}},{"name":"Charizard","species":"Charizard","item":"charizarditey","ability":"Blaze","moves":["fireblast","roost","focusblast","solarbeam"],"nature":"Timid","evs":{"hp":0,"atk":0,"def":0,"spa":252,"spd":4,"spe":252},"ivs":{"hp":31,"atk":0,"def":31,"spa":31,"spd":31,"spe":31},"shiny":true},{"name":"Darmanitan","species":"Darmanitan","item":"choicescarf","ability":"Sheer Force","moves":["flareblitz","superpower","rockslide","uturn"],"nature":"Jolly","evs":{"hp":0,"atk":252,"def":0,"spa":0,"spd":4,"spe":252},"shiny":true,"ivs":{"hp":31,"atk":31,"def":31,"spa":31,"spd":31,"spe":31}},{"name":"Heatran","species":"Heatran","item":"airballoon","ability":"Flash Fire","moves":["lavaplume","earthpower","toxic","flashcannon"],"nature":"Calm","evs":{"hp":248,"atk":0,"def":0,"spa":8,"spd":252,"spe":0},"ivs":{"hp":31,"atk":0,"def":31,"spa":31,"spd":31,"spe":31},"shiny":true},{"name":"Rotom-Heat","species":"Rotom-Heat","item":"choicescarf","ability":"Levitate","moves":["voltswitch","thunderbolt","overheat","hiddenpowerice"],"nature":"Timid","evs":{"hp":0,"atk":0,"def":0,"spa":252,"spd":4,"spe":252},"ivs":{"hp":31,"atk":30,"def":30,"spa":31,"spd":31,"spe":31},"shiny":true}],"log":["|player|p1|Void KGBeast|kgbeast.png","|player|p2|Inferno Sasuke|281","|gametype|singles","|gen|6","|tier|Monotype","|rated","|rule|Baton Pass Clause: Limit one Baton Passer, can't pass Spe and other stats simultaneously","|rule|Swagger Clause: Swagger is banned","|rule|Same Type Clause: Pokémon in a team must share a type","|clearpoke","|poke|p1|Beedrill, F","|poke|p1|Weezing, F","|poke|p1|Amoonguss, F","|poke|p1|Tentacruel, F","|poke|p1|Gengar, M","|poke|p1|Skuntank, F","|poke|p2|Torkoal, M, shiny","|poke|p2|Entei, shiny","|poke|p2|Charizard, F, shiny","|poke|p2|Darmanitan, F, shiny","|poke|p2|Heatran, M, shiny","|poke|p2|Rotom-Heat, shiny","|rule|Sleep Clause Mod: Limit one foe put to sleep","|rule|Species Clause: Limit one of each Pokémon","|rule|OHKO Clause: OHKO moves are banned","|rule|Moody Clause: Moody is banned","|rule|Evasion Moves Clause: Evasion moves are banned","|rule|Endless Battle Clause: Forcing endless battles is banned","|rule|HP Percentage Mod: HP is shown in percentages","|teampreview","|","|start","|switch|p1a: Beedrill|Beedrill, F|271/271","|switch|p2a: Heatran|Heatran, M, shiny|385/385","|-item|p2a: Heatran|Air Balloon","|turn|1","|","|detailschange|p1a: Beedrill|Beedrill-Mega, F","|-mega|p1a: Beedrill|Beedrill|Beedrillite","|move|p1a: Beedrill|U-turn|p2a: Heatran","|-resisted|p2a: Heatran","|-damage|p2a: Heatran|341/385","|-enditem|p2a: Heatran|Air Balloon","|","|switch|p1a: Tentacruel|Tentacruel, F|363/363","|move|p2a: Heatran|Earth Power|p1a: Tentacruel","|-supereffective|p1a: Tentacruel","|-damage|p1a: Tentacruel|243/363","|-unboost|p1a: Tentacruel|spd|1","|","|-heal|p1a: Tentacruel|265/363|[from] item: Black Sludge","|turn|2","|","|switch|p1a: Amoonguss|Amoonguss, F|431/431","|move|p2a: Heatran|Earth Power|p1a: Amoonguss","|-damage|p1a: Amoonguss|331/431","|","|-heal|p1a: Amoonguss|357/431|[from] item: Black Sludge","|turn|3","|","|move|p2a: Heatran|Lava Plume|p1a: Amoonguss","|-supereffective|p1a: Amoonguss","|-damage|p1a: Amoonguss|87/431","|move|p1a: Amoonguss|Spore|p2a: Heatran","|-status|p2a: Heatran|slp","|","|-heal|p1a: Amoonguss|113/431|[from] item: Black Sludge","|turn|4","|","|switch|p2a: Rotom-Heat|Rotom-Heat, shiny|241/241","|switch|p1a: Beedrill|Beedrill-Mega, F|271/271","|","|turn|5","|","|move|p1a: Beedrill|Protect|p1a: Beedrill","|-singleturn|p1a: Beedrill|Protect","|move|p2a: Rotom-Heat|Overheat|p1a: Beedrill","|-activate|p1a: Beedrill|Protect","|","|turn|6","|","|switch|p1a: Tentacruel|Tentacruel, F|265/363","|move|p2a: Rotom-Heat|Overheat|p1a: Tentacruel","|-resisted|p1a: Tentacruel","|-damage|p1a: Tentacruel|197/363","|-unboost|p2a: Rotom-Heat|spa|2","|","|-heal|p1a: Tentacruel|219/363|[from] item: Black Sludge","|turn|7","|","|switch|p2a: Entei|Entei, shiny|371/371","|-ability|p2a: Entei|Pressure","|move|p1a: Tentacruel|Scald|p2a: Entei","|-supereffective|p2a: Entei","|-damage|p2a: Entei|185/371","|","|-heal|p1a: Tentacruel|241/363|[from] item: Black Sludge","|turn|8","|","|switch|p1a: Amoonguss|Amoonguss, F|256/431","|move|p2a: Entei|Stone Edge|p1a: Amoonguss","|-damage|p1a: Amoonguss|120/431","|-damage|p2a: Entei|148/371|[from] item: Life Orb","|","|-heal|p1a: Amoonguss|146/431|[from] item: Black Sludge","|turn|9","|","|move|p2a: Entei|Extreme Speed|p1a: Amoonguss","|-damage|p1a: Amoonguss|29/431","|-damage|p2a: Entei|111/371|[from] item: Life Orb","|move|p1a: Amoonguss|Foul Play|p2a: Entei","|-damage|p2a: Entei|0 fnt","|faint|p2a: Entei","|","|-heal|p1a: Amoonguss|55/431|[from] item: Black Sludge","|","|switch|p2a: Torkoal|Torkoal, M, shiny|344/344","|turn|10","|","|move|p1a: Amoonguss|Sludge Bomb|p2a: Torkoal","|-damage|p2a: Torkoal|215/344","|move|p2a: Torkoal|Lava Plume|p1a: Amoonguss","|-supereffective|p1a: Amoonguss","|-damage|p1a: Amoonguss|0 fnt","|faint|p1a: Amoonguss","|","|-heal|p2a: Torkoal|236/344|[from] item: Leftovers","|","|switch|p1a: Skuntank|Skuntank, F|347/347","|-item|p1a: Skuntank|Air Balloon","|turn|11","|","|move|p1a: Skuntank|Taunt|p2a: Torkoal","|-start|p2a: Torkoal|move: Taunt","|move|p2a: Torkoal|Lava Plume|p1a: Skuntank","|-damage|p1a: Skuntank|214/347","|-enditem|p1a: Skuntank|Air Balloon","|-status|p1a: Skuntank|brn","|","|-heal|p2a: Torkoal|257/344|[from] item: Leftovers","|-damage|p1a: Skuntank|171/347 brn|[from] brn","|turn|12","|","|switch|p1a: Tentacruel|Tentacruel, F|241/363","|move|p2a: Torkoal|Lava Plume|p1a: Tentacruel","|-resisted|p1a: Tentacruel","|-damage|p1a: Tentacruel|216/363","|-status|p1a: Tentacruel|brn","|","|-heal|p1a: Tentacruel|238/363 brn|[from] item: Black Sludge","|-heal|p2a: Torkoal|278/344|[from] item: Leftovers","|-damage|p1a: Tentacruel|193/363 brn|[from] brn","|turn|13","|","|move|p1a: Tentacruel|Scald|p2a: Torkoal","|-supereffective|p2a: Torkoal","|-damage|p2a: Torkoal|62/344","|move|p2a: Torkoal|Rapid Spin|p1a: Tentacruel","|-damage|p1a: Tentacruel|178/363 brn","|","|-heal|p1a: Tentacruel|200/363 brn|[from] item: Black Sludge","|-heal|p2a: Torkoal|83/344|[from] item: Leftovers","|-damage|p1a: Tentacruel|155/363 brn|[from] brn","|-end|p2a: Torkoal|move: Taunt","|turn|14","|","|move|p1a: Tentacruel|Scald|p2a: Torkoal","|-supereffective|p2a: Torkoal","|-damage|p2a: Torkoal|0 fnt","|faint|p2a: Torkoal","|","|-heal|p1a: Tentacruel|177/363 brn|[from] item: Black Sludge","|-damage|p1a: Tentacruel|132/363 brn|[from] brn","|","|switch|p2a: Charizard|Charizard, F, shiny|297/297","|turn|15","|","|detailschange|p2a: Charizard|Charizard-Mega-Y, F, shiny","|-mega|p2a: Charizard|Charizard|Charizardite Y","|-weather|SunnyDay","|move|p2a: Charizard|Solar Beam|p1a: Tentacruel|[still]","|-prepare|p2a: Charizard|Solar Beam|p1a: Tentacruel","|-anim|p2a: Charizard|Solar Beam|p1a: Tentacruel","|-damage|p1a: Tentacruel|34/363 brn","|move|p1a: Tentacruel|Acid Spray|p2a: Charizard","|-damage|p2a: Charizard|263/297","|-unboost|p2a: Charizard|spd|2","|","|-weather|SunnyDay|[upkeep]","|-heal|p1a: Tentacruel|56/363 brn|[from] item: Black Sludge","|-damage|p1a: Tentacruel|11/363 brn|[from] brn","|turn|16","|","|move|p2a: Charizard|Solar Beam|p1a: Tentacruel|[still]","|-prepare|p2a: Charizard|Solar Beam|p1a: Tentacruel","|-anim|p2a: Charizard|Solar Beam|p1a: Tentacruel","|-damage|p1a: Tentacruel|0 fnt","|faint|p1a: Tentacruel","|","|-weather|SunnyDay|[upkeep]","|","|switch|p1a: Gengar|Gengar, M|261/261","|turn|17","|","|move|p1a: Gengar|Shadow Ball|p2a: Charizard","|-damage|p2a: Charizard|5/297","|move|p2a: Charizard|Fire Blast|p1a: Gengar","|-enditem|p1a: Gengar|Focus Sash","|-damage|p1a: Gengar|1/261","|","|-weather|SunnyDay|[upkeep]","|turn|18","|","|move|p1a: Gengar|Shadow Ball|p2a: Charizard","|-damage|p2a: Charizard|0 fnt","|faint|p2a: Charizard","|","|-weather|SunnyDay|[upkeep]","|","|switch|p2a: Darmanitan|Darmanitan, F, shiny|351/351","|turn|19","|","|switch|p1a: Skuntank|Skuntank, F|171/347 brn","|move|p2a: Darmanitan|Flare Blitz|p1a: Skuntank","|-crit|p1a: Skuntank","|-damage|p1a: Skuntank|0 fnt","|-damage|p2a: Darmanitan|264/351|[from] ability: Aftermath|[of] p1a: Skuntank","|-damage|p2a: Darmanitan|208/351|[from] recoil|[of] p1a: Skuntank","|faint|p1a: Skuntank","|","|-weather|none","|","|switch|p1a: Weezing|Weezing, F|334/334","|turn|20","|","|move|p2a: Darmanitan|Flare Blitz|p1a: Weezing","|-damage|p1a: Weezing|154/334","|-damage|p2a: Darmanitan|149/351|[from] recoil|[of] p1a: Weezing","|move|p1a: Weezing|Clear Smog|p2a: Darmanitan","|-damage|p2a: Darmanitan|67/351","|-clearboost|p2a: Darmanitan","|","|-heal|p1a: Weezing|174/334|[from] item: Black Sludge","|turn|21","|","|move|p2a: Darmanitan|Flare Blitz|p1a: Weezing","|-damage|p1a: Weezing|0 fnt","|-damage|p2a: Darmanitan|10/351|[from] recoil|[of] p1a: Weezing","|faint|p1a: Weezing","|","|","|switch|p1a: Gengar|Gengar, M|1/261","|turn|22","|","|move|p2a: Darmanitan|Flare Blitz|p1a: Gengar","|-damage|p1a: Gengar|0 fnt","|-damage|p2a: Darmanitan|9/351|[from] recoil|[of] p1a: Gengar","|faint|p1a: Gengar","|","|","|win|Inferno Sasuke"],"p1rating":{"entryid":"6841698","serverid":"eos","formatid":"monotype","userid":"voidkgbeast","username":"Void KGBeast","w":"26","l":15,"t":"0","gxe":61.2,"r":"1611.0581694502","rd":"57.116159196234","sigma":"0","rptime":"1439542800","rpr":1586.5910033953,"rprd":56.038697538823,"rpsigma":"0","acre":1253.8610932689,"lacre":1253.8610932689,"oldacre":"1290.5586675684"},"p2rating":{"entryid":"7291991","serverid":"eos","formatid":"monotype","userid":"infernosasuke","username":"Inferno Sasuke","w":26,"l":"79","t":"0","gxe":26.4,"r":"1282.7634678633","rd":"40.060755274337","sigma":"0","rptime":"1439542800","rpr":1306.0032181338,"rprd":38.501466546741,"rpsigma":"0","acre":1150.9736352463,"lacre":1150.9736352463,"oldacre":"1114.2760609468"},"endType":"forfeit"}