{"seed":[47179,43624,40138,40461],"turns":24,"p1":"Intern olBezerkolo","p2":"Crystal Blade64","p1team":[{"name":"Zapdos","species":"Zapdos","item":"leftovers","ability":"Pressure","moves":["heatwave","roost","tailwind","voltswitch"],"nature":"Modest","evs":{"hp":252,"atk":0,"def":0,"spa":252,"spd":4,"spe":0},"ivs":{"hp":31,"atk":31,"def":31,"spa":31,"spd":31,"spe":31}},{"name":"Galvantula","species":"Galvantula","item":"focussash","ability":"Compound Eyes","moves":["thunder","bugbuzz","voltswitch","stickyweb"],"nature":"Modest","evs":{"hp":0,"atk":0,"def":0,"spa":252,"spd":4,"spe":252},"ivs":{"hp":31,"atk":31,"def":31,"spa":31,"spd":31,"spe":31}},{"name":"Thundurus-Therian","species":"Thundurus-Therian","item":"choicespecs","ability":"Volt Absorb","moves":["grassknot","thunderbolt","hiddenpowerice","voltswitch"],"nature":"Timid","evs":{"hp":0,"atk":0,"def":0,"spa":252,"spd":4,"spe":252},"ivs":{"hp":31,"atk":30,"def":30,"spa":31,"spd":31,"spe":31}},{"name":"Manectric","species":"Manectric","item":"manectite","ability":"Static","moves":["magnetrise","voltswitch","overheat","thunderbolt"],"nature":"Timid","evs":{"hp":0,"atk":0,"def":0,"spa":252,"spd":4,"spe":252},"ivs":{"hp":31,"atk":31,"def":31,"spa":31,"spd":31,"spe":31}},{"name":"Electivire","species":"Electivire","item":"expertbelt","ability":"Motor Drive","moves":["crosschop","earthquake","firepunch","wildcharge"],"nature":"Adamant","evs":{"hp":0,"atk":252,"def":0,"spa":0,"spd":4,"spe":252},"ivs":{"hp":31,"atk":31,"def":31,"spa":31,"spd":31,"spe":31}},{"name":"Rotom-Heat","species":"Rotom-Heat","item":"sitrusberry","ability":"Levitate","moves":["willowisp","thunderbolt","toxic","overheat"],"nature":"Calm","evs":{"hp":248,"atk":0,"def":0,"spa":192,"spd":68,"spe":0},"ivs":{"hp":31,"atk":31,"def":31,"spa":31,"spd":31,"spe":31}}],"p2team":[{"name":"Mew","species":"Mew","item":"leftovers","ability":"Synchronize","moves":["roost","willowisp","defog","knockoff"],"nature":"Careful","evs":{"hp":252,"atk":0,"def":4,"spa":0,"spd":252,"spe":0},"ivs":{"hp":31,"atk":31,"def":31,"spa":31,"spd":31,"spe":31}},{"name":"Medicham","species":"Medicham","item":"medichamite","ability":"Pure Power","moves":["fakeout","psychocut","highjumpkick","icepunch"],"nature":"Jolly","evs":{"hp":0,"atk":252,"def":0,"spa":0,"spd":4,"spe":252},"ivs":{"hp":31,"atk":31,"def":31,"spa":31,"spd":31,"spe":31}},{"name":"Hoopa-Unbound","species":"Hoopa-Unbound","item":"choicescarf","ability":"Magician","moves":["drainpunch","hyperspacefury","gunkshot","zenheadbutt"],"nature":"Jolly","evs":{"hp":0,"atk":252,"def":0,"spa":0,"spd":4,"spe":252},"ivs":{"hp":31,"atk":31,"def":31,"spa":31,"spd":31,"spe":31}},{"name":"Latios","species":"Latios","item":"choicescarf","ability":"Levitate","moves":["dracometeor","psyshock","energyball","thunderbolt"],"nature":"Timid","evs":{"hp":0,"atk":0,"def":0,"spa":252,"spd":4,"spe":252},"ivs":{"hp":31,"atk":31,"def":31,"spa":31,"spd":31,"spe":31}},{"name":"Victini","species":"Victini","item":"choicescarf","ability":"Victory Star","moves":["vcreate","boltstrike","zenheadbutt","uturn"],"nature":"Jolly","evs":{"hp":0,"atk":252,"def":0,"spa":0,"spd":4,"spe":252},"ivs":{"hp":31,"atk":31,"def":31,"spa":31,"spd":31,"spe":31}},{"name":"Slowbro","species":"Slowbro","item":"leftovers","ability":"Regenerator","moves":["thunderwave","scald","slackoff","fireblast"],"nature":"Bold","evs":{"hp":252,"atk":0,"def":252,"spa":4,"spd":0,"spe":0},"ivs":{"hp":31,"atk":31,"def":31,"spa":31,"spd":31,"spe":31}}],"log":["|player|p1|Intern olBezerkolo|136","|player|p2|Crystal Blade64|165","|gametype|singles","|gen|6","|tier|Monotype","|rated","|rule|Baton Pass Clause: Limit one Baton Passer, can't pass Spe and other stats simultaneously","|rule|Swagger Clause: Swagger is banned","|rule|Same Type Clause: Pokémon in a team must share a type","|clearpoke","|poke|p1|Zapdos","|poke|p1|Galvantula, F","|poke|p1|Thundurus-Therian, M","|poke|p1|Manectric, F","|poke|p1|Electivire, F","|poke|p1|Rotom-Heat","|poke|p2|Mew","|poke|p2|Medicham, F","|poke|p2|Hoopa-Unbound","|poke|p2|Latios, M","|poke|p2|Victini","|poke|p2|Slowbro, M","|rule|Sleep Clause Mod: Limit one foe put to sleep","|rule|Species Clause: Limit one of each Pokémon","|rule|OHKO Clause: OHKO moves are banned","|rule|Moody Clause: Moody is banned","|rule|Evasion Moves Clause: Evasion moves are banned","|rule|Endless Battle Clause: Forcing endless battles is banned","|rule|HP Percentage Mod: HP is shown in percentages","|teampreview","|","|start","|switch|p1a: Galvantula|Galvantula, F|281/281","|switch|p2a: Victini|Victini|341/341","|turn|1","|","|move|p2a: Victini|V-create|p1a: Galvantula","|-supereffective|p1a: Galvantula","|-enditem|p1a: Galvantula|Focus Sash","|-damage|p1a: Galvantula|1/281","|-unboost|p2a: Victini|spe|1","|-unboost|p2a: Victini|def|1","|-unboost|p2a: Victini|spd|1","|move|p1a: Galvantula|Sticky Web|p2a: Victini","|-sidestart|p2: Crystal Blade64|move: Sticky Web","|","|turn|2","|","|move|p2a: Victini|V-create|p1a: Galvantula","|-supereffective|p1a: Galvantula","|-damage|p1a: Galvantula|0 fnt","|-unboost|p2a: Victini|spe|1","|-unboost|p2a: Victini|def|1","|-unboost|p2a: Victini|spd|1","|faint|p1a: Galvantula","|","|","|switch|p1a: Rotom-Heat|Rotom-Heat|303/303","|turn|3","|","|switch|p2a: Mew|Mew|404/404","|-activate|p2a: Mew|move: Sticky Web","|-unboost|p2a: Mew|spe|1","|move|p1a: Rotom-Heat|Thunderbolt|p2a: Mew","|-damage|p2a: Mew|308/404","|","|-heal|p2a: Mew|333/404|[from] item: Leftovers","|turn|4","|","|move|p1a: Rotom-Heat|Toxic|p2a: Mew","|-status|p2a: Mew|tox","|-status|p1a: Rotom-Heat|tox","|move|p2a: Mew|Defog|p1a: Rotom-Heat","|-unboost|p1a: Rotom-Heat|evasion|1","|-sideend|p2: Crystal Blade64|Sticky Web|[from] move: Defog|[of] p2a: Mew","|","|-heal|p2a: Mew|358/404 tox|[from] item: Leftovers","|-damage|p1a: Rotom-Heat|285/303 tox|[from] psn","|-damage|p2a: Mew|333/404 tox|[from] psn","|turn|5","|","|move|p1a: Rotom-Heat|Thunderbolt|p2a: Mew","|-damage|p2a: Mew|240/404 tox","|move|p2a: Mew|Knock Off|p1a: Rotom-Heat","|-damage|p1a: Rotom-Heat|208/303 tox","|-enditem|p1a: Rotom-Heat|Sitrus Berry|[from] move: Knock Off|[of] p2a: Mew","|","|-heal|p2a: Mew|265/404 tox|[from] item: Leftovers","|-damage|p1a: Rotom-Heat|172/303 tox|[from] psn","|-damage|p2a: Mew|215/404 tox|[from] psn","|turn|6","|","|switch|p2a: Hoopa-Unbound|Hoopa-Unbound|301/301","|move|p1a: Rotom-Heat|Overheat|p2a: Hoopa-Unbound","|-damage|p2a: Hoopa-Unbound|151/301","|-unboost|p1a: Rotom-Heat|spa|2","|","|-damage|p1a: Rotom-Heat|118/303 tox|[from] psn","|turn|7","|","|switch|p1a: Zapdos|Zapdos|384/384","|-ability|p1a: Zapdos|Pressure","|move|p2a: Hoopa-Unbound|Drain Punch|p1a: Zapdos","|-crit|p1a: Zapdos","|-resisted|p1a: Zapdos","|-damage|p1a: Zapdos|291/384","|-heal|p2a: Hoopa-Unbound|198/301|[from] drain|[of] p1a: Zapdos","|","|-heal|p1a: Zapdos|315/384|[from] item: Leftovers","|turn|8","|","|switch|p2a: Mew|Mew|215/404 tox","|move|p1a: Zapdos|Tailwind|p1a: Zapdos","|-sidestart|p1: Intern olBezerkolo|move: Tailwind","|","|-heal|p1a: Zapdos|339/384|[from] item: Leftovers","|-heal|p2a: Mew|240/404 tox|[from] item: Leftovers","|-damage|p2a: Mew|215/404 tox|[from] psn","|turn|9","|","|move|p1a: Zapdos|Volt Switch|p2a: Mew","|-damage|p2a: Mew|125/404 tox","|","|switch|p1a: Electivire|Electivire, F|291/291","|move|p2a: Mew|Will-O-Wisp|p1a: Electivire","|-status|p1a: Electivire|brn","|","|-heal|p2a: Mew|150/404 tox|[from] item: Leftovers","|-damage|p1a: Electivire|255/291 brn|[from] brn","|-damage|p2a: Mew|100/404 tox|[from] psn","|turn|10","|","|move|p1a: Electivire|Wild Charge|p2a: Mew","|-crit|p2a: Mew","|-damage|p2a: Mew|0 fnt","|-damage|p1a: Electivire|230/291 brn|[from] recoil|[of] p2a: Mew","|faint|p2a: Mew","|","|-damage|p1a: Electivire|194/291 brn|[from] brn","|","|switch|p2a: Medicham|Medicham, F|261/261","|turn|11","|","|detailschange|p2a: Medicham|Medicham-Mega, F","|-mega|p2a: Medicham|Medicham|Medichamite","|move|p2a: Medicham|Fake Out|p1a: Electivire","|-damage|p1a: Electivire|78/291 brn","|cant|p1a: Electivire|flinch","|","|-damage|p1a: Electivire|42/291 brn|[from] brn","|-sideend|p1: Intern olBezerkolo|move: Tailwind","|turn|12","|","|switch|p2a: Slowbro|Slowbro, M|394/394","|move|p1a: Electivire|Wild Charge|p2a: Slowbro","|-supereffective|p2a: Slowbro","|-damage|p2a: Slowbro|250/394","|-damage|p1a: Electivire|6/291 brn|[from] recoil|[of] p2a: Slowbro","|","|-heal|p2a: Slowbro|274/394|[from] item: Leftovers","|-damage|p1a: Electivire|0 fnt|[from] brn","|faint|p1a: Electivire","|","|switch|p1a: Thundurus-Therian|Thundurus-Therian, M|299/299","|turn|13","|","|switch|p2a: Latios|Latios, M|301/301","|move|p1a: Thundurus-Therian|Thunderbolt|p2a: Latios","|-resisted|p2a: Latios","|-damage|p2a: Latios|189/301","|","|turn|14","|","|switch|p1a: Rotom-Heat|Rotom-Heat|118/303 tox","|move|p2a: Latios|Draco Meteor|p1a: Rotom-Heat","|-damage|p1a: Rotom-Heat|0 fnt","|-unboost|p2a: Latios|spa|2","|faint|p1a: Rotom-Heat","|","|","|switch|p1a: Thundurus-Therian|Thundurus-Therian, M|299/299","|turn|15","|","|switch|p2a: Slowbro|Slowbro, M|394/394","|move|p1a: Thundurus-Therian|Hidden Power|p2a: Slowbro","|-resisted|p2a: Slowbro","|-damage|p2a: Slowbro|324/394","|","|-heal|p2a: Slowbro|348/394|[from] item: Leftovers","|turn|16","|","|switch|p1a: Manectric|Manectric, F|281/281","|move|p2a: Slowbro|Scald|p1a: Manectric","|-damage|p1a: Manectric|139/281","|","|-heal|p2a: Slowbro|372/394|[from] item: Leftovers","|turn|17","|","|detailschange|p1a: Manectric|Manectric-Mega, F","|-mega|p1a: Manectric|Manectric|Manectite","|-ability|p1a: Manectric|Intimidate","|-unboost|p2a: Slowbro|atk|1","|move|p1a: Manectric|Thunderbolt|p2a: Slowbro","|-supereffective|p2a: Slowbro","|-damage|p2a: Slowbro|0 fnt","|faint|p2a: Slowbro","|","|","|switch|p2a: Medicham|Medicham-Mega, F|261/261","|turn|18","|","|switch|p1a: Zapdos|Zapdos|339/384","|-ability|p1a: Zapdos|Pressure","|move|p2a: Medicham|Fake Out|p1a: Zapdos","|-damage|p1a: Zapdos|244/384","|","|-heal|p1a: Zapdos|268/384|[from] item: Leftovers","|turn|19","|","|move|p2a: Medicham|Ice Punch|p1a: Zapdos","|-supereffective|p1a: Zapdos","|-damage|p1a: Zapdos|0 fnt","|faint|p1a: Zapdos","|","|","|switch|p1a: Manectric|Manectric-Mega, F|139/281","|-ability|p1a: Manectric|Intimidate","|-unboost|p2a: Medicham|atk|1","|turn|20","|","|switch|p2a: Hoopa-Unbound|Hoopa-Unbound|198/301","|move|p1a: Manectric|Thunderbolt|p2a: Hoopa-Unbound","|-damage|p2a: Hoopa-Unbound|71/301","|","|turn|21","|","|move|p2a: Hoopa-Unbound|Drain Punch|p1a: Manectric","|-damage|p1a: Manectric|9/281","|-heal|p2a: Hoopa-Unbound|136/301|[from] drain|[of] p1a: Manectric","|move|p1a: Manectric|Thunderbolt|p2a: Hoopa-Unbound","|-damage|p2a: Hoopa-Unbound|0 fnt","|faint|p2a: Hoopa-Unbound","|","|","|switch|p2a: Victini|Victini|341/341","|turn|22","|","|move|p2a: Victini|Zen Headbutt|p1a: Manectric","|-damage|p1a: Manectric|0 fnt","|faint|p1a: Manectric","|","|","|switch|p1a: Thundurus-Therian|Thundurus-Therian, M|299/299","|turn|23","|","|move|p2a: Victini|Zen Headbutt|p1a: Thundurus-Therian","|-damage|p1a: Thundurus-Therian|142/299","|move|p1a: Thundurus-Therian|Thunderbolt|p2a: Victini","|-damage|p2a: Victini|89/341","|","|turn|24","|","|move|p2a: Victini|Zen Headbutt|p1a: Thundurus-Therian","|-damage|p1a: Thundurus-Therian|0 fnt","|faint|p1a: Thundurus-Therian","|","|win|Crystal Blade64"],"p1rating":{"entryid":"7487892","serverid":"eos","formatid":"monotype","userid":"internolbezerkolo","username":"InternOlbezerkolo","w":"7","l":15,"t":"0","gxe":37.8,"r":"1432.2556681722","rd":"71.38064836083","sigma":"0","rptime":"1439542800","rpr":1404.3998170048,"rprd":67.861034710952,"rpsigma":"0","acre":1030.7314662573,"lacre":1030.7314662573,"oldacre":"1036.77500528"},"p2rating":{"entryid":"6391332","serverid":"eos","formatid":"monotype","userid":"crystalblade64","username":"Crystal Blade64","w":30,"l":"22","t":"0","gxe":57.9,"r":"1555.9568872703","rd":"50.563373317684","sigma":"0","rptime":"1439542800","rpr":1560.6530909315,"rprd":50.116828437492,"rpsigma":"0","acre":1293.0951980549,"lacre":1293.0951980549,"oldacre":"1283.3577635681"},"endType":"normal"}