{"seed":[53168,39834,58690,22372],"turns":42,"p1":"Crystal Blade64","p2":"Void KGBeast","p1team":[{"name":"Darmanitan","species":"Darmanitan","item":"lifeorb","ability":"Sheer Force","moves":["flareblitz","earthquake","rockslide","superpower"],"nature":"Jolly","evs":{"hp":4,"atk":252,"def":0,"spa":0,"spd":0,"spe":252},"ivs":{"hp":31,"atk":31,"def":31,"spa":31,"spd":31,"spe":31}},{"name":"Arcanine","species":"Arcanine","item":"leftovers","ability":"Intimidate","moves":["extremespeed","morningsun","willowisp","protect"],"nature":"Careful","evs":{"hp":252,"atk":4,"def":0,"spa":0,"spd":252,"spe":0},"ivs":{"hp":31,"atk":31,"def":31,"spa":31,"spd":31,"spe":31}},{"name":"Rotom-Heat","species":"Rotom-Heat","item":"lightclay","ability":"Levitate","moves":["lightscreen","reflect","painsplit","voltswitch"],"nature":"Calm","evs":{"hp":248,"atk":0,"def":0,"spa":8,"spd":252,"spe":0},"ivs":{"hp":31,"atk":31,"def":31,"spa":31,"spd":31,"spe":31}},{"name":"Combusken","species":"Combusken","item":"eviolite","ability":"Speed Boost","moves":["substitute","protect","batonpass","willowisp"],"nature":"Timid","evs":{"hp":248,"atk":0,"def":0,"spa":0,"spd":8,"spe":252},"ivs":{"hp":31,"atk":31,"def":31,"spa":31,"spd":31,"spe":31}},{"name":"Infernape","species":"Infernape","item":"focussash","ability":"Blaze","moves":["machpunch","taunt","stealthrock","overheat"],"nature":"Hasty","evs":{"hp":0,"atk":128,"def":0,"spa":128,"spd":0,"spe":252},"ivs":{"hp":31,"atk":31,"def":31,"spa":31,"spd":31,"spe":31}},{"name":"Charizard","species":"Charizard","item":"charizarditex","ability":"Blaze","moves":["dragondance","flareblitz","roost","outrage"],"nature":"Adamant","evs":{"hp":0,"atk":252,"def":0,"spa":0,"spd":4,"spe":252},"ivs":{"hp":31,"atk":31,"def":31,"spa":31,"spd":31,"spe":31}}],"p2team":[{"name":"Charizard","species":"Charizard","item":"charizarditey","ability":"Blaze","moves":["defog","focusblast","fireblast","solarbeam"],"nature":"Timid","evs":{"hp":0,"atk":0,"def":0,"spa":252,"spd":4,"spe":252},"ivs":{"hp":31,"atk":0,"def":31,"spa":31,"spd":31,"spe":31}},{"name":"Infernape","species":"Infernape","item":"focussash","ability":"Blaze","moves":["stealthrock","taunt","closecombat","fireblast"],"nature":"Naive","evs":{"hp":0,"atk":252,"def":0,"spa":4,"spd":0,"spe":252},"ivs":{"hp":31,"atk":31,"def":31,"spa":31,"spd":31,"spe":31}},{"name":"Darmanitan","species":"Darmanitan","item":"choicescarf","ability":"Sheer Force","moves":["flareblitz","uturn","rockslide","superpower"],"nature":"Jolly","evs":{"hp":0,"atk":252,"def":0,"spa":0,"spd":4,"spe":252},"ivs":{"hp":31,"atk":31,"def":31,"spa":31,"spd":31,"spe":31}},{"name":"Heatran","species":"Heatran","item":"leftovers","ability":"Flash Fire","moves":["solarbeam","toxic","earthpower","flashcannon"],"nature":"Calm","evs":{"hp":248,"atk":0,"def":0,"spa":0,"spd":252,"spe":8},"ivs":{"hp":31,"atk":0,"def":31,"spa":31,"spd":31,"spe":31}},{"name":"Chandelure","species":"Chandelure","item":"choicescarf","ability":"Flash Fire","moves":["flamethrower","shadowball","energyball","hiddenpowerice"],"nature":"Timid","evs":{"hp":0,"atk":0,"def":4,"spa":252,"spd":0,"spe":252},"ivs":{"hp":31,"atk":30,"def":30,"spa":31,"spd":31,"spe":31}},{"name":"Arcanine","species":"Arcanine","item":"leftovers","ability":"Intimidate","moves":["willowisp","flareblitz","roar","morningsun"],"nature":"Impish","evs":{"hp":248,"atk":8,"def":252,"spa":0,"spd":0,"spe":0},"ivs":{"hp":31,"atk":31,"def":31,"spa":31,"spd":31,"spe":31}}],"log":["|player|p1|Crystal Blade64|165","|player|p2|Void KGBeast|kgbeast.png","|gametype|singles","|gen|6","|tier|Monotype","|rated","|rule|Baton Pass Clause: Limit one Baton Passer, can't pass Spe and other stats simultaneously","|rule|Swagger Clause: Swagger is banned","|rule|Same Type Clause: Pokémon in a team must share a type","|clearpoke","|poke|p1|Darmanitan, M","|poke|p1|Arcanine, M","|poke|p1|Rotom-Heat","|poke|p1|Combusken, F","|poke|p1|Infernape, F","|poke|p1|Charizard, F","|poke|p2|Charizard, M","|poke|p2|Infernape, M","|poke|p2|Darmanitan, M","|poke|p2|Heatran, M","|poke|p2|Chandelure, F","|poke|p2|Arcanine, F","|rule|Sleep Clause Mod: Limit one foe put to sleep","|rule|Species Clause: Limit one of each Pokémon","|rule|OHKO Clause: OHKO moves are banned","|rule|Moody Clause: Moody is banned","|rule|Evasion Moves Clause: Evasion moves are banned","|rule|Endless Battle Clause: Forcing endless battles is banned","|rule|HP Percentage Mod: HP is shown in percentages","|teampreview","|","|start","|switch|p1a: Infernape|Infernape, F|293/293","|switch|p2a: Charizard|Charizard, M|297/297","|turn|1","|","|detailschange|p2a: Charizard|Charizard-Mega-Y, M","|-mega|p2a: Charizard|Charizard|Charizardite Y","|-weather|SunnyDay","|move|p1a: Infernape|Stealth Rock|p2a: Charizard","|-sidestart|p2: Void KGBeast|move: Stealth Rock","|move|p2a: Charizard|Fire Blast|p1a: Infernape|[miss]","|-miss|p2a: Charizard|p1a: Infernape","|","|-weather|SunnyDay|[upkeep]","|turn|2","|","|switch|p1a: Rotom-Heat|Rotom-Heat|303/303","|move|p2a: Charizard|Defog|p1a: Rotom-Heat","|-unboost|p1a: Rotom-Heat|evasion|1","|-sideend|p2: Void KGBeast|Stealth Rock|[from] move: Defog|[of] p2a: Charizard","|","|-weather|SunnyDay|[upkeep]","|turn|3","|","|switch|p2a: Heatran|Heatran, M|385/385","|move|p1a: Rotom-Heat|Light Screen|p1a: Rotom-Heat","|-sidestart|p1: Crystal Blade64|move: Light Screen","|","|-weather|SunnyDay|[upkeep]","|turn|4","|","|move|p1a: Rotom-Heat|Volt Switch|p2a: Heatran","|-damage|p2a: Heatran|330/385","|","|switch|p1a: Combusken|Combusken, F|323/323","|move|p2a: Heatran|Toxic|p1a: Combusken","|-status|p1a: Combusken|tox","|","|-weather|SunnyDay|[upkeep]","|-heal|p2a: Heatran|354/385|[from] item: Leftovers","|-damage|p1a: Combusken|303/323 tox|[from] psn","|turn|5","|","|move|p1a: Combusken|Substitute|p1a: Combusken","|-start|p1a: Combusken|Substitute","|-damage|p1a: Combusken|223/323 tox","|move|p2a: Heatran|Earth Power|p1a: Combusken","|-crit|p1a: Combusken","|-supereffective|p1a: Combusken","|-end|p1a: Combusken|Substitute","|","|-weather|none","|-heal|p2a: Heatran|378/385|[from] item: Leftovers","|-damage|p1a: Combusken|183/323 tox|[from] psn","|-boost|p1a: Combusken|spe|1|[from] ability: Speed Boost","|turn|6","|","|move|p1a: Combusken|Protect|p1a: Combusken","|-singleturn|p1a: Combusken|Protect","|move|p2a: Heatran|Earth Power|p1a: Combusken","|-activate|p1a: Combusken|Protect","|","|-heal|p2a: Heatran|385/385|[from] item: Leftovers","|-damage|p1a: Combusken|123/323 tox|[from] psn","|-boost|p1a: Combusken|spe|1|[from] ability: Speed Boost","|turn|7","|","|switch|p2a: Arcanine|Arcanine, F|383/383","|-ability|p2a: Arcanine|Intimidate","|-unboost|p1a: Combusken|atk|1","|move|p1a: Combusken|Baton Pass|p1a: Combusken","|","|switch|p1a: Charizard|Charizard, F|297/297","|","|turn|8","|","|detailschange|p1a: Charizard|Charizard-Mega-X, F","|-mega|p1a: Charizard|Charizard|Charizardite X","|move|p1a: Charizard|Dragon Dance|p1a: Charizard","|-boost|p1a: Charizard|atk|1","|-boost|p1a: Charizard|spe|1","|move|p2a: Arcanine|Roar|p1a: Charizard","|drag|p1a: Infernape|Infernape, F|293/293","|","|turn|9","|","|switch|p2a: Charizard|Charizard-Mega-Y, M|297/297","|-weather|SunnyDay","|move|p1a: Infernape|Stealth Rock|p2a: Charizard","|-sidestart|p2: Void KGBeast|move: Stealth Rock","|","|-weather|SunnyDay|[upkeep]","|turn|10","|","|switch|p1a: Rotom-Heat|Rotom-Heat|303/303","|move|p2a: Charizard|Defog|p1a: Rotom-Heat","|-unboost|p1a: Rotom-Heat|evasion|1","|-sideend|p1: Crystal Blade64|move: Light Screen","|-sideend|p2: Void KGBeast|Stealth Rock|[from] move: Defog|[of] p2a: Charizard","|","|-weather|SunnyDay|[upkeep]","|turn|11","|","|switch|p2a: Infernape|Infernape, M|293/293","|move|p1a: Rotom-Heat|Light Screen|p1a: Rotom-Heat","|-sidestart|p1: Crystal Blade64|move: Light Screen","|","|-weather|SunnyDay|[upkeep]","|turn|12","|","|move|p2a: Infernape|Taunt|p1a: Rotom-Heat","|-start|p1a: Rotom-Heat|move: Taunt","|move|p1a: Rotom-Heat|Volt Switch|p2a: Infernape","|-damage|p2a: Infernape|160/293","|","|switch|p1a: Infernape|Infernape, F|293/293","|","|-weather|SunnyDay|[upkeep]","|turn|13","|","|move|p2a: Infernape|Stealth Rock|p1a: Infernape","|-sidestart|p1: Crystal Blade64|move: Stealth Rock","|move|p1a: Infernape|Taunt|p2a: Infernape","|-start|p2a: Infernape|move: Taunt","|","|-weather|none","|turn|14","|","|switch|p2a: Charizard|Charizard-Mega-Y, M|297/297","|-weather|SunnyDay","|move|p1a: Infernape|Stealth Rock|p2a: Charizard","|-sidestart|p2: Void KGBeast|move: Stealth Rock","|","|-weather|SunnyDay|[upkeep]","|turn|15","|","|move|p1a: Infernape|Overheat|p2a: Charizard","|-resisted|p2a: Charizard","|-damage|p2a: Charizard|187/297","|-unboost|p1a: Infernape|spa|2","|move|p2a: Charizard|Defog|p1a: Infernape","|-unboost|p1a: Infernape|evasion|1","|-sideend|p1: Crystal Blade64|move: Light Screen","|-sideend|p1: Crystal Blade64|Stealth Rock|[from] move: Defog|[of] p1a: Infernape","|-sideend|p2: Void KGBeast|Stealth Rock|[from] move: Defog|[of] p2a: Charizard","|","|-weather|SunnyDay|[upkeep]","|turn|16","|","|move|p1a: Infernape|Stealth Rock|p2a: Charizard","|-sidestart|p2: Void KGBeast|move: Stealth Rock","|move|p2a: Charizard|Focus Blast|p1a: Infernape","|-damage|p1a: Infernape|84/293","|","|-weather|SunnyDay|[upkeep]","|turn|17","|","|move|p1a: Infernape|Overheat|p2a: Charizard","|-resisted|p2a: Charizard","|-damage|p2a: Charizard|106/297","|-unboost|p1a: Infernape|spa|2","|move|p2a: Charizard|Defog|p1a: Infernape","|-unboost|p1a: Infernape|evasion|1","|-sideend|p2: Void KGBeast|Stealth Rock|[from] move: Defog|[of] p2a: Charizard","|","|-weather|SunnyDay|[upkeep]","|turn|18","|","|move|p1a: Infernape|Stealth Rock|p2a: Charizard","|-sidestart|p2: Void KGBeast|move: Stealth Rock","|move|p2a: Charizard|Defog|p1a: Infernape","|-unboost|p1a: Infernape|evasion|1","|-sideend|p2: Void KGBeast|Stealth Rock|[from] move: Defog|[of] p2a: Charizard","|","|-weather|none","|turn|19","|","|move|p1a: Infernape|Stealth Rock|p2a: Charizard","|-sidestart|p2: Void KGBeast|move: Stealth Rock","|move|p2a: Charizard|Defog|p1a: Infernape","|-unboost|p1a: Infernape|evasion|1","|-sideend|p2: Void KGBeast|Stealth Rock|[from] move: Defog|[of] p2a: Charizard","|","|turn|20","|","|move|p1a: Infernape|Taunt|p2a: Charizard","|-start|p2a: Charizard|move: Taunt","|cant|p2a: Charizard|move: Taunt|Defog","|","|turn|21","|","|move|p1a: Infernape|Stealth Rock|p2a: Charizard","|-sidestart|p2: Void KGBeast|move: Stealth Rock","|move|p2a: Charizard|Fire Blast|p1a: Infernape","|-resisted|p1a: Infernape","|-damage|p1a: Infernape|0 fnt","|faint|p1a: Infernape","|","|","|switch|p1a: Rotom-Heat|Rotom-Heat|303/303","|turn|22","|","|move|p2a: Charizard|Focus Blast|p1a: Rotom-Heat|[miss]","|-miss|p2a: Charizard|p1a: Rotom-Heat","|move|p1a: Rotom-Heat|Volt Switch|p2a: Charizard","|-crit|p2a: Charizard","|-supereffective|p2a: Charizard","|-damage|p2a: Charizard|0 fnt","|faint|p2a: Charizard","|","|switch|p1a: Combusken|Combusken, F|123/323 tox","|","|-damage|p1a: Combusken|103/323 tox|[from] psn","|","|switch|p2a: Infernape|Infernape, M|160/293","|-damage|p2a: Infernape|124/293|[from] Stealth Rock","|turn|23","|","|move|p2a: Infernape|Stealth Rock|p1a: Combusken","|-sidestart|p1: Crystal Blade64|move: Stealth Rock","|move|p1a: Combusken|Substitute|p1a: Combusken","|-start|p1a: Combusken|Substitute","|-damage|p1a: Combusken|23/323 tox","|","|-damage|p1a: Combusken|0 fnt|[from] psn","|faint|p1a: Combusken","|","|switch|p1a: Arcanine|Arcanine, M|384/384","|-damage|p1a: Arcanine|288/384|[from] Stealth Rock","|-ability|p1a: Arcanine|Intimidate","|-unboost|p2a: Infernape|atk|1","|turn|24","|","|switch|p2a: Arcanine|Arcanine, F|383/383","|-damage|p2a: Arcanine|288/383|[from] Stealth Rock","|-ability|p2a: Arcanine|Intimidate","|-unboost|p1a: Arcanine|atk|1","|move|p1a: Arcanine|Extreme Speed|p2a: Arcanine","|-damage|p2a: Arcanine|252/383","|","|-heal|p1a: Arcanine|312/384|[from] item: Leftovers","|-heal|p2a: Arcanine|275/383|[from] item: Leftovers","|turn|25","|","|switch|p1a: Rotom-Heat|Rotom-Heat|303/303","|-damage|p1a: Rotom-Heat|228/303|[from] Stealth Rock","|move|p2a: Arcanine|Roar|p1a: Rotom-Heat","|drag|p1a: Charizard|Charizard-Mega-X, F|297/297","|-damage|p1a: Charizard|223/297|[from] Stealth Rock","|","|-heal|p2a: Arcanine|298/383|[from] item: Leftovers","|turn|26","|","|move|p1a: Charizard|Outrage|p2a: Arcanine","|-damage|p2a: Arcanine|52/383","|move|p2a: Arcanine|Roar|p1a: Charizard","|drag|p1a: Darmanitan|Darmanitan, M|352/352","|-damage|p1a: Darmanitan|264/352|[from] Stealth Rock","|","|-heal|p2a: Arcanine|75/383|[from] item: Leftovers","|turn|27","|","|move|p1a: Darmanitan|Earthquake|p2a: Arcanine","|-supereffective|p2a: Arcanine","|-damage|p2a: Arcanine|0 fnt","|-damage|p1a: Darmanitan|229/352|[from] item: Life Orb","|faint|p2a: Arcanine","|","|","|switch|p2a: Darmanitan|Darmanitan, M|351/351","|-damage|p2a: Darmanitan|264/351|[from] Stealth Rock","|turn|28","|","|switch|p1a: Rotom-Heat|Rotom-Heat|228/303","|-damage|p1a: Rotom-Heat|153/303|[from] Stealth Rock","|move|p2a: Darmanitan|Rock Slide|p1a: Rotom-Heat","|-supereffective|p1a: Rotom-Heat","|-damage|p1a: Rotom-Heat|0 fnt","|faint|p1a: Rotom-Heat","|","|","|switch|p1a: Arcanine|Arcanine, M|312/384","|-damage|p1a: Arcanine|216/384|[from] Stealth Rock","|-ability|p1a: Arcanine|Intimidate","|-unboost|p2a: Darmanitan|atk|1","|turn|29","|","|move|p1a: Arcanine|Protect|p1a: Arcanine","|-singleturn|p1a: Arcanine|Protect","|move|p2a: Darmanitan|Rock Slide|p1a: Arcanine","|-activate|p1a: Arcanine|Protect","|","|-heal|p1a: Arcanine|240/384|[from] item: Leftovers","|turn|30","|","|switch|p2a: Heatran|Heatran, M|385/385","|-damage|p2a: Heatran|337/385|[from] Stealth Rock","|move|p1a: Arcanine|Morning Sun|p1a: Arcanine","|-heal|p1a: Arcanine|384/384","|","|-heal|p2a: Heatran|361/385|[from] item: Leftovers","|turn|31","|","|move|p1a: Arcanine|Morning Sun|p1a: Arcanine","|move|p2a: Heatran|Earth Power|p1a: Arcanine","|-supereffective|p1a: Arcanine","|-damage|p1a: Arcanine|248/384","|-unboost|p1a: Arcanine|spd|1","|","|-heal|p1a: Arcanine|272/384|[from] item: Leftovers","|-heal|p2a: Heatran|385/385|[from] item: Leftovers","|turn|32","|","|move|p1a: Arcanine|Protect|p1a: Arcanine","|-singleturn|p1a: Arcanine|Protect","|move|p2a: Heatran|Earth Power|p1a: Arcanine","|-activate|p1a: Arcanine|Protect","|","|-heal|p1a: Arcanine|296/384|[from] item: Leftovers","|turn|33","|","|move|p1a: Arcanine|Morning Sun|p1a: Arcanine","|-heal|p1a: Arcanine|384/384","|move|p2a: Heatran|Earth Power|p1a: Arcanine","|-supereffective|p1a: Arcanine","|-damage|p1a: Arcanine|150/384","|","|-heal|p1a: Arcanine|174/384|[from] item: Leftovers","|turn|34","|","|move|p1a: Arcanine|Protect|p1a: Arcanine","|-singleturn|p1a: Arcanine|Protect","|move|p2a: Heatran|Earth Power|p1a: Arcanine","|-activate|p1a: Arcanine|Protect","|","|-heal|p1a: Arcanine|198/384|[from] item: Leftovers","|turn|35","|","|move|p1a: Arcanine|Morning Sun|p1a: Arcanine","|-heal|p1a: Arcanine|384/384","|move|p2a: Heatran|Toxic|p1a: Arcanine|[miss]","|-miss|p2a: Heatran|p1a: Arcanine","|","|turn|36","|","|move|p1a: Arcanine|Protect|p1a: Arcanine","|-singleturn|p1a: Arcanine|Protect","|move|p2a: Heatran|Earth Power|p1a: Arcanine","|-activate|p1a: Arcanine|Protect","|","|turn|37","|","|move|p1a: Arcanine|Extreme Speed|p2a: Heatran","|-resisted|p2a: Heatran","|-damage|p2a: Heatran|351/385","|move|p2a: Heatran|Toxic|p1a: Arcanine","|-status|p1a: Arcanine|tox","|","|-heal|p2a: Heatran|375/385|[from] item: Leftovers","|-damage|p1a: Arcanine|360/384 tox|[from] psn","|turn|38","|","|move|p1a: Arcanine|Extreme Speed|p2a: Heatran","|-resisted|p2a: Heatran","|-damage|p2a: Heatran|341/385","|move|p2a: Heatran|Earth Power|p1a: Arcanine","|-supereffective|p1a: Arcanine","|-damage|p1a: Arcanine|140/384 tox","|-unboost|p1a: Arcanine|spd|1","|","|-heal|p1a: Arcanine|164/384 tox|[from] item: Leftovers","|-heal|p2a: Heatran|365/385|[from] item: Leftovers","|-damage|p1a: Arcanine|116/384 tox|[from] psn","|turn|39","|","|move|p1a: Arcanine|Extreme Speed|p2a: Heatran","|-resisted|p2a: Heatran","|-damage|p2a: Heatran|332/385","|move|p2a: Heatran|Earth Power|p1a: Arcanine","|-supereffective|p1a: Arcanine","|-damage|p1a: Arcanine|0 fnt","|faint|p1a: Arcanine","|","|-heal|p2a: Heatran|356/385|[from] item: Leftovers","|","|switch|p1a: Darmanitan|Darmanitan, M|229/352","|-damage|p1a: Darmanitan|141/352|[from] Stealth Rock","|turn|40","|","|move|p1a: Darmanitan|Earthquake|p2a: Heatran","|-supereffective|p2a: Heatran","|-damage|p2a: Heatran|0 fnt","|-damage|p1a: Darmanitan|106/352|[from] item: Life Orb","|faint|p2a: Heatran","|","|","|switch|p2a: Infernape|Infernape, M|124/293","|-damage|p2a: Infernape|88/293|[from] Stealth Rock","|turn|41","|","|move|p2a: Infernape|Close Combat|p1a: Darmanitan","|-damage|p1a: Darmanitan|0 fnt","|-unboost|p2a: Infernape|def|1","|-unboost|p2a: Infernape|spd|1","|faint|p1a: Darmanitan","|","|","|switch|p1a: Charizard|Charizard-Mega-X, F|223/297","|-damage|p1a: Charizard|149/297|[from] Stealth Rock","|turn|42","|","|move|p2a: Infernape|Close Combat|p1a: Charizard","|-damage|p1a: Charizard|0 fnt","|-unboost|p2a: Infernape|def|1","|-unboost|p2a: Infernape|spd|1","|faint|p1a: Charizard","|","|win|Void KGBeast"],"p1rating":{"entryid":"6391332","serverid":"eos","formatid":"monotype","userid":"crystalblade64","username":"Crystal Blade64","w":"33","l":28,"t":"0","gxe":54.5,"r":"1555.9568872703","rd":"50.563373317684","sigma":"0","rptime":"1439542800","rpr":1534.3513824923,"rprd":46.337131365983,"rpsigma":"0","acre":1153.3168388348,"lacre":1153.3168388348,"oldacre":"1172.5720681566"},"p2rating":{"entryid":"6841698","serverid":"eos","formatid":"monotype","userid":"voidkgbeast","username":"Void KGBeast","w":27,"l":"15","t":"0","gxe":62.2,"r":"1611.0581694502","rd":"57.116159196234","sigma":"0","rptime":"1439542800","rpr":1594.5381386122,"rprd":55.3578251978,"rpsigma":"0","acre":1273.1163225907,"lacre":1273.1163225907,"oldacre":"1253.8610932689"},"endType":"normal"}