{"seed":[58489,18263,26795,10671],"turns":43,"p1":"alliance-c-control","p2":"V Photon","p1team":[{"name":"Zapdos","species":"Zapdos","item":"rockyhelmet","ability":"Pressure","moves":["defog","heatwave","voltswitch","roost"],"nature":"Modest","evs":{"hp":248,"atk":0,"def":0,"spa":252,"spd":8,"spe":0},"ivs":{"hp":31,"atk":31,"def":31,"spa":31,"spd":31,"spe":31}},{"name":"Magnezone","species":"Magnezone","item":"choicescarf","ability":"Analytic","moves":["flashcannon","hiddenpowerice","voltswitch","mirrorcoat"],"nature":"Timid","evs":{"hp":0,"atk":0,"def":0,"spa":252,"spd":4,"spe":252},"ivs":{"hp":31,"atk":30,"def":30,"spa":31,"spd":31,"spe":31}},{"name":"Rotom-Wash","species":"Rotom-Wash","item":"leftovers","ability":"Levitate","moves":["hydropump","willowisp","voltswitch","painsplit"],"nature":"Bold","evs":{"hp":252,"atk":0,"def":248,"spa":8,"spd":0,"spe":0},"ivs":{"hp":31,"atk":31,"def":31,"spa":31,"spd":31,"spe":31}},{"name":"Zebstrika","species":"Zebstrika","item":"leftovers","ability":"Sap Sipper","moves":["flamecharge","bounce","mefirst","snatch"],"nature":"Jolly","evs":{"hp":0,"atk":252,"def":0,"spa":0,"spd":4,"spe":252},"happiness":0,"ivs":{"hp":31,"atk":31,"def":31,"spa":31,"spd":31,"spe":31}},{"name":"Thundurus","species":"Thundurus","item":"leftovers","ability":"Prankster","moves":["flashcannon","superpower","thunderbolt","thunderwave"],"nature":"Hasty","evs":{"hp":0,"atk":4,"def":0,"spa":252,"spd":0,"spe":252},"ivs":{"hp":31,"atk":31,"def":31,"spa":31,"spd":31,"spe":31}},{"name":"Emolga","species":"Emolga","item":"sitrusberry","ability":"Motor Drive","moves":["acrobatics","roost","uturn","tailwind"],"nature":"Adamant","evs":{"hp":0,"atk":252,"def":0,"spa":0,"spd":4,"spe":252},"ivs":{"hp":31,"atk":31,"def":31,"spa":31,"spd":31,"spe":31}}],"p2team":[{"name":"Ferrothorn","species":"Ferrothorn","item":"rockyhelmet","ability":"Iron Barbs","moves":["stealthrock","thunderwave","gyroball","leechseed"],"nature":"Relaxed","evs":{"hp":252,"atk":4,"def":252,"spa":0,"spd":0,"spe":0},"ivs":{"hp":31,"atk":31,"def":31,"spa":31,"spd":31,"spe":0}},{"name":"Breloom","species":"Breloom","item":"focussash","ability":"Technician","moves":["synthesis","machpunch","seedbomb","rockslide"],"nature":"Adamant","evs":{"hp":248,"atk":252,"def":0,"spa":0,"spd":8,"spe":0},"ivs":{"hp":31,"atk":31,"def":31,"spa":31,"spd":31,"spe":31}},{"name":"Ludicolo","species":"Ludicolo","item":"assaultvest","ability":"Rain Dish","moves":["scald","gigadrain","icebeam","hiddenpowerfire"],"nature":"Modest","evs":{"hp":0,"atk":0,"def":0,"spa":252,"spd":4,"spe":252},"ivs":{"hp":31,"atk":30,"def":31,"spa":30,"spd":31,"spe":30}},{"name":"Rotom-Mow","species":"Rotom-Mow","item":"lightclay","ability":"Levitate","moves":["reflect","lightscreen","painsplit","voltswitch"],"nature":"Calm","evs":{"hp":248,"atk":0,"def":8,"spa":0,"spd":252,"spe":0},"ivs":{"hp":31,"atk":31,"def":31,"spa":31,"spd":31,"spe":31}},{"name":"Sceptile","species":"Sceptile","item":"choiceband","ability":"Overgrow","moves":["leafblade","drainpunch","outrage","rockslide"],"nature":"Jolly","evs":{"hp":0,"atk":252,"def":0,"spa":0,"spd":4,"spe":252},"ivs":{"hp":31,"atk":31,"def":31,"spa":31,"spd":31,"spe":31}},{"name":"Venusaur","species":"Venusaur","item":"venusaurite","ability":"Overgrow","moves":["curse","petalblizzard","earthquake","synthesis"],"nature":"Adamant","evs":{"hp":248,"atk":252,"def":0,"spa":0,"spd":8,"spe":0},"ivs":{"hp":31,"atk":31,"def":31,"spa":31,"spd":31,"spe":31}}],"log":["|player|p1|alliance-c-control|190","|player|p2|V Photon|66","|gametype|singles","|gen|6","|tier|Monotype","|rated","|rule|Baton Pass Clause: Limit one Baton Passer, can't pass Spe and other stats simultaneously","|rule|Swagger Clause: Swagger is banned","|rule|Same Type Clause: Pokémon in a team must share a type","|clearpoke","|poke|p1|Zapdos","|poke|p1|Magnezone","|poke|p1|Rotom-Wash","|poke|p1|Zebstrika, M","|poke|p1|Thundurus, M","|poke|p1|Emolga, F","|poke|p2|Ferrothorn, M","|poke|p2|Breloom, M","|poke|p2|Ludicolo, M","|poke|p2|Rotom-Mow","|poke|p2|Sceptile, F","|poke|p2|Venusaur, F","|rule|Sleep Clause Mod: Limit one foe put to sleep","|rule|Species Clause: Limit one of each Pokémon","|rule|OHKO Clause: OHKO moves are banned","|rule|Moody Clause: Moody is banned","|rule|Evasion Moves Clause: Evasion moves are banned","|rule|Endless Battle Clause: Forcing endless battles is banned","|rule|HP Percentage Mod: HP is shown in percentages","|teampreview","|","|start","|switch|p1a: Zebstrika|Zebstrika, M|291/291","|switch|p2a: Sceptile|Sceptile, F|281/281","|turn|1","|","|switch|p2a: Ludicolo|Ludicolo, M|301/301","|move|p1a: Zebstrika|Flame Charge|p2a: Ludicolo","|-damage|p2a: Ludicolo|234/301","|-boost|p1a: Zebstrika|spe|1","|","|turn|2","|","|move|p1a: Zebstrika|Bounce|p2a: Ludicolo|[still]","|-prepare|p1a: Zebstrika|Bounce|p2a: Ludicolo","|move|p2a: Ludicolo|Scald|p1a: Zebstrika|[miss]","|-miss|p2a: Ludicolo|p1a: Zebstrika","|","|turn|3","|","|switch|p2a: Ferrothorn|Ferrothorn, M|352/352","|move|p1a: Zebstrika|Bounce|p2a: Ferrothorn|[from]lockedmove|[miss]","|-miss|p1a: Zebstrika|p2a: Ferrothorn","|","|turn|4","|","|move|p1a: Zebstrika|Flame Charge|p2a: Ferrothorn","|-supereffective|p2a: Ferrothorn","|-damage|p2a: Ferrothorn|240/352","|-damage|p1a: Zebstrika|255/291|[from] ability: Iron Barbs|[of] p2a: Ferrothorn","|-damage|p1a: Zebstrika|207/291|[from] item: Rocky Helmet|[of] p2a: Ferrothorn","|-boost|p1a: Zebstrika|spe|1","|move|p2a: Ferrothorn|Leech Seed|p1a: Zebstrika","|-boost|p1a: Zebstrika|atk|1|[from] ability: Sap Sipper","|","|-heal|p1a: Zebstrika|225/291|[from] item: Leftovers","|turn|5","|","|move|p1a: Zebstrika|Flame Charge|p2a: Ferrothorn","|-supereffective|p2a: Ferrothorn","|-damage|p2a: Ferrothorn|72/352","|-damage|p1a: Zebstrika|189/291|[from] ability: Iron Barbs|[of] p2a: Ferrothorn","|-damage|p1a: Zebstrika|141/291|[from] item: Rocky Helmet|[of] p2a: Ferrothorn","|-boost|p1a: Zebstrika|spe|1","|move|p2a: Ferrothorn|Stealth Rock|p1a: Zebstrika","|-sidestart|p1: alliance-c-control|move: Stealth Rock","|","|-heal|p1a: Zebstrika|159/291|[from] item: Leftovers","|turn|6","|","|move|p1a: Zebstrika|Flame Charge|p2a: Ferrothorn","|-supereffective|p2a: Ferrothorn","|-damage|p2a: Ferrothorn|0 fnt","|-damage|p1a: Zebstrika|123/291|[from] ability: Iron Barbs|[of] p2a: Ferrothorn","|-damage|p1a: Zebstrika|75/291|[from] item: Rocky Helmet|[of] p2a: Ferrothorn","|-boost|p1a: Zebstrika|spe|1","|faint|p2a: Ferrothorn","|","|-heal|p1a: Zebstrika|93/291|[from] item: Leftovers","|","|switch|p2a: Breloom|Breloom, M|323/323","|turn|7","|","|move|p2a: Breloom|Mach Punch|p1a: Zebstrika","|-damage|p1a: Zebstrika|0 fnt","|faint|p1a: Zebstrika","|","|","|switch|p1a: Emolga|Emolga, F|251/251","|-damage|p1a: Emolga|189/251|[from] Stealth Rock","|turn|8","|","|switch|p2a: Ludicolo|Ludicolo, M|234/301","|move|p1a: Emolga|U-turn|p2a: Ludicolo","|-supereffective|p2a: Ludicolo","|-damage|p2a: Ludicolo|70/301","|","|switch|p1a: Thundurus|Thundurus, M|299/299","|-damage|p1a: Thundurus|225/299|[from] Stealth Rock","|","|-heal|p1a: Thundurus|243/299|[from] item: Leftovers","|turn|9","|","|move|p1a: Thundurus|Thunderbolt|p2a: Ludicolo","|-damage|p2a: Ludicolo|0 fnt","|faint|p2a: Ludicolo","|","|-heal|p1a: Thundurus|261/299|[from] item: Leftovers","|","|switch|p2a: Sceptile|Sceptile, F|281/281","|turn|10","|","|switch|p1a: Rotom-Wash|Rotom-Wash|304/304","|-damage|p1a: Rotom-Wash|266/304|[from] Stealth Rock","|move|p2a: Sceptile|Rock Slide|p1a: Rotom-Wash","|-damage|p1a: Rotom-Wash|193/304","|","|-heal|p1a: Rotom-Wash|212/304|[from] item: Leftovers","|turn|11","|","|switch|p2a: Rotom-Mow|Rotom-Mow|303/303","|move|p1a: Rotom-Wash|Will-O-Wisp|p2a: Rotom-Mow","|-status|p2a: Rotom-Mow|brn","|","|-heal|p1a: Rotom-Wash|231/304|[from] item: Leftovers","|-damage|p2a: Rotom-Mow|266/303 brn|[from] brn","|turn|12","|","|switch|p1a: Magnezone|Magnezone|281/281","|-damage|p1a: Magnezone|264/281|[from] Stealth Rock","|move|p2a: Rotom-Mow|Volt Switch|p1a: Magnezone","|-resisted|p1a: Magnezone","|-damage|p1a: Magnezone|220/281","|","|switch|p2a: Venusaur|Venusaur, F|363/363","|","|turn|13","|","|detailschange|p2a: Venusaur|Venusaur-Mega, F","|-mega|p2a: Venusaur|Venusaur|Venusaurite","|move|p1a: Magnezone|Volt Switch|p2a: Venusaur","|-resisted|p2a: Venusaur","|-damage|p2a: Venusaur|306/363","|","|switch|p1a: Zapdos|Zapdos|383/383","|-damage|p1a: Zapdos|288/383|[from] Stealth Rock","|-ability|p1a: Zapdos|Pressure","|move|p2a: Venusaur|Earthquake|p1a: Zapdos","|-immune|p1a: Zapdos|[msg]","|","|turn|14","|","|move|p1a: Zapdos|Defog|p2a: Venusaur","|-unboost|p2a: Venusaur|evasion|1","|-sideend|p1: alliance-c-control|Stealth Rock|[from] move: Defog|[of] p1a: Zapdos","|move|p2a: Venusaur|Curse|p2a: Venusaur","|-unboost|p2a: Venusaur|spe|1","|-boost|p2a: Venusaur|atk|1","|-boost|p2a: Venusaur|def|1","|","|turn|15","|","|move|p1a: Zapdos|Volt Switch|p2a: Venusaur","|-resisted|p2a: Venusaur","|-damage|p2a: Venusaur|250/363","|","|switch|p1a: Thundurus|Thundurus, M|261/299","|move|p2a: Venusaur|Petal Blizzard|p1a: Thundurus","|-resisted|p1a: Thundurus","|-damage|p1a: Thundurus|93/299","|","|-heal|p1a: Thundurus|111/299|[from] item: Leftovers","|turn|16","|","|move|p1a: Thundurus|Thunder Wave|p2a: Venusaur","|-status|p2a: Venusaur|par","|move|p2a: Venusaur|Synthesis|p2a: Venusaur","|-heal|p2a: Venusaur|363/363 par","|","|-heal|p1a: Thundurus|129/299|[from] item: Leftovers","|turn|17","|","|switch|p1a: Emolga|Emolga, F|189/251","|move|p2a: Venusaur|Petal Blizzard|p1a: Emolga","|-crit|p1a: Emolga","|-resisted|p1a: Emolga","|-damage|p1a: Emolga|0 fnt","|faint|p1a: Emolga","|","|","|switch|p1a: Zapdos|Zapdos|288/383","|-ability|p1a: Zapdos|Pressure","|turn|18","|","|move|p1a: Zapdos|Heat Wave|p2a: Venusaur","|-supereffective|p2a: Venusaur","|-damage|p2a: Venusaur|253/363 par","|cant|p2a: Venusaur|par","|","|turn|19","|","|move|p1a: Zapdos|Heat Wave|p2a: Venusaur","|-supereffective|p2a: Venusaur","|-damage|p2a: Venusaur|147/363 par","|cant|p2a: Venusaur|par","|","|turn|20","|","|move|p1a: Zapdos|Heat Wave|p2a: Venusaur","|-supereffective|p2a: Venusaur","|-damage|p2a: Venusaur|37/363 par","|move|p2a: Venusaur|Synthesis|p2a: Venusaur","|-heal|p2a: Venusaur|218/363 par","|","|turn|21","|","|move|p1a: Zapdos|Heat Wave|p2a: Venusaur","|-supereffective|p2a: Venusaur","|-damage|p2a: Venusaur|122/363 par","|cant|p2a: Venusaur|par","|","|turn|22","|","|move|p1a: Zapdos|Heat Wave|p2a: Venusaur","|-supereffective|p2a: Venusaur","|-damage|p2a: Venusaur|18/363 par","|move|p2a: Venusaur|Synthesis|p2a: Venusaur","|-heal|p2a: Venusaur|199/363 par","|","|turn|23","|","|move|p1a: Zapdos|Heat Wave|p2a: Venusaur","|-supereffective|p2a: Venusaur","|-damage|p2a: Venusaur|95/363 par","|move|p2a: Venusaur|Synthesis|p2a: Venusaur","|-heal|p2a: Venusaur|276/363 par","|","|turn|24","|","|move|p1a: Zapdos|Heat Wave|p2a: Venusaur","|-supereffective|p2a: Venusaur","|-damage|p2a: Venusaur|170/363 par","|move|p2a: Venusaur|Curse|p2a: Venusaur","|-unboost|p2a: Venusaur|spe|1","|-boost|p2a: Venusaur|atk|1","|-boost|p2a: Venusaur|def|1","|","|turn|25","|","|move|p1a: Zapdos|Heat Wave|p2a: Venusaur","|-supereffective|p2a: Venusaur","|-damage|p2a: Venusaur|72/363 par","|move|p2a: Venusaur|Synthesis|p2a: Venusaur","|-heal|p2a: Venusaur|253/363 par","|","|turn|26","|","|move|p1a: Zapdos|Heat Wave|p2a: Venusaur","|-supereffective|p2a: Venusaur","|-damage|p2a: Venusaur|157/363 par","|cant|p2a: Venusaur|par","|","|turn|27","|","|move|p1a: Zapdos|Heat Wave|p2a: Venusaur","|-supereffective|p2a: Venusaur","|-damage|p2a: Venusaur|55/363 par","|cant|p2a: Venusaur|par","|","|turn|28","|","|move|p1a: Zapdos|Heat Wave|p2a: Venusaur","|-supereffective|p2a: Venusaur","|-damage|p2a: Venusaur|0 fnt","|faint|p2a: Venusaur","|","|","|switch|p2a: Breloom|Breloom, M|323/323","|turn|29","|","|switch|p1a: Thundurus|Thundurus, M|129/299","|move|p2a: Breloom|Rock Slide|p1a: Thundurus","|-supereffective|p1a: Thundurus","|-damage|p1a: Thundurus|0 fnt","|faint|p1a: Thundurus","|","|","|switch|p1a: Magnezone|Magnezone|220/281","|turn|30","|","|move|p2a: Breloom|Mach Punch|p1a: Magnezone","|-supereffective|p1a: Magnezone","|-damage|p1a: Magnezone|4/281","|move|p1a: Magnezone|Volt Switch|p2a: Breloom","|-resisted|p2a: Breloom","|-damage|p2a: Breloom|208/323","|","|switch|p1a: Zapdos|Zapdos|288/383","|-ability|p1a: Zapdos|Pressure","|","|turn|31","|","|switch|p2a: Rotom-Mow|Rotom-Mow|266/303 brn","|move|p1a: Zapdos|Heat Wave|p2a: Rotom-Mow","|-supereffective|p2a: Rotom-Mow","|-damage|p2a: Rotom-Mow|108/303 brn","|","|-damage|p2a: Rotom-Mow|71/303 brn|[from] brn","|turn|32","|","|move|p1a: Zapdos|Roost|p1a: Zapdos","|-heal|p1a: Zapdos|383/383","|move|p2a: Rotom-Mow|Volt Switch|p1a: Zapdos","|-resisted|p1a: Zapdos","|-damage|p1a: Zapdos|335/383","|","|switch|p2a: Sceptile|Sceptile, F|281/281","|","|turn|33","|","|switch|p1a: Rotom-Wash|Rotom-Wash|231/304","|move|p2a: Sceptile|Rock Slide|p1a: Rotom-Wash","|-damage|p1a: Rotom-Wash|159/304","|","|-heal|p1a: Rotom-Wash|178/304|[from] item: Leftovers","|turn|34","|","|switch|p2a: Rotom-Mow|Rotom-Mow|71/303 brn","|move|p1a: Rotom-Wash|Volt Switch|p2a: Rotom-Mow","|-resisted|p2a: Rotom-Mow","|-damage|p2a: Rotom-Mow|55/303 brn","|","|switch|p1a: Zapdos|Zapdos|335/383","|-ability|p1a: Zapdos|Pressure","|","|-damage|p2a: Rotom-Mow|18/303 brn|[from] brn","|turn|35","|","|move|p1a: Zapdos|Volt Switch|p2a: Rotom-Mow","|-resisted|p2a: Rotom-Mow","|-damage|p2a: Rotom-Mow|0 fnt","|faint|p2a: Rotom-Mow","|","|switch|p1a: Rotom-Wash|Rotom-Wash|178/304","|","|-heal|p1a: Rotom-Wash|197/304|[from] item: Leftovers","|","|switch|p2a: Sceptile|Sceptile, F|281/281","|turn|36","|","|move|p2a: Sceptile|Leaf Blade|p1a: Rotom-Wash","|-supereffective|p1a: Rotom-Wash","|-damage|p1a: Rotom-Wash|0 fnt","|faint|p1a: Rotom-Wash","|","|","|switch|p1a: Magnezone|Magnezone|4/281","|turn|37","|","|move|p2a: Sceptile|Leaf Blade|p1a: Magnezone","|-resisted|p1a: Magnezone","|-damage|p1a: Magnezone|0 fnt","|faint|p1a: Magnezone","|","|","|switch|p1a: Zapdos|Zapdos|335/383","|-ability|p1a: Zapdos|Pressure","|turn|38","|","|switch|p2a: Breloom|Breloom, M|208/323","|move|p1a: Zapdos|Roost|p1a: Zapdos","|-heal|p1a: Zapdos|383/383","|","|turn|39","|","|move|p1a: Zapdos|Heat Wave|p2a: Breloom","|-supereffective|p2a: Breloom","|-damage|p2a: Breloom|0 fnt","|faint|p2a: Breloom","|","|","|switch|p2a: Sceptile|Sceptile, F|281/281","|turn|40","|","|move|p2a: Sceptile|Rock Slide|p1a: Zapdos","|-supereffective|p1a: Zapdos","|-damage|p1a: Zapdos|163/383","|move|p1a: Zapdos|Heat Wave|p2a: Sceptile","|-miss|p1a: Zapdos|p2a: Sceptile","|","|turn|41","|","|move|p2a: Sceptile|Rock Slide|p1a: Zapdos","|-miss|p2a: Sceptile|p1a: Zapdos","|move|p1a: Zapdos|Roost|p1a: Zapdos","|-heal|p1a: Zapdos|355/383","|","|turn|42","|","|move|p2a: Sceptile|Rock Slide|p1a: Zapdos","|-supereffective|p1a: Zapdos","|-damage|p1a: Zapdos|113/383","|move|p1a: Zapdos|Heat Wave|p2a: Sceptile","|-supereffective|p2a: Sceptile","|-damage|p2a: Sceptile|5/281","|","|turn|43","|","|move|p2a: Sceptile|Rock Slide|p1a: Zapdos","|-miss|p2a: Sceptile|p1a: Zapdos","|move|p1a: Zapdos|Volt Switch|p2a: Sceptile","|-resisted|p2a: Sceptile","|-damage|p2a: Sceptile|0 fnt","|faint|p2a: Sceptile","|","|win|alliance-c-control"],"p1rating":{"entryid":"6440455","serverid":"eos","formatid":"monotype","userid":"allianceccontrol","username":"Alliance-C-Control","w":245,"l":"310","t":"0","gxe":45.4,"r":"1460.7413433616","rd":"32.724461965919","sigma":"0","rptime":"1439542800","rpr":1465.2603038204,"rprd":32.114654433417,"rpsigma":"0","acre":1154.9806162355,"lacre":1154.9806162355,"oldacre":"1136.5025069522"},"p2rating":{"entryid":"7561969","serverid":"eos","formatid":"monotype","userid":"vphoton","username":"V Photon","w":"4","l":7,"t":"0","gxe":41.7,"r":"1491.7764213953","rd":"92.285109943525","sigma":"0","rptime":"1439542800","rpr":1435.314967648,"rprd":84.39947310446,"rpsigma":"0","acre":1031.4821262301,"lacre":1031.4821262301,"oldacre":"1043.720615849"},"endType":"normal"}