{"seed":[20667,44502,20120,8208],"turns":28,"p1":"SWL HB","p2":"SWL Jyph","p1team":[{"name":"Ninjask","species":"Ninjask","item":"lifeorb","ability":"Speed Boost","moves":["protect","xscissor","aerialace","uturn"],"nature":"Adamant","evs":{"hp":0,"atk":252,"def":0,"spa":0,"spd":4,"spe":252},"ivs":{"hp":31,"atk":31,"def":31,"spa":31,"spd":31,"spe":31}},{"name":"Tornadus-Therian","species":"Tornadus-Therian","item":"assaultvest","ability":"Regenerator","moves":["hurricane","heatwave","superpower","uturn"],"nature":"Hasty","evs":{"hp":132,"atk":8,"def":0,"spa":152,"spd":0,"spe":216},"ivs":{"hp":31,"atk":31,"def":31,"spa":31,"spd":31,"spe":31}},{"name":"Articuno","species":"Articuno","item":"leftovers","ability":"Pressure","moves":["freezedry","roost","toxic","healbell"],"nature":"Calm","evs":{"hp":252,"atk":0,"def":0,"spa":4,"spd":252,"spe":0},"ivs":{"hp":31,"atk":31,"def":31,"spa":31,"spd":31,"spe":31}},{"name":"Gyarados","species":"Gyarados","item":"gyaradosite","ability":"Moxie","moves":["dragondance","waterfall","crunch","earthquake"],"nature":"Jolly","evs":{"hp":0,"atk":252,"def":0,"spa":0,"spd":4,"spe":252},"ivs":{"hp":31,"atk":31,"def":31,"spa":31,"spd":31,"spe":31}},{"name":"Mandibuzz","species":"Mandibuzz","item":"rockyhelmet","ability":"Overcoat","moves":["foulplay","defog","bravebird","roost"],"nature":"Impish","evs":{"hp":248,"atk":8,"def":252,"spa":0,"spd":0,"spe":0},"ivs":{"hp":31,"atk":31,"def":31,"spa":31,"spd":31,"spe":31}},{"name":"Skarmory","species":"Skarmory","item":"rockyhelmet","ability":"Sturdy","moves":["roost","bravebird","defog","whirlwind"],"nature":"Impish","evs":{"hp":248,"atk":0,"def":236,"spa":0,"spd":0,"spe":24},"ivs":{"hp":31,"atk":31,"def":31,"spa":31,"spd":31,"spe":31}}],"p2team":[{"name":"Mienshao","species":"Mienshao","item":"lifeorb","ability":"Regenerator","moves":["fakeout","hiddenpowerice","highjumpkick","uturn"],"nature":"Hasty","evs":{"hp":0,"atk":252,"def":0,"spa":4,"spd":0,"spe":252},"ivs":{"hp":31,"atk":30,"def":30,"spa":31,"spd":31,"spe":31}},{"name":"Breloom","species":"Breloom","item":"focussash","ability":"Technician","moves":["spore","rocktomb","bulletseed","machpunch"],"nature":"Jolly","evs":{"hp":0,"atk":252,"def":0,"spa":0,"spd":4,"spe":252},"ivs":{"hp":31,"atk":31,"def":31,"spa":31,"spd":31,"spe":31}},{"name":"Cobalion","species":"Cobalion","item":"leftovers","ability":"Justified","moves":["taunt","voltswitch","flashcannon","stealthrock"],"nature":"Timid","evs":{"hp":252,"atk":0,"def":0,"spa":4,"spd":0,"spe":252},"ivs":{"hp":31,"atk":31,"def":31,"spa":31,"spd":31,"spe":31}},{"name":"Keldeo","species":"Keldeo","item":"leftovers","ability":"Justified","moves":["substitute","calmmind","scald","secretsword"],"nature":"Timid","evs":{"hp":0,"atk":0,"def":0,"spa":252,"spd":4,"spe":252},"ivs":{"hp":31,"atk":31,"def":31,"spa":31,"spd":31,"spe":31}},{"name":"Terrakion","species":"Terrakion","item":"choicescarf","ability":"Justified","moves":["closecombat","earthquake","stoneedge","ironhead"],"nature":"Jolly","evs":{"hp":0,"atk":252,"def":0,"spa":0,"spd":4,"spe":252},"ivs":{"hp":31,"atk":31,"def":31,"spa":31,"spd":31,"spe":31}},{"name":"Gallade","species":"Gallade","item":"galladite","ability":"Justified","moves":["swordsdance","shadowsneak","knockoff","closecombat"],"nature":"Jolly","evs":{"hp":0,"atk":252,"def":0,"spa":0,"spd":4,"spe":252},"ivs":{"hp":31,"atk":31,"def":31,"spa":31,"spd":31,"spe":31}}],"log":["|player|p1|SWL HB|swlhb.gif","|player|p2|SWL Jyph|swljyph.png","|gametype|singles","|gen|6","|tier|Monotype","|rated","|rule|Baton Pass Clause: Limit one Baton Passer, can't pass Spe and other stats simultaneously","|rule|Swagger Clause: Swagger is banned","|rule|Same Type Clause: Pokémon in a team must share a type","|clearpoke","|poke|p1|Ninjask, F","|poke|p1|Tornadus-Therian, M","|poke|p1|Articuno","|poke|p1|Gyarados, F","|poke|p1|Mandibuzz, F","|poke|p1|Skarmory, M","|poke|p2|Mienshao, M","|poke|p2|Breloom, F","|poke|p2|Cobalion","|poke|p2|Keldeo","|poke|p2|Terrakion","|poke|p2|Gallade, M","|rule|Sleep Clause Mod: Limit one foe put to sleep","|rule|Species Clause: Limit one of each Pokémon","|rule|OHKO Clause: OHKO moves are banned","|rule|Moody Clause: Moody is banned","|rule|Evasion Moves Clause: Evasion moves are banned","|rule|Endless Battle Clause: Forcing endless battles is banned","|rule|HP Percentage Mod: HP is shown in percentages","|teampreview","|","|start","|switch|p1a: Ninjask|Ninjask, F|263/263","|switch|p2a: Breloom|Breloom, F|261/261","|turn|1","|","|move|p1a: Ninjask|U-turn|p2a: Breloom","|-damage|p2a: Breloom|97/261","|-damage|p1a: Ninjask|237/263|[from] item: Life Orb","|","|switch|p1a: Mandibuzz|Mandibuzz, F|423/423","|move|p2a: Breloom|Spore|p1a: Mandibuzz","|-immune|p1a: Mandibuzz|[msg]","|","|turn|2","|","|switch|p2a: Cobalion|Cobalion|386/386","|move|p1a: Mandibuzz|Brave Bird|p2a: Cobalion","|-damage|p2a: Cobalion|301/386","|-damage|p1a: Mandibuzz|395/423|[from] recoil|[of] p2a: Cobalion","|","|-heal|p2a: Cobalion|325/386|[from] item: Leftovers","|turn|3","|","|move|p2a: Cobalion|Stealth Rock|p1a: Mandibuzz","|-sidestart|p1: SWL HB|move: Stealth Rock","|move|p1a: Mandibuzz|Foul Play|p2a: Cobalion","|-resisted|p2a: Cobalion","|-damage|p2a: Cobalion|288/386","|-boost|p2a: Cobalion|atk|1|[from] ability: Justified","|","|-heal|p2a: Cobalion|312/386|[from] item: Leftovers","|turn|4","|","|move|p2a: Cobalion|Taunt|p1a: Mandibuzz","|-start|p1a: Mandibuzz|move: Taunt","|move|p1a: Mandibuzz|Foul Play|p2a: Cobalion","|-resisted|p2a: Cobalion","|-damage|p2a: Cobalion|254/386","|-boost|p2a: Cobalion|atk|1|[from] ability: Justified","|","|-heal|p2a: Cobalion|278/386|[from] item: Leftovers","|turn|5","|","|move|p2a: Cobalion|Volt Switch|p1a: Mandibuzz","|-supereffective|p1a: Mandibuzz","|-damage|p1a: Mandibuzz|291/423","|","|switch|p2a: Terrakion|Terrakion|323/323","|move|p1a: Mandibuzz|Foul Play|p2a: Terrakion","|-resisted|p2a: Terrakion","|-damage|p2a: Terrakion|235/323","|-boost|p2a: Terrakion|atk|1|[from] ability: Justified","|","|turn|6","|","|switch|p1a: Skarmory|Skarmory, M|333/333","|-damage|p1a: Skarmory|292/333|[from] Stealth Rock","|move|p2a: Terrakion|Stone Edge|p1a: Skarmory","|-damage|p1a: Skarmory|148/333","|","|turn|7","|","|switch|p2a: Keldeo|Keldeo|323/323","|move|p1a: Skarmory|Defog|p2a: Keldeo","|-unboost|p2a: Keldeo|evasion|1","|-sideend|p1: SWL HB|Stealth Rock|[from] move: Defog|[of] p1a: Skarmory","|","|turn|8","|","|switch|p1a: Articuno|Articuno|384/384","|-ability|p1a: Articuno|Pressure","|move|p2a: Keldeo|Scald|p1a: Articuno","|-damage|p1a: Articuno|299/384","|-status|p1a: Articuno|brn","|","|-heal|p1a: Articuno|323/384 brn|[from] item: Leftovers","|-damage|p1a: Articuno|275/384 brn|[from] brn","|turn|9","|","|move|p2a: Keldeo|Substitute|p2a: Keldeo","|-start|p2a: Keldeo|Substitute","|-damage|p2a: Keldeo|243/323","|move|p1a: Articuno|Freeze-Dry|p2a: Keldeo","|-supereffective|p2a: Keldeo","|-end|p2a: Keldeo|Substitute","|","|-heal|p2a: Keldeo|263/323|[from] item: Leftovers","|-heal|p1a: Articuno|299/384 brn|[from] item: Leftovers","|-damage|p1a: Articuno|251/384 brn|[from] brn","|turn|10","|","|switch|p2a: Cobalion|Cobalion|278/386","|move|p1a: Articuno|Heal Bell|p1a: Articuno","|-cureteam|p1a: Articuno|[from] move: HealBell","|","|-heal|p2a: Cobalion|302/386|[from] item: Leftovers","|-heal|p1a: Articuno|275/384|[from] item: Leftovers","|turn|11","|","|switch|p1a: Tornadus-Therian|Tornadus-Therian, M|332/332","|move|p2a: Cobalion|Stealth Rock|p1a: Tornadus-Therian","|-sidestart|p1: SWL HB|move: Stealth Rock","|","|-heal|p2a: Cobalion|326/386|[from] item: Leftovers","|turn|12","|","|move|p1a: Tornadus-Therian|Heat Wave|p2a: Cobalion","|-supereffective|p2a: Cobalion","|-damage|p2a: Cobalion|74/386","|move|p2a: Cobalion|Volt Switch|p1a: Tornadus-Therian","|-supereffective|p1a: Tornadus-Therian","|-damage|p1a: Tornadus-Therian|250/332","|","|switch|p2a: Terrakion|Terrakion|235/323","|","|turn|13","|","|switch|p1a: Skarmory|Skarmory, M|148/333","|-damage|p1a: Skarmory|107/333|[from] Stealth Rock","|move|p2a: Terrakion|Close Combat|p1a: Skarmory","|-damage|p1a: Skarmory|0 fnt","|-damage|p2a: Terrakion|182/323|[from] item: Rocky Helmet|[of] p1a: Skarmory","|-unboost|p2a: Terrakion|def|1","|-unboost|p2a: Terrakion|spd|1","|faint|p1a: Skarmory","|","|","|switch|p1a: Mandibuzz|Mandibuzz, F|291/423","|-damage|p1a: Mandibuzz|186/423|[from] Stealth Rock","|turn|14","|","|move|p2a: Terrakion|Close Combat|p1a: Mandibuzz","|-damage|p1a: Mandibuzz|36/423","|-damage|p2a: Terrakion|129/323|[from] item: Rocky Helmet|[of] p1a: Mandibuzz","|-unboost|p2a: Terrakion|def|1","|-unboost|p2a: Terrakion|spd|1","|move|p1a: Mandibuzz|Defog|p2a: Terrakion","|-unboost|p2a: Terrakion|evasion|1","|-sideend|p1: SWL HB|Stealth Rock|[from] move: Defog|[of] p1a: Mandibuzz","|","|turn|15","|","|switch|p1a: Gyarados|Gyarados, F|331/331","|move|p2a: Terrakion|Close Combat|p1a: Gyarados","|-resisted|p1a: Gyarados","|-damage|p1a: Gyarados|197/331","|-unboost|p2a: Terrakion|def|1","|-unboost|p2a: Terrakion|spd|1","|","|turn|16","|","|switch|p2a: Cobalion|Cobalion|74/386","|move|p1a: Gyarados|Dragon Dance|p1a: Gyarados","|-boost|p1a: Gyarados|atk|1","|-boost|p1a: Gyarados|spe|1","|","|-heal|p2a: Cobalion|98/386|[from] item: Leftovers","|turn|17","|","|move|p1a: Gyarados|Earthquake|p2a: Cobalion","|-supereffective|p2a: Cobalion","|-damage|p2a: Cobalion|0 fnt","|faint|p2a: Cobalion","|-boost|p1a: Gyarados|atk|1|[from] ability: Moxie","|","|","|switch|p2a: Terrakion|Terrakion|129/323","|turn|18","|","|detailschange|p1a: Gyarados|Gyarados-Mega, F","|-mega|p1a: Gyarados|Gyarados|Gyaradosite","|-ability|p1a: Gyarados|Mold Breaker","|move|p2a: Terrakion|Stone Edge|p1a: Gyarados|[miss]","|-miss|p2a: Terrakion|p1a: Gyarados","|move|p1a: Gyarados|Waterfall|p2a: Terrakion","|-supereffective|p2a: Terrakion","|-damage|p2a: Terrakion|0 fnt","|faint|p2a: Terrakion","|","|","|switch|p2a: Breloom|Breloom, F|97/261","|turn|19","|","|switch|p1a: Mandibuzz|Mandibuzz, F|36/423","|move|p2a: Breloom|Mach Punch|p1a: Mandibuzz","|-damage|p1a: Mandibuzz|0 fnt","|-damage|p2a: Breloom|54/261|[from] item: Rocky Helmet|[of] p1a: Mandibuzz","|faint|p1a: Mandibuzz","|","|","|switch|p1a: Ninjask|Ninjask, F|237/263","|turn|20","|","|switch|p2a: Keldeo|Keldeo|263/323","|move|p1a: Ninjask|Aerial Ace|p2a: Keldeo","|-supereffective|p2a: Keldeo","|-damage|p2a: Keldeo|13/323","|-damage|p1a: Ninjask|211/263|[from] item: Life Orb","|","|-heal|p2a: Keldeo|33/323|[from] item: Leftovers","|-boost|p1a: Ninjask|spe|1|[from] ability: Speed Boost","|turn|21","|","|move|p1a: Ninjask|Aerial Ace|p2a: Keldeo","|-supereffective|p2a: Keldeo","|-damage|p2a: Keldeo|0 fnt","|-damage|p1a: Ninjask|185/263|[from] item: Life Orb","|faint|p2a: Keldeo","|","|-boost|p1a: Ninjask|spe|1|[from] ability: Speed Boost","|","|switch|p2a: Gallade|Gallade, M|277/277","|turn|22","|","|detailschange|p2a: Gallade|Gallade-Mega, M","|-mega|p2a: Gallade|Gallade|Galladite","|move|p1a: Ninjask|U-turn|p2a: Gallade","|-damage|p2a: Gallade|137/277","|-damage|p1a: Ninjask|159/263|[from] item: Life Orb","|","|switch|p1a: Tornadus-Therian|Tornadus-Therian, M|332/332","|move|p2a: Gallade|Knock Off|p1a: Tornadus-Therian","|-crit|p1a: Tornadus-Therian","|-damage|p1a: Tornadus-Therian|44/332","|-enditem|p1a: Tornadus-Therian|Assault Vest|[from] move: Knock Off|[of] p2a: Gallade","|","|turn|23","|","|move|p2a: Gallade|Shadow Sneak|p1a: Tornadus-Therian","|-damage|p1a: Tornadus-Therian|0 fnt","|faint|p1a: Tornadus-Therian","|","|","|switch|p1a: Ninjask|Ninjask, F|159/263","|turn|24","|","|move|p2a: Gallade|Shadow Sneak|p1a: Ninjask","|-damage|p1a: Ninjask|57/263","|move|p1a: Ninjask|Aerial Ace|p2a: Gallade","|-supereffective|p2a: Gallade","|-damage|p2a: Gallade|0 fnt","|-damage|p1a: Ninjask|31/263|[from] item: Life Orb","|faint|p2a: Gallade","|","|-boost|p1a: Ninjask|spe|1|[from] ability: Speed Boost","|","|switch|p2a: Breloom|Breloom, F|54/261","|turn|25","|","|move|p2a: Breloom|Mach Punch|p1a: Ninjask","|-resisted|p1a: Ninjask","|-damage|p1a: Ninjask|0 fnt","|faint|p1a: Ninjask","|","|","|switch|p1a: Articuno|Articuno|275/384","|-ability|p1a: Articuno|Pressure","|turn|26","|","|move|p2a: Breloom|Rock Tomb|p1a: Articuno","|-supereffective|p1a: Articuno","|-damage|p1a: Articuno|0 fnt","|faint|p1a: Articuno","|","|","|switch|p1a: Gyarados|Gyarados-Mega, F|197/331","|-ability|p1a: Gyarados|Mold Breaker","|turn|27","|","|move|p2a: Breloom|Mach Punch|p1a: Gyarados","|-supereffective|p1a: Gyarados","|-damage|p1a: Gyarados|11/331","|move|p1a: Gyarados|Crunch|p2a: Breloom","|-resisted|p2a: Breloom","|-damage|p2a: Breloom|0 fnt","|faint|p2a: Breloom","|","|","|switch|p2a: Mienshao|Mienshao, M|271/271","|turn|28","|","|move|p2a: Mienshao|Fake Out|p1a: Gyarados","|-damage|p1a: Gyarados|0 fnt","|-damage|p2a: Mienshao|244/271|[from] item: Life Orb","|faint|p1a: Gyarados","|","|win|SWL Jyph"],"p1rating":{"entryid":"6872578","serverid":"eos","formatid":"monotype","userid":"swlhb","username":"SWL HB","w":"10","l":19,"t":"0","gxe":36.1,"r":"1392.6743377767","rd":"66.786262459413","sigma":"0","rptime":"1439456400","rpr":1390.7975059038,"rprd":64.024510130379,"rpsigma":"0","acre":1054.6419382089,"lacre":1054.6419382089,"oldacre":"1070.4730215599"},"p2rating":{"entryid":"7479706","serverid":"eos","formatid":"monotype","userid":"swljyph","username":"SWL Jyph","w":6,"l":"1","t":"0","gxe":65.1,"r":"1499.970724027","rd":"117.60222801122","sigma":"0","rptime":"1439456400","rpr":1621.482218868,"rprd":96.238218846617,"rpsigma":"0","acre":1171.2308832484,"lacre":1171.2308832484,"oldacre":"1151.9912748903"},"endType":"normal"}