{"seed":[46506,65182,32388,54018],"turns":19,"p1":"Rain ☆ S.Herbs","p2":"Vortius","p1team":[{"name":"Hippowdon","species":"Hippowdon","item":"leftovers","ability":"Sand Stream","moves":["earthquake","stealthrock","slackoff","toxic"],"nature":"Careful","evs":{"hp":252,"atk":4,"def":252,"spa":0,"spd":0,"spe":0},"ivs":{"hp":31,"atk":31,"def":31,"spa":31,"spd":31,"spe":31}},{"name":"Landorus","species":"Landorus","item":"lifeorb","ability":"Sand Force","moves":["earthpower","grassknot","rockslide","sludgebomb"],"nature":"Rash","evs":{"hp":0,"atk":4,"def":0,"spa":252,"spd":0,"spe":252},"ivs":{"hp":31,"atk":31,"def":31,"spa":31,"spd":31,"spe":31}},{"name":"Gliscor","species":"Gliscor","item":"toxicorb","ability":"Poison Heal","moves":["swordsdance","earthquake","knockoff","poisonjab"],"nature":"Careful","evs":{"hp":244,"atk":0,"def":8,"spa":0,"spd":200,"spe":56},"ivs":{"hp":31,"atk":31,"def":31,"spa":31,"spd":31,"spe":31}},{"name":"Garchomp","species":"Garchomp","item":"garchompite","ability":"Rough Skin","moves":["dragonpulse","earthquake","flamethrower","stealthrock"],"nature":"Naive","evs":{"hp":0,"atk":4,"def":0,"spa":252,"spd":0,"spe":252},"ivs":{"hp":31,"atk":31,"def":31,"spa":31,"spd":31,"spe":31}},{"name":"Gastrodon","species":"Gastrodon","item":"leftovers","ability":"Storm Drain","moves":["toxic","sludgebomb","earthpower","scald"],"nature":"Calm","evs":{"hp":252,"atk":0,"def":252,"spa":4,"spd":0,"spe":0},"ivs":{"hp":31,"atk":31,"def":31,"spa":31,"spd":31,"spe":31}},{"name":"Excadrill","species":"Excadrill","item":"airballoon","ability":"Sand Rush","moves":["earthquake","ironhead","rocktomb","swordsdance"],"nature":"Adamant","evs":{"hp":0,"atk":252,"def":4,"spa":0,"spd":0,"spe":252},"shiny":true,"ivs":{"hp":31,"atk":31,"def":31,"spa":31,"spd":31,"spe":31}}],"p2team":[{"name":"Bisharp","species":"Bisharp","item":"focussash","ability":"Defiant","moves":["metalburst","suckerpunch","knockoff","brickbreak"],"nature":"Brave","evs":{"hp":248,"atk":252,"def":0,"spa":0,"spd":8,"spe":0},"ivs":{"hp":31,"atk":31,"def":31,"spa":31,"spd":31,"spe":31}},{"name":"Crawdaunt","species":"Crawdaunt","item":"lifeorb","ability":"Adaptability","moves":["dragondance","aquajet","waterfall","knockoff"],"nature":"Adamant","evs":{"hp":0,"atk":252,"def":0,"spa":0,"spd":4,"spe":252},"ivs":{"hp":31,"atk":31,"def":31,"spa":31,"spd":31,"spe":31}},{"name":"Honchkrow","species":"Honchkrow","item":"choicescarf","ability":"Moxie","moves":["pursuit","nightslash","bravebird","superpower"],"nature":"Adamant","evs":{"hp":4,"atk":252,"def":0,"spa":0,"spd":0,"spe":252},"ivs":{"hp":31,"atk":31,"def":31,"spa":31,"spd":31,"spe":31}},{"name":"Hydreigon","species":"Hydreigon","item":"leftovers","ability":"Levitate","moves":["dragonpulse","flashcannon","darkpulse","earthpower"],"nature":"Timid","evs":{"hp":0,"atk":0,"def":0,"spa":252,"spd":4,"spe":252},"ivs":{"hp":31,"atk":31,"def":31,"spa":31,"spd":31,"spe":31}},{"name":"Houndoom","species":"Houndoom","item":"houndoominite","ability":"Flash Fire","moves":["flamethrower","darkpulse","sludgebomb","hiddenpowerground"],"nature":"Timid","evs":{"hp":0,"atk":0,"def":0,"spa":252,"spd":4,"spe":252},"ivs":{"hp":31,"atk":31,"def":31,"spa":30,"spd":30,"spe":31}},{"name":"Tyranitar","species":"Tyranitar","item":"leftovers","ability":"Sand Stream","moves":["stealthrock","flamethrower","ancientpower","icebeam"],"nature":"Modest","evs":{"hp":252,"atk":0,"def":0,"spa":252,"spd":4,"spe":0},"ivs":{"hp":31,"atk":31,"def":31,"spa":31,"spd":31,"spe":31}}],"log":["|player|p1|Rain ☆ S.Herbs|154","|player|p2|Vortius|177","|gametype|singles","|gen|6","|tier|Monotype","|rated","|rule|Baton Pass Clause: Limit one Baton Passer, can't pass Spe and other stats simultaneously","|rule|Swagger Clause: Swagger is banned","|rule|Same Type Clause: Pokémon in a team must share a type","|clearpoke","|poke|p1|Hippowdon, F","|poke|p1|Landorus, M","|poke|p1|Gliscor, F","|poke|p1|Garchomp, F","|poke|p1|Gastrodon, F","|poke|p1|Excadrill, F, shiny","|poke|p2|Bisharp, M","|poke|p2|Crawdaunt, M","|poke|p2|Honchkrow, M","|poke|p2|Hydreigon, M","|poke|p2|Houndoom, F","|poke|p2|Tyranitar, F","|rule|Sleep Clause Mod: Limit one foe put to sleep","|rule|Species Clause: Limit one of each Pokémon","|rule|OHKO Clause: OHKO moves are banned","|rule|Moody Clause: Moody is banned","|rule|Evasion Moves Clause: Evasion moves are banned","|rule|Endless Battle Clause: Forcing endless battles is banned","|rule|HP Percentage Mod: HP is shown in percentages","|teampreview","|","|start","|switch|p1a: Hippowdon|Hippowdon, F|420/420","|switch|p2a: Crawdaunt|Crawdaunt, M|267/267","|-weather|Sandstorm","|turn|1","|","|move|p2a: Crawdaunt|Dragon Dance|p2a: Crawdaunt","|-boost|p2a: Crawdaunt|atk|1","|-boost|p2a: Crawdaunt|spe|1","|move|p1a: Hippowdon|Toxic|p2a: Crawdaunt","|-status|p2a: Crawdaunt|tox","|","|-weather|Sandstorm|[upkeep]","|-damage|p2a: Crawdaunt|251/267 tox|[from] sandstorm","|-damage|p2a: Crawdaunt|235/267 tox|[from] psn","|turn|2","|","|switch|p1a: Gastrodon|Gastrodon, F|426/426","|move|p2a: Crawdaunt|Dragon Dance|p2a: Crawdaunt","|-boost|p2a: Crawdaunt|atk|1","|-boost|p2a: Crawdaunt|spe|1","|","|-weather|Sandstorm|[upkeep]","|-damage|p2a: Crawdaunt|219/267 tox|[from] sandstorm","|-damage|p2a: Crawdaunt|187/267 tox|[from] psn","|turn|3","|","|switch|p1a: Gliscor|Gliscor, F|352/352","|move|p2a: Crawdaunt|Knock Off|p1a: Gliscor","|-damage|p1a: Gliscor|0 fnt","|-enditem|p1a: Gliscor|Toxic Orb|[from] move: Knock Off|[of] p2a: Crawdaunt","|-damage|p2a: Crawdaunt|161/267 tox|[from] item: Life Orb","|faint|p1a: Gliscor","|","|-weather|Sandstorm|[upkeep]","|-damage|p2a: Crawdaunt|145/267 tox|[from] sandstorm","|-damage|p2a: Crawdaunt|97/267 tox|[from] psn","|","|switch|p1a: Excadrill|Excadrill, F, shiny|361/361","|-item|p1a: Excadrill|Air Balloon","|turn|4","|","|switch|p1a: Gastrodon|Gastrodon, F|426/426","|move|p2a: Crawdaunt|Aqua Jet|p1a: Gastrodon","|-boost|p1a: Gastrodon|spa|1|[from] ability: Storm Drain","|","|-weather|Sandstorm|[upkeep]","|-damage|p2a: Crawdaunt|81/267 tox|[from] sandstorm","|-damage|p2a: Crawdaunt|17/267 tox|[from] psn","|turn|5","|","|move|p2a: Crawdaunt|Knock Off|p1a: Gastrodon","|-damage|p1a: Gastrodon|0 fnt","|-enditem|p1a: Gastrodon|Leftovers|[from] move: Knock Off|[of] p2a: Crawdaunt","|-damage|p2a: Crawdaunt|0 fnt|[from] item: Life Orb","|faint|p1a: Gastrodon","|faint|p2a: Crawdaunt","|","|-weather|none","|","|switch|p2a: Hydreigon|Hydreigon, M|325/325","|switch|p1a: Hippowdon|Hippowdon, F|420/420","|-weather|Sandstorm","|turn|6","|","|move|p2a: Hydreigon|Dragon Pulse|p1a: Hippowdon","|-damage|p1a: Hippowdon|255/420","|move|p1a: Hippowdon|Toxic|p2a: Hydreigon","|-status|p2a: Hydreigon|tox","|","|-weather|Sandstorm|[upkeep]","|-damage|p2a: Hydreigon|305/325 tox|[from] sandstorm","|-heal|p2a: Hydreigon|325/325 tox|[from] item: Leftovers","|-heal|p1a: Hippowdon|281/420|[from] item: Leftovers","|-damage|p2a: Hydreigon|305/325 tox|[from] psn","|turn|7","|","|switch|p2a: Tyranitar|Tyranitar, F|404/404","|move|p1a: Hippowdon|Slack Off|p1a: Hippowdon","|-heal|p1a: Hippowdon|420/420","|","|-weather|Sandstorm|[upkeep]","|turn|8","|","|move|p2a: Tyranitar|Stealth Rock|p1a: Hippowdon","|-sidestart|p1: Rain ☆ S.Herbs|move: Stealth Rock","|move|p1a: Hippowdon|Stealth Rock|p2a: Tyranitar","|-sidestart|p2: Vortius|move: Stealth Rock","|","|-weather|Sandstorm|[upkeep]","|turn|9","|","|move|p2a: Tyranitar|Ice Beam|p1a: Hippowdon","|-supereffective|p1a: Hippowdon","|-damage|p1a: Hippowdon|180/420","|move|p1a: Hippowdon|Earthquake|p2a: Tyranitar","|-supereffective|p2a: Tyranitar","|-damage|p2a: Tyranitar|168/404","|","|-weather|Sandstorm|[upkeep]","|-heal|p2a: Tyranitar|193/404|[from] item: Leftovers","|-heal|p1a: Hippowdon|206/420|[from] item: Leftovers","|turn|10","|","|switch|p1a: Excadrill|Excadrill, F, shiny|361/361","|-damage|p1a: Excadrill|350/361|[from] Stealth Rock","|-item|p1a: Excadrill|Air Balloon","|move|p2a: Tyranitar|Ice Beam|p1a: Excadrill","|-damage|p1a: Excadrill|219/361","|-enditem|p1a: Excadrill|Air Balloon","|","|-weather|none","|-heal|p2a: Tyranitar|218/404|[from] item: Leftovers","|turn|11","|","|switch|p2a: Honchkrow|Honchkrow, M|342/342","|-damage|p2a: Honchkrow|257/342|[from] Stealth Rock","|move|p1a: Excadrill|Iron Head|p2a: Honchkrow","|-damage|p2a: Honchkrow|0 fnt","|faint|p2a: Honchkrow","|","|","|switch|p2a: Houndoom|Houndoom, F|291/291","|-damage|p2a: Houndoom|219/291|[from] Stealth Rock","|turn|12","|","|switch|p1a: Hippowdon|Hippowdon, F|206/420","|-damage|p1a: Hippowdon|180/420|[from] Stealth Rock","|-weather|Sandstorm","|detailschange|p2a: Houndoom|Houndoom-Mega, F","|-mega|p2a: Houndoom|Houndoom|Houndoominite","|move|p2a: Houndoom|Dark Pulse|p1a: Hippowdon","|-damage|p1a: Hippowdon|8/420","|","|-weather|Sandstorm|[upkeep]","|-damage|p2a: Houndoom|201/291|[from] sandstorm","|-heal|p1a: Hippowdon|34/420|[from] item: Leftovers","|turn|13","|","|move|p2a: Houndoom|Dark Pulse|p1a: Hippowdon","|-damage|p1a: Hippowdon|0 fnt","|faint|p1a: Hippowdon","|","|-weather|Sandstorm|[upkeep]","|-damage|p2a: Houndoom|183/291|[from] sandstorm","|","|switch|p1a: Excadrill|Excadrill, F, shiny|219/361","|-damage|p1a: Excadrill|208/361|[from] Stealth Rock","|turn|14","|","|move|p1a: Excadrill|Rock Tomb|p2a: Houndoom","|-supereffective|p2a: Houndoom","|-damage|p2a: Houndoom|0 fnt","|faint|p2a: Houndoom","|","|-weather|Sandstorm|[upkeep]","|","|switch|p2a: Bisharp|Bisharp, M|333/333","|-damage|p2a: Bisharp|313/333|[from] Stealth Rock","|turn|15","|","|move|p2a: Bisharp|Sucker Punch|p1a: Excadrill","|-damage|p1a: Excadrill|0 fnt","|faint|p1a: Excadrill","|","|-weather|Sandstorm|[upkeep]","|","|switch|p1a: Landorus|Landorus, M|319/319","|-damage|p1a: Landorus|280/319|[from] Stealth Rock","|turn|16","|","|move|p2a: Bisharp|Sucker Punch|p1a: Landorus","|-damage|p1a: Landorus|102/319","|move|p1a: Landorus|Earth Power|p2a: Bisharp","|-supereffective|p2a: Bisharp","|-damage|p2a: Bisharp|0 fnt","|-damage|p1a: Landorus|71/319|[from] item: Life Orb","|faint|p2a: Bisharp","|","|-weather|none","|","|switch|p2a: Hydreigon|Hydreigon, M|305/325 tox","|-damage|p2a: Hydreigon|265/325 tox|[from] Stealth Rock","|turn|17","|","|move|p2a: Hydreigon|Dragon Pulse|p1a: Landorus","|-damage|p1a: Landorus|0 fnt","|faint|p1a: Landorus","|","|-heal|p2a: Hydreigon|285/325 tox|[from] item: Leftovers","|-damage|p2a: Hydreigon|265/325 tox|[from] psn","|","|switch|p1a: Garchomp|Garchomp, F|357/357","|-damage|p1a: Garchomp|335/357|[from] Stealth Rock","|turn|18","|","|detailschange|p1a: Garchomp|Garchomp-Mega, F","|-mega|p1a: Garchomp|Garchomp|Garchompite","|move|p1a: Garchomp|Dragon Pulse|p2a: Hydreigon","|-supereffective|p2a: Hydreigon","|-damage|p2a: Hydreigon|0 fnt","|faint|p2a: Hydreigon","|","|","|switch|p2a: Tyranitar|Tyranitar, F|218/404","|-damage|p2a: Tyranitar|168/404|[from] Stealth Rock","|-weather|Sandstorm","|turn|19","|","|move|p1a: Garchomp|Earthquake|p2a: Tyranitar","|-supereffective|p2a: Tyranitar","|-damage|p2a: Tyranitar|0 fnt","|faint|p2a: Tyranitar","|","|win|Rain ☆ S.Herbs"],"p1rating":{"entryid":"7610897","serverid":"eos","formatid":"monotype","userid":"rainsherbs","username":"Rain ☆ S.Herbs","w":2,"l":"0","t":"0","gxe":58.6,"r":1536.3889073744,"rd":122.47205450411,"sigma":"0","rptime":1439542800,"rpr":1569.0135988,"rprd":116.49779363145,"rpsigma":"0","acre":1075.3958492859,"lacre":1075.3958492859,"oldacre":"1046.84070232"},"p2rating":{"entryid":7637333,"formatid":"monotype","userid":"vortius","username":"Vortius","r":1500,"rd":130,"sigma":0,"rpr":1459.8393856612,"rprd":122.8583080769,"rpsigma":0,"rptime":1439542800,"w":0,"l":1,"t":0,"gxe":45,"acre":1000,"lacre":1000,"oldacre":1000},"endType":"normal"}