{"seed":[18543,18662,32088,64171],"turns":24,"p1":"Guard Darkrai","p2":"Lazulite Leavanny","p1team":[{"name":"Pikachu","species":"Pikachu","item":"lightball","ability":"Static","moves":["volttackle","mudslap","fakeout","nuzzle"],"nature":"Hasty","evs":{"hp":0,"atk":252,"def":0,"spa":4,"spd":0,"spe":252},"ivs":{"hp":31,"atk":31,"def":31,"spa":31,"spd":31,"spe":31}},{"name":"Luxray","species":"Luxray","item":"flameorb","ability":"Guts","moves":["superpower","facade","wildcharge","protect"],"nature":"Jolly","evs":{"hp":0,"atk":252,"def":0,"spa":0,"spd":4,"spe":252},"ivs":{"hp":31,"atk":31,"def":31,"spa":31,"spd":31,"spe":31}},{"name":"Magnezone","species":"Magnezone","item":"airballoon","ability":"Sturdy","moves":["thunderbolt","flashcannon","mirrorcoat","thunderwave"],"nature":"Modest","evs":{"hp":248,"atk":0,"def":0,"spa":252,"spd":8,"spe":0},"ivs":{"hp":31,"atk":31,"def":31,"spa":31,"spd":31,"spe":31}},{"name":"Magnezone Jr.","species":"magneton","item":"eviolite","ability":"Analytic","moves":["flashcannon","discharge","hiddenpowergrass","irondefense"],"nature":"Modest","evs":{"hp":248,"atk":0,"def":0,"spa":252,"spd":8,"spe":0},"ivs":{"hp":31,"atk":30,"def":31,"spa":30,"spd":31,"spe":31}},{"name":"Rotom-Wash","species":"Rotom-Wash","item":"leftovers","ability":"Levitate","moves":["voltswitch","willowisp","hydropump","painsplit"],"nature":"Calm","evs":{"hp":252,"atk":0,"def":0,"spa":4,"spd":252,"spe":0},"ivs":{"hp":31,"atk":31,"def":31,"spa":31,"spd":31,"spe":31}},{"name":"Thundurus-Therian","species":"Thundurus-Therian","item":"choicescarf","ability":"Volt Absorb","moves":["thunderbolt","sludgewave","focusblast","darkpulse"],"nature":"Timid","evs":{"hp":0,"atk":0,"def":0,"spa":252,"spd":4,"spe":252},"ivs":{"hp":31,"atk":31,"def":31,"spa":31,"spd":31,"spe":31}}],"p2team":[{"name":"Forretress","species":"Forretress","item":"leftovers","ability":"Sturdy","moves":["toxicspikes","spikes","stealthrock","rapidspin"],"nature":"Bold","evs":{"hp":252,"atk":0,"def":252,"spa":0,"spd":4,"spe":0},"ivs":{"hp":31,"atk":31,"def":31,"spa":31,"spd":31,"spe":31}},{"name":"Scolipede","species":"Scolipede","item":"focussash","ability":"Speed Boost","moves":["protect","agility","batonpass","steamroller"],"nature":"Adamant","evs":{"hp":0,"atk":252,"def":0,"spa":0,"spd":4,"spe":252},"ivs":{"hp":31,"atk":31,"def":31,"spa":31,"spd":31,"spe":31}},{"name":"Volcarona","species":"Volcarona","item":"leftovers","ability":"Flame Body","moves":["quiverdance","fierydance","bugbuzz","roost"],"nature":"Bold","evs":{"hp":252,"atk":0,"def":204,"spa":0,"spd":0,"spe":52},"ivs":{"hp":31,"atk":31,"def":31,"spa":31,"spd":31,"spe":31}},{"name":"Pinsir","species":"Pinsir","item":"pinsirite","ability":"Moxie","moves":["xscissor","frustration","quickattack","earthquake"],"nature":"Adamant","evs":{"hp":248,"atk":252,"def":0,"spa":0,"spd":8,"spe":0},"gender":"F","happiness":0,"ivs":{"hp":31,"atk":31,"def":31,"spa":31,"spd":31,"spe":31}},{"name":"Crustle","species":"Crustle","item":"liechiberry","ability":"Sturdy","moves":["shellsmash","earthquake","stoneedge","xscissor"],"nature":"Adamant","evs":{"hp":0,"atk":252,"def":0,"spa":0,"spd":4,"spe":252},"ivs":{"hp":31,"atk":31,"def":31,"spa":31,"spd":31,"spe":31}},{"name":"Genesect-Douse","species":"Genesect-Douse","item":"dousedrive","ability":"Download","moves":["technoblast","bugbuzz","ironhead","irondefense"],"nature":"Hasty","evs":{"hp":0,"atk":4,"def":0,"spa":252,"spd":0,"spe":252},"ivs":{"hp":31,"atk":31,"def":31,"spa":31,"spd":31,"spe":31}}],"log":["|player|p1|Guard Darkrai|guarddarkrai.png","|player|p2|Lazulite Leavanny|290","|gametype|singles","|gen|6","|tier|Monotype","|rated","|rule|Baton Pass Clause: Limit one Baton Passer, can't pass Spe and other stats simultaneously","|rule|Swagger Clause: Swagger is banned","|rule|Same Type Clause: Pokémon in a team must share a type","|clearpoke","|poke|p1|Pikachu, F","|poke|p1|Luxray, M","|poke|p1|Magnezone","|poke|p1|Magneton","|poke|p1|Rotom-Wash","|poke|p1|Thundurus-Therian, M","|poke|p2|Forretress, M","|poke|p2|Scolipede, M","|poke|p2|Volcarona, M","|poke|p2|Pinsir, F","|poke|p2|Crustle, F","|poke|p2|Genesect-*","|rule|Sleep Clause Mod: Limit one foe put to sleep","|rule|Species Clause: Limit one of each Pokémon","|rule|OHKO Clause: OHKO moves are banned","|rule|Moody Clause: Moody is banned","|rule|Evasion Moves Clause: Evasion moves are banned","|rule|Endless Battle Clause: Forcing endless battles is banned","|rule|HP Percentage Mod: HP is shown in percentages","|teampreview","|","|start","|switch|p1a: Pikachu|Pikachu, F|211/211","|switch|p2a: Forretress|Forretress, M|354/354","|turn|1","|","|move|p1a: Pikachu|Fake Out|p2a: Forretress","|-resisted|p2a: Forretress","|-damage|p2a: Forretress|340/354","|cant|p2a: Forretress|flinch","|","|-heal|p2a: Forretress|354/354|[from] item: Leftovers","|turn|2","|","|move|p1a: Pikachu|Nuzzle|p2a: Forretress","|-damage|p2a: Forretress|330/354","|-status|p2a: Forretress|par","|move|p2a: Forretress|Toxic Spikes|p1a: Pikachu","|-sidestart|p1: Guard Darkrai|move: Toxic Spikes","|","|-heal|p2a: Forretress|352/354 par|[from] item: Leftovers","|turn|3","|","|switch|p1a: Luxray|Luxray, M|301/301","|-status|p1a: Luxray|psn","|cant|p2a: Forretress|par","|","|-heal|p2a: Forretress|354/354 par|[from] item: Leftovers","|-damage|p1a: Luxray|264/301 psn|[from] psn","|turn|4","|","|move|p1a: Luxray|Wild Charge|p2a: Forretress","|-crit|p2a: Forretress","|-damage|p2a: Forretress|150/354 par","|-damage|p1a: Luxray|213/301 psn|[from] recoil|[of] p2a: Forretress","|move|p2a: Forretress|Toxic Spikes|p1a: Luxray","|-sidestart|p1: Guard Darkrai|move: Toxic Spikes","|","|-heal|p2a: Forretress|172/354 par|[from] item: Leftovers","|-damage|p1a: Luxray|176/301 psn|[from] psn","|turn|5","|","|move|p1a: Luxray|Wild Charge|p2a: Forretress","|-damage|p2a: Forretress|33/354 par","|-damage|p1a: Luxray|141/301 psn|[from] recoil|[of] p2a: Forretress","|cant|p2a: Forretress|par","|","|-heal|p2a: Forretress|55/354 par|[from] item: Leftovers","|-damage|p1a: Luxray|104/301 psn|[from] psn","|turn|6","|","|move|p1a: Luxray|Wild Charge|p2a: Forretress","|-damage|p2a: Forretress|0 fnt","|-damage|p1a: Luxray|90/301 psn|[from] recoil|[of] p2a: Forretress","|faint|p2a: Forretress","|","|-damage|p1a: Luxray|53/301 psn|[from] psn","|","|switch|p2a: Volcarona|Volcarona, M|374/374","|turn|7","|","|move|p1a: Luxray|Facade|p2a: Volcarona","|-damage|p2a: Volcarona|121/374","|move|p2a: Volcarona|Fiery Dance|p1a: Luxray","|-damage|p1a: Luxray|0 fnt","|-boost|p2a: Volcarona|spa|1","|faint|p1a: Luxray","|","|-heal|p2a: Volcarona|144/374|[from] item: Leftovers","|","|switch|p1a: Rotom-Wash|Rotom-Wash|304/304","|turn|8","|","|move|p2a: Volcarona|Roost|p2a: Volcarona","|-heal|p2a: Volcarona|331/374","|move|p1a: Rotom-Wash|Hydro Pump|p2a: Volcarona","|-supereffective|p2a: Volcarona","|-damage|p2a: Volcarona|73/374","|","|-heal|p2a: Volcarona|96/374|[from] item: Leftovers","|turn|9","|","|move|p2a: Volcarona|Bug Buzz|p1a: Rotom-Wash","|-damage|p1a: Rotom-Wash|162/304","|move|p1a: Rotom-Wash|Hydro Pump|p2a: Volcarona|[miss]","|-miss|p1a: Rotom-Wash|p2a: Volcarona","|","|-heal|p2a: Volcarona|119/374|[from] item: Leftovers","|-heal|p1a: Rotom-Wash|181/304|[from] item: Leftovers","|turn|10","|","|move|p2a: Volcarona|Bug Buzz|p1a: Rotom-Wash","|-damage|p1a: Rotom-Wash|31/304","|move|p1a: Rotom-Wash|Hydro Pump|p2a: Volcarona","|-crit|p2a: Volcarona","|-supereffective|p2a: Volcarona","|-damage|p2a: Volcarona|0 fnt","|faint|p2a: Volcarona","|","|-heal|p1a: Rotom-Wash|50/304|[from] item: Leftovers","|","|switch|p2a: Scolipede|Scolipede, M|261/261","|turn|11","|","|move|p2a: Scolipede|Protect|p2a: Scolipede","|-singleturn|p2a: Scolipede|Protect","|move|p1a: Rotom-Wash|Pain Split|p2a: Scolipede","|-activate|p2a: Scolipede|Protect","|","|-heal|p1a: Rotom-Wash|69/304|[from] item: Leftovers","|-boost|p2a: Scolipede|spe|1|[from] ability: Speed Boost","|turn|12","|","|move|p2a: Scolipede|Agility|p2a: Scolipede","|-boost|p2a: Scolipede|spe|2","|move|p1a: Rotom-Wash|Pain Split|p2a: Scolipede","|-sethp|p2a: Scolipede|165/261|p1a: Rotom-Wash|165/304|[from] move: Pain Split","|","|-heal|p1a: Rotom-Wash|184/304|[from] item: Leftovers","|-boost|p2a: Scolipede|spe|1|[from] ability: Speed Boost","|turn|13","|","|move|p2a: Scolipede|Steamroller|p1a: Rotom-Wash","|-damage|p1a: Rotom-Wash|76/304","|move|p1a: Rotom-Wash|Will-O-Wisp|p2a: Scolipede","|-status|p2a: Scolipede|brn","|","|-heal|p1a: Rotom-Wash|95/304|[from] item: Leftovers","|-damage|p2a: Scolipede|133/261 brn|[from] brn","|-boost|p2a: Scolipede|spe|1|[from] ability: Speed Boost","|turn|14","|","|move|p2a: Scolipede|Protect|p2a: Scolipede","|-singleturn|p2a: Scolipede|Protect","|move|p1a: Rotom-Wash|Volt Switch|p2a: Scolipede","|-activate|p2a: Scolipede|Protect","|","|-heal|p1a: Rotom-Wash|114/304|[from] item: Leftovers","|-damage|p2a: Scolipede|101/261 brn|[from] brn","|-boost|p2a: Scolipede|spe|1|[from] ability: Speed Boost","|turn|15","|","|move|p2a: Scolipede|Baton Pass|p2a: Scolipede","|","|switch|p2a: Pinsir|Pinsir, F|333/333","|move|p1a: Rotom-Wash|Volt Switch|p2a: Pinsir","|-damage|p2a: Pinsir|228/333","|","|switch|p1a: Magnezone|Magnezone|343/343","|-item|p1a: Magnezone|Air Balloon","|","|turn|16","|","|detailschange|p2a: Pinsir|Pinsir-Mega, F","|-mega|p2a: Pinsir|Pinsir|Pinsirite","|move|p2a: Pinsir|Frustration|p1a: Magnezone","|-resisted|p1a: Magnezone","|-damage|p1a: Magnezone|279/343","|-enditem|p1a: Magnezone|Air Balloon","|move|p1a: Magnezone|Thunderbolt|p2a: Pinsir","|-supereffective|p2a: Pinsir","|-damage|p2a: Pinsir|0 fnt","|faint|p2a: Pinsir","|","|","|switch|p2a: Crustle|Crustle, F|281/281","|turn|17","|","|move|p2a: Crustle|Shell Smash|p2a: Crustle","|-unboost|p2a: Crustle|def|1","|-unboost|p2a: Crustle|spd|1","|-boost|p2a: Crustle|atk|2","|-boost|p2a: Crustle|spa|2","|-boost|p2a: Crustle|spe|2","|move|p1a: Magnezone|Flash Cannon|p2a: Crustle","|-supereffective|p2a: Crustle","|-ability|p2a: Crustle|Sturdy","|-damage|p2a: Crustle|1/281","|-enditem|p2a: Crustle|Liechi Berry|[eat]","|-boost|p2a: Crustle|atk|1|[from] item: Liechi Berry","|","|turn|18","|","|move|p2a: Crustle|Earthquake|p1a: Magnezone","|-supereffective|p1a: Magnezone","|-damage|p1a: Magnezone|0 fnt","|faint|p1a: Magnezone","|","|","|switch|p1a: Pikachu|Pikachu, F|211/211","|-status|p1a: Pikachu|tox","|turn|19","|","|move|p1a: Pikachu|Fake Out|p2a: Crustle","|-resisted|p2a: Crustle","|-damage|p2a: Crustle|0 fnt","|faint|p2a: Crustle","|","|-damage|p1a: Pikachu|198/211 tox|[from] psn","|","|switch|p2a: Scolipede|Scolipede, M|101/261 brn","|turn|20","|","|move|p2a: Scolipede|Steamroller|p1a: Pikachu","|-damage|p1a: Pikachu|88/211 tox","|move|p1a: Pikachu|Volt Tackle|p2a: Scolipede","|-damage|p2a: Scolipede|0 fnt","|-damage|p1a: Pikachu|55/211 tox|[from] recoil|[of] p2a: Scolipede","|faint|p2a: Scolipede","|","|-damage|p1a: Pikachu|29/211 tox|[from] psn","|","|switch|p2a: Genesect-Douse|Genesect-Douse|283/283","|-boost|p2a: Genesect-Douse|atk|1|[from] ability: Download","|turn|21","|","|move|p2a: Genesect-Douse|Iron Defense|p2a: Genesect-Douse","|-boost|p2a: Genesect-Douse|def|2","|move|p1a: Pikachu|Nuzzle|p2a: Genesect-Douse","|-damage|p2a: Genesect-Douse|256/283","|-status|p2a: Genesect-Douse|par","|","|-damage|p1a: Pikachu|0 fnt|[from] psn","|faint|p1a: Pikachu","|","|switch|p1a: Rotom-Wash|Rotom-Wash|114/304","|turn|22","|","|move|p1a: Rotom-Wash|Pain Split|p2a: Genesect-Douse","|-sethp|p2a: Genesect-Douse|185/283 par|p1a: Rotom-Wash|185/304|[from] move: Pain Split","|cant|p2a: Genesect-Douse|par","|","|-heal|p1a: Rotom-Wash|204/304|[from] item: Leftovers","|turn|23","|","|move|p1a: Rotom-Wash|Hydro Pump|p2a: Genesect-Douse","|-damage|p2a: Genesect-Douse|40/283 par","|cant|p2a: Genesect-Douse|par","|","|-heal|p1a: Rotom-Wash|223/304|[from] item: Leftovers","|turn|24","|","|win|Guard Darkrai"],"p1rating":{"entryid":"6034648","serverid":"eos","formatid":"monotype","userid":"guarddarkrai","username":"Guard Darkrai","w":95,"l":"109","t":"0","gxe":47.2,"r":"1481.0541730248","rd":"29.768516543686","sigma":"0","rptime":"1439456400","rpr":1478.7038012894,"rprd":29.209506663167,"rpsigma":"0","acre":1065.8707999899,"lacre":1065.8707999899,"oldacre":"1028.9411266493"},"p2rating":{"entryid":"7549999","serverid":"eos","formatid":"monotype","userid":"lazuliteleavanny","username":"Lazulite Leavanny","w":"15","l":14,"t":"0","gxe":51.4,"r":"1550.4338463191","rd":"65.793933019113","sigma":"0","rptime":"1439456400","rpr":1510.7107907825,"rprd":61.194683641023,"rpsigma":"0","acre":1024.5519874021,"lacre":1024.5519874021,"oldacre":"1041.3286031417"},"endType":"forfeit"}