{"seed":[12348,5254,65081,10321],"turns":27,"p1":"Rain ☆ S.Herbs","p2":"Guard Wulf - ⓢⓐⓓ","p1team":[{"name":"Hippowdon","species":"Hippowdon","item":"leftovers","ability":"Sand Stream","moves":["earthquake","stealthrock","slackoff","toxic"],"nature":"Careful","evs":{"hp":252,"atk":4,"def":252,"spa":0,"spd":0,"spe":0},"ivs":{"hp":31,"atk":31,"def":31,"spa":31,"spd":31,"spe":31}},{"name":"Landorus","species":"Landorus","item":"lifeorb","ability":"Sand Force","moves":["earthpower","grassknot","rockslide","sludgebomb"],"nature":"Rash","evs":{"hp":0,"atk":4,"def":0,"spa":252,"spd":0,"spe":252},"ivs":{"hp":31,"atk":31,"def":31,"spa":31,"spd":31,"spe":31}},{"name":"Gliscor","species":"Gliscor","item":"toxicorb","ability":"Poison Heal","moves":["swordsdance","earthquake","knockoff","poisonjab"],"nature":"Careful","evs":{"hp":244,"atk":0,"def":8,"spa":0,"spd":200,"spe":56},"ivs":{"hp":31,"atk":31,"def":31,"spa":31,"spd":31,"spe":31}},{"name":"Garchomp","species":"Garchomp","item":"garchompite","ability":"Rough Skin","moves":["dragonpulse","earthquake","flamethrower","stealthrock"],"nature":"Naive","evs":{"hp":0,"atk":4,"def":0,"spa":252,"spd":0,"spe":252},"ivs":{"hp":31,"atk":31,"def":31,"spa":31,"spd":31,"spe":31}},{"name":"Gastrodon","species":"Gastrodon","item":"leftovers","ability":"Storm Drain","moves":["toxic","sludgebomb","earthpower","scald"],"nature":"Calm","evs":{"hp":252,"atk":0,"def":252,"spa":4,"spd":0,"spe":0},"ivs":{"hp":31,"atk":31,"def":31,"spa":31,"spd":31,"spe":31}},{"name":"Excadrill","species":"Excadrill","item":"airballoon","ability":"Sand Rush","moves":["earthquake","ironhead","rocktomb","swordsdance"],"nature":"Adamant","evs":{"hp":0,"atk":252,"def":4,"spa":0,"spd":0,"spe":252},"shiny":true,"ivs":{"hp":31,"atk":31,"def":31,"spa":31,"spd":31,"spe":31}}],"p2team":[{"name":"Dragonite","species":"Dragonite","item":"choiceband","ability":"Multiscale","moves":["firepunch","earthquake","dragonclaw","extremespeed"],"nature":"Jolly","evs":{"hp":0,"atk":252,"def":0,"spa":0,"spd":4,"spe":252},"ivs":{"hp":31,"atk":31,"def":31,"spa":31,"spd":31,"spe":31}},{"name":"Pidgeot","species":"Pidgeot","item":"pidgeotite","ability":"Big Pecks","moves":["hurricane","heatwave","uturn","roost"],"nature":"Timid","evs":{"hp":0,"atk":0,"def":0,"spa":252,"spd":4,"spe":252},"ivs":{"hp":31,"atk":31,"def":31,"spa":31,"spd":31,"spe":31}},{"name":"Skarmory","species":"Skarmory","item":"leftovers","ability":"Sturdy","moves":["stealthrock","roost","ironhead","roar"],"nature":"Impish","evs":{"hp":252,"atk":0,"def":232,"spa":0,"spd":0,"spe":24},"ivs":{"hp":31,"atk":31,"def":31,"spa":31,"spd":31,"spe":31}},{"name":"Togekiss","species":"Togekiss","item":"leftovers","ability":"Serene Grace","moves":["thunderwave","roost","defog","airslash"],"nature":"Calm","evs":{"hp":252,"atk":0,"def":0,"spa":4,"spd":252,"spe":0},"ivs":{"hp":31,"atk":31,"def":31,"spa":31,"spd":31,"spe":31}},{"name":"Thundurus-Therian","species":"Thundurus-Therian","item":"choicescarf","ability":"Volt Absorb","moves":["thunderbolt","voltswitch","flashcannon","hiddenpowerice"],"nature":"Modest","evs":{"hp":0,"atk":0,"def":0,"spa":252,"spd":4,"spe":252},"ivs":{"hp":31,"atk":30,"def":30,"spa":31,"spd":31,"spe":31}},{"name":"Gliscor","species":"Gliscor","item":"toxicorb","ability":"Poison Heal","moves":["earthquake","knockoff","toxic","roost"],"nature":"Impish","evs":{"hp":240,"atk":8,"def":188,"spa":0,"spd":0,"spe":72},"ivs":{"hp":31,"atk":31,"def":31,"spa":31,"spd":31,"spe":31}}],"log":["|player|p1|Rain ☆ S.Herbs|154","|player|p2|Guard Wulf - ⓢⓐⓓ|163","|gametype|singles","|gen|6","|tier|Monotype","|rated","|rule|Baton Pass Clause: Limit one Baton Passer, can't pass Spe and other stats simultaneously","|rule|Swagger Clause: Swagger is banned","|rule|Same Type Clause: Pokémon in a team must share a type","|clearpoke","|poke|p1|Hippowdon, M","|poke|p1|Landorus, M","|poke|p1|Gliscor, F","|poke|p1|Garchomp, F","|poke|p1|Gastrodon, M","|poke|p1|Excadrill, F, shiny","|poke|p2|Dragonite, F","|poke|p2|Pidgeot, F","|poke|p2|Skarmory, F","|poke|p2|Togekiss, F","|poke|p2|Thundurus-Therian, M","|poke|p2|Gliscor, M","|rule|Sleep Clause Mod: Limit one foe put to sleep","|rule|Species Clause: Limit one of each Pokémon","|rule|OHKO Clause: OHKO moves are banned","|rule|Moody Clause: Moody is banned","|rule|Evasion Moves Clause: Evasion moves are banned","|rule|Endless Battle Clause: Forcing endless battles is banned","|rule|HP Percentage Mod: HP is shown in percentages","|teampreview","|","|start","|switch|p1a: Hippowdon|Hippowdon, M|420/420","|switch|p2a: Pidgeot|Pidgeot, F|307/307","|-weather|Sandstorm","|turn|1","|","|switch|p1a: Excadrill|Excadrill, F, shiny|361/361","|-item|p1a: Excadrill|Air Balloon","|detailschange|p2a: Pidgeot|Pidgeot-Mega, F","|-mega|p2a: Pidgeot|Pidgeot|Pidgeotite","|move|p2a: Pidgeot|Hurricane|p1a: Excadrill","|-resisted|p1a: Excadrill","|-damage|p1a: Excadrill|225/361","|-enditem|p1a: Excadrill|Air Balloon","|","|-weather|Sandstorm|[upkeep]","|-damage|p2a: Pidgeot|288/307|[from] sandstorm","|turn|2","|","|switch|p2a: Skarmory|Skarmory, F|334/334","|move|p1a: Excadrill|Rock Tomb|p2a: Skarmory","|-damage|p2a: Skarmory|284/334","|-unboost|p2a: Skarmory|spe|1","|","|-weather|Sandstorm|[upkeep]","|-heal|p2a: Skarmory|304/334|[from] item: Leftovers","|turn|3","|","|switch|p1a: Hippowdon|Hippowdon, M|420/420","|move|p2a: Skarmory|Roar|p1a: Hippowdon","|drag|p1a: Gliscor|Gliscor, F|352/352","|","|-weather|Sandstorm|[upkeep]","|-heal|p2a: Skarmory|324/334|[from] item: Leftovers","|-status|p1a: Gliscor|tox|[from] item: Toxic Orb","|turn|4","|","|move|p1a: Gliscor|Knock Off|p2a: Skarmory","|-damage|p2a: Skarmory|280/334","|-enditem|p2a: Skarmory|Leftovers|[from] move: Knock Off|[of] p1a: Gliscor","|move|p2a: Skarmory|Roar|p1a: Gliscor","|drag|p1a: Landorus|Landorus, M|319/319","|","|-weather|Sandstorm|[upkeep]","|turn|5","|","|switch|p1a: Hippowdon|Hippowdon, M|420/420","|move|p2a: Skarmory|Roost|p2a: Skarmory","|-heal|p2a: Skarmory|334/334","|","|-weather|none","|turn|6","|","|switch|p2a: Pidgeot|Pidgeot-Mega, F|288/307","|move|p1a: Hippowdon|Stealth Rock|p2a: Pidgeot","|-sidestart|p2: Guard Wulf - ⓢⓐⓓ|move: Stealth Rock","|","|turn|7","|","|move|p2a: Pidgeot|Hurricane|p1a: Hippowdon","|-damage|p1a: Hippowdon|194/420","|move|p1a: Hippowdon|Toxic|p2a: Pidgeot","|-status|p2a: Pidgeot|tox","|","|-heal|p1a: Hippowdon|220/420|[from] item: Leftovers","|-damage|p2a: Pidgeot|269/307 tox|[from] psn","|turn|8","|","|switch|p1a: Gastrodon|Gastrodon, M|426/426","|move|p2a: Pidgeot|Hurricane|p1a: Gastrodon","|-damage|p1a: Gastrodon|224/426","|","|-heal|p1a: Gastrodon|250/426|[from] item: Leftovers","|-damage|p2a: Pidgeot|231/307 tox|[from] psn","|turn|9","|","|move|p2a: Pidgeot|Hurricane|p1a: Gastrodon","|-damage|p1a: Gastrodon|24/426","|-start|p1a: Gastrodon|confusion","|-activate|p1a: Gastrodon|confusion","|move|p1a: Gastrodon|Sludge Bomb|p2a: Pidgeot","|-crit|p2a: Pidgeot","|-damage|p2a: Pidgeot|114/307 tox","|","|-heal|p1a: Gastrodon|50/426|[from] item: Leftovers","|-damage|p2a: Pidgeot|57/307 tox|[from] psn","|turn|10","|","|switch|p1a: Hippowdon|Hippowdon, M|220/420","|-weather|Sandstorm","|move|p2a: Pidgeot|Hurricane|p1a: Hippowdon","|-damage|p1a: Hippowdon|0 fnt","|faint|p1a: Hippowdon","|","|-weather|Sandstorm|[upkeep]","|-damage|p2a: Pidgeot|38/307 tox|[from] sandstorm","|-damage|p2a: Pidgeot|0 fnt|[from] psn","|faint|p2a: Pidgeot","|","|switch|p1a: Garchomp|Garchomp, F|357/357","|switch|p2a: Gliscor|Gliscor, M|351/351","|-damage|p2a: Gliscor|308/351|[from] Stealth Rock","|turn|11","|","|detailschange|p1a: Garchomp|Garchomp-Mega, F","|-mega|p1a: Garchomp|Garchomp|Garchompite","|move|p1a: Garchomp|Dragon Pulse|p2a: Gliscor","|-damage|p2a: Gliscor|127/351","|move|p2a: Gliscor|Roost|p2a: Gliscor","|-heal|p2a: Gliscor|303/351","|","|-weather|Sandstorm|[upkeep]","|-status|p2a: Gliscor|tox|[from] item: Toxic Orb","|turn|12","|","|switch|p1a: Gliscor|Gliscor, F|352/352 tox","|move|p2a: Gliscor|Toxic|p1a: Gliscor","|-fail|p1a: Gliscor|tox","|","|-weather|Sandstorm|[upkeep]","|-heal|p2a: Gliscor|346/351 tox|[from] ability: Poison Heal","|turn|13","|","|move|p2a: Gliscor|Knock Off|p1a: Gliscor","|-damage|p1a: Gliscor|290/352 tox","|-enditem|p1a: Gliscor|Toxic Orb|[from] move: Knock Off|[of] p2a: Gliscor","|move|p1a: Gliscor|Swords Dance|p1a: Gliscor","|-boost|p1a: Gliscor|atk|2","|","|-weather|Sandstorm|[upkeep]","|-heal|p2a: Gliscor|351/351 tox|[from] ability: Poison Heal","|-heal|p1a: Gliscor|334/352 tox|[from] ability: Poison Heal","|turn|14","|","|switch|p2a: Skarmory|Skarmory, F|334/334","|-damage|p2a: Skarmory|293/334|[from] Stealth Rock","|move|p1a: Gliscor|Swords Dance|p1a: Gliscor","|-boost|p1a: Gliscor|atk|2","|","|-weather|none","|-heal|p1a: Gliscor|352/352 tox|[from] ability: Poison Heal","|turn|15","|","|switch|p1a: Gastrodon|Gastrodon, M|50/426","|move|p2a: Skarmory|Roar|p1a: Gastrodon","|drag|p1a: Excadrill|Excadrill, F, shiny|225/361","|","|turn|16","|","|move|p1a: Excadrill|Rock Tomb|p2a: Skarmory","|-damage|p2a: Skarmory|247/334","|-unboost|p2a: Skarmory|spe|1","|move|p2a: Skarmory|Roar|p1a: Excadrill","|drag|p1a: Landorus|Landorus, M|319/319","|","|turn|17","|","|switch|p2a: Togekiss|Togekiss, F|374/374","|-damage|p2a: Togekiss|281/374|[from] Stealth Rock","|move|p1a: Landorus|Rock Slide|p2a: Togekiss","|-miss|p1a: Landorus|p2a: Togekiss","|","|-heal|p2a: Togekiss|304/374|[from] item: Leftovers","|turn|18","|","|move|p1a: Landorus|Sludge Bomb|p2a: Togekiss","|-supereffective|p2a: Togekiss","|-damage|p2a: Togekiss|104/374","|-damage|p1a: Landorus|288/319|[from] item: Life Orb","|move|p2a: Togekiss|Defog|p1a: Landorus","|-unboost|p1a: Landorus|evasion|1","|-sideend|p2: Guard Wulf - ⓢⓐⓓ|Stealth Rock|[from] move: Defog|[of] p2a: Togekiss","|","|-heal|p2a: Togekiss|127/374|[from] item: Leftovers","|turn|19","|","|switch|p2a: Skarmory|Skarmory, F|247/334","|move|p1a: Landorus|Rock Slide|p2a: Skarmory","|-damage|p2a: Skarmory|195/334","|-damage|p1a: Landorus|257/319|[from] item: Life Orb","|","|turn|20","|","|move|p1a: Landorus|Rock Slide|p2a: Skarmory","|-damage|p2a: Skarmory|144/334","|-damage|p1a: Landorus|226/319|[from] item: Life Orb","|move|p2a: Skarmory|Roost|p2a: Skarmory","|-heal|p2a: Skarmory|311/334","|","|turn|21","|","|switch|p1a: Gastrodon|Gastrodon, M|50/426","|move|p2a: Skarmory|Stealth Rock|p1a: Gastrodon","|-sidestart|p1: Rain ☆ S.Herbs|move: Stealth Rock","|","|-heal|p1a: Gastrodon|76/426|[from] item: Leftovers","|turn|22","|","|switch|p2a: Dragonite|Dragonite, F|323/323","|move|p1a: Gastrodon|Scald|p2a: Dragonite","|-resisted|p2a: Dragonite","|-damage|p2a: Dragonite|302/323","|","|-heal|p1a: Gastrodon|102/426|[from] item: Leftovers","|turn|23","|","|move|p2a: Dragonite|Dragon Claw|p1a: Gastrodon","|-damage|p1a: Gastrodon|0 fnt","|faint|p1a: Gastrodon","|","|","|switch|p1a: Garchomp|Garchomp-Mega, F|357/357","|-damage|p1a: Garchomp|335/357|[from] Stealth Rock","|turn|24","|","|switch|p2a: Togekiss|Togekiss, F|127/374","|move|p1a: Garchomp|Dragon Pulse|p2a: Togekiss","|-immune|p2a: Togekiss|[msg]","|","|-heal|p2a: Togekiss|150/374|[from] item: Leftovers","|turn|25","|","|move|p1a: Garchomp|Flamethrower|p2a: Togekiss","|-damage|p2a: Togekiss|79/374","|move|p2a: Togekiss|Roost|p2a: Togekiss","|-heal|p2a: Togekiss|266/374","|","|-heal|p2a: Togekiss|289/374|[from] item: Leftovers","|turn|26","|","|switch|p1a: Gliscor|Gliscor, F|352/352 tox","|-damage|p1a: Gliscor|308/352 tox|[from] Stealth Rock","|move|p2a: Togekiss|Air Slash|p1a: Gliscor","|-damage|p1a: Gliscor|218/352 tox","|","|-heal|p2a: Togekiss|312/374|[from] item: Leftovers","|-heal|p1a: Gliscor|262/352 tox|[from] ability: Poison Heal","|turn|27","|","|win|Guard Wulf - ⓢⓐⓓ"],"p1rating":{"entryid":"7610897","serverid":"eos","formatid":"monotype","userid":"rainsherbs","username":"Rain ☆ S.Herbs","w":"4","l":1,"t":"0","gxe":60.9,"r":"1536.3889073744","rd":"122.47205450411","sigma":"0","rptime":"1439542800","rpr":1586.818282492,"rprd":101.90397108104,"rpsigma":"0","acre":1109.8236550736,"lacre":1109.8236550736,"oldacre":"1129.2046615227"},"p2rating":{"entryid":"7326062","serverid":"eos","formatid":"monotype","userid":"guardwulf","username":"Guard Wulf","w":60,"l":"31","t":"0","gxe":63.6,"r":"1612.6543994126","rd":"41.801224475511","sigma":"0","rptime":"1439542800","rpr":1605.6027301107,"rprd":38.713269354109,"rpsigma":"0","acre":1228.0315020652,"lacre":1228.0315020652,"oldacre":"1208.6504956161"},"endType":"forfeit"}