{"seed":[63011,9184,64641,32225],"turns":27,"p1":"Emg_DemZii","p2":"Rain ☆ sidious","p1team":[{"name":"Politoed","species":"Politoed","item":"choicespecs","ability":"Drizzle","moves":["hydropump","icebeam","focusblast","hiddenpowergrass"],"nature":"Modest","evs":{"hp":248,"atk":0,"def":0,"spa":252,"spd":8,"spe":0},"ivs":{"hp":31,"atk":30,"def":31,"spa":30,"spd":31,"spe":31}},{"name":"Manaphy","species":"Manaphy","item":"leftovers","ability":"Hydration","moves":["tailglow","rest","scald","ancientpower"],"nature":"Modest","evs":{"hp":252,"atk":0,"def":0,"spa":252,"spd":4,"spe":0},"ivs":{"hp":31,"atk":31,"def":31,"spa":31,"spd":31,"spe":31}},{"name":"Slowking","species":"Slowking","item":"leftovers","ability":"Regenerator","moves":["psychic","calmmind","thunderwave","signalbeam"],"nature":"Bold","evs":{"hp":252,"atk":0,"def":4,"spa":244,"spd":0,"spe":0},"ivs":{"hp":31,"atk":31,"def":31,"spa":31,"spd":31,"spe":31}},{"name":"Swampert","species":"Swampert","item":"swampertite","ability":"Torrent","moves":["waterfall","hammerarm","icepunch","earthquake"],"nature":"Adamant","evs":{"hp":248,"atk":252,"def":0,"spa":0,"spd":8,"spe":0},"ivs":{"hp":31,"atk":31,"def":31,"spa":31,"spd":31,"spe":31}},{"name":"Azumarill","species":"Azumarill","item":"choiceband","ability":"Sap Sipper","moves":["aquajet","playrough","bulldoze","icepunch"],"nature":"Adamant","evs":{"hp":248,"atk":252,"def":0,"spa":0,"spd":8,"spe":0},"ivs":{"hp":31,"atk":31,"def":31,"spa":31,"spd":31,"spe":31}},{"name":"Tentacruel","species":"Tentacruel","item":"blacksludge","ability":"Liquid Ooze","moves":["rapidspin","acidspray","sludgebomb","surf"],"nature":"Bold","evs":{"hp":0,"atk":0,"def":248,"spa":8,"spd":252,"spe":0},"ivs":{"hp":31,"atk":31,"def":31,"spa":31,"spd":31,"spe":31}}],"p2team":[{"name":"Gardevoir","species":"Gardevoir","item":"gardevoirite","ability":"Synchronize","moves":["hypervoice","wish","willowisp","protect"],"nature":"Bold","evs":{"hp":108,"atk":0,"def":244,"spa":144,"spd":0,"spe":12},"ivs":{"hp":31,"atk":31,"def":31,"spa":31,"spd":31,"spe":31}},{"name":"Latias","species":"Latias","item":"leftovers","ability":"Levitate","moves":["tailwind","dragonpulse","psyshock","defog"],"nature":"Calm","evs":{"hp":252,"atk":0,"def":0,"spa":0,"spd":252,"spe":4},"ivs":{"hp":31,"atk":31,"def":31,"spa":31,"spd":31,"spe":31}},{"name":"Victini","species":"Victini","item":"choicescarf","ability":"Victory Star","moves":["boltstrike","flareblitz","uturn","zenheadbutt"],"nature":"Jolly","evs":{"hp":0,"atk":252,"def":0,"spa":0,"spd":4,"spe":252},"ivs":{"hp":31,"atk":31,"def":31,"spa":31,"spd":31,"spe":31}},{"name":"Jirachi","species":"Jirachi","item":"leftovers","ability":"Serene Grace","moves":["ironhead","thunderwave","stealthrock","firepunch"],"nature":"Impish","evs":{"hp":252,"atk":4,"def":252,"spa":0,"spd":0,"spe":0},"ivs":{"hp":31,"atk":31,"def":31,"spa":31,"spd":31,"spe":31}},{"name":"Reuniclus","species":"Reuniclus","item":"leftovers","ability":"Magic Guard","moves":["calmmind","psyshock","recover","shadowball"],"nature":"Bold","evs":{"hp":96,"atk":0,"def":160,"spa":252,"spd":0,"spe":0},"ivs":{"hp":31,"atk":31,"def":31,"spa":31,"spd":31,"spe":31}},{"name":"Starmie","species":"Starmie","item":"lifeorb","ability":"Natural Cure","moves":["icebeam","surf","psyshock","thunderbolt"],"nature":"Timid","evs":{"hp":0,"atk":0,"def":0,"spa":252,"spd":4,"spe":252},"ivs":{"hp":31,"atk":31,"def":31,"spa":31,"spd":31,"spe":31}}],"log":["|player|p1|Emg_DemZii|274","|player|p2|Rain ☆ sidious|291","|gametype|singles","|gen|6","|tier|Monotype","|rated","|rule|Baton Pass Clause: Limit one Baton Passer, can't pass Spe and other stats simultaneously","|rule|Swagger Clause: Swagger is banned","|rule|Same Type Clause: Pokémon in a team must share a type","|clearpoke","|poke|p1|Politoed, M","|poke|p1|Manaphy","|poke|p1|Slowking, F","|poke|p1|Swampert, M","|poke|p1|Azumarill, F","|poke|p1|Tentacruel, F","|poke|p2|Gardevoir, M","|poke|p2|Latias, F","|poke|p2|Victini","|poke|p2|Jirachi","|poke|p2|Reuniclus, F","|poke|p2|Starmie","|rule|Sleep Clause Mod: Limit one foe put to sleep","|rule|Species Clause: Limit one of each Pokémon","|rule|OHKO Clause: OHKO moves are banned","|rule|Moody Clause: Moody is banned","|rule|Evasion Moves Clause: Evasion moves are banned","|rule|Endless Battle Clause: Forcing endless battles is banned","|rule|HP Percentage Mod: HP is shown in percentages","|teampreview","|","|start","|switch|p1a: Politoed|Politoed, M|383/383","|switch|p2a: Reuniclus|Reuniclus, F|385/385","|-weather|RainDance","|turn|1","|","|move|p1a: Politoed|Hydro Pump|p2a: Reuniclus","|-damage|p2a: Reuniclus|0 fnt","|faint|p2a: Reuniclus","|","|-weather|RainDance|[upkeep]","|","|switch|p2a: Starmie|Starmie|261/261","|turn|2","|","|switch|p1a: Slowking|Slowking, F|394/394","|move|p2a: Starmie|Thunderbolt|p1a: Slowking","|-supereffective|p1a: Slowking","|-damage|p1a: Slowking|196/394","|-damage|p2a: Starmie|235/261|[from] item: Life Orb","|","|-weather|RainDance|[upkeep]","|-heal|p1a: Slowking|220/394|[from] item: Leftovers","|turn|3","|","|move|p2a: Starmie|Thunderbolt|p1a: Slowking","|-supereffective|p1a: Slowking","|-damage|p1a: Slowking|0 fnt","|-damage|p2a: Starmie|209/261|[from] item: Life Orb","|faint|p1a: Slowking","|","|-weather|RainDance|[upkeep]","|","|switch|p1a: Swampert|Swampert, M|403/403","|turn|4","|","|detailschange|p1a: Swampert|Swampert-Mega, M","|-mega|p1a: Swampert|Swampert|Swampertite","|move|p2a: Starmie|Surf|p1a: Swampert","|-damage|p1a: Swampert|164/403","|-damage|p2a: Starmie|183/261|[from] item: Life Orb","|move|p1a: Swampert|Earthquake|p2a: Starmie","|-damage|p2a: Starmie|0 fnt","|faint|p2a: Starmie","|","|-weather|RainDance|[upkeep]","|","|switch|p2a: Gardevoir|Gardevoir, M|304/304","|turn|5","|","|detailschange|p2a: Gardevoir|Gardevoir-Mega, M","|-mega|p2a: Gardevoir|Gardevoir|Gardevoirite","|move|p2a: Gardevoir|Protect|p2a: Gardevoir","|-singleturn|p2a: Gardevoir|Protect","|move|p1a: Swampert|Waterfall|p2a: Gardevoir","|-activate|p2a: Gardevoir|Protect","|","|-weather|none","|turn|6","|","|switch|p1a: Tentacruel|Tentacruel, F|301/301","|move|p2a: Gardevoir|Hyper Voice|p1a: Tentacruel","|-resisted|p1a: Tentacruel","|-damage|p1a: Tentacruel|223/301","|","|-heal|p1a: Tentacruel|241/301|[from] item: Black Sludge","|turn|7","|","|switch|p2a: Jirachi|Jirachi|404/404","|move|p1a: Tentacruel|Sludge Bomb|p2a: Jirachi","|-immune|p2a: Jirachi|[msg]","|","|-heal|p1a: Tentacruel|259/301|[from] item: Black Sludge","|turn|8","|","|switch|p1a: Politoed|Politoed, M|383/383","|-weather|RainDance","|move|p2a: Jirachi|Stealth Rock|p1a: Politoed","|-sidestart|p1: Emg_DemZii|move: Stealth Rock","|","|-weather|RainDance|[upkeep]","|turn|9","|","|move|p2a: Jirachi|Iron Head|p1a: Politoed","|-crit|p1a: Politoed","|-resisted|p1a: Politoed","|-damage|p1a: Politoed|295/383","|cant|p1a: Politoed|flinch","|","|-weather|RainDance|[upkeep]","|turn|10","|","|move|p2a: Jirachi|Iron Head|p1a: Politoed","|-resisted|p1a: Politoed","|-damage|p1a: Politoed|241/383","|cant|p1a: Politoed|flinch","|","|-weather|RainDance|[upkeep]","|turn|11","|","|switch|p1a: Swampert|Swampert-Mega, M|164/403","|-damage|p1a: Swampert|139/403|[from] Stealth Rock","|move|p2a: Jirachi|Iron Head|p1a: Swampert","|-resisted|p1a: Swampert","|-damage|p1a: Swampert|94/403","|","|-weather|RainDance|[upkeep]","|turn|12","|","|move|p1a: Swampert|Earthquake|p2a: Jirachi","|-supereffective|p2a: Jirachi","|-damage|p2a: Jirachi|84/404","|move|p2a: Jirachi|Iron Head|p1a: Swampert","|-resisted|p1a: Swampert","|-damage|p1a: Swampert|52/403","|","|-weather|none","|-heal|p2a: Jirachi|109/404|[from] item: Leftovers","|turn|13","|","|move|p2a: Jirachi|Iron Head|p1a: Swampert","|-resisted|p1a: Swampert","|-damage|p1a: Swampert|10/403","|move|p1a: Swampert|Waterfall|p2a: Jirachi","|-crit|p2a: Jirachi","|-damage|p2a: Jirachi|0 fnt","|faint|p2a: Jirachi","|","|","|switch|p2a: Victini|Victini|341/341","|turn|14","|","|switch|p1a: Politoed|Politoed, M|241/383","|-damage|p1a: Politoed|194/383|[from] Stealth Rock","|-weather|RainDance","|move|p2a: Victini|U-turn|p1a: Politoed","|-damage|p1a: Politoed|112/383","|","|switch|p2a: Gardevoir|Gardevoir-Mega, M|304/304","|","|-weather|RainDance|[upkeep]","|turn|15","|","|switch|p1a: Swampert|Swampert-Mega, M|10/403","|-damage|p1a: Swampert|0 fnt|[from] Stealth Rock","|faint|p1a: Swampert","|move|p2a: Gardevoir|Hyper Voice|p1: Swampert|[notarget]","|-notarget","|","|-weather|RainDance|[upkeep]","|","|switch|p1a: Tentacruel|Tentacruel, F|259/301","|-damage|p1a: Tentacruel|222/301|[from] Stealth Rock","|turn|16","|","|switch|p2a: Latias|Latias, F|364/364","|move|p1a: Tentacruel|Rapid Spin|p2a: Latias","|-damage|p2a: Latias|351/364","|-sideend|p1: Emg_DemZii|Stealth Rock|[from] move: Rapid Spin|[of] p1a: Tentacruel","|","|-weather|RainDance|[upkeep]","|-heal|p2a: Latias|364/364|[from] item: Leftovers","|-heal|p1a: Tentacruel|240/301|[from] item: Black Sludge","|turn|17","|","|move|p2a: Latias|Psyshock|p1a: Tentacruel","|-supereffective|p1a: Tentacruel","|-damage|p1a: Tentacruel|46/301","|move|p1a: Tentacruel|Sludge Bomb|p2a: Latias","|-damage|p2a: Latias|315/364","|","|-weather|RainDance|[upkeep]","|-heal|p2a: Latias|337/364|[from] item: Leftovers","|-heal|p1a: Tentacruel|64/301|[from] item: Black Sludge","|turn|18","|","|move|p2a: Latias|Psyshock|p1a: Tentacruel","|-supereffective|p1a: Tentacruel","|-damage|p1a: Tentacruel|0 fnt","|faint|p1a: Tentacruel","|","|-weather|none","|-heal|p2a: Latias|359/364|[from] item: Leftovers","|","|switch|p1a: Azumarill|Azumarill, F|403/403","|turn|19","|","|move|p2a: Latias|Tailwind|p2a: Latias","|-sidestart|p2: Rain ☆ sidious|move: Tailwind","|move|p1a: Azumarill|Ice Punch|p2a: Latias","|-supereffective|p2a: Latias","|-damage|p2a: Latias|179/364","|","|-heal|p2a: Latias|201/364|[from] item: Leftovers","|turn|20","|","|switch|p2a: Gardevoir|Gardevoir-Mega, M|304/304","|move|p1a: Azumarill|Ice Punch|p2a: Gardevoir","|-damage|p2a: Gardevoir|226/304","|","|turn|21","|","|switch|p1a: Politoed|Politoed, M|112/383","|-weather|RainDance","|move|p2a: Gardevoir|Will-O-Wisp|p1a: Politoed","|-status|p1a: Politoed|brn","|","|-weather|RainDance|[upkeep]","|-damage|p1a: Politoed|65/383 brn|[from] brn","|turn|22","|","|move|p2a: Gardevoir|Hyper Voice|p1a: Politoed","|-crit|p1a: Politoed","|-damage|p1a: Politoed|0 fnt","|faint|p1a: Politoed","|","|-weather|RainDance|[upkeep]","|-sideend|p2: Rain ☆ sidious|move: Tailwind","|","|switch|p1a: Manaphy|Manaphy|404/404","|turn|23","|","|move|p2a: Gardevoir|Will-O-Wisp|p1a: Manaphy","|-status|p1a: Manaphy|brn","|move|p1a: Manaphy|Tail Glow|p1a: Manaphy","|-boost|p1a: Manaphy|spa|3","|","|-weather|RainDance|[upkeep]","|-curestatus|p1a: Manaphy|brn","|turn|24","|","|move|p2a: Gardevoir|Hyper Voice|p1a: Manaphy","|-damage|p1a: Manaphy|181/404","|move|p1a: Manaphy|Scald|p2a: Gardevoir","|-damage|p2a: Gardevoir|0 fnt","|faint|p2a: Gardevoir","|","|-weather|RainDance|[upkeep]","|-heal|p1a: Manaphy|206/404|[from] item: Leftovers","|","|switch|p2a: Victini|Victini|341/341","|turn|25","|","|move|p2a: Victini|Bolt Strike|p1a: Manaphy","|-supereffective|p1a: Manaphy","|-damage|p1a: Manaphy|0 fnt","|faint|p1a: Manaphy","|","|-weather|none","|","|switch|p1a: Azumarill|Azumarill, F|403/403","|turn|26","|","|move|p2a: Victini|Bolt Strike|p1a: Azumarill","|-supereffective|p1a: Azumarill","|-damage|p1a: Azumarill|119/403","|-status|p1a: Azumarill|par","|move|p1a: Azumarill|Play Rough|p2a: Victini","|-resisted|p2a: Victini","|-damage|p2a: Victini|272/341","|","|turn|27","|","|move|p2a: Victini|Bolt Strike|p1a: Azumarill","|-supereffective|p1a: Azumarill","|-damage|p1a: Azumarill|0 fnt","|faint|p1a: Azumarill","|","|win|Rain ☆ sidious"],"p1rating":{"entryid":"7361210","serverid":"eos","formatid":"monotype","userid":"emgdemzii","username":"Emg_DemZii","w":"7","l":23,"t":"0","gxe":26.3,"r":"1315.6169445176","rd":"63.384925941765","sigma":"0","rptime":"1439542800","rpr":1302.9838613211,"rprd":61.736785226395,"rpsigma":"0","acre":1000,"lacre":1000,"oldacre":"1000.302410423"},"p2rating":{"entryid":"6395890","serverid":"eos","formatid":"monotype","userid":"rainsidious","username":"Rain ☆ sidious","w":58,"l":"71","t":"0","gxe":46.7,"r":"1466.1627236215","rd":"39.759650480436","sigma":"0","rptime":"1439542800","rpr":1475.2740894598,"rprd":38.891458267797,"rpsigma":"0","acre":1154.3739979653,"lacre":1154.3739979653,"oldacre":"1138.8462083873"},"endType":"normal"}