{"seed":[9086,26033,43254,23440],"turns":31,"p1":"Crystal Blade64","p2":"Im Slash","p1team":[{"name":"Mew","species":"Mew","item":"leftovers","ability":"Synchronize","moves":["roost","willowisp","defog","knockoff"],"nature":"Careful","evs":{"hp":252,"atk":0,"def":4,"spa":0,"spd":252,"spe":0},"ivs":{"hp":31,"atk":31,"def":31,"spa":31,"spd":31,"spe":31}},{"name":"Medicham","species":"Medicham","item":"medichamite","ability":"Pure Power","moves":["fakeout","psychocut","highjumpkick","icepunch"],"nature":"Jolly","evs":{"hp":0,"atk":252,"def":0,"spa":0,"spd":4,"spe":252},"ivs":{"hp":31,"atk":31,"def":31,"spa":31,"spd":31,"spe":31}},{"name":"Hoopa-Unbound","species":"Hoopa-Unbound","item":"choicescarf","ability":"Magician","moves":["drainpunch","hyperspacefury","gunkshot","zenheadbutt"],"nature":"Jolly","evs":{"hp":0,"atk":252,"def":0,"spa":0,"spd":4,"spe":252},"ivs":{"hp":31,"atk":31,"def":31,"spa":31,"spd":31,"spe":31}},{"name":"Latios","species":"Latios","item":"choicescarf","ability":"Levitate","moves":["dracometeor","psyshock","energyball","thunderbolt"],"nature":"Timid","evs":{"hp":0,"atk":0,"def":0,"spa":252,"spd":4,"spe":252},"ivs":{"hp":31,"atk":31,"def":31,"spa":31,"spd":31,"spe":31}},{"name":"Victini","species":"Victini","item":"choicescarf","ability":"Victory Star","moves":["vcreate","boltstrike","zenheadbutt","uturn"],"nature":"Jolly","evs":{"hp":0,"atk":252,"def":0,"spa":0,"spd":4,"spe":252},"ivs":{"hp":31,"atk":31,"def":31,"spa":31,"spd":31,"spe":31}},{"name":"Slowbro","species":"Slowbro","item":"leftovers","ability":"Regenerator","moves":["thunderwave","scald","slackoff","fireblast"],"nature":"Bold","evs":{"hp":252,"atk":0,"def":252,"spa":4,"spd":0,"spe":0},"ivs":{"hp":31,"atk":31,"def":31,"spa":31,"spd":31,"spe":31}}],"p2team":[{"name":"Meloetta","species":"Meloetta","item":"choicespecs","ability":"Serene Grace","moves":["hypervoice","thunderbolt","shadowball","psyshock"],"nature":"Modest","evs":{"hp":248,"atk":0,"def":0,"spa":252,"spd":8,"spe":0},"ivs":{"hp":31,"atk":31,"def":31,"spa":31,"spd":31,"spe":31}},{"name":"Latias","species":"Latias","item":"lifeorb","ability":"Levitate","moves":["dracometeor","healingwish","psyshock","defog"],"nature":"Timid","evs":{"hp":0,"atk":0,"def":0,"spa":252,"spd":4,"spe":252},"ivs":{"hp":31,"atk":31,"def":31,"spa":31,"spd":31,"spe":31}},{"name":"Slowbro","species":"Slowbro","item":"rockyhelmet","ability":"Regenerator","moves":["scald","icebeam","slackoff","thunderwave"],"nature":"Bold","evs":{"hp":248,"atk":0,"def":252,"spa":8,"spd":0,"spe":0},"ivs":{"hp":31,"atk":31,"def":31,"spa":31,"spd":31,"spe":31}},{"name":"Metagross","species":"Metagross","item":"assaultvest","ability":"Clear Body","moves":["earthquake","meteormash","bulletpunch","zenheadbutt"],"nature":"Adamant","evs":{"hp":248,"atk":252,"def":0,"spa":0,"spd":8,"spe":0},"shiny":true,"ivs":{"hp":31,"atk":31,"def":31,"spa":31,"spd":31,"spe":31}},{"name":"Victini","species":"Victini","item":"choicescarf","ability":"Victory Star","moves":["brickbreak","vcreate","uturn","boltstrike"],"nature":"Hasty","evs":{"hp":0,"atk":252,"def":0,"spa":4,"spd":0,"spe":252},"ivs":{"hp":31,"atk":31,"def":31,"spa":31,"spd":31,"spe":31}},{"name":"Gardevoir","species":"Gardevoir","item":"gardevoirite","ability":"Trace","moves":["hypervoice","psyshock","calmmind","focusblast"],"nature":"Timid","evs":{"hp":0,"atk":0,"def":0,"spa":252,"spd":0,"spe":252},"ivs":{"hp":31,"atk":31,"def":31,"spa":31,"spd":31,"spe":31}}],"log":["|player|p1|Crystal Blade64|165","|player|p2|Im Slash|144","|gametype|singles","|gen|6","|tier|Monotype","|rated","|rule|Baton Pass Clause: Limit one Baton Passer, can't pass Spe and other stats simultaneously","|rule|Swagger Clause: Swagger is banned","|rule|Same Type Clause: Pokémon in a team must share a type","|clearpoke","|poke|p1|Mew","|poke|p1|Medicham, F","|poke|p1|Hoopa-Unbound","|poke|p1|Latios, M","|poke|p1|Victini","|poke|p1|Slowbro, F","|poke|p2|Meloetta","|poke|p2|Latias, F","|poke|p2|Slowbro, M","|poke|p2|Metagross, shiny","|poke|p2|Victini","|poke|p2|Gardevoir, M","|rule|Sleep Clause Mod: Limit one foe put to sleep","|rule|Species Clause: Limit one of each Pokémon","|rule|OHKO Clause: OHKO moves are banned","|rule|Moody Clause: Moody is banned","|rule|Evasion Moves Clause: Evasion moves are banned","|rule|Endless Battle Clause: Forcing endless battles is banned","|rule|HP Percentage Mod: HP is shown in percentages","|teampreview","|","|start","|switch|p1a: Victini|Victini|341/341","|switch|p2a: Victini|Victini|341/341","|turn|1","|","|move|p2a: Victini|U-turn|p1a: Victini","|-damage|p1a: Victini|268/341","|","|switch|p2a: Slowbro|Slowbro, M|393/393","|move|p1a: Victini|U-turn|p2a: Slowbro","|-supereffective|p2a: Slowbro","|-damage|p2a: Slowbro|293/393","|-damage|p1a: Victini|212/341|[from] item: Rocky Helmet|[of] p2a: Slowbro","|","|switch|p1a: Mew|Mew|404/404","|","|turn|2","|","|switch|p2a: Gardevoir|Gardevoir, M|277/277","|-ability|p2a: Gardevoir|Synchronize|[from] ability: Trace|[of] p1a: Mew","|move|p1a: Mew|Knock Off|p2a: Gardevoir","|-damage|p2a: Gardevoir|202/277","|","|turn|3","|","|detailschange|p2a: Gardevoir|Gardevoir-Mega, M","|-mega|p2a: Gardevoir|Gardevoir|Gardevoirite","|move|p2a: Gardevoir|Hyper Voice|p1a: Mew","|-damage|p1a: Mew|221/404","|move|p1a: Mew|Knock Off|p2a: Gardevoir","|-damage|p2a: Gardevoir|127/277","|","|-heal|p1a: Mew|246/404|[from] item: Leftovers","|turn|4","|","|move|p2a: Gardevoir|Calm Mind|p2a: Gardevoir","|-boost|p2a: Gardevoir|spa|1","|-boost|p2a: Gardevoir|spd|1","|move|p1a: Mew|Knock Off|p2a: Gardevoir","|-damage|p2a: Gardevoir|55/277","|","|-heal|p1a: Mew|271/404|[from] item: Leftovers","|turn|5","|","|move|p2a: Gardevoir|Hyper Voice|p1a: Mew","|-damage|p1a: Mew|0 fnt","|faint|p1a: Mew","|","|","|switch|p1a: Victini|Victini|212/341","|turn|6","|","|switch|p2a: Slowbro|Slowbro, M|393/393","|move|p1a: Victini|U-turn|p2a: Slowbro","|-supereffective|p2a: Slowbro","|-damage|p2a: Slowbro|289/393","|-damage|p1a: Victini|156/341|[from] item: Rocky Helmet|[of] p2a: Slowbro","|","|switch|p1a: Latios|Latios, M|301/301","|","|turn|7","|","|move|p1a: Latios|Thunderbolt|p2a: Slowbro","|-supereffective|p2a: Slowbro","|-damage|p2a: Slowbro|35/393","|-status|p2a: Slowbro|par","|move|p2a: Slowbro|Slack Off|p2a: Slowbro","|-heal|p2a: Slowbro|232/393 par","|","|turn|8","|","|switch|p2a: Latias|Latias, F|301/301","|move|p1a: Latios|Thunderbolt|p2a: Latias","|-resisted|p2a: Latias","|-damage|p2a: Latias|256/301","|","|turn|9","|","|switch|p1a: Victini|Victini|156/341","|move|p2a: Latias|Draco Meteor|p1a: Victini","|-damage|p1a: Victini|0 fnt","|-unboost|p2a: Latias|spa|2","|-damage|p2a: Latias|226/301|[from] item: Life Orb","|faint|p1a: Victini","|","|","|switch|p1a: Latios|Latios, M|301/301","|turn|10","|","|switch|p2a: Metagross|Metagross, shiny|363/363","|move|p1a: Latios|Draco Meteor|p2a: Metagross","|-resisted|p2a: Metagross","|-damage|p2a: Metagross|276/363","|-unboost|p1a: Latios|spa|2","|","|turn|11","|","|switch|p1a: Slowbro|Slowbro, F|394/394","|switch|p2a: Meloetta|Meloetta|403/403","|","|turn|12","|","|move|p2a: Meloetta|Shadow Ball|p1a: Slowbro","|-supereffective|p1a: Slowbro","|-damage|p1a: Slowbro|32/394","|-unboost|p1a: Slowbro|spd|1","|move|p1a: Slowbro|Thunder Wave|p2a: Meloetta","|-status|p2a: Meloetta|par","|","|-heal|p1a: Slowbro|56/394|[from] item: Leftovers","|turn|13","|","|switch|p1a: Hoopa-Unbound|Hoopa-Unbound|301/301","|move|p2a: Meloetta|Shadow Ball|p1a: Hoopa-Unbound","|-damage|p1a: Hoopa-Unbound|188/301","|","|turn|14","|","|move|p1a: Hoopa-Unbound|Hyperspace Fury|p2a: Meloetta","|-supereffective|p2a: Meloetta","|-damage|p2a: Meloetta|0 fnt","|-unboost|p1a: Hoopa-Unbound|def|1","|faint|p2a: Meloetta","|","|","|switch|p2a: Victini|Victini|341/341","|turn|15","|","|switch|p1a: Slowbro|Slowbro, F|187/394","|move|p2a: Victini|U-turn|p1a: Slowbro","|-supereffective|p1a: Slowbro","|-damage|p1a: Slowbro|89/394","|","|switch|p2a: Gardevoir|Gardevoir-Mega, M|55/277","|","|-heal|p1a: Slowbro|113/394|[from] item: Leftovers","|turn|16","|","|move|p2a: Gardevoir|Hyper Voice|p1a: Slowbro","|-damage|p1a: Slowbro|0 fnt","|faint|p1a: Slowbro","|","|","|switch|p1a: Medicham|Medicham, F|261/261","|turn|17","|","|switch|p2a: Slowbro|Slowbro, M|363/393 par","|detailschange|p1a: Medicham|Medicham-Mega, F","|-mega|p1a: Medicham|Medicham|Medichamite","|move|p1a: Medicham|Fake Out|p2a: Slowbro","|-damage|p2a: Slowbro|305/393 par","|-damage|p1a: Medicham|218/261|[from] item: Rocky Helmet|[of] p2a: Slowbro","|","|turn|18","|","|move|p1a: Medicham|Psycho Cut|p2a: Slowbro","|-resisted|p2a: Slowbro","|-damage|p2a: Slowbro|233/393 par","|move|p2a: Slowbro|Thunder Wave|p1a: Medicham","|-status|p1a: Medicham|par","|","|turn|19","|","|switch|p1a: Hoopa-Unbound|Hoopa-Unbound|188/301","|cant|p2a: Slowbro|par","|","|turn|20","|","|switch|p2a: Gardevoir|Gardevoir-Mega, M|55/277","|move|p1a: Hoopa-Unbound|Hyperspace Fury|p2a: Gardevoir","|-damage|p2a: Gardevoir|0 fnt","|-unboost|p1a: Hoopa-Unbound|def|1","|faint|p2a: Gardevoir","|","|","|switch|p2a: Victini|Victini|341/341","|turn|21","|","|switch|p1a: Medicham|Medicham-Mega, F|218/261 par","|move|p2a: Victini|U-turn|p1a: Medicham","|-damage|p1a: Medicham|138/261 par","|","|switch|p2a: Slowbro|Slowbro, M|364/393 par","|","|turn|22","|","|cant|p1a: Medicham|par","|move|p2a: Slowbro|Thunder Wave|p1a: Medicham","|-fail|p1a: Medicham|par","|","|turn|23","|","|move|p1a: Medicham|Psycho Cut|p2a: Slowbro","|-resisted|p2a: Slowbro","|-damage|p2a: Slowbro|298/393 par","|move|p2a: Slowbro|Scald|p1a: Medicham","|-damage|p1a: Medicham|38/261 par","|","|turn|24","|","|move|p1a: Medicham|Psycho Cut|p2a: Slowbro","|-resisted|p2a: Slowbro","|-damage|p2a: Slowbro|222/393 par","|move|p2a: Slowbro|Scald|p1a: Medicham","|-damage|p1a: Medicham|0 fnt","|faint|p1a: Medicham","|","|","|switch|p1a: Latios|Latios, M|301/301","|turn|25","|","|switch|p2a: Victini|Victini|341/341","|move|p1a: Latios|Thunderbolt|p2a: Victini","|-damage|p2a: Victini|237/341","|","|turn|26","|","|move|p1a: Latios|Thunderbolt|p2a: Victini","|-damage|p2a: Victini|131/341","|-status|p2a: Victini|par","|cant|p2a: Victini|par","|","|turn|27","|","|move|p1a: Latios|Thunderbolt|p2a: Victini","|-damage|p2a: Victini|25/341 par","|move|p2a: Victini|U-turn|p1a: Latios","|-supereffective|p1a: Latios","|-damage|p1a: Latios|137/301","|","|switch|p2a: Latias|Latias, F|226/301","|","|turn|28","|","|switch|p1a: Hoopa-Unbound|Hoopa-Unbound|188/301","|move|p2a: Latias|Healing Wish|p2a: Latias","|faint|p2a: Latias","|","|","|switch|p2a: Victini|Victini|25/341 par","|-heal|p2a: Victini|341/341|[from] move: Healing Wish","|turn|29","|","|switch|p1a: Latios|Latios, M|137/301","|move|p2a: Victini|U-turn|p1a: Latios","|-supereffective|p1a: Latios","|-damage|p1a: Latios|0 fnt","|faint|p1a: Latios","|","|switch|p2a: Metagross|Metagross, shiny|276/363","|","|","|switch|p1a: Hoopa-Unbound|Hoopa-Unbound|188/301","|turn|30","|","|move|p2a: Metagross|Bullet Punch|p1a: Hoopa-Unbound","|-damage|p1a: Hoopa-Unbound|74/301","|move|p1a: Hoopa-Unbound|Hyperspace Fury|p2a: Metagross","|-supereffective|p2a: Metagross","|-damage|p2a: Metagross|0 fnt","|-unboost|p1a: Hoopa-Unbound|def|1","|faint|p2a: Metagross","|","|","|switch|p2a: Victini|Victini|341/341","|turn|31","|","|move|p2a: Victini|U-turn|p1a: Hoopa-Unbound","|-supereffective|p1a: Hoopa-Unbound","|-damage|p1a: Hoopa-Unbound|0 fnt","|faint|p1a: Hoopa-Unbound","|","|win|Im Slash"],"p1rating":{"entryid":"6391332","serverid":"eos","formatid":"monotype","userid":"crystalblade64","username":"Crystal Blade64","w":"33","l":26,"t":"0","gxe":56.2,"r":"1555.9568872703","rd":"50.563373317684","sigma":"0","rptime":"1439542800","rpr":1546.9701395663,"rprd":47.121959127598,"rpsigma":"0","acre":1205.1967395818,"lacre":1205.1967395818,"oldacre":"1238.3307394501"},"p2rating":{"entryid":"7172051","serverid":"eos","formatid":"monotype","userid":"imslash","username":"Im Slash","w":12,"l":"6","t":"0","gxe":61.7,"r":"1577.0354753211","rd":"76.255770076037","sigma":"0","rptime":"1439542800","rpr":1591.8775410877,"rprd":74.531857167547,"rpsigma":"0","acre":1154.1600325977,"lacre":1154.1600325977,"oldacre":"1121.0260327294"},"endType":"normal"}