{"seed":[58353,19731,47297,40350],"turns":57,"p1":"Guard Wulf - ⓛⓤⓒⓚⓨ","p2":"Void Chrono","p1team":[{"name":"Charizard","species":"Charizard","item":"charizarditex","ability":"Blaze","moves":["dragondance","firepunch","roost","dragonclaw"],"nature":"Jolly","evs":{"hp":0,"atk":252,"def":0,"spa":0,"spd":4,"spe":252},"ivs":{"hp":31,"atk":31,"def":31,"spa":31,"spd":31,"spe":31}},{"name":"Skarmory","species":"Skarmory","item":"leftovers","ability":"Sturdy","moves":["stealthrock","roost","ironhead","whirlwind"],"nature":"Impish","evs":{"hp":252,"atk":0,"def":232,"spa":0,"spd":0,"spe":24},"ivs":{"hp":31,"atk":31,"def":31,"spa":31,"spd":31,"spe":31}},{"name":"Landorus","species":"Landorus","item":"choicescarf","ability":"Sheer Force","moves":["earthpower","psychic","grassknot","sludgewave"],"nature":"Timid","evs":{"hp":0,"atk":0,"def":0,"spa":252,"spd":4,"spe":252},"ivs":{"hp":31,"atk":31,"def":31,"spa":31,"spd":31,"spe":31}},{"name":"Dragonite","species":"Dragonite","item":"weaknesspolicy","ability":"Multiscale","moves":["dragondance","extremespeed","dragonclaw","earthquake"],"nature":"Jolly","evs":{"hp":0,"atk":252,"def":0,"spa":0,"spd":4,"spe":252},"ivs":{"hp":31,"atk":31,"def":31,"spa":31,"spd":31,"spe":31}},{"name":"Mandibuzz","species":"Mandibuzz","item":"leftovers","ability":"Overcoat","moves":["foulplay","roost","toxic","defog"],"nature":"Careful","evs":{"hp":240,"atk":0,"def":16,"spa":0,"spd":252,"spe":0},"ivs":{"hp":31,"atk":31,"def":31,"spa":31,"spd":31,"spe":31}},{"name":"Thundurus","species":"Thundurus","item":"leftovers","ability":"Prankster","moves":["thunderwave","thunderbolt","knockoff","hiddenpowerice"],"nature":"Hasty","evs":{"hp":0,"atk":4,"def":0,"spa":252,"spd":0,"spe":252},"ivs":{"hp":31,"atk":30,"def":30,"spa":31,"spd":31,"spe":31}}],"p2team":[{"name":"Skarmory","species":"Skarmory","item":"leftovers","ability":"Sturdy","moves":["skydrop","toxic","roost","taunt"],"nature":"Impish","evs":{"hp":252,"atk":0,"def":252,"spa":0,"spd":0,"spe":4},"ivs":{"hp":31,"atk":31,"def":31,"spa":31,"spd":31,"spe":31}},{"name":"Charizard","species":"Charizard","item":"charizarditex","ability":"Blaze","moves":["willowisp","roost","skydrop","firepunch"],"nature":"Careful","evs":{"hp":248,"atk":8,"def":64,"spa":0,"spd":188,"spe":0},"ivs":{"hp":31,"atk":31,"def":31,"spa":31,"spd":31,"spe":31}},{"name":"Dragonite","species":"Dragonite","item":"leftovers","ability":"Multiscale","moves":["roost","dragondance","outrage","extremespeed"],"nature":"Jolly","evs":{"hp":128,"atk":128,"def":0,"spa":0,"spd":0,"spe":252},"ivs":{"hp":31,"atk":31,"def":31,"spa":31,"spd":31,"spe":31}},{"name":"Rotom-Fan","species":"Rotom-Fan","item":"leftovers","ability":"Levitate","moves":["foulplay","willowisp","voltswitch","painsplit"],"nature":"Calm","evs":{"hp":248,"atk":0,"def":8,"spa":0,"spd":252,"spe":0},"ivs":{"hp":31,"atk":31,"def":31,"spa":31,"spd":31,"spe":31}},{"name":"Togekiss","species":"Togekiss","item":"leftovers","ability":"Serene Grace","moves":["healbell","airslash","roost","defog"],"nature":"Calm","evs":{"hp":248,"atk":0,"def":8,"spa":0,"spd":252,"spe":0},"ivs":{"hp":31,"atk":31,"def":31,"spa":31,"spd":31,"spe":31}},{"name":"Gliscor","species":"Gliscor","item":"toxicorb","ability":"Poison Heal","moves":["toxic","protect","taunt","earthquake"],"nature":"Impish","evs":{"hp":248,"atk":0,"def":188,"spa":0,"spd":0,"spe":72},"ivs":{"hp":31,"atk":31,"def":31,"spa":31,"spd":31,"spe":31}}],"log":["|player|p1|Guard Wulf - ⓛⓤⓒⓚⓨ|163","|player|p2|Void Chrono|voidchrono.png","|gametype|singles","|gen|6","|tier|Monotype","|rated","|rule|Baton Pass Clause: Limit one Baton Passer, can't pass Spe and other stats simultaneously","|rule|Swagger Clause: Swagger is banned","|rule|Same Type Clause: Pokémon in a team must share a type","|clearpoke","|poke|p1|Charizard, F","|poke|p1|Skarmory, M","|poke|p1|Landorus, M","|poke|p1|Dragonite, M","|poke|p1|Mandibuzz, F","|poke|p1|Thundurus, M","|poke|p2|Skarmory, F","|poke|p2|Charizard, M","|poke|p2|Dragonite, M","|poke|p2|Rotom-Fan","|poke|p2|Togekiss, M","|poke|p2|Gliscor, M","|rule|Sleep Clause Mod: Limit one foe put to sleep","|rule|Species Clause: Limit one of each Pokémon","|rule|OHKO Clause: OHKO moves are banned","|rule|Moody Clause: Moody is banned","|rule|Evasion Moves Clause: Evasion moves are banned","|rule|Endless Battle Clause: Forcing endless battles is banned","|rule|HP Percentage Mod: HP is shown in percentages","|teampreview","|","|start","|switch|p1a: Thundurus|Thundurus, M|299/299","|switch|p2a: Charizard|Charizard, M|359/359","|turn|1","|","|detailschange|p2a: Charizard|Charizard-Mega-X, M","|-mega|p2a: Charizard|Charizard|Charizardite X","|move|p1a: Thundurus|Thunder Wave|p2a: Charizard","|-status|p2a: Charizard|par","|move|p2a: Charizard|Will-O-Wisp|p1a: Thundurus","|-status|p1a: Thundurus|brn","|","|-damage|p1a: Thundurus|262/299 brn|[from] brn","|turn|2","|","|switch|p1a: Landorus|Landorus, M|319/319","|move|p2a: Charizard|Will-O-Wisp|p1a: Landorus","|-status|p1a: Landorus|brn","|","|-damage|p1a: Landorus|280/319 brn|[from] brn","|turn|3","|","|switch|p1a: Charizard|Charizard, F|297/297","|switch|p2a: Togekiss|Togekiss, M|373/373","|","|turn|4","|","|switch|p1a: Thundurus|Thundurus, M|262/299 brn","|switch|p2a: Dragonite|Dragonite, M|355/355","|","|-heal|p1a: Thundurus|280/299 brn|[from] item: Leftovers","|-damage|p1a: Thundurus|243/299 brn|[from] brn","|turn|5","|","|switch|p2a: Gliscor|Gliscor, M|353/353","|move|p1a: Thundurus|Knock Off|p2a: Gliscor","|-damage|p2a: Gliscor|323/353","|-enditem|p2a: Gliscor|Toxic Orb|[from] move: Knock Off|[of] p1a: Thundurus","|","|-heal|p1a: Thundurus|261/299 brn|[from] item: Leftovers","|-damage|p1a: Thundurus|224/299 brn|[from] brn","|turn|6","|","|move|p2a: Gliscor|Protect|p2a: Gliscor","|-singleturn|p2a: Gliscor|Protect","|move|p1a: Thundurus|Hidden Power|p2a: Gliscor","|-activate|p2a: Gliscor|Protect","|","|-heal|p1a: Thundurus|242/299 brn|[from] item: Leftovers","|-damage|p1a: Thundurus|205/299 brn|[from] brn","|turn|7","|","|switch|p2a: Charizard|Charizard-Mega-X, M|359/359 par","|move|p1a: Thundurus|Hidden Power|p2a: Charizard","|-damage|p2a: Charizard|296/359 par","|","|-heal|p1a: Thundurus|223/299 brn|[from] item: Leftovers","|-damage|p1a: Thundurus|186/299 brn|[from] brn","|turn|8","|","|switch|p1a: Landorus|Landorus, M|280/319 brn","|move|p2a: Charizard|Roost|p2a: Charizard","|-heal|p2a: Charizard|359/359 par","|","|-damage|p1a: Landorus|241/319 brn|[from] brn","|turn|9","|","|switch|p2a: Rotom-Fan|Rotom-Fan|303/303","|move|p1a: Landorus|Earth Power|p2a: Rotom-Fan","|-immune|p2a: Rotom-Fan|[msg]","|","|-damage|p1a: Landorus|202/319 brn|[from] brn","|turn|10","|","|switch|p1a: Mandibuzz|Mandibuzz, F|421/421","|move|p2a: Rotom-Fan|Volt Switch|p1a: Mandibuzz","|-crit|p1a: Mandibuzz","|-supereffective|p1a: Mandibuzz","|-damage|p1a: Mandibuzz|227/421","|","|switch|p2a: Skarmory|Skarmory, F|334/334","|","|-heal|p1a: Mandibuzz|253/421|[from] item: Leftovers","|turn|11","|","|move|p1a: Mandibuzz|Roost|p1a: Mandibuzz","|-heal|p1a: Mandibuzz|421/421","|move|p2a: Skarmory|Toxic|p1a: Mandibuzz","|-status|p1a: Mandibuzz|tox","|","|-damage|p1a: Mandibuzz|395/421 tox|[from] psn","|turn|12","|","|switch|p1a: Skarmory|Skarmory, M|334/334","|move|p2a: Skarmory|Taunt|p1a: Skarmory","|-start|p1a: Skarmory|move: Taunt","|","|turn|13","|","|switch|p1a: Charizard|Charizard, F|297/297","|switch|p2a: Dragonite|Dragonite, M|355/355","|","|turn|14","|","|detailschange|p1a: Charizard|Charizard-Mega-X, F","|-mega|p1a: Charizard|Charizard|Charizardite X","|move|p1a: Charizard|Dragon Claw|p2a: Dragonite","|-supereffective|p2a: Dragonite","|-damage|p2a: Dragonite|177/355","|move|p2a: Dragonite|Dragon Dance|p2a: Dragonite","|-boost|p2a: Dragonite|atk|1","|-boost|p2a: Dragonite|spe|1","|","|-heal|p2a: Dragonite|199/355|[from] item: Leftovers","|turn|15","|","|switch|p1a: Skarmory|Skarmory, M|334/334","|move|p2a: Dragonite|Roost|p2a: Dragonite","|-heal|p2a: Dragonite|355/355","|","|turn|16","|","|switch|p2a: Charizard|Charizard-Mega-X, M|359/359 par","|move|p1a: Skarmory|Whirlwind|p2a: Charizard","|drag|p2a: Togekiss|Togekiss, M|373/373","|","|turn|17","|","|move|p2a: Togekiss|Air Slash|p1a: Skarmory","|-crit|p1a: Skarmory","|-resisted|p1a: Skarmory","|-damage|p1a: Skarmory|228/334","|cant|p1a: Skarmory|flinch","|","|-heal|p1a: Skarmory|248/334|[from] item: Leftovers","|turn|18","|","|switch|p1a: Landorus|Landorus, M|202/319 brn","|move|p2a: Togekiss|Air Slash|p1a: Landorus","|-damage|p1a: Landorus|76/319 brn","|","|-damage|p1a: Landorus|37/319 brn|[from] brn","|turn|19","|","|move|p1a: Landorus|Psychic|p2a: Togekiss","|-damage|p2a: Togekiss|291/373","|move|p2a: Togekiss|Roost|p2a: Togekiss","|-heal|p2a: Togekiss|373/373","|","|-damage|p1a: Landorus|0 fnt|[from] brn","|faint|p1a: Landorus","|","|switch|p1a: Thundurus|Thundurus, M|186/299 brn","|turn|20","|","|switch|p2a: Charizard|Charizard-Mega-X, M|359/359 par","|move|p1a: Thundurus|Hidden Power|p2a: Charizard","|-damage|p2a: Charizard|302/359 par","|","|-heal|p1a: Thundurus|204/299 brn|[from] item: Leftovers","|-damage|p1a: Thundurus|167/299 brn|[from] brn","|turn|21","|","|switch|p1a: Mandibuzz|Mandibuzz, F|395/421 tox","|move|p2a: Charizard|Will-O-Wisp|p1a: Mandibuzz","|-fail|p1a: Mandibuzz","|","|-heal|p1a: Mandibuzz|421/421 tox|[from] item: Leftovers","|-damage|p1a: Mandibuzz|395/421 tox|[from] psn","|turn|22","|","|switch|p1a: Skarmory|Skarmory, M|248/334","|cant|p2a: Charizard|par","|","|-heal|p1a: Skarmory|268/334|[from] item: Leftovers","|turn|23","|","|move|p1a: Skarmory|Stealth Rock|p2a: Charizard","|-sidestart|p2: Void Chrono|move: Stealth Rock","|move|p2a: Charizard|Fire Punch|p1a: Skarmory","|-crit|p1a: Skarmory","|-supereffective|p1a: Skarmory","|-damage|p1a: Skarmory|26/334","|","|-heal|p1a: Skarmory|46/334|[from] item: Leftovers","|turn|24","|","|move|p1a: Skarmory|Roost|p1a: Skarmory","|-heal|p1a: Skarmory|213/334","|move|p2a: Charizard|Fire Punch|p1a: Skarmory","|-supereffective|p1a: Skarmory","|-damage|p1a: Skarmory|43/334","|","|-heal|p1a: Skarmory|63/334|[from] item: Leftovers","|turn|25","|","|move|p1a: Skarmory|Roost|p1a: Skarmory","|-heal|p1a: Skarmory|230/334","|move|p2a: Charizard|Will-O-Wisp|p1a: Skarmory","|-status|p1a: Skarmory|brn","|","|-heal|p1a: Skarmory|250/334 brn|[from] item: Leftovers","|-damage|p1a: Skarmory|209/334 brn|[from] brn","|turn|26","|","|switch|p1a: Dragonite|Dragonite, M|323/323","|move|p2a: Charizard|Fire Punch|p1a: Dragonite","|-crit|p1a: Dragonite","|-resisted|p1a: Dragonite","|-damage|p1a: Dragonite|265/323","|","|turn|27","|","|switch|p2a: Skarmory|Skarmory, F|334/334","|-damage|p2a: Skarmory|293/334|[from] Stealth Rock","|move|p1a: Dragonite|Earthquake|p2a: Skarmory","|-immune|p2a: Skarmory|[msg]","|","|-heal|p2a: Skarmory|313/334|[from] item: Leftovers","|turn|28","|","|switch|p1a: Charizard|Charizard-Mega-X, F|297/297","|move|p2a: Skarmory|Taunt|p1a: Charizard","|-start|p1a: Charizard|move: Taunt","|","|-heal|p2a: Skarmory|333/334|[from] item: Leftovers","|turn|29","|","|switch|p2a: Gliscor|Gliscor, M|323/353","|-damage|p2a: Gliscor|279/353|[from] Stealth Rock","|move|p1a: Charizard|Fire Punch|p2a: Gliscor","|-damage|p2a: Gliscor|168/353","|","|turn|30","|","|switch|p1a: Dragonite|Dragonite, M|265/323","|move|p2a: Gliscor|Toxic|p1a: Dragonite","|-status|p1a: Dragonite|tox","|","|-damage|p1a: Dragonite|245/323 tox|[from] psn","|turn|31","|","|switch|p1a: Thundurus|Thundurus, M|167/299 brn","|move|p2a: Gliscor|Taunt|p1a: Thundurus","|-start|p1a: Thundurus|move: Taunt","|","|-heal|p1a: Thundurus|185/299 brn|[from] item: Leftovers","|-damage|p1a: Thundurus|148/299 brn|[from] brn","|turn|32","|","|move|p2a: Gliscor|Protect|p2a: Gliscor","|-singleturn|p2a: Gliscor|Protect","|move|p1a: Thundurus|Hidden Power|p2a: Gliscor","|-activate|p2a: Gliscor|Protect","|","|-heal|p1a: Thundurus|166/299 brn|[from] item: Leftovers","|-damage|p1a: Thundurus|129/299 brn|[from] brn","|turn|33","|","|switch|p1a: Charizard|Charizard-Mega-X, F|297/297","|move|p2a: Gliscor|Toxic|p1a: Charizard","|-status|p1a: Charizard|tox","|","|-damage|p1a: Charizard|279/297 tox|[from] psn","|turn|34","|","|move|p1a: Charizard|Dragon Dance|p1a: Charizard","|-boost|p1a: Charizard|atk|1","|-boost|p1a: Charizard|spe|1","|move|p2a: Gliscor|Earthquake|p1a: Charizard","|-crit|p1a: Charizard","|-supereffective|p1a: Charizard","|-damage|p1a: Charizard|0 fnt","|faint|p1a: Charizard","|","|","|switch|p1a: Dragonite|Dragonite, M|245/323 tox","|turn|35","|","|move|p2a: Gliscor|Protect|p2a: Gliscor","|-singleturn|p2a: Gliscor|Protect","|move|p1a: Dragonite|Dragon Claw|p2a: Gliscor","|-activate|p2a: Gliscor|Protect","|","|-damage|p1a: Dragonite|225/323 tox|[from] psn","|turn|36","|","|switch|p1a: Thundurus|Thundurus, M|129/299 brn","|move|p2a: Gliscor|Toxic|p1a: Thundurus","|-fail|p1a: Thundurus","|","|-heal|p1a: Thundurus|147/299 brn|[from] item: Leftovers","|-damage|p1a: Thundurus|110/299 brn|[from] brn","|turn|37","|","|switch|p1a: Skarmory|Skarmory, M|209/334 brn","|move|p2a: Gliscor|Protect|p2a: Gliscor","|-fail|p2a: Gliscor","|","|-heal|p1a: Skarmory|229/334 brn|[from] item: Leftovers","|-damage|p1a: Skarmory|188/334 brn|[from] brn","|turn|38","|","|move|p2a: Gliscor|Taunt|p1a: Skarmory","|-start|p1a: Skarmory|move: Taunt","|cant|p1a: Skarmory|move: Taunt|Roost","|","|-heal|p1a: Skarmory|208/334 brn|[from] item: Leftovers","|-damage|p1a: Skarmory|167/334 brn|[from] brn","|turn|39","|","|switch|p2a: Togekiss|Togekiss, M|373/373","|-damage|p2a: Togekiss|280/373|[from] Stealth Rock","|move|p1a: Skarmory|Iron Head|p2a: Togekiss","|-supereffective|p2a: Togekiss","|-damage|p2a: Togekiss|193/373","|","|-heal|p2a: Togekiss|216/373|[from] item: Leftovers","|-heal|p1a: Skarmory|187/334 brn|[from] item: Leftovers","|-damage|p1a: Skarmory|146/334 brn|[from] brn","|turn|40","|","|move|p2a: Togekiss|Defog|p1a: Skarmory","|-unboost|p1a: Skarmory|evasion|1","|-sideend|p2: Void Chrono|Stealth Rock|[from] move: Defog|[of] p2a: Togekiss","|move|p1a: Skarmory|Iron Head|p2a: Togekiss","|-supereffective|p2a: Togekiss","|-damage|p2a: Togekiss|140/373","|","|-heal|p2a: Togekiss|163/373|[from] item: Leftovers","|-heal|p1a: Skarmory|166/334 brn|[from] item: Leftovers","|-damage|p1a: Skarmory|125/334 brn|[from] brn","|-end|p1a: Skarmory|move: Taunt","|turn|41","|","|move|p2a: Togekiss|Air Slash|p1a: Skarmory","|-crit|p1a: Skarmory","|-resisted|p1a: Skarmory","|-damage|p1a: Skarmory|26/334 brn","|cant|p1a: Skarmory|flinch","|","|-heal|p2a: Togekiss|186/373|[from] item: Leftovers","|-heal|p1a: Skarmory|46/334 brn|[from] item: Leftovers","|-damage|p1a: Skarmory|5/334 brn|[from] brn","|turn|42","|","|move|p2a: Togekiss|Air Slash|p1a: Skarmory","|-resisted|p1a: Skarmory","|-damage|p1a: Skarmory|0 fnt","|faint|p1a: Skarmory","|","|-heal|p2a: Togekiss|209/373|[from] item: Leftovers","|","|switch|p1a: Thundurus|Thundurus, M|110/299 brn","|turn|43","|","|switch|p2a: Charizard|Charizard-Mega-X, M|302/359 par","|move|p1a: Thundurus|Thunderbolt|p2a: Charizard","|-resisted|p2a: Charizard","|-damage|p2a: Charizard|236/359 par","|","|-heal|p1a: Thundurus|128/299 brn|[from] item: Leftovers","|-damage|p1a: Thundurus|91/299 brn|[from] brn","|turn|44","|","|switch|p1a: Mandibuzz|Mandibuzz, F|395/421 tox","|move|p2a: Charizard|Roost|p2a: Charizard","|-heal|p2a: Charizard|359/359 par","|","|-heal|p1a: Mandibuzz|421/421 tox|[from] item: Leftovers","|-damage|p1a: Mandibuzz|395/421 tox|[from] psn","|turn|45","|","|switch|p2a: Rotom-Fan|Rotom-Fan|303/303","|move|p1a: Mandibuzz|Foul Play|p2a: Rotom-Fan","|-damage|p2a: Rotom-Fan|237/303","|","|-heal|p2a: Rotom-Fan|255/303|[from] item: Leftovers","|-heal|p1a: Mandibuzz|421/421 tox|[from] item: Leftovers","|-damage|p1a: Mandibuzz|369/421 tox|[from] psn","|turn|46","|","|move|p2a: Rotom-Fan|Volt Switch|p1a: Mandibuzz","|-supereffective|p1a: Mandibuzz","|-damage|p1a: Mandibuzz|243/421 tox","|","|switch|p2a: Charizard|Charizard-Mega-X, M|359/359 par","|move|p1a: Mandibuzz|Toxic|p2a: Charizard|[miss]","|-miss|p1a: Mandibuzz|p2a: Charizard","|","|-heal|p1a: Mandibuzz|269/421 tox|[from] item: Leftovers","|-damage|p1a: Mandibuzz|191/421 tox|[from] psn","|turn|47","|","|move|p1a: Mandibuzz|Roost|p1a: Mandibuzz","|-heal|p1a: Mandibuzz|402/421 tox","|move|p2a: Charizard|Sky Drop|p1a: Mandibuzz|[still]","|-prepare|p2a: Charizard|Sky Drop|p1a: Mandibuzz","|","|-heal|p1a: Mandibuzz|421/421 tox|[from] item: Leftovers","|-damage|p1a: Mandibuzz|317/421 tox|[from] psn","|turn|48","|","|move|p2a: Charizard|Sky Drop|p1a: Mandibuzz|[from]lockedmove","|-immune|p1a: Mandibuzz|[msg]","|-end|p1a: Mandibuzz|Sky Drop","|","|-heal|p1a: Mandibuzz|343/421 tox|[from] item: Leftovers","|-damage|p1a: Mandibuzz|213/421 tox|[from] psn","|turn|49","|","|move|p1a: Mandibuzz|Roost|p1a: Mandibuzz","|-heal|p1a: Mandibuzz|421/421 tox","|move|p2a: Charizard|Sky Drop|p1a: Mandibuzz|[still]","|-prepare|p2a: Charizard|Sky Drop|p1a: Mandibuzz","|","|-damage|p1a: Mandibuzz|265/421 tox|[from] psn","|turn|50","|","|move|p2a: Charizard|Sky Drop|p1a: Mandibuzz|[from]lockedmove","|-immune|p1a: Mandibuzz|[msg]","|-end|p1a: Mandibuzz|Sky Drop","|","|-heal|p1a: Mandibuzz|291/421 tox|[from] item: Leftovers","|-damage|p1a: Mandibuzz|109/421 tox|[from] psn","|turn|51","|","|move|p1a: Mandibuzz|Foul Play|p2a: Charizard","|-damage|p2a: Charizard|242/359 par","|move|p2a: Charizard|Will-O-Wisp|p1a: Mandibuzz","|-fail|p1a: Mandibuzz","|","|-heal|p1a: Mandibuzz|135/421 tox|[from] item: Leftovers","|-damage|p1a: Mandibuzz|0 fnt|[from] psn","|faint|p1a: Mandibuzz","|","|switch|p1a: Dragonite|Dragonite, M|225/323 tox","|turn|52","|","|switch|p2a: Togekiss|Togekiss, M|209/373","|move|p1a: Dragonite|Dragon Claw|p2a: Togekiss","|-immune|p2a: Togekiss|[msg]","|","|-heal|p2a: Togekiss|232/373|[from] item: Leftovers","|-damage|p1a: Dragonite|205/323 tox|[from] psn","|turn|53","|","|move|p1a: Dragonite|Extreme Speed|p2a: Togekiss","|-damage|p2a: Togekiss|138/373","|move|p2a: Togekiss|Roost|p2a: Togekiss","|-heal|p2a: Togekiss|325/373","|","|-heal|p2a: Togekiss|348/373|[from] item: Leftovers","|-damage|p1a: Dragonite|165/323 tox|[from] psn","|turn|54","|","|move|p1a: Dragonite|Extreme Speed|p2a: Togekiss","|-damage|p2a: Togekiss|253/373","|move|p2a: Togekiss|Air Slash|p1a: Dragonite","|-damage|p1a: Dragonite|57/323 tox","|","|-heal|p2a: Togekiss|276/373|[from] item: Leftovers","|-damage|p1a: Dragonite|0 fnt|[from] psn","|faint|p1a: Dragonite","|","|switch|p1a: Thundurus|Thundurus, M|91/299 brn","|turn|55","|","|switch|p2a: Charizard|Charizard-Mega-X, M|242/359 par","|move|p1a: Thundurus|Thunderbolt|p2a: Charizard","|-resisted|p2a: Charizard","|-damage|p2a: Charizard|171/359 par","|","|-heal|p1a: Thundurus|109/299 brn|[from] item: Leftovers","|-damage|p1a: Thundurus|72/299 brn|[from] brn","|turn|56","|","|move|p1a: Thundurus|Thunderbolt|p2a: Charizard","|-resisted|p2a: Charizard","|-damage|p2a: Charizard|108/359 par","|move|p2a: Charizard|Roost|p2a: Charizard","|-heal|p2a: Charizard|288/359 par","|","|-heal|p1a: Thundurus|90/299 brn|[from] item: Leftovers","|-damage|p1a: Thundurus|53/299 brn|[from] brn","|turn|57","|","|move|p1a: Thundurus|Thunderbolt|p2a: Charizard","|-resisted|p2a: Charizard","|-damage|p2a: Charizard|220/359 par","|move|p2a: Charizard|Fire Punch|p1a: Thundurus","|-damage|p1a: Thundurus|0 fnt","|faint|p1a: Thundurus","|","|win|Void Chrono"],"p1rating":{"entryid":"7326062","serverid":"eos","formatid":"monotype","userid":"guardwulf","username":"Guard Wulf","w":"56","l":28,"t":"0","gxe":64,"r":"1612.6543994126","rd":"41.801224475511","sigma":"0","rptime":"1439542800","rpr":1608.7461122555,"rprd":40.16111416096,"rpsigma":"0","acre":1259.6924265003,"lacre":1259.6924265003,"oldacre":"1288.4498030055"},"p2rating":{"entryid":"5810362","serverid":"eos","formatid":"monotype","userid":"voidchrono","username":"Void Chrono ת_תת_ת","w":137,"l":"75","t":"0","gxe":64.4,"r":"1611.2226912623","rd":"32.671005913625","sigma":"0","rptime":"1439542800","rpr":1611.7038449516,"rprd":32.394331725546,"rpsigma":"0","acre":1264.59073482,"lacre":1264.59073482,"oldacre":"1235.8333583148"},"endType":"normal"}