{"seed":[59202,11681,12668,12469],"turns":30,"p1":"Sovereign♕rc17","p2":"Rain Boots","p1team":[{"name":"Shuckle","species":"Shuckle","item":"leftovers","ability":"Contrary","moves":["shellsmash","toxic","infestation","sandstorm"],"nature":"","evs":{"hp":252,"atk":0,"def":252,"spa":0,"spd":0,"spe":0},"ivs":{"hp":31,"atk":31,"def":31,"spa":31,"spd":31,"spe":31}},{"name":"Tyranitar","species":"Tyranitar","item":"smoothrock","ability":"Sand Stream","moves":["outrage","stealthrock","stoneedge","crunch"],"nature":"Adamant","evs":{"hp":248,"atk":252,"def":0,"spa":0,"spd":8,"spe":0},"ivs":{"hp":31,"atk":31,"def":31,"spa":31,"spd":31,"spe":31}},{"name":"Terrakion","species":"Terrakion","item":"choiceband","ability":"Justified","moves":["closecombat","stoneedge","ironhead","earthquake"],"nature":"Jolly","evs":{"hp":0,"atk":252,"def":0,"spa":0,"spd":4,"spe":252},"ivs":{"hp":31,"atk":31,"def":31,"spa":31,"spd":31,"spe":31}},{"name":"Aerodactyl","species":"Aerodactyl","item":"aerodactylite","ability":"Rock Head","moves":["aquatail","dragonclaw","earthquake","stoneedge"],"nature":"Jolly","evs":{"hp":0,"atk":252,"def":0,"spa":0,"spd":4,"spe":252},"ivs":{"hp":31,"atk":31,"def":31,"spa":31,"spd":31,"spe":31}},{"name":"Diancie","species":"Diancie","item":"leftovers","ability":"Clear Body","moves":["calmmind","dazzlinggleam","earthpower","reflect"],"nature":"Modest","evs":{"hp":252,"atk":0,"def":0,"spa":252,"spd":4,"spe":0},"ivs":{"hp":31,"atk":31,"def":31,"spa":31,"spd":31,"spe":31}},{"name":"Regirock","species":"Regirock","item":"leftovers","ability":"Clear Body","moves":["bodyslam","drainpunch","thunderwave","sandstorm"],"nature":"Adamant","evs":{"hp":252,"atk":252,"def":0,"spa":0,"spd":4,"spe":0},"ivs":{"hp":31,"atk":31,"def":31,"spa":31,"spd":31,"spe":31}}],"p2team":[{"name":"Massacrebringer","species":"bisharp","item":"choicescarf","ability":"Defiant","moves":["brickbreak","suckerpunch","knockoff","ironhead"],"nature":"Jolly","evs":{"hp":0,"atk":252,"def":0,"spa":0,"spd":4,"spe":252},"ivs":{"hp":31,"atk":31,"def":31,"spa":31,"spd":31,"spe":31}},{"name":"Icebringer","species":"weavile","item":"choicescarf","ability":"Pressure","moves":["iceshard","iciclecrash","knockoff","brickbreak"],"nature":"Adamant","evs":{"hp":0,"atk":252,"def":0,"spa":0,"spd":4,"spe":252},"ivs":{"hp":31,"atk":31,"def":31,"spa":31,"spd":31,"spe":31}},{"name":"Hellbringer","species":"mandibuzz","item":"leftovers","ability":"Overcoat","moves":["toxic","roost","foulplay","whirlwind"],"nature":"Bold","evs":{"hp":252,"atk":0,"def":252,"spa":0,"spd":4,"spe":0},"ivs":{"hp":31,"atk":31,"def":31,"spa":31,"spd":31,"spe":31}},{"name":"Darkbringer","species":"umbreon","item":"leftovers","ability":"Synchronize","moves":["toxic","wish","protect","foulplay"],"nature":"Bold","evs":{"hp":252,"atk":0,"def":252,"spa":0,"spd":4,"spe":0},"ivs":{"hp":31,"atk":31,"def":31,"spa":31,"spd":31,"spe":31}},{"name":"Deathbringer","species":"absol","item":"absolite","ability":"Super Luck","moves":["darkpulse","thunderbolt","flamethrower","icebeam"],"nature":"Timid","evs":{"hp":0,"atk":0,"def":0,"spa":252,"spd":4,"spe":252},"ivs":{"hp":31,"atk":31,"def":31,"spa":31,"spd":31,"spe":31}},{"name":"Chaosbringer","species":"hydreigon","item":"choicescarf","ability":"Levitate","moves":["dracometeor","flamethrower","flashcannon","darkpulse"],"nature":"Timid","evs":{"hp":0,"atk":0,"def":0,"spa":252,"spd":4,"spe":252},"ivs":{"hp":31,"atk":31,"def":31,"spa":31,"spd":31,"spe":31}}],"log":["|player|p1|Sovereign♕rc17|130","|player|p2|Rain Boots|233","|gametype|singles","|gen|6","|tier|Monotype","|rated","|rule|Baton Pass Clause: Limit one Baton Passer, can't pass Spe and other stats simultaneously","|rule|Swagger Clause: Swagger is banned","|rule|Same Type Clause: Pokémon in a team must share a type","|clearpoke","|poke|p1|Shuckle, F","|poke|p1|Tyranitar, F","|poke|p1|Terrakion","|poke|p1|Aerodactyl, F","|poke|p1|Diancie","|poke|p1|Regirock","|poke|p2|Bisharp, F","|poke|p2|Weavile, M","|poke|p2|Mandibuzz, F","|poke|p2|Umbreon, M","|poke|p2|Absol, M","|poke|p2|Hydreigon, M","|rule|Sleep Clause Mod: Limit one foe put to sleep","|rule|Species Clause: Limit one of each Pokémon","|rule|OHKO Clause: OHKO moves are banned","|rule|Moody Clause: Moody is banned","|rule|Evasion Moves Clause: Evasion moves are banned","|rule|Endless Battle Clause: Forcing endless battles is banned","|rule|HP Percentage Mod: HP is shown in percentages","|teampreview","|","|start","|switch|p1a: Shuckle|Shuckle, F|244/244","|switch|p2a: Hellbringer|Mandibuzz, F|424/424","|turn|1","|","|move|p2a: Hellbringer|Toxic|p1a: Shuckle","|-status|p1a: Shuckle|tox","|move|p1a: Shuckle|Infestation|p2a: Hellbringer","|-damage|p2a: Hellbringer|415/424","|-activate|p2a: Hellbringer|move: Infestation|[of] p1a: Shuckle","|","|-heal|p2a: Hellbringer|424/424|[from] item: Leftovers","|-damage|p1a: Shuckle|229/244 tox|[from] psn","|-damage|p2a: Hellbringer|371/424|[from] move: Infestation|[partiallytrapped]","|turn|2","|","|move|p1a: Shuckle|Toxic|p2a: Hellbringer","|-status|p2a: Hellbringer|tox","|move|p2a: Hellbringer|Whirlwind|p1a: Shuckle","|drag|p1a: Diancie|Diancie|304/304","|","|-heal|p2a: Hellbringer|397/424 tox|[from] item: Leftovers","|-damage|p2a: Hellbringer|371/424 tox|[from] psn","|turn|3","|","|switch|p1a: Shuckle|Shuckle, F|229/244 tox","|move|p2a: Hellbringer|Toxic|p1a: Shuckle","|-fail|p1a: Shuckle|tox","|","|-heal|p2a: Hellbringer|397/424 tox|[from] item: Leftovers","|-heal|p1a: Shuckle|244/244 tox|[from] item: Leftovers","|-damage|p2a: Hellbringer|345/424 tox|[from] psn","|-damage|p1a: Shuckle|229/244 tox|[from] psn","|turn|4","|","|switch|p2a: Massacrebringer|Bisharp, F|271/271","|move|p1a: Shuckle|Sandstorm|p1a: Shuckle","|-weather|Sandstorm","|","|-weather|Sandstorm|[upkeep]","|-heal|p1a: Shuckle|244/244 tox|[from] item: Leftovers","|-damage|p1a: Shuckle|214/244 tox|[from] psn","|turn|5","|","|switch|p1a: Diancie|Diancie|304/304","|move|p2a: Massacrebringer|Iron Head|p1a: Diancie","|-supereffective|p1a: Diancie","|-damage|p1a: Diancie|0 fnt","|faint|p1a: Diancie","|","|-weather|Sandstorm|[upkeep]","|","|switch|p1a: Aerodactyl|Aerodactyl, F|301/301","|turn|6","|","|switch|p2a: Hellbringer|Mandibuzz, F|345/424 tox","|detailschange|p1a: Aerodactyl|Aerodactyl-Mega, F","|-mega|p1a: Aerodactyl|Aerodactyl|Aerodactylite","|move|p1a: Aerodactyl|Earthquake|p2a: Hellbringer","|-immune|p2a: Hellbringer|[msg]","|","|-weather|Sandstorm|[upkeep]","|-heal|p2a: Hellbringer|371/424 tox|[from] item: Leftovers","|-damage|p2a: Hellbringer|345/424 tox|[from] psn","|turn|7","|","|move|p1a: Aerodactyl|Stone Edge|p2a: Hellbringer|[miss]","|-miss|p1a: Aerodactyl|p2a: Hellbringer","|move|p2a: Hellbringer|Foul Play|p1a: Aerodactyl","|-damage|p1a: Aerodactyl|97/301","|","|-weather|Sandstorm|[upkeep]","|-heal|p2a: Hellbringer|371/424 tox|[from] item: Leftovers","|-damage|p2a: Hellbringer|319/424 tox|[from] psn","|turn|8","|","|move|p1a: Aerodactyl|Stone Edge|p2a: Hellbringer","|-supereffective|p2a: Hellbringer","|-damage|p2a: Hellbringer|61/424 tox","|move|p2a: Hellbringer|Roost|p2a: Hellbringer","|-heal|p2a: Hellbringer|273/424 tox","|","|-weather|none","|-heal|p2a: Hellbringer|299/424 tox|[from] item: Leftovers","|-damage|p2a: Hellbringer|221/424 tox|[from] psn","|turn|9","|","|move|p1a: Aerodactyl|Stone Edge|p2a: Hellbringer","|-supereffective|p2a: Hellbringer","|-damage|p2a: Hellbringer|0 fnt","|faint|p2a: Hellbringer","|","|","|switch|p2a: Icebringer|Weavile, M|281/281","|-ability|p2a: Icebringer|Pressure","|turn|10","|","|move|p2a: Icebringer|Brick Break|p1a: Aerodactyl","|-damage|p1a: Aerodactyl|0 fnt","|faint|p1a: Aerodactyl","|","|","|switch|p1a: Regirock|Regirock|364/364","|turn|11","|","|switch|p2a: Darkbringer|Umbreon, M|394/394","|move|p1a: Regirock|Thunder Wave|p2a: Darkbringer","|-status|p2a: Darkbringer|par","|-status|p1a: Regirock|par","|","|turn|12","|","|move|p2a: Darkbringer|Foul Play|p1a: Regirock","|-damage|p1a: Regirock|271/364 par","|move|p1a: Regirock|Sandstorm|p1a: Regirock","|-weather|Sandstorm","|","|-weather|Sandstorm|[upkeep]","|-damage|p2a: Darkbringer|370/394 par|[from] sandstorm","|-heal|p2a: Darkbringer|394/394 par|[from] item: Leftovers","|-heal|p1a: Regirock|293/364 par|[from] item: Leftovers","|turn|13","|","|cant|p2a: Darkbringer|par","|move|p1a: Regirock|Drain Punch|p2a: Darkbringer","|-supereffective|p2a: Darkbringer","|-damage|p2a: Darkbringer|290/394 par","|-heal|p1a: Regirock|345/364 par|[from] drain|[of] p2a: Darkbringer","|","|-weather|Sandstorm|[upkeep]","|-damage|p2a: Darkbringer|266/394 par|[from] sandstorm","|-heal|p2a: Darkbringer|290/394 par|[from] item: Leftovers","|-heal|p1a: Regirock|364/364 par|[from] item: Leftovers","|turn|14","|","|move|p2a: Darkbringer|Wish|p2a: Darkbringer","|move|p1a: Regirock|Body Slam|p2a: Darkbringer","|-damage|p2a: Darkbringer|225/394 par","|","|-weather|Sandstorm|[upkeep]","|-damage|p2a: Darkbringer|201/394 par|[from] sandstorm","|-heal|p2a: Darkbringer|225/394 par|[from] item: Leftovers","|turn|15","|","|move|p2a: Darkbringer|Protect|p2a: Darkbringer","|-singleturn|p2a: Darkbringer|Protect","|move|p1a: Regirock|Drain Punch|p2a: Darkbringer","|-activate|p2a: Darkbringer|Protect","|","|-weather|Sandstorm|[upkeep]","|-damage|p2a: Darkbringer|201/394 par|[from] sandstorm","|-heal|p2a: Darkbringer|394/394 par|[from] move: Wish|[wisher] Darkbringer","|turn|16","|","|switch|p2a: Deathbringer|Absol, M|271/271","|move|p1a: Regirock|Drain Punch|p2a: Deathbringer","|-crit|p2a: Deathbringer","|-supereffective|p2a: Deathbringer","|-damage|p2a: Deathbringer|0 fnt","|faint|p2a: Deathbringer","|","|-weather|none","|","|switch|p2a: Chaosbringer|Hydreigon, M|325/325","|turn|17","|","|move|p2a: Chaosbringer|Draco Meteor|p1a: Regirock","|-damage|p1a: Regirock|144/364 par","|-unboost|p2a: Chaosbringer|spa|2","|move|p1a: Regirock|Thunder Wave|p2a: Chaosbringer","|-status|p2a: Chaosbringer|par","|","|-heal|p1a: Regirock|166/364 par|[from] item: Leftovers","|turn|18","|","|switch|p2a: Massacrebringer|Bisharp, F|271/271","|move|p1a: Regirock|Sandstorm|p1a: Regirock","|-weather|Sandstorm","|","|-weather|Sandstorm|[upkeep]","|-heal|p1a: Regirock|188/364 par|[from] item: Leftovers","|turn|19","|","|move|p2a: Massacrebringer|Iron Head|p1a: Regirock","|-supereffective|p1a: Regirock","|-damage|p1a: Regirock|38/364 par","|cant|p1a: Regirock|par","|","|-weather|Sandstorm|[upkeep]","|-heal|p1a: Regirock|60/364 par|[from] item: Leftovers","|turn|20","|","|move|p2a: Massacrebringer|Iron Head|p1a: Regirock","|-supereffective|p1a: Regirock","|-damage|p1a: Regirock|0 fnt","|faint|p1a: Regirock","|","|-weather|Sandstorm|[upkeep]","|","|switch|p1a: Tyranitar|Tyranitar, F|403/403","|turn|21","|","|switch|p2a: Darkbringer|Umbreon, M|394/394 par","|move|p1a: Tyranitar|Stone Edge|p2a: Darkbringer","|-crit|p2a: Darkbringer","|-damage|p2a: Darkbringer|195/394 par","|","|-weather|Sandstorm|[upkeep]","|-damage|p2a: Darkbringer|171/394 par|[from] sandstorm","|-heal|p2a: Darkbringer|195/394 par|[from] item: Leftovers","|turn|22","|","|move|p1a: Tyranitar|Outrage|p2a: Darkbringer","|-damage|p2a: Darkbringer|85/394 par","|move|p2a: Darkbringer|Wish|p2a: Darkbringer","|","|-weather|none","|-heal|p2a: Darkbringer|109/394 par|[from] item: Leftovers","|turn|23","|","|move|p2a: Darkbringer|Protect|p2a: Darkbringer","|-singleturn|p2a: Darkbringer|Protect","|move|p1a: Tyranitar|Outrage|p2a: Darkbringer|[from]lockedmove","|-activate|p2a: Darkbringer|Protect","|-start|p1a: Tyranitar|confusion|[fatigue]","|","|-heal|p2a: Darkbringer|306/394 par|[from] move: Wish|[wisher] Darkbringer","|-heal|p2a: Darkbringer|330/394 par|[from] item: Leftovers","|turn|24","|","|switch|p1a: Terrakion|Terrakion|323/323","|move|p2a: Darkbringer|Toxic|p1a: Terrakion","|-status|p1a: Terrakion|tox","|","|-heal|p2a: Darkbringer|354/394 par|[from] item: Leftovers","|-damage|p1a: Terrakion|303/323 tox|[from] psn","|turn|25","|","|move|p1a: Terrakion|Close Combat|p2a: Darkbringer","|-supereffective|p2a: Darkbringer","|-damage|p2a: Darkbringer|0 fnt","|-unboost|p1a: Terrakion|def|1","|-unboost|p1a: Terrakion|spd|1","|faint|p2a: Darkbringer","|","|-damage|p1a: Terrakion|263/323 tox|[from] psn","|","|switch|p2a: Icebringer|Weavile, M|281/281","|-ability|p2a: Icebringer|Pressure","|turn|26","|","|move|p2a: Icebringer|Brick Break|p1a: Terrakion","|-supereffective|p1a: Terrakion","|-damage|p1a: Terrakion|0 fnt","|faint|p1a: Terrakion","|","|","|switch|p1a: Tyranitar|Tyranitar, F|403/403","|-weather|Sandstorm","|turn|27","|","|move|p2a: Icebringer|Brick Break|p1a: Tyranitar","|-supereffective|p1a: Tyranitar","|-damage|p1a: Tyranitar|39/403","|move|p1a: Tyranitar|Stone Edge|p2a: Icebringer","|-supereffective|p2a: Icebringer","|-damage|p2a: Icebringer|0 fnt","|faint|p2a: Icebringer","|","|-weather|Sandstorm|[upkeep]","|","|switch|p2a: Massacrebringer|Bisharp, F|271/271","|turn|28","|","|move|p2a: Massacrebringer|Iron Head|p1a: Tyranitar","|-supereffective|p1a: Tyranitar","|-damage|p1a: Tyranitar|0 fnt","|faint|p1a: Tyranitar","|","|-weather|Sandstorm|[upkeep]","|","|switch|p1a: Shuckle|Shuckle, F|214/244 tox","|turn|29","|","|move|p2a: Massacrebringer|Iron Head|p1a: Shuckle","|-supereffective|p1a: Shuckle","|-damage|p1a: Shuckle|98/244 tox","|move|p1a: Shuckle|Infestation|p2a: Massacrebringer","|-damage|p2a: Massacrebringer|261/271","|-activate|p2a: Massacrebringer|move: Infestation|[of] p1a: Shuckle","|","|-weather|Sandstorm|[upkeep]","|-heal|p1a: Shuckle|113/244 tox|[from] item: Leftovers","|-damage|p1a: Shuckle|98/244 tox|[from] psn","|-damage|p2a: Massacrebringer|228/271|[from] move: Infestation|[partiallytrapped]","|turn|30","|","|move|p2a: Massacrebringer|Iron Head|p1a: Shuckle","|-supereffective|p1a: Shuckle","|-damage|p1a: Shuckle|0 fnt","|faint|p1a: Shuckle","|","|win|Rain Boots"],"p1rating":{"entryid":"7603379","serverid":"eos","formatid":"monotype","userid":"sovereignrc17","username":"Sovereign♕rc17","w":"1","l":3,"t":"0","gxe":41.3,"r":1457.3013804181,"rd":110.67262900373,"sigma":"0","rptime":1439542800,"rpr":1430.6777848365,"rprd":106.21979664722,"rpsigma":"0","acre":1009.7556561395,"lacre":1009.7556561395,"oldacre":"1024.3667756549"},"p2rating":{"entryid":7627461,"formatid":"monotype","userid":"rainboots","username":"Rain Boots","r":1500,"rd":130,"sigma":0,"rpr":1540.1606143388,"rprd":122.8583080769,"rpsigma":0,"rptime":1439542800,"w":1,"l":0,"t":0,"gxe":55,"acre":1042.800738257,"lacre":1042.800738257,"oldacre":1000},"endType":"normal"}