{"seed":[10461,64654,7986,63069],"turns":32,"p1":"Guard Wulf - ⓢⓐⓓ","p2":"Guard Darkrai","p1team":[{"name":"Dragonite","species":"Dragonite","item":"choiceband","ability":"Multiscale","moves":["firepunch","earthquake","dragonclaw","extremespeed"],"nature":"Jolly","evs":{"hp":0,"atk":252,"def":0,"spa":0,"spd":4,"spe":252},"ivs":{"hp":31,"atk":31,"def":31,"spa":31,"spd":31,"spe":31}},{"name":"Pidgeot","species":"Pidgeot","item":"pidgeotite","ability":"Big Pecks","moves":["hurricane","heatwave","uturn","roost"],"nature":"Timid","evs":{"hp":0,"atk":0,"def":0,"spa":252,"spd":4,"spe":252},"ivs":{"hp":31,"atk":31,"def":31,"spa":31,"spd":31,"spe":31}},{"name":"Skarmory","species":"Skarmory","item":"leftovers","ability":"Sturdy","moves":["stealthrock","roost","ironhead","roar"],"nature":"Impish","evs":{"hp":252,"atk":0,"def":232,"spa":0,"spd":0,"spe":24},"ivs":{"hp":31,"atk":31,"def":31,"spa":31,"spd":31,"spe":31}},{"name":"Togekiss","species":"Togekiss","item":"leftovers","ability":"Serene Grace","moves":["thunderwave","roost","defog","airslash"],"nature":"Calm","evs":{"hp":252,"atk":0,"def":0,"spa":4,"spd":252,"spe":0},"ivs":{"hp":31,"atk":31,"def":31,"spa":31,"spd":31,"spe":31}},{"name":"Thundurus-Therian","species":"Thundurus-Therian","item":"choicescarf","ability":"Volt Absorb","moves":["thunderbolt","voltswitch","flashcannon","hiddenpowerice"],"nature":"Modest","evs":{"hp":0,"atk":0,"def":0,"spa":252,"spd":4,"spe":252},"ivs":{"hp":31,"atk":30,"def":30,"spa":31,"spd":31,"spe":31}},{"name":"Gliscor","species":"Gliscor","item":"toxicorb","ability":"Poison Heal","moves":["earthquake","knockoff","toxic","roost"],"nature":"Impish","evs":{"hp":240,"atk":8,"def":188,"spa":0,"spd":0,"spe":72},"ivs":{"hp":31,"atk":31,"def":31,"spa":31,"spd":31,"spe":31}}],"p2team":[{"name":"Dedenne","species":"Dedenne","item":"petayaberry","ability":"Cheek Pouch","moves":["recycle","substitute","discharge","grassknot"],"nature":"Timid","evs":{"hp":4,"atk":0,"def":0,"spa":252,"spd":0,"spe":252},"ivs":{"hp":31,"atk":31,"def":31,"spa":31,"spd":31,"spe":31}},{"name":"Luxray","species":"Luxray","item":"zapplate","ability":"Intimidate","moves":["wildcharge","voltswitch","crunch","superpower"],"nature":"Adamant","evs":{"hp":248,"atk":252,"def":0,"spa":0,"spd":8,"spe":0},"ivs":{"hp":31,"atk":31,"def":31,"spa":31,"spd":31,"spe":31}},{"name":"Magnezone","species":"Magnezone","item":"airballoon","ability":"Sturdy","moves":["thunderbolt","flashcannon","mirrorcoat","thunderwave"],"nature":"Modest","evs":{"hp":248,"atk":0,"def":0,"spa":252,"spd":8,"spe":0},"ivs":{"hp":31,"atk":31,"def":31,"spa":31,"spd":31,"spe":31}},{"name":"Magneton","species":"Magneton","item":"eviolite","ability":"Analytic","moves":["discharge","flashcannon","hiddenpowergrass","voltswitch"],"nature":"Modest","evs":{"hp":248,"atk":0,"def":0,"spa":252,"spd":8,"spe":0},"ivs":{"hp":31,"atk":30,"def":31,"spa":30,"spd":31,"spe":31}},{"name":"Rotom-Wash","species":"Rotom-Wash","item":"leftovers","ability":"Levitate","moves":["hydropump","voltswitch","willowisp","painsplit"],"nature":"Calm","evs":{"hp":252,"atk":0,"def":0,"spa":4,"spd":252,"spe":0},"ivs":{"hp":31,"atk":31,"def":31,"spa":31,"spd":31,"spe":31}},{"name":"Thundurus-Therian","species":"Thundurus-Therian","item":"choicescarf","ability":"Volt Absorb","moves":["voltswitch","thunderbolt","hiddenpowerice","focusblast"],"nature":"Timid","evs":{"hp":0,"atk":0,"def":0,"spa":252,"spd":4,"spe":252},"ivs":{"hp":31,"atk":30,"def":30,"spa":31,"spd":31,"spe":31}}],"log":["|player|p1|Guard Wulf - ⓢⓐⓓ|163","|player|p2|Guard Darkrai|guarddarkrai.png","|gametype|singles","|gen|6","|tier|Monotype","|rated","|rule|Baton Pass Clause: Limit one Baton Passer, can't pass Spe and other stats simultaneously","|rule|Swagger Clause: Swagger is banned","|rule|Same Type Clause: Pokémon in a team must share a type","|clearpoke","|poke|p1|Dragonite, M","|poke|p1|Pidgeot, F","|poke|p1|Skarmory, F","|poke|p1|Togekiss, F","|poke|p1|Thundurus-Therian, M","|poke|p1|Gliscor, M","|poke|p2|Dedenne, F","|poke|p2|Luxray, M","|poke|p2|Magnezone","|poke|p2|Magneton","|poke|p2|Rotom-Wash","|poke|p2|Thundurus-Therian, M","|rule|Sleep Clause Mod: Limit one foe put to sleep","|rule|Species Clause: Limit one of each Pokémon","|rule|OHKO Clause: OHKO moves are banned","|rule|Moody Clause: Moody is banned","|rule|Evasion Moves Clause: Evasion moves are banned","|rule|Endless Battle Clause: Forcing endless battles is banned","|rule|HP Percentage Mod: HP is shown in percentages","|teampreview","|","|start","|switch|p1a: Thundurus-Therian|Thundurus-Therian, M|299/299","|switch|p2a: Dedenne|Dedenne, F|276/276","|turn|1","|","|switch|p2a: Magneton|Magneton|303/303","|move|p1a: Thundurus-Therian|Flash Cannon|p2a: Magneton","|-resisted|p2a: Magneton","|-damage|p2a: Magneton|278/303","|","|turn|2","|","|switch|p1a: Dragonite|Dragonite, M|323/323","|move|p2a: Magneton|Flash Cannon|p1a: Dragonite","|-damage|p1a: Dragonite|230/323","|","|turn|3","|","|move|p1a: Dragonite|Fire Punch|p2a: Magneton","|-supereffective|p2a: Magneton","|-damage|p2a: Magneton|84/303","|move|p2a: Magneton|Discharge|p1a: Dragonite","|-damage|p1a: Dragonite|49/323","|","|turn|4","|","|switch|p2a: Rotom-Wash|Rotom-Wash|304/304","|move|p1a: Dragonite|Fire Punch|p2a: Rotom-Wash","|-resisted|p2a: Rotom-Wash","|-damage|p2a: Rotom-Wash|239/304","|","|-heal|p2a: Rotom-Wash|258/304|[from] item: Leftovers","|turn|5","|","|move|p1a: Dragonite|Fire Punch|p2a: Rotom-Wash","|-resisted|p2a: Rotom-Wash","|-damage|p2a: Rotom-Wash|198/304","|move|p2a: Rotom-Wash|Volt Switch|p1a: Dragonite","|-damage|p1a: Dragonite|0 fnt","|faint|p1a: Dragonite","|","|switch|p2a: Thundurus-Therian|Thundurus-Therian, M|299/299","|","|","|switch|p1a: Thundurus-Therian|Thundurus-Therian, M|299/299","|turn|6","|","|switch|p1a: Togekiss|Togekiss, F|374/374","|move|p2a: Thundurus-Therian|Hidden Power|p1a: Togekiss","|-supereffective|p1a: Togekiss","|-damage|p1a: Togekiss|266/374","|","|-heal|p1a: Togekiss|289/374|[from] item: Leftovers","|turn|7","|","|switch|p2a: Dedenne|Dedenne, F|276/276","|move|p1a: Togekiss|Air Slash|p2a: Dedenne","|-resisted|p2a: Dedenne","|-damage|p2a: Dedenne|207/276","|","|-heal|p1a: Togekiss|312/374|[from] item: Leftovers","|turn|8","|","|switch|p1a: Gliscor|Gliscor, M|351/351","|move|p2a: Dedenne|Substitute|p2a: Dedenne","|-start|p2a: Dedenne|Substitute","|-damage|p2a: Dedenne|138/276","|","|-status|p1a: Gliscor|tox|[from] item: Toxic Orb","|turn|9","|","|move|p2a: Dedenne|Grass Knot|p1a: Gliscor","|-damage|p1a: Gliscor|290/351 tox","|move|p1a: Gliscor|Earthquake|p2a: Dedenne","|-supereffective|p2a: Dedenne","|-end|p2a: Dedenne|Substitute","|","|-heal|p1a: Gliscor|333/351 tox|[from] ability: Poison Heal","|turn|10","|","|move|p2a: Dedenne|Substitute|p2a: Dedenne","|-start|p2a: Dedenne|Substitute","|-damage|p2a: Dedenne|69/276","|-heal|p2a: Dedenne|161/276|[from] ability: Cheek Pouch","|-enditem|p2a: Dedenne|Petaya Berry|[eat]","|-boost|p2a: Dedenne|spa|1|[from] item: Petaya Berry","|move|p1a: Gliscor|Toxic|p2a: Dedenne","|-fail|p2a: Dedenne","|","|-heal|p1a: Gliscor|351/351 tox|[from] ability: Poison Heal","|turn|11","|","|move|p2a: Dedenne|Recycle|p2a: Dedenne","|-item|p2a: Dedenne|Petaya Berry|[from] move: Recycle","|move|p1a: Gliscor|Earthquake|p2a: Dedenne","|-supereffective|p2a: Dedenne","|-end|p2a: Dedenne|Substitute","|","|turn|12","|","|move|p2a: Dedenne|Substitute|p2a: Dedenne","|-start|p2a: Dedenne|Substitute","|-damage|p2a: Dedenne|92/276","|move|p1a: Gliscor|Earthquake|p2a: Dedenne","|-supereffective|p2a: Dedenne","|-end|p2a: Dedenne|Substitute","|","|turn|13","|","|move|p2a: Dedenne|Substitute|p2a: Dedenne","|-start|p2a: Dedenne|Substitute","|-damage|p2a: Dedenne|23/276","|-heal|p2a: Dedenne|115/276|[from] ability: Cheek Pouch","|-enditem|p2a: Dedenne|Petaya Berry|[eat]","|-boost|p2a: Dedenne|spa|1|[from] item: Petaya Berry","|move|p1a: Gliscor|Earthquake|p2a: Dedenne","|-supereffective|p2a: Dedenne","|-end|p2a: Dedenne|Substitute","|","|turn|14","|","|move|p2a: Dedenne|Substitute|p2a: Dedenne","|-start|p2a: Dedenne|Substitute","|-damage|p2a: Dedenne|46/276","|move|p1a: Gliscor|Knock Off|p2a: Dedenne","|-crit|p2a: Dedenne","|-resisted|p2a: Dedenne","|-activate|p2a: Dedenne|Substitute|[damage]","|","|turn|15","|","|move|p2a: Dedenne|Recycle|p2a: Dedenne","|-item|p2a: Dedenne|Petaya Berry|[from] move: Recycle","|-heal|p2a: Dedenne|138/276|[from] ability: Cheek Pouch","|-enditem|p2a: Dedenne|Petaya Berry|[eat]","|-boost|p2a: Dedenne|spa|1|[from] item: Petaya Berry","|move|p1a: Gliscor|Earthquake|p2a: Dedenne","|-supereffective|p2a: Dedenne","|-end|p2a: Dedenne|Substitute","|","|turn|16","|","|move|p2a: Dedenne|Substitute|p2a: Dedenne","|-start|p2a: Dedenne|Substitute","|-damage|p2a: Dedenne|69/276","|move|p1a: Gliscor|Earthquake|p2a: Dedenne","|-crit|p2a: Dedenne","|-supereffective|p2a: Dedenne","|-end|p2a: Dedenne|Substitute","|","|turn|17","|","|move|p2a: Dedenne|Grass Knot|p1a: Gliscor","|-damage|p1a: Gliscor|175/351 tox","|move|p1a: Gliscor|Earthquake|p2a: Dedenne","|-supereffective|p2a: Dedenne","|-damage|p2a: Dedenne|0 fnt","|faint|p2a: Dedenne","|","|-heal|p1a: Gliscor|218/351 tox|[from] ability: Poison Heal","|","|switch|p2a: Magnezone|Magnezone|343/343","|-item|p2a: Magnezone|Air Balloon","|turn|18","|","|switch|p1a: Togekiss|Togekiss, F|312/374","|move|p2a: Magnezone|Flash Cannon|p1a: Togekiss","|-crit|p1a: Togekiss","|-supereffective|p1a: Togekiss","|-damage|p1a: Togekiss|0 fnt","|faint|p1a: Togekiss","|","|","|switch|p1a: Pidgeot|Pidgeot, F|307/307","|turn|19","|","|detailschange|p1a: Pidgeot|Pidgeot-Mega, F","|-mega|p1a: Pidgeot|Pidgeot|Pidgeotite","|move|p1a: Pidgeot|Heat Wave|p2a: Magnezone","|-supereffective|p2a: Magnezone","|-damage|p2a: Magnezone|83/343","|-enditem|p2a: Magnezone|Air Balloon","|move|p2a: Magnezone|Thunderbolt|p1a: Pidgeot","|-supereffective|p1a: Pidgeot","|-damage|p1a: Pidgeot|0 fnt","|faint|p1a: Pidgeot","|","|","|switch|p1a: Thundurus-Therian|Thundurus-Therian, M|299/299","|turn|20","|","|move|p1a: Thundurus-Therian|Thunderbolt|p2a: Magnezone","|-resisted|p2a: Magnezone","|-damage|p2a: Magnezone|0 fnt","|faint|p2a: Magnezone","|","|","|switch|p2a: Rotom-Wash|Rotom-Wash|198/304","|turn|21","|","|move|p1a: Thundurus-Therian|Thunderbolt|p2a: Rotom-Wash","|-damage|p2a: Rotom-Wash|71/304","|move|p2a: Rotom-Wash|Pain Split|p1a: Thundurus-Therian","|-sethp|p1a: Thundurus-Therian|185/299|p2a: Rotom-Wash|185/304|[from] move: Pain Split","|","|-heal|p2a: Rotom-Wash|204/304|[from] item: Leftovers","|turn|22","|","|move|p1a: Thundurus-Therian|Thunderbolt|p2a: Rotom-Wash","|-damage|p2a: Rotom-Wash|62/304","|move|p2a: Rotom-Wash|Will-O-Wisp|p1a: Thundurus-Therian","|-status|p1a: Thundurus-Therian|brn","|","|-heal|p2a: Rotom-Wash|81/304|[from] item: Leftovers","|-damage|p1a: Thundurus-Therian|148/299 brn|[from] brn","|turn|23","|","|switch|p2a: Magneton|Magneton|84/303","|move|p1a: Thundurus-Therian|Thunderbolt|p2a: Magneton","|-resisted|p2a: Magneton","|-damage|p2a: Magneton|0 fnt","|faint|p2a: Magneton","|","|-damage|p1a: Thundurus-Therian|111/299 brn|[from] brn","|","|switch|p2a: Thundurus-Therian|Thundurus-Therian, M|299/299","|turn|24","|","|switch|p1a: Gliscor|Gliscor, M|218/351 tox","|move|p2a: Thundurus-Therian|Hidden Power|p1a: Gliscor","|-supereffective|p1a: Gliscor","|-damage|p1a: Gliscor|0 fnt","|faint|p1a: Gliscor","|","|","|switch|p1a: Skarmory|Skarmory, F|334/334","|turn|25","|","|switch|p2a: Rotom-Wash|Rotom-Wash|81/304","|move|p1a: Skarmory|Stealth Rock|p2a: Rotom-Wash","|-sidestart|p2: Guard Darkrai|move: Stealth Rock","|","|-heal|p2a: Rotom-Wash|100/304|[from] item: Leftovers","|turn|26","|","|move|p2a: Rotom-Wash|Pain Split|p1a: Skarmory","|-sethp|p1a: Skarmory|217/334|p2a: Rotom-Wash|217/304|[from] move: Pain Split","|move|p1a: Skarmory|Iron Head|p2a: Rotom-Wash","|-resisted|p2a: Rotom-Wash","|-damage|p2a: Rotom-Wash|199/304","|","|-heal|p2a: Rotom-Wash|218/304|[from] item: Leftovers","|-heal|p1a: Skarmory|237/334|[from] item: Leftovers","|turn|27","|","|move|p2a: Rotom-Wash|Will-O-Wisp|p1a: Skarmory|[miss]","|-miss|p2a: Rotom-Wash|p1a: Skarmory","|move|p1a: Skarmory|Iron Head|p2a: Rotom-Wash","|-resisted|p2a: Rotom-Wash","|-damage|p2a: Rotom-Wash|200/304","|","|-heal|p2a: Rotom-Wash|219/304|[from] item: Leftovers","|-heal|p1a: Skarmory|257/334|[from] item: Leftovers","|turn|28","|","|switch|p1a: Thundurus-Therian|Thundurus-Therian, M|111/299 brn","|move|p2a: Rotom-Wash|Will-O-Wisp|p1a: Thundurus-Therian","|-fail|p1a: Thundurus-Therian|brn","|","|-heal|p2a: Rotom-Wash|238/304|[from] item: Leftovers","|-damage|p1a: Thundurus-Therian|74/299 brn|[from] brn","|turn|29","|","|move|p1a: Thundurus-Therian|Thunderbolt|p2a: Rotom-Wash","|-damage|p2a: Rotom-Wash|105/304","|move|p2a: Rotom-Wash|Hydro Pump|p1a: Thundurus-Therian","|-damage|p1a: Thundurus-Therian|0 fnt","|faint|p1a: Thundurus-Therian","|","|-heal|p2a: Rotom-Wash|124/304|[from] item: Leftovers","|","|switch|p1a: Skarmory|Skarmory, F|257/334","|turn|30","|","|move|p2a: Rotom-Wash|Pain Split|p1a: Skarmory","|-sethp|p1a: Skarmory|190/334|p2a: Rotom-Wash|190/304|[from] move: Pain Split","|move|p1a: Skarmory|Iron Head|p2a: Rotom-Wash","|-resisted|p2a: Rotom-Wash","|-damage|p2a: Rotom-Wash|171/304","|","|-heal|p2a: Rotom-Wash|190/304|[from] item: Leftovers","|-heal|p1a: Skarmory|210/334|[from] item: Leftovers","|turn|31","|","|move|p2a: Rotom-Wash|Will-O-Wisp|p1a: Skarmory","|-status|p1a: Skarmory|brn","|move|p1a: Skarmory|Roar|p2a: Rotom-Wash","|drag|p2a: Thundurus-Therian|Thundurus-Therian, M|299/299","|-damage|p2a: Thundurus-Therian|225/299|[from] Stealth Rock","|","|-heal|p1a: Skarmory|230/334 brn|[from] item: Leftovers","|-damage|p1a: Skarmory|189/334 brn|[from] brn","|turn|32","|","|move|p2a: Thundurus-Therian|Volt Switch|p1a: Skarmory","|-supereffective|p1a: Skarmory","|-damage|p1a: Skarmory|0 fnt","|faint|p1a: Skarmory","|","|win|Guard Darkrai"],"p1rating":{"entryid":"7326062","serverid":"eos","formatid":"monotype","userid":"guardwulf","username":"Guard Wulf","w":"59","l":31,"t":"0","gxe":63.2,"r":"1612.6543994126","rd":"41.801224475511","sigma":"0","rptime":"1439542800","rpr":1602.2861543396,"rprd":38.915118773641,"rpsigma":"0","acre":1208.6504956161,"lacre":1208.6504956161,"oldacre":"1240.1628395976"},"p2rating":{"entryid":"6034648","serverid":"eos","formatid":"monotype","userid":"guarddarkrai","username":"Guard Darkrai","w":102,"l":"112","t":"0","gxe":48.1,"r":"1478.7038012894","rd":"29.209506663167","sigma":"0","rptime":"1439542800","rpr":1485.3424420776,"rprd":28.364489098047,"rpsigma":"0","acre":1179.0356410084,"lacre":1179.0356410084,"oldacre":"1147.5232970269"},"endType":"normal"}