{"seed":[2081,20043,31151,47651],"turns":19,"p1":"Rain ☆ S.Herbs","p2":"Rain ☆ sidious","p1team":[{"name":"Hippowdon","species":"Hippowdon","item":"leftovers","ability":"Sand Stream","moves":["earthquake","stealthrock","slackoff","toxic"],"nature":"Careful","evs":{"hp":252,"atk":4,"def":252,"spa":0,"spd":0,"spe":0},"ivs":{"hp":31,"atk":31,"def":31,"spa":31,"spd":31,"spe":31}},{"name":"Landorus","species":"Landorus","item":"lifeorb","ability":"Sand Force","moves":["earthpower","grassknot","rockslide","sludgebomb"],"nature":"Rash","evs":{"hp":0,"atk":4,"def":0,"spa":252,"spd":0,"spe":252},"ivs":{"hp":31,"atk":31,"def":31,"spa":31,"spd":31,"spe":31}},{"name":"Gliscor","species":"Gliscor","item":"toxicorb","ability":"Poison Heal","moves":["swordsdance","earthquake","knockoff","poisonjab"],"nature":"Careful","evs":{"hp":244,"atk":0,"def":8,"spa":0,"spd":200,"spe":56},"ivs":{"hp":31,"atk":31,"def":31,"spa":31,"spd":31,"spe":31}},{"name":"Garchomp","species":"Garchomp","item":"garchompite","ability":"Rough Skin","moves":["dragonpulse","earthquake","flamethrower","stealthrock"],"nature":"Naive","evs":{"hp":0,"atk":4,"def":0,"spa":252,"spd":0,"spe":252},"ivs":{"hp":31,"atk":31,"def":31,"spa":31,"spd":31,"spe":31}},{"name":"Gastrodon","species":"Gastrodon","item":"leftovers","ability":"Storm Drain","moves":["toxic","sludgebomb","earthpower","scald"],"nature":"Calm","evs":{"hp":252,"atk":0,"def":252,"spa":4,"spd":0,"spe":0},"ivs":{"hp":31,"atk":31,"def":31,"spa":31,"spd":31,"spe":31}},{"name":"Excadrill","species":"Excadrill","item":"airballoon","ability":"Sand Rush","moves":["earthquake","ironhead","rocktomb","swordsdance"],"nature":"Adamant","evs":{"hp":0,"atk":252,"def":4,"spa":0,"spd":0,"spe":252},"shiny":true,"ivs":{"hp":31,"atk":31,"def":31,"spa":31,"spd":31,"spe":31}}],"p2team":[{"name":"Gardevoir","species":"Gardevoir","item":"gardevoirite","ability":"Synchronize","moves":["hypervoice","wish","willowisp","protect"],"nature":"Bold","evs":{"hp":108,"atk":0,"def":244,"spa":144,"spd":0,"spe":12},"ivs":{"hp":31,"atk":31,"def":31,"spa":31,"spd":31,"spe":31}},{"name":"Latias","species":"Latias","item":"leftovers","ability":"Levitate","moves":["tailwind","dragonpulse","psyshock","defog"],"nature":"Calm","evs":{"hp":252,"atk":0,"def":0,"spa":0,"spd":252,"spe":4},"ivs":{"hp":31,"atk":31,"def":31,"spa":31,"spd":31,"spe":31}},{"name":"Victini","species":"Victini","item":"choicescarf","ability":"Victory Star","moves":["boltstrike","flareblitz","uturn","zenheadbutt"],"nature":"Jolly","evs":{"hp":0,"atk":252,"def":0,"spa":0,"spd":4,"spe":252},"ivs":{"hp":31,"atk":31,"def":31,"spa":31,"spd":31,"spe":31}},{"name":"Jirachi","species":"Jirachi","item":"leftovers","ability":"Serene Grace","moves":["ironhead","thunderwave","stealthrock","firepunch"],"nature":"Impish","evs":{"hp":252,"atk":4,"def":252,"spa":0,"spd":0,"spe":0},"ivs":{"hp":31,"atk":31,"def":31,"spa":31,"spd":31,"spe":31}},{"name":"Reuniclus","species":"Reuniclus","item":"leftovers","ability":"Magic Guard","moves":["calmmind","psyshock","recover","shadowball"],"nature":"Bold","evs":{"hp":96,"atk":0,"def":160,"spa":252,"spd":0,"spe":0},"ivs":{"hp":31,"atk":31,"def":31,"spa":31,"spd":31,"spe":31}},{"name":"Starmie","species":"Starmie","item":"lifeorb","ability":"Natural Cure","moves":["icebeam","surf","psyshock","thunderbolt"],"nature":"Timid","evs":{"hp":0,"atk":0,"def":0,"spa":252,"spd":4,"spe":252},"ivs":{"hp":31,"atk":31,"def":31,"spa":31,"spd":31,"spe":31}}],"log":["|player|p1|Rain ☆ S.Herbs|154","|player|p2|Rain ☆ sidious|291","|gametype|singles","|gen|6","|tier|Monotype","|rated","|rule|Baton Pass Clause: Limit one Baton Passer, can't pass Spe and other stats simultaneously","|rule|Swagger Clause: Swagger is banned","|rule|Same Type Clause: Pokémon in a team must share a type","|clearpoke","|poke|p1|Hippowdon, M","|poke|p1|Landorus, M","|poke|p1|Gliscor, M","|poke|p1|Garchomp, F","|poke|p1|Gastrodon, F","|poke|p1|Excadrill, F, shiny","|poke|p2|Gardevoir, F","|poke|p2|Latias, F","|poke|p2|Victini","|poke|p2|Jirachi","|poke|p2|Reuniclus, F","|poke|p2|Starmie","|rule|Sleep Clause Mod: Limit one foe put to sleep","|rule|Species Clause: Limit one of each Pokémon","|rule|OHKO Clause: OHKO moves are banned","|rule|Moody Clause: Moody is banned","|rule|Evasion Moves Clause: Evasion moves are banned","|rule|Endless Battle Clause: Forcing endless battles is banned","|rule|HP Percentage Mod: HP is shown in percentages","|teampreview","|","|start","|switch|p1a: Hippowdon|Hippowdon, M|420/420","|switch|p2a: Gardevoir|Gardevoir, F|304/304","|-weather|Sandstorm","|turn|1","|","|switch|p1a: Gastrodon|Gastrodon, F|426/426","|detailschange|p2a: Gardevoir|Gardevoir-Mega, F","|-mega|p2a: Gardevoir|Gardevoir|Gardevoirite","|move|p2a: Gardevoir|Will-O-Wisp|p1a: Gastrodon","|-status|p1a: Gastrodon|brn","|","|-weather|Sandstorm|[upkeep]","|-damage|p2a: Gardevoir|285/304|[from] sandstorm","|-damage|p1a: Gastrodon|373/426 brn|[from] brn","|turn|2","|","|move|p2a: Gardevoir|Hyper Voice|p1a: Gastrodon","|-damage|p1a: Gastrodon|141/426 brn","|move|p1a: Gastrodon|Sludge Bomb|p2a: Gardevoir","|-supereffective|p2a: Gardevoir","|-damage|p2a: Gardevoir|183/304","|-status|p2a: Gardevoir|psn","|","|-weather|Sandstorm|[upkeep]","|-damage|p2a: Gardevoir|164/304 psn|[from] sandstorm","|-heal|p1a: Gastrodon|167/426 brn|[from] item: Leftovers","|-damage|p2a: Gardevoir|126/304 psn|[from] psn","|-damage|p1a: Gastrodon|114/426 brn|[from] brn","|turn|3","|","|switch|p1a: Excadrill|Excadrill, F, shiny|361/361","|-item|p1a: Excadrill|Air Balloon","|move|p2a: Gardevoir|Hyper Voice|p1a: Excadrill","|-resisted|p1a: Excadrill","|-damage|p1a: Excadrill|202/361","|-enditem|p1a: Excadrill|Air Balloon","|","|-weather|Sandstorm|[upkeep]","|-damage|p2a: Gardevoir|107/304 psn|[from] sandstorm","|-damage|p2a: Gardevoir|69/304 psn|[from] psn","|turn|4","|","|move|p1a: Excadrill|Rock Tomb|p2a: Gardevoir","|-crit|p2a: Gardevoir","|-damage|p2a: Gardevoir|0 fnt","|faint|p2a: Gardevoir","|","|-weather|Sandstorm|[upkeep]","|","|switch|p2a: Starmie|Starmie|261/261","|turn|5","|","|switch|p1a: Gastrodon|Gastrodon, F|114/426 brn","|move|p2a: Starmie|Surf|p1a: Gastrodon","|-boost|p1a: Gastrodon|spa|1|[from] ability: Storm Drain","|","|-weather|none","|-heal|p1a: Gastrodon|140/426 brn|[from] item: Leftovers","|-damage|p1a: Gastrodon|87/426 brn|[from] brn","|turn|6","|","|switch|p1a: Hippowdon|Hippowdon, M|420/420","|-weather|Sandstorm","|move|p2a: Starmie|Psyshock|p1a: Hippowdon","|-damage|p1a: Hippowdon|306/420","|-damage|p2a: Starmie|235/261|[from] item: Life Orb","|","|-weather|Sandstorm|[upkeep]","|-damage|p2a: Starmie|219/261|[from] sandstorm","|-heal|p1a: Hippowdon|332/420|[from] item: Leftovers","|turn|7","|","|switch|p1a: Gastrodon|Gastrodon, F|87/426 brn","|move|p2a: Starmie|Surf|p1a: Gastrodon","|-boost|p1a: Gastrodon|spa|1|[from] ability: Storm Drain","|","|-weather|Sandstorm|[upkeep]","|-damage|p2a: Starmie|203/261|[from] sandstorm","|-heal|p1a: Gastrodon|113/426 brn|[from] item: Leftovers","|-damage|p1a: Gastrodon|60/426 brn|[from] brn","|turn|8","|","|move|p2a: Starmie|Psyshock|p1a: Gastrodon","|-damage|p1a: Gastrodon|0 fnt","|-damage|p2a: Starmie|177/261|[from] item: Life Orb","|faint|p1a: Gastrodon","|","|-weather|Sandstorm|[upkeep]","|-damage|p2a: Starmie|161/261|[from] sandstorm","|","|switch|p1a: Garchomp|Garchomp, F|357/357","|turn|9","|","|detailschange|p1a: Garchomp|Garchomp-Mega, F","|-mega|p1a: Garchomp|Garchomp|Garchompite","|move|p2a: Starmie|Ice Beam|p1a: Garchomp","|-supereffective|p1a: Garchomp","|-damage|p1a: Garchomp|0 fnt","|-damage|p2a: Starmie|135/261|[from] item: Life Orb","|faint|p1a: Garchomp","|","|-weather|Sandstorm|[upkeep]","|-damage|p2a: Starmie|119/261|[from] sandstorm","|","|switch|p1a: Excadrill|Excadrill, F, shiny|202/361","|turn|10","|","|switch|p2a: Latias|Latias, F|364/364","|move|p1a: Excadrill|Rock Tomb|p2a: Latias","|-crit|p2a: Latias","|-damage|p2a: Latias|222/364","|-unboost|p2a: Latias|spe|1","|","|-weather|none","|-heal|p2a: Latias|244/364|[from] item: Leftovers","|turn|11","|","|move|p1a: Excadrill|Iron Head|p2a: Latias","|-crit|p2a: Latias","|-damage|p2a: Latias|0 fnt","|faint|p2a: Latias","|","|","|switch|p2a: Starmie|Starmie|119/261","|turn|12","|","|switch|p1a: Hippowdon|Hippowdon, M|332/420","|-weather|Sandstorm","|move|p2a: Starmie|Surf|p1a: Hippowdon","|-crit|p1a: Hippowdon","|-supereffective|p1a: Hippowdon","|-damage|p1a: Hippowdon|0 fnt","|-damage|p2a: Starmie|93/261|[from] item: Life Orb","|faint|p1a: Hippowdon","|","|-weather|Sandstorm|[upkeep]","|-damage|p2a: Starmie|77/261|[from] sandstorm","|","|switch|p1a: Excadrill|Excadrill, F, shiny|202/361","|turn|13","|","|switch|p2a: Reuniclus|Reuniclus, F|385/385","|move|p1a: Excadrill|Earthquake|p2a: Reuniclus","|-damage|p2a: Reuniclus|181/385","|","|-weather|Sandstorm|[upkeep]","|-heal|p2a: Reuniclus|205/385|[from] item: Leftovers","|turn|14","|","|move|p1a: Excadrill|Iron Head|p2a: Reuniclus","|-damage|p2a: Reuniclus|49/385","|move|p2a: Reuniclus|Recover|p2a: Reuniclus","|-heal|p2a: Reuniclus|242/385","|","|-weather|Sandstorm|[upkeep]","|-heal|p2a: Reuniclus|266/385|[from] item: Leftovers","|turn|15","|","|move|p1a: Excadrill|Swords Dance|p1a: Excadrill","|-boost|p1a: Excadrill|atk|2","|move|p2a: Reuniclus|Recover|p2a: Reuniclus","|-heal|p2a: Reuniclus|385/385","|","|-weather|Sandstorm|[upkeep]","|turn|16","|","|move|p1a: Excadrill|Earthquake|p2a: Reuniclus","|-damage|p2a: Reuniclus|0 fnt","|faint|p2a: Reuniclus","|","|-weather|none","|","|switch|p2a: Starmie|Starmie|77/261","|turn|17","|","|move|p2a: Starmie|Surf|p1a: Excadrill","|-supereffective|p1a: Excadrill","|-damage|p1a: Excadrill|0 fnt","|-damage|p2a: Starmie|51/261|[from] item: Life Orb","|faint|p1a: Excadrill","|","|","|switch|p1a: Landorus|Landorus, M|319/319","|turn|18","|","|move|p2a: Starmie|Ice Beam|p1a: Landorus","|-supereffective|p1a: Landorus","|-damage|p1a: Landorus|0 fnt","|-damage|p2a: Starmie|25/261|[from] item: Life Orb","|faint|p1a: Landorus","|","|","|switch|p1a: Gliscor|Gliscor, M|352/352","|turn|19","|","|move|p2a: Starmie|Ice Beam|p1a: Gliscor","|-supereffective|p1a: Gliscor","|-damage|p1a: Gliscor|0 fnt","|-damage|p2a: Starmie|0 fnt|[from] item: Life Orb","|faint|p1a: Gliscor","|faint|p2a: Starmie","|","|win|Rain ☆ sidious"],"p1rating":{"entryid":"7610897","serverid":"eos","formatid":"monotype","userid":"rainsherbs","username":"Rain ☆ S.Herbs","w":"4","l":2,"t":"0","gxe":56.4,"r":"1536.3889073744","rd":"122.47205450411","sigma":"0","rptime":"1439542800","rpr":1550.1748255698,"rprd":97.995353237371,"rpsigma":"0","acre":1088.0118556353,"lacre":1088.0118556353,"oldacre":"1109.8236550736"},"p2rating":{"entryid":"6395890","serverid":"eos","formatid":"monotype","userid":"rainsidious","username":"Rain ☆ sidious","w":59,"l":"71","t":"0","gxe":47.4,"r":"1466.1627236215","rd":"39.759650480436","sigma":"0","rptime":"1439542800","rpr":1479.9425414045,"rprd":38.688714234952,"rpsigma":"0","acre":1176.1857974036,"lacre":1176.1857974036,"oldacre":"1154.3739979653"},"endType":"normal"}