{"seed":[56169,23169,20238,61322],"turns":37,"p1":"Jake1079","p2":"GTX Lynxice","p1team":[{"name":"Aggron","species":"Aggron","item":"aggronite","ability":"Sturdy","moves":["thunderwave","earthquake","ironhead","endeavor"],"nature":"Adamant","evs":{"hp":196,"atk":216,"def":0,"spa":0,"spd":96,"spe":0},"ivs":{"hp":31,"atk":31,"def":31,"spa":31,"spd":31,"spe":31}},{"name":"Ferrothorn","species":"Ferrothorn","item":"rockyhelmet","ability":"Iron Barbs","moves":["stealthrock","leechseed","protect","gyroball"],"nature":"Relaxed","evs":{"hp":248,"atk":8,"def":252,"spa":0,"spd":0,"spe":0},"ivs":{"hp":31,"atk":31,"def":31,"spa":31,"spd":31,"spe":0}},{"name":"Doublade","species":"Doublade","item":"eviolite","ability":"No Guard","moves":["shadowsneak","shadowclaw","sacredsword","swordsdance"],"nature":"Adamant","evs":{"hp":248,"atk":252,"def":0,"spa":0,"spd":8,"spe":0},"ivs":{"hp":31,"atk":31,"def":31,"spa":31,"spd":31,"spe":31}},{"name":"Empoleon","species":"Empoleon","item":"choicespecs","ability":"Torrent","moves":["scald","icebeam","hiddenpowerfire","flashcannon"],"nature":"Modest","evs":{"hp":248,"atk":0,"def":0,"spa":252,"spd":8,"spe":0},"ivs":{"hp":31,"atk":30,"def":31,"spa":30,"spd":31,"spe":30}},{"name":"Heatran","species":"Heatran","item":"airballoon","ability":"Flash Fire","moves":["earthpower","flashcannon","flamethrower","roar"],"nature":"Modest","evs":{"hp":248,"atk":0,"def":0,"spa":252,"spd":8,"spe":0},"ivs":{"hp":31,"atk":31,"def":31,"spa":31,"spd":31,"spe":31}},{"name":"Excadrill","species":"Excadrill","item":"choicescarf","ability":"Mold Breaker","moves":["earthquake","ironhead","xscissor","rockslide"],"nature":"Jolly","evs":{"hp":0,"atk":252,"def":0,"spa":0,"spd":4,"spe":252},"ivs":{"hp":31,"atk":31,"def":31,"spa":31,"spd":31,"spe":31}}],"p2team":[{"name":"W5 Swampert","species":"swampert","item":"focussash","ability":"Torrent","moves":["protect","counter","mirrorcoat","waterfall"],"nature":"Jolly","evs":{"hp":4,"atk":252,"def":0,"spa":0,"spd":0,"spe":248},"ivs":{"hp":31,"atk":31,"def":31,"spa":31,"spd":31,"spe":31}},{"name":"W3 Cloyster","species":"cloyster","item":"focussash","ability":"Skill Link","moves":["rockblast","iciclespear","rapidspin","shellsmash"],"nature":"Naive","evs":{"hp":4,"atk":252,"def":0,"spa":0,"spd":0,"spe":252},"ivs":{"hp":31,"atk":31,"def":31,"spa":31,"spd":31,"spe":31}},{"name":"W4 Lapras","species":"lapras","item":"chestoberry","ability":"Shell Armor","moves":["whirlpool","freezedry","rest","thunderbolt"],"nature":"Timid","evs":{"hp":136,"atk":0,"def":120,"spa":0,"spd":0,"spe":252},"ivs":{"hp":31,"atk":31,"def":31,"spa":31,"spd":31,"spe":31}},{"name":"W1 Milotic","species":"milotic","item":"wacanberry","ability":"Marvel Scale","moves":["recover","hypnosis","surf","icebeam"],"nature":"Calm","evs":{"hp":252,"atk":0,"def":248,"spa":0,"spd":8,"spe":0},"ivs":{"hp":31,"atk":31,"def":31,"spa":31,"spd":31,"spe":31}},{"name":"W2 Lanturn","species":"lanturn","item":"leftovers","ability":"Volt Absorb","moves":["thunderbolt","toxic","healbell","scald"],"nature":"","evs":{"hp":252,"atk":0,"def":0,"spa":252,"spd":0,"spe":4},"ivs":{"hp":31,"atk":31,"def":31,"spa":31,"spd":31,"spe":31}},{"name":"W5 Azumarill","species":"azumarill","item":"leftovers","ability":"Sap Sipper","moves":["icepunch","waterfall","aquajet","playrough"],"nature":"Adamant","evs":{"hp":252,"atk":252,"def":0,"spa":0,"spd":4,"spe":0},"ivs":{"hp":31,"atk":31,"def":31,"spa":31,"spd":31,"spe":31}}],"log":["|player|p1|Jake1079|281","|player|p2|GTX Lynxice|281","|gametype|singles","|gen|6","|tier|Monotype","|rated","|rule|Baton Pass Clause: Limit one Baton Passer, can't pass Spe and other stats simultaneously","|rule|Swagger Clause: Swagger is banned","|rule|Same Type Clause: Pokémon in a team must share a type","|clearpoke","|poke|p1|Aggron, M","|poke|p1|Ferrothorn, M","|poke|p1|Doublade, M","|poke|p1|Empoleon, F","|poke|p1|Heatran, M","|poke|p1|Excadrill, F","|poke|p2|Swampert, F","|poke|p2|Cloyster, F","|poke|p2|Lapras, F","|poke|p2|Milotic, F","|poke|p2|Lanturn, M","|poke|p2|Azumarill, F","|rule|Sleep Clause Mod: Limit one foe put to sleep","|rule|Species Clause: Limit one of each Pokémon","|rule|OHKO Clause: OHKO moves are banned","|rule|Moody Clause: Moody is banned","|rule|Evasion Moves Clause: Evasion moves are banned","|rule|Endless Battle Clause: Forcing endless battles is banned","|rule|HP Percentage Mod: HP is shown in percentages","|teampreview","|","|start","|switch|p1a: Aggron|Aggron, M|330/330","|switch|p2a: W3 Cloyster|Cloyster, F|242/242","|turn|1","|","|switch|p2a: W1 Milotic|Milotic, F|394/394","|detailschange|p1a: Aggron|Aggron-Mega, M","|-mega|p1a: Aggron|Aggron|Aggronite","|move|p1a: Aggron|Thunder Wave|p2a: W1 Milotic","|-status|p2a: W1 Milotic|par","|","|turn|2","|","|switch|p1a: Doublade|Doublade, M|321/321","|move|p2a: W1 Milotic|Hypnosis|p1a: Doublade","|-status|p1a: Doublade|slp","|","|turn|3","|","|cant|p1a: Doublade|slp","|move|p2a: W1 Milotic|Surf|p1a: Doublade","|-damage|p1a: Doublade|209/321 slp","|","|turn|4","|","|cant|p1a: Doublade|slp","|move|p2a: W1 Milotic|Surf|p1a: Doublade","|-damage|p1a: Doublade|97/321 slp","|","|turn|5","|","|-curestatus|p1a: Doublade|slp","|move|p1a: Doublade|Swords Dance|p1a: Doublade","|-boost|p1a: Doublade|atk|2","|move|p2a: W1 Milotic|Surf|p1a: Doublade","|-damage|p1a: Doublade|0 fnt","|faint|p1a: Doublade","|","|","|switch|p1a: Ferrothorn|Ferrothorn, M|351/351","|turn|6","|","|move|p2a: W1 Milotic|Hypnosis|p1a: Ferrothorn","|-status|p1a: Ferrothorn|slp","|cant|p1a: Ferrothorn|slp","|","|turn|7","|","|switch|p2a: W3 Cloyster|Cloyster, F|242/242","|cant|p1a: Ferrothorn|slp","|","|turn|8","|","|move|p2a: W3 Cloyster|Shell Smash|p2a: W3 Cloyster","|-unboost|p2a: W3 Cloyster|def|1","|-unboost|p2a: W3 Cloyster|spd|1","|-boost|p2a: W3 Cloyster|atk|2","|-boost|p2a: W3 Cloyster|spa|2","|-boost|p2a: W3 Cloyster|spe|2","|-curestatus|p1a: Ferrothorn|slp","|move|p1a: Ferrothorn|Leech Seed|p2a: W3 Cloyster","|-start|p2a: W3 Cloyster|move: Leech Seed","|","|-damage|p2a: W3 Cloyster|212/242|[from] Leech Seed|[of] p1a: Ferrothorn","|turn|9","|","|move|p2a: W3 Cloyster|Icicle Spear|p1a: Ferrothorn","|-damage|p1a: Ferrothorn|308/351","|-damage|p1a: Ferrothorn|268/351","|-damage|p1a: Ferrothorn|222/351","|-damage|p1a: Ferrothorn|180/351","|-damage|p1a: Ferrothorn|135/351","|-hitcount|p1a: Ferrothorn|5","|move|p1a: Ferrothorn|Gyro Ball|p2a: W3 Cloyster","|-damage|p2a: W3 Cloyster|55/242","|","|-damage|p2a: W3 Cloyster|25/242|[from] Leech Seed|[of] p1a: Ferrothorn","|-heal|p1a: Ferrothorn|165/351|[silent]","|turn|10","|","|move|p1a: Ferrothorn|Protect|p1a: Ferrothorn","|-singleturn|p1a: Ferrothorn|Protect","|move|p2a: W3 Cloyster|Icicle Spear|p1a: Ferrothorn","|-activate|p1a: Ferrothorn|Protect","|","|-damage|p2a: W3 Cloyster|0 fnt|[from] Leech Seed|[of] p1a: Ferrothorn","|-heal|p1a: Ferrothorn|190/351|[silent]","|faint|p2a: W3 Cloyster","|","|switch|p2a: W2 Lanturn|Lanturn, M|454/454","|turn|11","|","|move|p2a: W2 Lanturn|Scald|p1a: Ferrothorn","|-resisted|p1a: Ferrothorn","|-damage|p1a: Ferrothorn|149/351","|-status|p1a: Ferrothorn|brn","|move|p1a: Ferrothorn|Leech Seed|p2a: W2 Lanturn","|-start|p2a: W2 Lanturn|move: Leech Seed","|","|-damage|p2a: W2 Lanturn|398/454|[from] Leech Seed|[of] p1a: Ferrothorn","|-heal|p1a: Ferrothorn|205/351 brn|[silent]","|-damage|p1a: Ferrothorn|162/351 brn|[from] brn","|turn|12","|","|switch|p2a: W5 Azumarill|Azumarill, F|404/404","|move|p1a: Ferrothorn|Stealth Rock|p2a: W5 Azumarill","|-sidestart|p2: GTX Lynxice|move: Stealth Rock","|","|-damage|p1a: Ferrothorn|119/351 brn|[from] brn","|turn|13","|","|move|p2a: W5 Azumarill|Ice Punch|p1a: Ferrothorn","|-damage|p1a: Ferrothorn|89/351 brn","|-damage|p2a: W5 Azumarill|354/404|[from] ability: Iron Barbs|[of] p1a: Ferrothorn","|-damage|p2a: W5 Azumarill|287/404|[from] item: Rocky Helmet|[of] p1a: Ferrothorn","|move|p1a: Ferrothorn|Gyro Ball|p2a: W5 Azumarill","|-damage|p2a: W5 Azumarill|226/404","|","|-heal|p2a: W5 Azumarill|251/404|[from] item: Leftovers","|-damage|p1a: Ferrothorn|46/351 brn|[from] brn","|turn|14","|player|p2","|player|p2|GTX Lynxice|281","|","|move|p2a: W5 Azumarill|Ice Punch|p1a: Ferrothorn","|-damage|p1a: Ferrothorn|14/351 brn","|-damage|p2a: W5 Azumarill|201/404|[from] ability: Iron Barbs|[of] p1a: Ferrothorn","|-damage|p2a: W5 Azumarill|134/404|[from] item: Rocky Helmet|[of] p1a: Ferrothorn","|move|p1a: Ferrothorn|Leech Seed|p2a: W5 Azumarill","|-boost|p2a: W5 Azumarill|atk|1|[from] ability: Sap Sipper","|","|-heal|p2a: W5 Azumarill|159/404|[from] item: Leftovers","|-damage|p1a: Ferrothorn|0 fnt|[from] brn","|faint|p1a: Ferrothorn","|","|switch|p1a: Aggron|Aggron-Mega, M|330/330","|turn|15","|","|move|p1a: Aggron|Iron Head|p2a: W5 Azumarill","|-damage|p2a: W5 Azumarill|0 fnt","|faint|p2a: W5 Azumarill","|","|","|switch|p2a: W1 Milotic|Milotic, F|394/394 par","|-damage|p2a: W1 Milotic|345/394 par|[from] Stealth Rock","|turn|16","|","|switch|p1a: Empoleon|Empoleon, F|371/371","|cant|p2a: W1 Milotic|par","|","|turn|17","|","|switch|p2a: W4 Lapras|Lapras, F|435/435","|-damage|p2a: W4 Lapras|327/435|[from] Stealth Rock","|move|p1a: Empoleon|Scald|p2a: W4 Lapras","|-resisted|p2a: W4 Lapras","|-damage|p2a: W4 Lapras|213/435","|","|turn|18","|","|move|p2a: W4 Lapras|Whirlpool|p1a: Empoleon","|-resisted|p1a: Empoleon","|-damage|p1a: Empoleon|355/371","|-activate|p1a: Empoleon|move: Whirlpool|[of] p2a: W4 Lapras","|move|p1a: Empoleon|Scald|p2a: W4 Lapras","|-resisted|p2a: W4 Lapras","|-damage|p2a: W4 Lapras|107/435","|","|-damage|p1a: Empoleon|309/371|[from] move: Whirlpool|[partiallytrapped]","|turn|19","|","|move|p2a: W4 Lapras|Rest|p2a: W4 Lapras","|-status|p2a: W4 Lapras|slp","|-heal|p2a: W4 Lapras|435/435 slp|[silent]","|-status|p2a: W4 Lapras|slp|[from] move: Rest","|-enditem|p2a: W4 Lapras|Chesto Berry|[eat]","|-curestatus|p2a: W4 Lapras|slp","|move|p1a: Empoleon|Scald|p2a: W4 Lapras","|-resisted|p2a: W4 Lapras","|-damage|p2a: W4 Lapras|328/435","|","|-damage|p1a: Empoleon|263/371|[from] move: Whirlpool|[partiallytrapped]","|turn|20","|","|move|p2a: W4 Lapras|Thunderbolt|p1a: Empoleon","|-supereffective|p1a: Empoleon","|-damage|p1a: Empoleon|147/371","|move|p1a: Empoleon|Scald|p2a: W4 Lapras","|-resisted|p2a: W4 Lapras","|-damage|p2a: W4 Lapras|213/435","|","|-damage|p1a: Empoleon|101/371|[from] move: Whirlpool|[partiallytrapped]","|turn|21","|","|move|p2a: W4 Lapras|Thunderbolt|p1a: Empoleon","|-supereffective|p1a: Empoleon","|-damage|p1a: Empoleon|0 fnt","|faint|p1a: Empoleon","|","|","|switch|p1a: Heatran|Heatran, M|385/385","|-item|p1a: Heatran|Air Balloon","|turn|22","|","|move|p2a: W4 Lapras|Whirlpool|p1a: Heatran","|-supereffective|p1a: Heatran","|-damage|p1a: Heatran|317/385","|-enditem|p1a: Heatran|Air Balloon","|-activate|p1a: Heatran|move: Whirlpool|[of] p2a: W4 Lapras","|move|p1a: Heatran|Flamethrower|p2a: W4 Lapras","|-damage|p2a: W4 Lapras|32/435","|","|-damage|p1a: Heatran|269/385|[from] move: Whirlpool|[partiallytrapped]","|turn|23","|","|move|p2a: W4 Lapras|Rest|p2a: W4 Lapras","|-status|p2a: W4 Lapras|slp","|-heal|p2a: W4 Lapras|435/435 slp|[silent]","|-status|p2a: W4 Lapras|slp|[from] move: Rest","|move|p1a: Heatran|Flamethrower|p2a: W4 Lapras","|-damage|p2a: W4 Lapras|254/435 slp","|","|-damage|p1a: Heatran|221/385|[from] move: Whirlpool|[partiallytrapped]","|turn|24","|","|cant|p2a: W4 Lapras|slp","|move|p1a: Heatran|Flamethrower|p2a: W4 Lapras","|-damage|p2a: W4 Lapras|55/435 slp","|","|-damage|p1a: Heatran|173/385|[from] move: Whirlpool|[partiallytrapped]","|turn|25","|","|cant|p2a: W4 Lapras|slp","|move|p1a: Heatran|Flamethrower|p2a: W4 Lapras","|-damage|p2a: W4 Lapras|0 fnt","|faint|p2a: W4 Lapras","|","|","|switch|p2a: W1 Milotic|Milotic, F|345/394 par","|-damage|p2a: W1 Milotic|296/394 par|[from] Stealth Rock","|turn|26","|","|move|p1a: Heatran|Flamethrower|p2a: W1 Milotic","|-resisted|p2a: W1 Milotic","|-damage|p2a: W1 Milotic|224/394 par","|move|p2a: W1 Milotic|Hypnosis|p1a: Heatran|[miss]","|-miss|p2a: W1 Milotic|p1a: Heatran","|","|turn|27","|","|cant|p2a: W1 Milotic|par","|move|p1a: Heatran|Roar|p2a: W1 Milotic","|drag|p2a: W2 Lanturn|Lanturn, M|398/454","|-damage|p2a: W2 Lanturn|342/454|[from] Stealth Rock","|","|-heal|p2a: W2 Lanturn|370/454|[from] item: Leftovers","|turn|28","|","|move|p1a: Heatran|Earth Power|p2a: W2 Lanturn","|-crit|p2a: W2 Lanturn","|-supereffective|p2a: W2 Lanturn","|-damage|p2a: W2 Lanturn|0 fnt","|faint|p2a: W2 Lanturn","|","|","|switch|p2a: W1 Milotic|Milotic, F|224/394 par","|-damage|p2a: W1 Milotic|175/394 par|[from] Stealth Rock","|turn|29","|","|move|p2a: W1 Milotic|Recover|p2a: W1 Milotic","|-heal|p2a: W1 Milotic|372/394 par","|move|p1a: Heatran|Roar|p2a: W1 Milotic","|drag|p2a: W5 Swampert|Swampert, F|342/342","|-damage|p2a: W5 Swampert|321/342|[from] Stealth Rock","|","|turn|30","|","|move|p2a: W5 Swampert|Waterfall|p1a: Heatran","|-supereffective|p1a: Heatran","|-damage|p1a: Heatran|0 fnt","|faint|p1a: Heatran","|","|","|switch|p1a: Aggron|Aggron-Mega, M|330/330","|turn|31","|","|move|p2a: W5 Swampert|Protect|p2a: W5 Swampert","|-singleturn|p2a: W5 Swampert|Protect","|move|p1a: Aggron|Iron Head|p2a: W5 Swampert","|-activate|p2a: W5 Swampert|Protect","|","|turn|32","|","|move|p1a: Aggron|Iron Head|p2a: W5 Swampert","|-resisted|p2a: W5 Swampert","|-damage|p2a: W5 Swampert|237/342","|move|p2a: W5 Swampert|Counter|p1a: Aggron","|-damage|p1a: Aggron|162/330","|","|turn|33","|","|move|p2a: W5 Swampert|Protect|p2a: W5 Swampert","|-singleturn|p2a: W5 Swampert|Protect","|move|p1a: Aggron|Endeavor|p2a: W5 Swampert","|-activate|p2a: W5 Swampert|Protect","|","|turn|34","|","|switch|p1a: Excadrill|Excadrill, F|361/361","|-ability|p1a: Excadrill|Mold Breaker","|move|p2a: W5 Swampert|Counter|p1a: Excadrill","|-fail|p1a: Excadrill","|","|turn|35","|","|move|p1a: Excadrill|Earthquake|p2a: W5 Swampert","|-damage|p2a: W5 Swampert|32/342","|move|p2a: W5 Swampert|Waterfall|p1a: Excadrill","|-supereffective|p1a: Excadrill","|-damage|p1a: Excadrill|0 fnt","|faint|p1a: Excadrill","|","|","|switch|p1a: Aggron|Aggron-Mega, M|162/330","|turn|36","|","|move|p2a: W5 Swampert|Waterfall|p1a: Aggron","|-damage|p1a: Aggron|72/330","|move|p1a: Aggron|Iron Head|p2a: W5 Swampert","|-resisted|p2a: W5 Swampert","|-damage|p2a: W5 Swampert|0 fnt","|faint|p2a: W5 Swampert","|","|","|switch|p2a: W1 Milotic|Milotic, F|372/394 par","|-damage|p2a: W1 Milotic|323/394 par|[from] Stealth Rock","|turn|37","|","|move|p1a: Aggron|Endeavor|p2a: W1 Milotic","|-damage|p2a: W1 Milotic|72/394 par","|move|p2a: W1 Milotic|Surf|p1a: Aggron","|-damage|p1a: Aggron|0 fnt","|faint|p1a: Aggron","|","|win|GTX Lynxice"],"p1rating":{"entryid":"7429437","serverid":"eos","formatid":"monotype","userid":"jake1079","username":"Jake1079","w":"37","l":51,"t":"0","gxe":44.5,"r":"1459.3464243066","rd":"41.121959493769","sigma":"0","rptime":"1439542800","rpr":1458.4570828223,"rprd":40.600860741787,"rpsigma":"0","acre":1088.4415971614,"lacre":1088.4415971614,"oldacre":"1117.3608601156"},"p2rating":{"entryid":"7503497","serverid":"eos","formatid":"monotype","userid":"gtxlynxice","username":"GTX Lynxice","w":6,"l":"8","t":"0","gxe":43.3,"r":1428.4070652396,"rd":81.016024423825,"sigma":"0","rptime":1439542800,"rpr":1447.7627980922,"rprd":78.949004025424,"rpsigma":"0","acre":1097.8767464583,"lacre":1097.8767464583,"oldacre":"1062.4402884564"},"endType":"normal"}