{"seed":[33258,19179,46148,16039],"turns":23,"p1":"Multistripè 멀티 줄무늬","p2":"SWL HB","p1team":[{"name":"ガブリアス","species":"garchomp","item":"rockyhelmet","ability":"Rough Skin","moves":["stealthrock","earthquake","dragontail","endure"],"nature":"Impish","evs":{"hp":252,"atk":0,"def":232,"spa":0,"spd":24,"spe":0},"ivs":{"hp":31,"atk":31,"def":31,"spa":31,"spd":31,"spe":31}},{"name":"オンバーン","species":"noivern","item":"choicescarf","ability":"Infiltrator","moves":["flamethrower","hurricane","dracometeor","darkpulse"],"nature":"Timid","evs":{"hp":0,"atk":0,"def":4,"spa":252,"spd":0,"spe":252},"ivs":{"hp":31,"atk":31,"def":31,"spa":31,"spd":31,"spe":31}},{"name":"チルタリス","species":"altaria","item":"altarianite","ability":"Natural Cure","moves":["dragondance","frustration","earthquake","roost"],"nature":"Adamant","evs":{"hp":188,"atk":68,"def":0,"spa":0,"spd":0,"spe":252},"happiness":0,"ivs":{"hp":31,"atk":31,"def":31,"spa":31,"spd":31,"spe":31}},{"name":"ラティオス","species":"latios","item":"choicescarf","ability":"Levitate","moves":["hiddenpowerfire","dragonpulse","psyshock","trick"],"nature":"Timid","evs":{"hp":0,"atk":0,"def":4,"spa":252,"spd":0,"spe":252},"ivs":{"hp":31,"atk":30,"def":31,"spa":30,"spd":31,"spe":30}},{"name":"キュレム","species":"kyuremblack","item":"lifeorb","ability":"Teravolt","moves":["icebeam","outrage","fusionbolt","ironhead"],"nature":"Naive","evs":{"hp":0,"atk":100,"def":0,"spa":180,"spd":0,"spe":228},"shiny":true,"ivs":{"hp":31,"atk":31,"def":31,"spa":31,"spd":31,"spe":31}},{"name":"ボーマンダ","species":"salamence","item":"choicescarf","ability":"Moxie","moves":["outrage","aerialace","steelwing","earthquake"],"nature":"Jolly","evs":{"hp":0,"atk":252,"def":4,"spa":0,"spd":0,"spe":252},"ivs":{"hp":31,"atk":31,"def":31,"spa":31,"spd":31,"spe":31}}],"p2team":[{"name":"Jynx","species":"Jynx","item":"choicescarf","ability":"Dry Skin","moves":["icebeam","psyshock","focusblast","drainingkiss"],"nature":"Timid","evs":{"hp":0,"atk":0,"def":0,"spa":252,"spd":4,"spe":252},"ivs":{"hp":31,"atk":31,"def":31,"spa":31,"spd":31,"spe":31}},{"name":"Hoopa-Unbound","species":"Hoopa-Unbound","item":"lifeorb","ability":"Magician","moves":["darkpulse","hiddenpowerfire","focusblast","gunkshot"],"nature":"Hasty","evs":{"hp":0,"atk":4,"def":0,"spa":252,"spd":0,"spe":252},"ivs":{"hp":31,"atk":30,"def":31,"spa":30,"spd":31,"spe":30}},{"name":"Gallade","species":"Gallade","item":"assaultvest","ability":"Justified","moves":["knockoff","drainpunch","psychocut","icepunch"],"nature":"Adamant","evs":{"hp":248,"atk":252,"def":0,"spa":0,"spd":8,"spe":0},"ivs":{"hp":31,"atk":31,"def":31,"spa":31,"spd":31,"spe":31}},{"name":"Meloetta","species":"Meloetta","item":"assaultvest","ability":"Serene Grace","moves":["hypervoice","shadowball","thunderbolt","energyball"],"nature":"Modest","evs":{"hp":248,"atk":0,"def":0,"spa":252,"spd":8,"spe":0},"ivs":{"hp":31,"atk":31,"def":31,"spa":31,"spd":31,"spe":31}},{"name":"Azelf","species":"Azelf","item":"focussash","ability":"Levitate","moves":["stealthrock","zenheadbutt","icepunch","firepunch"],"nature":"Jolly","evs":{"hp":0,"atk":252,"def":0,"spa":0,"spd":4,"spe":252},"ivs":{"hp":31,"atk":31,"def":31,"spa":31,"spd":31,"spe":31}},{"name":"Slowbro","species":"Slowbro","item":"leftovers","ability":"Regenerator","moves":["slackoff","scald","foulplay","thunderwave"],"nature":"Bold","evs":{"hp":252,"atk":0,"def":252,"spa":0,"spd":4,"spe":0},"ivs":{"hp":31,"atk":31,"def":31,"spa":31,"spd":31,"spe":31}}],"log":["|player|p1|Multistripè 멀티 줄무늬|89","|player|p2|SWL HB|swlhb.gif","|gametype|singles","|gen|6","|tier|Monotype","|rated","|rule|Baton Pass Clause: Limit one Baton Passer, can't pass Spe and other stats simultaneously","|rule|Swagger Clause: Swagger is banned","|rule|Same Type Clause: Pokémon in a team must share a type","|clearpoke","|poke|p1|Garchomp, M","|poke|p1|Noivern, F","|poke|p1|Altaria, M","|poke|p1|Latios, M","|poke|p1|Kyurem-Black, shiny","|poke|p1|Salamence, M","|poke|p2|Jynx, F","|poke|p2|Hoopa-Unbound","|poke|p2|Gallade, M","|poke|p2|Meloetta","|poke|p2|Azelf","|poke|p2|Slowbro, F","|rule|Sleep Clause Mod: Limit one foe put to sleep","|rule|Species Clause: Limit one of each Pokémon","|rule|OHKO Clause: OHKO moves are banned","|rule|Moody Clause: Moody is banned","|rule|Evasion Moves Clause: Evasion moves are banned","|rule|Endless Battle Clause: Forcing endless battles is banned","|rule|HP Percentage Mod: HP is shown in percentages","|teampreview","|","|start","|switch|p1a: オンバーン|Noivern, F|311/311","|switch|p2a: Azelf|Azelf|291/291","|turn|1","|","|move|p1a: オンバーン|Hurricane|p2a: Azelf","|-damage|p2a: Azelf|81/291","|move|p2a: Azelf|Stealth Rock|p1a: オンバーン","|-sidestart|p1: Multistripè 멀티 줄무늬|move: Stealth Rock","|","|turn|2","|","|switch|p2a: Jynx|Jynx, F|271/271","|move|p1a: オンバーン|Hurricane|p2a: Jynx|[miss]","|-miss|p1a: オンバーン|p2a: Jynx","|","|turn|3","|","|move|p1a: オンバーン|Hurricane|p2a: Jynx","|-crit|p2a: Jynx","|-damage|p2a: Jynx|19/271","|move|p2a: Jynx|Ice Beam|p1a: オンバーン","|-supereffective|p1a: オンバーン","|-damage|p1a: オンバーン|0 fnt","|faint|p1a: オンバーン","|","|","|switch|p1a: ラティオス|Latios, M|301/301","|-damage|p1a: ラティオス|264/301|[from] Stealth Rock","|turn|4","|","|move|p1a: ラティオス|Dragon Pulse|p2a: Jynx","|-damage|p2a: Jynx|0 fnt","|faint|p2a: Jynx","|","|","|switch|p2a: Gallade|Gallade, M|339/339","|turn|5","|","|switch|p1a: ガブリアス|Garchomp, M|420/420","|-damage|p1a: ガブリアス|394/420|[from] Stealth Rock","|move|p2a: Gallade|Ice Punch|p1a: ガブリアス","|-supereffective|p1a: ガブリアス","|-damage|p1a: ガブリアス|114/420","|-damage|p2a: Gallade|297/339|[from] ability: Rough Skin|[of] p1a: ガブリアス","|-damage|p2a: Gallade|241/339|[from] item: Rocky Helmet|[of] p1a: ガブリアス","|-status|p1a: ガブリアス|frz","|","|turn|6","|","|cant|p1a: ガブリアス|frz","|move|p2a: Gallade|Ice Punch|p1a: ガブリアス","|-crit|p1a: ガブリアス","|-supereffective|p1a: ガブリアス","|-damage|p1a: ガブリアス|0 fnt","|-damage|p2a: Gallade|199/339|[from] ability: Rough Skin|[of] p1a: ガブリアス","|-damage|p2a: Gallade|143/339|[from] item: Rocky Helmet|[of] p1a: ガブリアス","|faint|p1a: ガブリアス","|","|","|switch|p1a: ボーマンダ|Salamence, M|331/331","|-damage|p1a: ボーマンダ|249/331|[from] Stealth Rock","|turn|7","|","|move|p1a: ボーマンダ|Outrage|p2a: Gallade","|-damage|p2a: Gallade|0 fnt","|faint|p2a: Gallade","|-boost|p1a: ボーマンダ|atk|1|[from] ability: Moxie","|","|","|switch|p2a: Azelf|Azelf|81/291","|turn|8","|","|move|p1a: ボーマンダ|Outrage|p2a: Azelf|[from]lockedmove","|-crit|p2a: Azelf","|-damage|p2a: Azelf|0 fnt","|-start|p1a: ボーマンダ|confusion|[fatigue]","|faint|p2a: Azelf","|-boost|p1a: ボーマンダ|atk|1|[from] ability: Moxie","|","|","|switch|p2a: Slowbro|Slowbro, F|394/394","|turn|9","|","|-activate|p1a: ボーマンダ|confusion","|-damage|p1a: ボーマンダ|139/331|[from] confusion","|move|p2a: Slowbro|Foul Play|p1a: ボーマンダ","|-damage|p1a: ボーマンダ|0 fnt","|faint|p1a: ボーマンダ","|","|","|switch|p1a: キュレム|Kyurem-Black, shiny|391/391","|-damage|p1a: キュレム|294/391|[from] Stealth Rock","|-ability|p1a: キュレム|Teravolt","|turn|10","|","|move|p1a: キュレム|Fusion Bolt|p2a: Slowbro","|-supereffective|p2a: Slowbro","|-damage|p2a: Slowbro|150/394","|-damage|p1a: キュレム|255/391|[from] item: Life Orb","|move|p2a: Slowbro|Thunder Wave|p1a: キュレム","|-status|p1a: キュレム|par","|","|-heal|p2a: Slowbro|174/394|[from] item: Leftovers","|turn|11","|","|move|p2a: Slowbro|Slack Off|p2a: Slowbro","|-heal|p2a: Slowbro|371/394","|move|p1a: キュレム|Fusion Bolt|p2a: Slowbro","|-supereffective|p2a: Slowbro","|-damage|p2a: Slowbro|127/394","|-damage|p1a: キュレム|216/391 par|[from] item: Life Orb","|","|-heal|p2a: Slowbro|151/394|[from] item: Leftovers","|turn|12","|","|move|p2a: Slowbro|Slack Off|p2a: Slowbro","|-heal|p2a: Slowbro|348/394","|move|p1a: キュレム|Fusion Bolt|p2a: Slowbro","|-supereffective|p2a: Slowbro","|-damage|p2a: Slowbro|117/394","|-damage|p1a: キュレム|177/391 par|[from] item: Life Orb","|","|-heal|p2a: Slowbro|141/394|[from] item: Leftovers","|turn|13","|","|move|p2a: Slowbro|Slack Off|p2a: Slowbro","|-heal|p2a: Slowbro|338/394","|cant|p1a: キュレム|par","|","|-heal|p2a: Slowbro|362/394|[from] item: Leftovers","|turn|14","|","|move|p2a: Slowbro|Foul Play|p1a: キュレム","|-damage|p1a: キュレム|61/391 par","|move|p1a: キュレム|Fusion Bolt|p2a: Slowbro","|-supereffective|p2a: Slowbro","|-damage|p2a: Slowbro|128/394","|-damage|p1a: キュレム|22/391 par|[from] item: Life Orb","|","|-heal|p2a: Slowbro|152/394|[from] item: Leftovers","|turn|15","|","|move|p2a: Slowbro|Slack Off|p2a: Slowbro","|-heal|p2a: Slowbro|349/394","|cant|p1a: キュレム|par","|","|-heal|p2a: Slowbro|373/394|[from] item: Leftovers","|turn|16","|","|move|p2a: Slowbro|Foul Play|p1a: キュレム","|-damage|p1a: キュレム|0 fnt","|faint|p1a: キュレム","|","|-heal|p2a: Slowbro|394/394|[from] item: Leftovers","|","|switch|p1a: ラティオス|Latios, M|264/301","|-damage|p1a: ラティオス|227/301|[from] Stealth Rock","|turn|17","|","|move|p1a: ラティオス|Trick|p2a: Slowbro","|-activate|p1a: ラティオス|move: Trick|[of] p2a: Slowbro","|-item|p2a: Slowbro|Choice Scarf|[from] move: Trick","|-item|p1a: ラティオス|Leftovers|[from] move: Trick","|move|p2a: Slowbro|Thunder Wave|p1a: ラティオス","|-status|p1a: ラティオス|par","|","|-heal|p1a: ラティオス|245/301 par|[from] item: Leftovers","|turn|18","|","|switch|p2a: Meloetta|Meloetta|403/403","|move|p1a: ラティオス|Dragon Pulse|p2a: Meloetta","|-crit|p2a: Meloetta","|-damage|p2a: Meloetta|271/403","|","|-heal|p1a: ラティオス|263/301 par|[from] item: Leftovers","|turn|19","|","|move|p2a: Meloetta|Shadow Ball|p1a: ラティオス","|-supereffective|p1a: ラティオス","|-damage|p1a: ラティオス|71/301 par","|-unboost|p1a: ラティオス|spd|1","|move|p1a: ラティオス|Trick|p2a: Meloetta","|-activate|p1a: ラティオス|move: Trick|[of] p2a: Meloetta","|-item|p2a: Meloetta|Leftovers|[from] move: Trick","|-item|p1a: ラティオス|Assault Vest|[from] move: Trick","|","|-heal|p2a: Meloetta|296/403|[from] item: Leftovers","|turn|20","|","|move|p2a: Meloetta|Shadow Ball|p1a: ラティオス","|-supereffective|p1a: ラティオス","|-damage|p1a: ラティオス|0 fnt","|faint|p1a: ラティオス","|","|-heal|p2a: Meloetta|321/403|[from] item: Leftovers","|","|switch|p1a: チルタリス|Altaria, M|338/338","|-damage|p1a: チルタリス|254/338|[from] Stealth Rock","|turn|21","|","|detailschange|p1a: チルタリス|Altaria-Mega, M","|-mega|p1a: チルタリス|Altaria|Altarianite","|move|p1a: チルタリス|Dragon Dance|p1a: チルタリス","|-boost|p1a: チルタリス|atk|1","|-boost|p1a: チルタリス|spe|1","|move|p2a: Meloetta|Hyper Voice|p1a: チルタリス","|-damage|p1a: チルタリス|83/338","|","|-heal|p2a: Meloetta|346/403|[from] item: Leftovers","|turn|22","|","|move|p1a: チルタリス|Roost|p1a: チルタリス","|-heal|p1a: チルタリス|252/338","|move|p2a: Meloetta|Hyper Voice|p1a: チルタリス","|-damage|p1a: チルタリス|77/338","|","|-heal|p2a: Meloetta|371/403|[from] item: Leftovers","|turn|23","|","|move|p1a: チルタリス|Frustration|p2a: Meloetta","|-damage|p2a: Meloetta|5/403","|move|p2a: Meloetta|Hyper Voice|p1a: チルタリス","|-damage|p1a: チルタリス|0 fnt","|faint|p1a: チルタリス","|","|win|SWL HB"],"p1rating":{"entryid":"7615714","serverid":"eos","formatid":"monotype","userid":"multistrip","username":"Multistripè 멀티 줄무늬","w":"15","l":5,"t":"0","gxe":64.5,"r":"1500","rd":"130","sigma":"0","rptime":"1439456400","rpr":1614.7477019622,"rprd":70.038439077615,"rpsigma":"0","acre":1190.6648085264,"lacre":1190.6648085264,"oldacre":"1227.1491193862"},"p2rating":{"entryid":"6872578","serverid":"eos","formatid":"monotype","userid":"swlhb","username":"SWL HB","w":11,"l":"19","t":"0","gxe":37.8,"r":"1392.6743377767","rd":"66.786262459413","sigma":"0","rptime":"1439456400","rpr":1404.4218735347,"rprd":63.184213664288,"rpsigma":"0","acre":1101.0553948271,"lacre":1101.0553948271,"oldacre":"1054.6419382089"},"endType":"normal"}