{"seed":[43282,18105,19005,8149],"turns":32,"p1":"Carnie Marx","p2":"IcyFlare","p1team":[{"name":"Sharpedo","species":"Sharpedo","item":"focussash","ability":"Speed Boost","moves":["crunch","waterfall","earthquake","destinybond"],"nature":"Adamant","evs":{"hp":0,"atk":252,"def":0,"spa":0,"spd":4,"spe":252},"ivs":{"hp":31,"atk":31,"def":31,"spa":31,"spd":31,"spe":31}},{"name":"Blastoise","species":"Blastoise","item":"blastoisinite","ability":"Torrent","moves":["darkpulse","dragonpulse","icebeam","waterspout"],"nature":"Modest","evs":{"hp":248,"atk":0,"def":0,"spa":252,"spd":8,"spe":0},"ivs":{"hp":31,"atk":31,"def":31,"spa":31,"spd":31,"spe":31}},{"name":"Ludicolo","species":"Ludicolo","item":"choicespecs","ability":"Swift Swim","moves":["gigadrain","icebeam","surf","energyball"],"nature":"Modest","evs":{"hp":0,"atk":0,"def":0,"spa":252,"spd":4,"spe":252},"ivs":{"hp":31,"atk":31,"def":31,"spa":31,"spd":31,"spe":31}},{"name":"Quagsire","species":"Quagsire","item":"leftovers","ability":"Unaware","moves":["protect","recover","waterfall","toxic"],"nature":"Impish","evs":{"hp":252,"atk":4,"def":252,"spa":0,"spd":0,"spe":0},"ivs":{"hp":31,"atk":31,"def":31,"spa":31,"spd":31,"spe":31}},{"name":"Rotom-Wash","species":"Rotom-Wash","item":"leftovers","ability":"Levitate","moves":["hydropump","willowisp","voltswitch","painsplit"],"nature":"Bold","evs":{"hp":252,"atk":0,"def":252,"spa":4,"spd":0,"spe":0},"ivs":{"hp":31,"atk":31,"def":31,"spa":31,"spd":31,"spe":31}},{"name":"Politoed","species":"Politoed","item":"leftovers","ability":"Drizzle","moves":["scald","icebeam","psychic","toxic"],"nature":"Calm","evs":{"hp":252,"atk":0,"def":4,"spa":0,"spd":252,"spe":0},"ivs":{"hp":31,"atk":31,"def":31,"spa":31,"spd":31,"spe":31}}],"p2team":[{"name":"Genesect","species":"Genesect","item":"expertbelt","ability":"Download","moves":["icebeam","bugbuzz","flamethrower","flashcannon"],"nature":"Timid","evs":{"hp":0,"atk":0,"def":0,"spa":252,"spd":4,"spe":252},"ivs":{"hp":31,"atk":31,"def":31,"spa":31,"spd":31,"spe":31}},{"name":"Scizor","species":"Scizor","item":"choiceband","ability":"Technician","moves":["uturn","pursuit","acrobatics","bulletpunch"],"nature":"Adamant","evs":{"hp":252,"atk":252,"def":4,"spa":0,"spd":0,"spe":0},"ivs":{"hp":31,"atk":31,"def":31,"spa":31,"spd":31,"spe":31}},{"name":"Leavanny","species":"Leavanny","item":"focussash","ability":"Swarm","moves":["xscissor","stickyweb","leafblade","swordsdance"],"nature":"Jolly","evs":{"hp":0,"atk":252,"def":0,"spa":0,"spd":4,"spe":252},"ivs":{"hp":31,"atk":31,"def":31,"spa":31,"spd":31,"spe":31}},{"name":"Scyther","species":"Scyther","item":"eviolite","ability":"Technician","moves":["aerialace","swordsdance","bugbite","pursuit"],"nature":"Jolly","evs":{"hp":0,"atk":252,"def":0,"spa":0,"spd":4,"spe":252},"ivs":{"hp":31,"atk":31,"def":31,"spa":31,"spd":31,"spe":31}},{"name":"Accelgor","species":"Accelgor","item":"focussash","ability":"Hydration","moves":["spikes","finalgambit","agility","batonpass"],"nature":"Timid","evs":{"hp":248,"atk":0,"def":0,"spa":0,"spd":8,"spe":252},"ivs":{"hp":31,"atk":31,"def":31,"spa":31,"spd":31,"spe":31}},{"name":"Pinsir","species":"Pinsir","item":"pinsirite","ability":"Moxie","moves":["swordsdance","return","closecombat","quickattack"],"nature":"Adamant","evs":{"hp":0,"atk":252,"def":4,"spa":0,"spd":0,"spe":252},"ivs":{"hp":31,"atk":31,"def":31,"spa":31,"spd":31,"spe":31}}],"log":["|player|p1|Carnie Marx|238","|player|p2|IcyFlare|2","|gametype|singles","|gen|6","|tier|Monotype","|rated","|rule|Baton Pass Clause: Limit one Baton Passer, can't pass Spe and other stats simultaneously","|rule|Swagger Clause: Swagger is banned","|rule|Same Type Clause: Pokémon in a team must share a type","|clearpoke","|poke|p1|Sharpedo, M","|poke|p1|Blastoise, F","|poke|p1|Ludicolo, F","|poke|p1|Quagsire, M","|poke|p1|Rotom-Wash","|poke|p1|Politoed, F","|poke|p2|Genesect-*","|poke|p2|Scizor, M","|poke|p2|Leavanny, M","|poke|p2|Scyther, M","|poke|p2|Accelgor, M","|poke|p2|Pinsir, F","|rule|Sleep Clause Mod: Limit one foe put to sleep","|rule|Species Clause: Limit one of each Pokémon","|rule|OHKO Clause: OHKO moves are banned","|rule|Moody Clause: Moody is banned","|rule|Evasion Moves Clause: Evasion moves are banned","|rule|Endless Battle Clause: Forcing endless battles is banned","|rule|HP Percentage Mod: HP is shown in percentages","|teampreview","|","|start","|switch|p1a: Rotom-Wash|Rotom-Wash|304/304","|switch|p2a: Scizor|Scizor, M|344/344","|turn|1","|","|move|p1a: Rotom-Wash|Will-O-Wisp|p2a: Scizor","|-status|p2a: Scizor|brn","|move|p2a: Scizor|U-turn|p1a: Rotom-Wash","|-damage|p1a: Rotom-Wash|235/304","|","|switch|p2a: Accelgor|Accelgor, M|363/363","|","|-heal|p1a: Rotom-Wash|254/304|[from] item: Leftovers","|turn|2","|","|move|p2a: Accelgor|Final Gambit|p1a: Rotom-Wash","|-damage|p1a: Rotom-Wash|0 fnt","|faint|p2a: Accelgor","|faint|p1a: Rotom-Wash","|","|","|switch|p2a: Scizor|Scizor, M|344/344 brn","|switch|p1a: Quagsire|Quagsire, M|394/394","|turn|3","|","|move|p2a: Scizor|U-turn|p1a: Quagsire","|-damage|p1a: Quagsire|317/394","|","|switch|p2a: Leavanny|Leavanny, M|291/291","|move|p1a: Quagsire|Waterfall|p2a: Leavanny","|-resisted|p2a: Leavanny","|-damage|p2a: Leavanny|240/291","|","|-heal|p1a: Quagsire|341/394|[from] item: Leftovers","|turn|4","|","|switch|p1a: Ludicolo|Ludicolo, F|301/301","|move|p2a: Leavanny|Sticky Web|p1a: Ludicolo","|-sidestart|p1: Carnie Marx|move: Sticky Web","|","|turn|5","|","|move|p2a: Leavanny|X-Scissor|p1a: Ludicolo","|-supereffective|p1a: Ludicolo","|-damage|p1a: Ludicolo|0 fnt","|faint|p1a: Ludicolo","|","|","|switch|p1a: Politoed|Politoed, F|384/384","|-activate|p1a: Politoed|move: Sticky Web","|-unboost|p1a: Politoed|spe|1","|-weather|RainDance","|turn|6","|","|move|p2a: Leavanny|Leaf Blade|p1a: Politoed","|-supereffective|p1a: Politoed","|-damage|p1a: Politoed|16/384","|move|p1a: Politoed|Ice Beam|p2a: Leavanny","|-supereffective|p2a: Leavanny","|-damage|p2a: Leavanny|76/291","|","|-weather|RainDance|[upkeep]","|-heal|p1a: Politoed|40/384|[from] item: Leftovers","|turn|7","|","|move|p2a: Leavanny|Leaf Blade|p1a: Politoed","|-supereffective|p1a: Politoed","|-damage|p1a: Politoed|0 fnt","|faint|p1a: Politoed","|","|-weather|RainDance|[upkeep]","|","|switch|p1a: Sharpedo|Sharpedo, M|281/281","|-activate|p1a: Sharpedo|move: Sticky Web","|-unboost|p1a: Sharpedo|spe|1","|turn|8","|","|move|p2a: Leavanny|Swords Dance|p2a: Leavanny","|-boost|p2a: Leavanny|atk|2","|move|p1a: Sharpedo|Crunch|p2a: Leavanny","|-damage|p2a: Leavanny|0 fnt","|faint|p2a: Leavanny","|","|-weather|RainDance|[upkeep]","|-boost|p1a: Sharpedo|spe|1|[from] ability: Speed Boost","|","|switch|p2a: Scyther|Scyther, M|281/281","|turn|9","|","|move|p2a: Scyther|Bug Bite|p1a: Sharpedo","|-supereffective|p1a: Sharpedo","|-enditem|p1a: Sharpedo|Focus Sash","|-damage|p1a: Sharpedo|1/281","|move|p1a: Sharpedo|Destiny Bond|p1a: Sharpedo","|-singlemove|p1a: Sharpedo|Destiny Bond","|","|-weather|RainDance|[upkeep]","|-boost|p1a: Sharpedo|spe|1|[from] ability: Speed Boost","|turn|10","|","|switch|p2a: Scizor|Scizor, M|344/344 brn","|move|p1a: Sharpedo|Crunch|p2a: Scizor","|-damage|p2a: Scizor|184/344 brn","|","|-weather|none","|-damage|p2a: Scizor|141/344 brn|[from] brn","|-boost|p1a: Sharpedo|spe|1|[from] ability: Speed Boost","|turn|11","|","|move|p2a: Scizor|Bullet Punch|p1a: Sharpedo","|-resisted|p1a: Sharpedo","|-damage|p1a: Sharpedo|0 fnt","|faint|p1a: Sharpedo","|","|-damage|p2a: Scizor|98/344 brn|[from] brn","|","|switch|p1a: Blastoise|Blastoise, F|361/361","|-activate|p1a: Blastoise|move: Sticky Web","|-unboost|p1a: Blastoise|spe|1","|turn|12","|","|detailschange|p1a: Blastoise|Blastoise-Mega, F","|-mega|p1a: Blastoise|Blastoise|Blastoisinite","|move|p2a: Scizor|Bullet Punch|p1a: Blastoise","|-resisted|p1a: Blastoise","|-damage|p1a: Blastoise|324/361","|move|p1a: Blastoise|Dark Pulse|p2a: Scizor","|-damage|p2a: Scizor|0 fnt","|faint|p2a: Scizor","|","|","|switch|p2a: Genesect|Genesect|283/283","|-boost|p2a: Genesect|spa|1|[from] ability: Download","|turn|13","|","|move|p2a: Genesect|Bug Buzz|p1a: Blastoise","|-damage|p1a: Blastoise|135/361","|move|p1a: Blastoise|Water Spout|p2a: Genesect","|-damage|p2a: Genesect|157/283","|","|turn|14","|","|move|p2a: Genesect|Bug Buzz|p1a: Blastoise","|-damage|p1a: Blastoise|0 fnt","|faint|p1a: Blastoise","|","|","|switch|p1a: Quagsire|Quagsire, M|341/394","|-activate|p1a: Quagsire|move: Sticky Web","|-unboost|p1a: Quagsire|spe|1","|turn|15","|","|move|p1a: Quagsire|Protect|p1a: Quagsire","|-singleturn|p1a: Quagsire|Protect","|move|p2a: Genesect|Ice Beam|p1a: Quagsire","|-activate|p1a: Quagsire|Protect","|","|-heal|p1a: Quagsire|365/394|[from] item: Leftovers","|turn|16","|","|move|p2a: Genesect|Ice Beam|p1a: Quagsire","|-damage|p1a: Quagsire|225/394","|move|p1a: Quagsire|Waterfall|p2a: Genesect","|-damage|p2a: Genesect|69/283","|","|-heal|p1a: Quagsire|249/394|[from] item: Leftovers","|turn|17","|","|move|p2a: Genesect|Ice Beam|p1a: Quagsire","|-damage|p1a: Quagsire|114/394","|move|p1a: Quagsire|Waterfall|p2a: Genesect","|-damage|p2a: Genesect|0 fnt","|faint|p2a: Genesect","|","|-heal|p1a: Quagsire|138/394|[from] item: Leftovers","|","|switch|p2a: Pinsir|Pinsir, F|271/271","|turn|18","|","|detailschange|p2a: Pinsir|Pinsir-Mega, F","|-mega|p2a: Pinsir|Pinsir|Pinsirite","|move|p2a: Pinsir|Swords Dance|p2a: Pinsir","|-boost|p2a: Pinsir|atk|2","|move|p1a: Quagsire|Recover|p1a: Quagsire","|-heal|p1a: Quagsire|335/394","|","|-heal|p1a: Quagsire|359/394|[from] item: Leftovers","|turn|19","|","|move|p1a: Quagsire|Protect|p1a: Quagsire","|-singleturn|p1a: Quagsire|Protect","|move|p2a: Pinsir|Return|p1a: Quagsire","|-activate|p1a: Quagsire|Protect","|","|-heal|p1a: Quagsire|383/394|[from] item: Leftovers","|turn|20","|","|move|p2a: Pinsir|Return|p1a: Quagsire","|-damage|p1a: Quagsire|149/394","|move|p1a: Quagsire|Toxic|p2a: Pinsir","|-status|p2a: Pinsir|tox","|","|-heal|p1a: Quagsire|173/394|[from] item: Leftovers","|-damage|p2a: Pinsir|255/271 tox|[from] psn","|turn|21","|","|move|p1a: Quagsire|Protect|p1a: Quagsire","|-singleturn|p1a: Quagsire|Protect","|move|p2a: Pinsir|Return|p1a: Quagsire","|-activate|p1a: Quagsire|Protect","|","|-heal|p1a: Quagsire|197/394|[from] item: Leftovers","|-damage|p2a: Pinsir|223/271 tox|[from] psn","|turn|22","|","|move|p1a: Quagsire|Protect|p1a: Quagsire","|-singleturn|p1a: Quagsire|Protect","|move|p2a: Pinsir|Return|p1a: Quagsire","|-activate|p1a: Quagsire|Protect","|","|-heal|p1a: Quagsire|221/394|[from] item: Leftovers","|-damage|p2a: Pinsir|175/271 tox|[from] psn","|turn|23","|","|move|p2a: Pinsir|Return|p1a: Quagsire","|-damage|p1a: Quagsire|1/394","|move|p1a: Quagsire|Recover|p1a: Quagsire","|-heal|p1a: Quagsire|198/394","|","|-heal|p1a: Quagsire|222/394|[from] item: Leftovers","|-damage|p2a: Pinsir|111/271 tox|[from] psn","|turn|24","|","|switch|p2a: Scyther|Scyther, M|281/281","|move|p1a: Quagsire|Recover|p1a: Quagsire","|-heal|p1a: Quagsire|394/394","|","|turn|25","|","|move|p1a: Quagsire|Protect|p1a: Quagsire","|-singleturn|p1a: Quagsire|Protect","|move|p2a: Scyther|Aerial Ace|p1a: Quagsire","|-activate|p1a: Quagsire|Protect","|","|turn|26","|","|move|p2a: Scyther|Aerial Ace|p1a: Quagsire","|-damage|p1a: Quagsire|270/394","|move|p1a: Quagsire|Toxic|p2a: Scyther","|-status|p2a: Scyther|tox","|","|-heal|p1a: Quagsire|294/394|[from] item: Leftovers","|-damage|p2a: Scyther|264/281 tox|[from] psn","|turn|27","|","|move|p2a: Scyther|Aerial Ace|p1a: Quagsire","|-damage|p1a: Quagsire|186/394","|move|p1a: Quagsire|Recover|p1a: Quagsire","|-heal|p1a: Quagsire|383/394","|","|-heal|p1a: Quagsire|394/394|[from] item: Leftovers","|-damage|p2a: Scyther|230/281 tox|[from] psn","|turn|28","|","|move|p1a: Quagsire|Protect|p1a: Quagsire","|-singleturn|p1a: Quagsire|Protect","|move|p2a: Scyther|Aerial Ace|p1a: Quagsire","|-activate|p1a: Quagsire|Protect","|","|-damage|p2a: Scyther|179/281 tox|[from] psn","|turn|29","|","|move|p2a: Scyther|Aerial Ace|p1a: Quagsire","|-damage|p1a: Quagsire|285/394","|move|p1a: Quagsire|Waterfall|p2a: Scyther","|-damage|p2a: Scyther|113/281 tox","|","|-heal|p1a: Quagsire|309/394|[from] item: Leftovers","|-damage|p2a: Scyther|45/281 tox|[from] psn","|turn|30","|","|move|p2a: Scyther|Aerial Ace|p1a: Quagsire","|-damage|p1a: Quagsire|188/394","|move|p1a: Quagsire|Recover|p1a: Quagsire","|-heal|p1a: Quagsire|385/394","|","|-heal|p1a: Quagsire|394/394|[from] item: Leftovers","|-damage|p2a: Scyther|0 fnt|[from] psn","|faint|p2a: Scyther","|","|switch|p2a: Pinsir|Pinsir-Mega, F|111/271 tox","|turn|31","|","|move|p2a: Pinsir|Return|p1a: Quagsire","|-damage|p1a: Quagsire|147/394","|move|p1a: Quagsire|Waterfall|p2a: Pinsir","|-damage|p2a: Pinsir|45/271 tox","|","|-heal|p1a: Quagsire|171/394|[from] item: Leftovers","|-damage|p2a: Pinsir|29/271 tox|[from] psn","|turn|32","|","|move|p1a: Quagsire|Protect|p1a: Quagsire","|-singleturn|p1a: Quagsire|Protect","|move|p2a: Pinsir|Return|p1a: Quagsire","|-activate|p1a: Quagsire|Protect","|","|-heal|p1a: Quagsire|195/394|[from] item: Leftovers","|-damage|p2a: Pinsir|0 fnt|[from] psn","|faint|p2a: Pinsir","|","|win|Carnie Marx"],"p1rating":{"entryid":"5821777","serverid":"eos","formatid":"monotype","userid":"carniemarx","username":"Carnie Marx","w":76,"l":"104","t":"0","gxe":41.5,"r":"1431.9417676655","rd":"32.227740419568","sigma":"0","rptime":"1439542800","rpr":1435.1771960373,"rprd":32.113671278391,"rpsigma":"0","acre":1156.6788191181,"lacre":1156.6788191181,"oldacre":"1138.1874195408"},"p2rating":{"entryid":"7628926","serverid":"eos","formatid":"monotype","userid":"icyflare","username":"IcyFlare","w":"1","l":1,"t":"0","gxe":48.7,"r":"1500","rd":"130","sigma":"0","rptime":"1439542800","rpr":1489.835726919,"rprd":116.13344288354,"rpsigma":"0","acre":1033.1474718609,"lacre":1033.1474718609,"oldacre":"1045.6036877681"},"endType":"normal"}