{"seed":[10406,30779,63152,27189],"turns":20,"p1":"Raiteri","p2":"Trivial03","p1team":[{"name":"Quagsire","species":"Quagsire","item":"leftovers","ability":"Water Absorb","moves":["curse","waterfall","earthquake","bodyslam"],"nature":"Adamant","evs":{"hp":252,"atk":252,"def":0,"spa":0,"spd":4,"spe":0},"ivs":{"hp":31,"atk":31,"def":31,"spa":31,"spd":31,"spe":31}},{"name":"Garchomp","species":"Garchomp","item":"garchompite","ability":"Rough Skin","moves":["outrage","earthquake","swordsdance","stealthrock"],"nature":"Jolly","evs":{"hp":0,"atk":252,"def":0,"spa":0,"spd":4,"spe":252},"ivs":{"hp":31,"atk":31,"def":31,"spa":31,"spd":31,"spe":31}},{"name":"Nidoking","species":"Nidoking","item":"blacksludge","ability":"Poison Point","moves":["poisonjab","suckerpunch","earthquake","shadowclaw"],"nature":"Adamant","evs":{"hp":252,"atk":252,"def":0,"spa":0,"spd":4,"spe":0},"ivs":{"hp":31,"atk":31,"def":31,"spa":31,"spd":31,"spe":31}},{"name":"Krookodile","species":"Krookodile","item":"","ability":"Intimidate","moves":["crunch","return","earthquake","thunderfang"],"nature":"Adamant","evs":{"hp":248,"atk":252,"def":0,"spa":0,"spd":8,"spe":0},"ivs":{"hp":31,"atk":31,"def":31,"spa":31,"spd":31,"spe":31}},{"name":"Diggersby","species":"Diggersby","item":"lifeorb","ability":"Huge Power","moves":["earthquake","foulplay","quickattack","icepunch"],"nature":"Jolly","evs":{"hp":0,"atk":252,"def":0,"spa":0,"spd":4,"spe":252},"ivs":{"hp":31,"atk":31,"def":31,"spa":31,"spd":31,"spe":31}},{"name":"Mamoswine","species":"Mamoswine","item":"leftovers","ability":"Thick Fat","moves":["iceshard","reflect","stealthrock","bulldoze"],"nature":"Adamant","evs":{"hp":252,"atk":252,"def":0,"spa":0,"spd":4,"spe":0},"ivs":{"hp":31,"atk":31,"def":31,"spa":31,"spd":31,"spe":31}}],"p2team":[{"name":"Zapdos","species":"Zapdos","item":"leftovers","ability":"Pressure","moves":["discharge","heatwave","roost","defog"],"nature":"Bold","evs":{"hp":248,"atk":0,"def":252,"spa":0,"spd":0,"spe":8},"ivs":{"hp":31,"atk":31,"def":31,"spa":31,"spd":31,"spe":31}},{"name":"Thundurus","species":"Thundurus","item":"lifeorb","ability":"Prankster","moves":["thunderbolt","grassknot","hiddenpowerice","thunderwave"],"nature":"Timid","evs":{"hp":0,"atk":0,"def":0,"spa":252,"spd":4,"spe":252},"ivs":{"hp":31,"atk":30,"def":30,"spa":31,"spd":31,"spe":31}},{"name":"Manectric","species":"Manectric","item":"manectite","ability":"Lightning Rod","moves":["protect","voltswitch","flamethrower","hiddenpowerice"],"nature":"Timid","evs":{"hp":0,"atk":0,"def":4,"spa":252,"spd":0,"spe":252},"ivs":{"hp":31,"atk":30,"def":30,"spa":31,"spd":31,"spe":31}},{"name":"Rotom-Wash","species":"Rotom-Wash","item":"chestoberry","ability":"Levitate","moves":["rest","voltswitch","hydropump","willowisp"],"nature":"Calm","evs":{"hp":248,"atk":0,"def":0,"spa":8,"spd":252,"spe":0},"shiny":true,"ivs":{"hp":31,"atk":31,"def":31,"spa":31,"spd":31,"spe":31}},{"name":"Electivire","species":"Electivire","item":"choicescarf","ability":"Motor Drive","moves":["wildcharge","earthquake","rockslide","voltswitch"],"nature":"","evs":{"hp":0,"atk":0,"def":0,"spa":0,"spd":0,"spe":0},"ivs":{"hp":31,"atk":31,"def":31,"spa":31,"spd":31,"spe":31}},{"name":"Magnezone","species":"Magnezone","item":"choicespecs","ability":"Sturdy","moves":["thunderbolt","voltswitch","flashcannon","hiddenpowergrass"],"nature":"Modest","evs":{"hp":100,"atk":0,"def":0,"spa":236,"spd":0,"spe":172},"ivs":{"hp":31,"atk":30,"def":31,"spa":30,"spd":31,"spe":31}}],"log":["|player|p1|Raiteri|151","|player|p2|Trivial03|169","|gametype|singles","|gen|6","|tier|Monotype","|rated","|rule|Baton Pass Clause: Limit one Baton Passer, can't pass Spe and other stats simultaneously","|rule|Swagger Clause: Swagger is banned","|rule|Same Type Clause: Pokémon in a team must share a type","|clearpoke","|poke|p1|Quagsire, M","|poke|p1|Garchomp, F","|poke|p1|Nidoking, M","|poke|p1|Krookodile, M","|poke|p1|Diggersby, F","|poke|p1|Mamoswine, M","|poke|p2|Zapdos","|poke|p2|Thundurus, M","|poke|p2|Manectric, M","|poke|p2|Rotom-Wash, shiny","|poke|p2|Electivire, F","|poke|p2|Magnezone","|rule|Sleep Clause Mod: Limit one foe put to sleep","|rule|Species Clause: Limit one of each Pokémon","|rule|OHKO Clause: OHKO moves are banned","|rule|Moody Clause: Moody is banned","|rule|Evasion Moves Clause: Evasion moves are banned","|rule|Endless Battle Clause: Forcing endless battles is banned","|rule|HP Percentage Mod: HP is shown in percentages","|teampreview","|","|start","|switch|p1a: Quagsire|Quagsire, M|394/394","|switch|p2a: Rotom-Wash|Rotom-Wash, shiny|303/303","|turn|1","|","|move|p2a: Rotom-Wash|Will-O-Wisp|p1a: Quagsire","|-status|p1a: Quagsire|brn","|move|p1a: Quagsire|Curse|p1a: Quagsire","|-unboost|p1a: Quagsire|spe|1","|-boost|p1a: Quagsire|atk|1","|-boost|p1a: Quagsire|def|1","|","|-damage|p1a: Quagsire|345/394 brn|[from] brn","|turn|2","|","|switch|p2a: Magnezone|Magnezone|306/306","|move|p1a: Quagsire|Curse|p1a: Quagsire","|-unboost|p1a: Quagsire|spe|1","|-boost|p1a: Quagsire|atk|1","|-boost|p1a: Quagsire|def|1","|","|-heal|p1a: Quagsire|369/394 brn|[from] item: Leftovers","|-damage|p1a: Quagsire|320/394 brn|[from] brn","|turn|3","|","|move|p2a: Magnezone|Hidden Power|p1a: Quagsire","|-crit|p1a: Quagsire","|-supereffective|p1a: Quagsire","|-damage|p1a: Quagsire|0 fnt","|faint|p1a: Quagsire","|","|","|switch|p1a: Garchomp|Garchomp, F|357/357","|turn|4","|","|switch|p2a: Zapdos|Zapdos|383/383","|-ability|p2a: Zapdos|Pressure","|detailschange|p1a: Garchomp|Garchomp-Mega, F","|-mega|p1a: Garchomp|Garchomp|Garchompite","|move|p1a: Garchomp|Earthquake|p2a: Zapdos","|-immune|p2a: Zapdos|[msg]","|","|turn|5","|","|switch|p1a: Mamoswine|Mamoswine, M|424/424","|switch|p2a: Manectric|Manectric, M|281/281","|","|turn|6","|","|detailschange|p2a: Manectric|Manectric-Mega, M","|-mega|p2a: Manectric|Manectric|Manectite","|-ability|p2a: Manectric|Intimidate","|-unboost|p1a: Mamoswine|atk|1","|move|p2a: Manectric|Flamethrower|p1a: Mamoswine","|-supereffective|p1a: Mamoswine","|-damage|p1a: Mamoswine|248/424","|-status|p1a: Mamoswine|brn","|move|p1a: Mamoswine|Bulldoze|p2a: Manectric","|-supereffective|p2a: Manectric","|-damage|p2a: Manectric|193/281","|-unboost|p2a: Manectric|spe|1","|","|-heal|p1a: Mamoswine|274/424 brn|[from] item: Leftovers","|-damage|p1a: Mamoswine|221/424 brn|[from] brn","|turn|7","|","|move|p2a: Manectric|Flamethrower|p1a: Mamoswine","|-supereffective|p1a: Mamoswine","|-damage|p1a: Mamoswine|47/424 brn","|move|p1a: Mamoswine|Stealth Rock|p2a: Manectric","|-sidestart|p2: Trivial03|move: Stealth Rock","|","|-heal|p1a: Mamoswine|73/424 brn|[from] item: Leftovers","|-damage|p1a: Mamoswine|20/424 brn|[from] brn","|turn|8","|","|switch|p2a: Zapdos|Zapdos|383/383","|-damage|p2a: Zapdos|288/383|[from] Stealth Rock","|-ability|p2a: Zapdos|Pressure","|move|p1a: Mamoswine|Bulldoze|p2a: Zapdos","|-immune|p2a: Zapdos|[msg]","|","|-heal|p2a: Zapdos|311/383|[from] item: Leftovers","|-heal|p1a: Mamoswine|46/424 brn|[from] item: Leftovers","|-damage|p1a: Mamoswine|0 fnt|[from] brn","|faint|p1a: Mamoswine","|","|switch|p1a: Garchomp|Garchomp-Mega, F|357/357","|turn|9","|","|switch|p1a: Diggersby|Diggersby, F|311/311","|move|p2a: Zapdos|Defog|p1a: Diggersby","|-unboost|p1a: Diggersby|evasion|1","|-sideend|p2: Trivial03|Stealth Rock|[from] move: Defog|[of] p2a: Zapdos","|","|-heal|p2a: Zapdos|334/383|[from] item: Leftovers","|turn|10","|","|switch|p2a: Rotom-Wash|Rotom-Wash, shiny|303/303","|move|p1a: Diggersby|Ice Punch|p2a: Rotom-Wash","|-resisted|p2a: Rotom-Wash","|-damage|p2a: Rotom-Wash|239/303","|-damage|p1a: Diggersby|280/311|[from] item: Life Orb","|","|turn|11","|","|move|p1a: Diggersby|Foul Play|p2a: Rotom-Wash","|-damage|p2a: Rotom-Wash|121/303","|-damage|p1a: Diggersby|249/311|[from] item: Life Orb","|move|p2a: Rotom-Wash|Hydro Pump|p1a: Diggersby","|-supereffective|p1a: Diggersby","|-damage|p1a: Diggersby|0 fnt","|faint|p1a: Diggersby","|","|","|switch|p1a: Krookodile|Krookodile, M|393/393","|-ability|p1a: Krookodile|Intimidate","|-unboost|p2a: Rotom-Wash|atk|1","|turn|12","|","|move|p1a: Krookodile|Crunch|p2a: Rotom-Wash","|-damage|p2a: Rotom-Wash|0 fnt","|faint|p2a: Rotom-Wash","|","|","|switch|p2a: Manectric|Manectric-Mega, M|193/281","|-ability|p2a: Manectric|Intimidate","|-unboost|p1a: Krookodile|atk|1","|turn|13","|","|move|p2a: Manectric|Hidden Power|p1a: Krookodile","|-supereffective|p1a: Krookodile","|-damage|p1a: Krookodile|213/393","|move|p1a: Krookodile|Earthquake|p2a: Manectric","|-supereffective|p2a: Manectric","|-damage|p2a: Manectric|0 fnt","|faint|p2a: Manectric","|","|","|switch|p2a: Magnezone|Magnezone|306/306","|turn|14","|","|move|p1a: Krookodile|Earthquake|p2a: Magnezone","|-supereffective|p2a: Magnezone","|-ability|p2a: Magnezone|Sturdy","|-damage|p2a: Magnezone|1/306","|move|p2a: Magnezone|Hidden Power|p1a: Krookodile","|-supereffective|p1a: Krookodile","|-damage|p1a: Krookodile|0 fnt","|faint|p1a: Krookodile","|","|","|switch|p1a: Garchomp|Garchomp-Mega, F|357/357","|turn|15","|","|move|p1a: Garchomp|Swords Dance|p1a: Garchomp","|-boost|p1a: Garchomp|atk|2","|move|p2a: Magnezone|Hidden Power|p1a: Garchomp","|-damage|p1a: Garchomp|226/357","|","|turn|16","|","|move|p1a: Garchomp|Swords Dance|p1a: Garchomp","|-boost|p1a: Garchomp|atk|2","|move|p2a: Magnezone|Hidden Power|p1a: Garchomp","|-damage|p1a: Garchomp|99/357","|","|turn|17","|","|move|p1a: Garchomp|Earthquake|p2a: Magnezone","|-supereffective|p2a: Magnezone","|-damage|p2a: Magnezone|0 fnt","|faint|p2a: Magnezone","|","|","|switch|p2a: Thundurus|Thundurus, M|299/299","|turn|18","|","|move|p2a: Thundurus|Hidden Power|p1a: Garchomp","|-supereffective|p1a: Garchomp","|-damage|p1a: Garchomp|0 fnt","|-damage|p2a: Thundurus|270/299|[from] item: Life Orb","|faint|p1a: Garchomp","|","|","|switch|p1a: Nidoking|Nidoking, M|366/366","|turn|19","|","|move|p1a: Nidoking|Sucker Punch|p2a: Thundurus","|-damage|p2a: Thundurus|148/299","|move|p2a: Thundurus|Hidden Power|p1a: Nidoking","|-supereffective|p1a: Nidoking","|-damage|p1a: Nidoking|145/366","|-damage|p2a: Thundurus|119/299|[from] item: Life Orb","|","|-heal|p1a: Nidoking|167/366|[from] item: Black Sludge","|turn|20","|","|move|p2a: Thundurus|Hidden Power|p1a: Nidoking","|-supereffective|p1a: Nidoking","|-damage|p1a: Nidoking|0 fnt","|-damage|p2a: Thundurus|90/299|[from] item: Life Orb","|faint|p1a: Nidoking","|","|win|Trivial03"],"p1rating":{"entryid":"7623429","serverid":"eos","formatid":"monotype","userid":"raiteri","username":"Raiteri","w":"2","l":5,"t":"0","gxe":36.9,"r":"1500","rd":"130","sigma":"0","rptime":"1439542800","rpr":1394.9339877412,"rprd":95.931417296512,"rpsigma":"0","acre":1023.0414769222,"lacre":1023.0414769222,"oldacre":"1041.1125251276"},"p2rating":{"entryid":"7569292","serverid":"eos","formatid":"monotype","userid":"trivial03","username":"Trivial03","w":1,"l":"8","t":"0","gxe":32.9,"r":"1385.0312545181","rd":"106.97099504089","sigma":"0","rptime":"1439542800","rpr":1361.320647642,"rprd":92.010895313828,"rpsigma":"0","acre":1044.7112852479,"lacre":1044.7112852479,"oldacre":"1000"},"endType":"normal"}