{"seed":[38041,49496,54214,24046],"turns":22,"p1":"Prince ♫ Sky","p2":"Intern olBezerkolo","p1team":[{"name":"Galvantula","species":"Galvantula","item":"focussash","ability":"Compound Eyes","moves":["stickyweb","thunder","energyball","hiddenpowerice"],"nature":"Timid","evs":{"hp":0,"atk":0,"def":0,"spa":252,"spd":0,"spe":252},"ivs":{"hp":31,"atk":30,"def":30,"spa":31,"spd":31,"spe":31}},{"name":"Genesect","species":"Genesect","item":"choicescarf","ability":"Download","moves":["thunderbolt","flamethrower","uturn","icebeam"],"nature":"Naive","evs":{"hp":0,"atk":0,"def":0,"spa":252,"spd":0,"spe":252},"ivs":{"hp":31,"atk":31,"def":31,"spa":31,"spd":31,"spe":31}},{"name":"Volcarona","species":"Volcarona","item":"lumberry","ability":"Flame Body","moves":["bugbuzz","fierydance","quiverdance","roost"],"nature":"Timid","evs":{"hp":0,"atk":0,"def":0,"spa":252,"spd":0,"spe":252},"ivs":{"hp":31,"atk":31,"def":31,"spa":31,"spd":31,"spe":31}},{"name":"Forretress","species":"Forretress","item":"redcard","ability":"Sturdy","moves":["gyroball","voltswitch","rapidspin","stealthrock"],"nature":"Relaxed","evs":{"hp":252,"atk":0,"def":252,"spa":0,"spd":0,"spe":0},"ivs":{"hp":31,"atk":31,"def":31,"spa":31,"spd":31,"spe":0}},{"name":"Pinsir","species":"Pinsir","item":"pinsirite","ability":"Moxie","moves":["earthquake","frustration","quickattack","swordsdance"],"nature":"Jolly","evs":{"hp":0,"atk":252,"def":0,"spa":0,"spd":0,"spe":252},"happiness":0,"ivs":{"hp":31,"atk":31,"def":31,"spa":31,"spd":31,"spe":31}},{"name":"Scizor","species":"Scizor","item":"leftovers","ability":"Technician","moves":["bulletpunch","swordsdance","knockoff","superpower"],"nature":"Impish","evs":{"hp":4,"atk":252,"def":252,"spa":0,"spd":0,"spe":0},"ivs":{"hp":31,"atk":31,"def":31,"spa":31,"spd":31,"spe":31}}],"p2team":[{"name":"Sableye","species":"Sableye","item":"sablenite","ability":"Prankster","moves":["willowisp","calmmind","shadowball","recover"],"nature":"Calm","evs":{"hp":248,"atk":0,"def":180,"spa":8,"spd":72,"spe":0},"ivs":{"hp":31,"atk":31,"def":31,"spa":31,"spd":31,"spe":31}},{"name":"Liepard","species":"Liepard","item":"focussash","ability":"Unburden","moves":["fakeout","suckerpunch","gunkshot","honeclaws"],"nature":"Adamant","evs":{"hp":0,"atk":252,"def":0,"spa":0,"spd":4,"spe":252},"ivs":{"hp":31,"atk":31,"def":31,"spa":31,"spd":31,"spe":31}},{"name":"Drapion","species":"Drapion","item":"scopelens","ability":"Sniper","moves":["nightslash","crosspoison","acupressure","earthquake"],"nature":"Adamant","evs":{"hp":248,"atk":252,"def":0,"spa":0,"spd":8,"spe":0},"ivs":{"hp":31,"atk":31,"def":31,"spa":31,"spd":31,"spe":31}},{"name":"Mandibuzz","species":"Mandibuzz","item":"leftovers","ability":"Overcoat","moves":["foulplay","roost","defog","tailwind"],"nature":"Bold","evs":{"hp":252,"atk":0,"def":252,"spa":0,"spd":4,"spe":0},"ivs":{"hp":31,"atk":31,"def":31,"spa":31,"spd":31,"spe":31}},{"name":"Tyranitar","species":"Tyranitar","item":"assaultvest","ability":"Sand Stream","moves":["darkpulse","icebeam","rockslide","earthpower"],"nature":"Mild","evs":{"hp":232,"atk":8,"def":0,"spa":252,"spd":16,"spe":0},"ivs":{"hp":31,"atk":31,"def":31,"spa":31,"spd":31,"spe":31}},{"name":"Cacturne","species":"Cacturne","item":"leftovers","ability":"Sand Veil","moves":["swordsdance","seedbomb","suckerpunch","drainpunch"],"nature":"Adamant","evs":{"hp":252,"atk":252,"def":0,"spa":0,"spd":4,"spe":0},"ivs":{"hp":31,"atk":31,"def":31,"spa":31,"spd":31,"spe":31}}],"log":["|player|p1|Prince ♫ Sky|princesky.gif","|player|p2|Intern olBezerkolo|136","|gametype|singles","|gen|6","|tier|Monotype","|rated","|rule|Baton Pass Clause: Limit one Baton Passer, can't pass Spe and other stats simultaneously","|rule|Swagger Clause: Swagger is banned","|rule|Same Type Clause: Pokémon in a team must share a type","|clearpoke","|poke|p1|Galvantula, F","|poke|p1|Genesect-*","|poke|p1|Volcarona, F","|poke|p1|Forretress, M","|poke|p1|Pinsir, F","|poke|p1|Scizor, F","|poke|p2|Sableye, F","|poke|p2|Liepard, F","|poke|p2|Drapion, M","|poke|p2|Mandibuzz, F","|poke|p2|Tyranitar, F","|poke|p2|Cacturne, F","|rule|Sleep Clause Mod: Limit one foe put to sleep","|rule|Species Clause: Limit one of each Pokémon","|rule|OHKO Clause: OHKO moves are banned","|rule|Moody Clause: Moody is banned","|rule|Evasion Moves Clause: Evasion moves are banned","|rule|Endless Battle Clause: Forcing endless battles is banned","|rule|HP Percentage Mod: HP is shown in percentages","|teampreview","|","|start","|switch|p1a: Galvantula|Galvantula, F|281/281","|switch|p2a: Drapion|Drapion, M|343/343","|turn|1","|","|move|p1a: Galvantula|Thunder|p2a: Drapion","|-damage|p2a: Drapion|147/343","|-status|p2a: Drapion|par","|cant|p2a: Drapion|par","|","|turn|2","|","|move|p1a: Galvantula|Sticky Web|p2a: Drapion","|-sidestart|p2: Intern olBezerkolo|move: Sticky Web","|move|p2a: Drapion|Earthquake|p1a: Galvantula","|-damage|p1a: Galvantula|138/281","|","|turn|3","|","|move|p1a: Galvantula|Thunder|p2a: Drapion","|-damage|p2a: Drapion|0 fnt","|faint|p2a: Drapion","|","|","|switch|p2a: Tyranitar|Tyranitar, F|399/399","|-activate|p2a: Tyranitar|move: Sticky Web","|-unboost|p2a: Tyranitar|spe|1","|-weather|Sandstorm","|turn|4","|","|switch|p1a: Forretress|Forretress, M|354/354","|move|p2a: Tyranitar|Earth Power|p1a: Forretress","|-damage|p1a: Forretress|218/354","|-unboost|p1a: Forretress|spd|1","|-enditem|p1a: Forretress|Red Card|[of] p2a: Tyranitar","|drag|p2a: Sableye|Sableye, F|303/303","|-activate|p2a: Sableye|move: Sticky Web","|-unboost|p2a: Sableye|spe|1","|","|-weather|Sandstorm|[upkeep]","|-damage|p2a: Sableye|285/303|[from] sandstorm","|turn|5","|","|detailschange|p2a: Sableye|Sableye-Mega, F","|-mega|p2a: Sableye|Sableye|Sablenite","|move|p2a: Sableye|Will-O-Wisp|p1a: Forretress|[miss]","|-miss|p2a: Sableye|p1a: Forretress","|move|p1a: Forretress|Volt Switch|p2a: Sableye","|-damage|p2a: Sableye|254/303","|","|switch|p1a: Volcarona|Volcarona, F|311/311","|","|-weather|Sandstorm|[upkeep]","|-damage|p1a: Volcarona|292/311|[from] sandstorm","|-damage|p2a: Sableye|236/303|[from] sandstorm","|turn|6","|","|move|p1a: Volcarona|Quiver Dance|p1a: Volcarona","|-boost|p1a: Volcarona|spa|1","|-boost|p1a: Volcarona|spd|1","|-boost|p1a: Volcarona|spe|1","|move|p2a: Sableye|Calm Mind|p2a: Sableye","|-boost|p2a: Sableye|spa|1","|-boost|p2a: Sableye|spd|1","|","|-weather|Sandstorm|[upkeep]","|-damage|p1a: Volcarona|273/311|[from] sandstorm","|-damage|p2a: Sableye|218/303|[from] sandstorm","|turn|7","|","|move|p1a: Volcarona|Quiver Dance|p1a: Volcarona","|-boost|p1a: Volcarona|spa|1","|-boost|p1a: Volcarona|spd|1","|-boost|p1a: Volcarona|spe|1","|move|p2a: Sableye|Calm Mind|p2a: Sableye","|-boost|p2a: Sableye|spa|1","|-boost|p2a: Sableye|spd|1","|","|-weather|Sandstorm|[upkeep]","|-damage|p1a: Volcarona|254/311|[from] sandstorm","|-damage|p2a: Sableye|200/303|[from] sandstorm","|turn|8","|","|move|p1a: Volcarona|Quiver Dance|p1a: Volcarona","|-boost|p1a: Volcarona|spa|1","|-boost|p1a: Volcarona|spd|1","|-boost|p1a: Volcarona|spe|1","|move|p2a: Sableye|Calm Mind|p2a: Sableye","|-boost|p2a: Sableye|spa|1","|-boost|p2a: Sableye|spd|1","|","|-weather|none","|turn|9","|","|move|p1a: Volcarona|Bug Buzz|p2a: Sableye","|-damage|p2a: Sableye|68/303","|move|p2a: Sableye|Calm Mind|p2a: Sableye","|-boost|p2a: Sableye|spa|1","|-boost|p2a: Sableye|spd|1","|","|turn|10","|","|move|p1a: Volcarona|Bug Buzz|p2a: Sableye","|-damage|p2a: Sableye|0 fnt","|faint|p2a: Sableye","|","|","|switch|p2a: Liepard|Liepard, F|269/269","|-activate|p2a: Liepard|move: Sticky Web","|-unboost|p2a: Liepard|spe|1","|turn|11","|","|move|p2a: Liepard|Fake Out|p1a: Volcarona","|-crit|p1a: Volcarona","|-damage|p1a: Volcarona|175/311","|-status|p2a: Liepard|brn","|cant|p1a: Volcarona|flinch","|","|-damage|p2a: Liepard|236/269 brn|[from] brn","|turn|12","|","|move|p2a: Liepard|Sucker Punch|p1a: Volcarona","|-damage|p1a: Volcarona|85/311","|move|p1a: Volcarona|Bug Buzz|p2a: Liepard","|-supereffective|p2a: Liepard","|-damage|p2a: Liepard|0 fnt","|faint|p2a: Liepard","|","|","|switch|p2a: Tyranitar|Tyranitar, F|399/399","|-activate|p2a: Tyranitar|move: Sticky Web","|-unboost|p2a: Tyranitar|spe|1","|-weather|Sandstorm","|turn|13","|","|move|p1a: Volcarona|Bug Buzz|p2a: Tyranitar","|-supereffective|p2a: Tyranitar","|-damage|p2a: Tyranitar|31/399","|move|p2a: Tyranitar|Rock Slide|p1a: Volcarona","|-supereffective|p1a: Volcarona","|-damage|p1a: Volcarona|0 fnt","|faint|p1a: Volcarona","|","|-weather|Sandstorm|[upkeep]","|","|switch|p1a: Forretress|Forretress, M|218/354","|turn|14","|","|move|p2a: Tyranitar|Earth Power|p1a: Forretress","|-damage|p1a: Forretress|65/354","|move|p1a: Forretress|Stealth Rock|p2a: Tyranitar","|-sidestart|p2: Intern olBezerkolo|move: Stealth Rock","|","|-weather|Sandstorm|[upkeep]","|turn|15","|","|move|p2a: Tyranitar|Earth Power|p1a: Forretress","|-damage|p1a: Forretress|0 fnt","|faint|p1a: Forretress","|","|-weather|Sandstorm|[upkeep]","|","|switch|p1a: Genesect|Genesect|283/283","|-boost|p1a: Genesect|atk|1|[from] ability: Download","|turn|16","|","|move|p1a: Genesect|Ice Beam|p2a: Tyranitar","|-damage|p2a: Tyranitar|0 fnt","|faint|p2a: Tyranitar","|","|-weather|Sandstorm|[upkeep]","|","|switch|p2a: Cacturne|Cacturne, F|344/344","|-damage|p2a: Cacturne|301/344|[from] Stealth Rock","|-activate|p2a: Cacturne|move: Sticky Web","|-unboost|p2a: Cacturne|spe|1","|turn|17","|","|move|p1a: Genesect|Ice Beam|p2a: Cacturne|[miss]","|-miss|p1a: Genesect|p2a: Cacturne","|move|p2a: Cacturne|Drain Punch|p1a: Genesect","|-damage|p1a: Genesect|183/283","|-heal|p2a: Cacturne|344/344|[from] drain|[of] p1a: Genesect","|","|-weather|none","|turn|18","|","|move|p1a: Genesect|Ice Beam|p2a: Cacturne","|-supereffective|p2a: Cacturne","|-damage|p2a: Cacturne|18/344","|move|p2a: Cacturne|Swords Dance|p2a: Cacturne","|-boost|p2a: Cacturne|atk|2","|","|-heal|p2a: Cacturne|39/344|[from] item: Leftovers","|turn|19","|","|switch|p1a: Pinsir|Pinsir, F|271/271","|move|p2a: Cacturne|Sucker Punch|p1a: Pinsir","|-fail|p2a: Cacturne","|","|-heal|p2a: Cacturne|60/344|[from] item: Leftovers","|turn|20","|","|detailschange|p1a: Pinsir|Pinsir-Mega, F","|-mega|p1a: Pinsir|Pinsir|Pinsirite","|move|p1a: Pinsir|Quick Attack|p2a: Cacturne","|-supereffective|p2a: Cacturne","|-damage|p2a: Cacturne|0 fnt","|faint|p2a: Cacturne","|","|","|switch|p2a: Mandibuzz|Mandibuzz, F|424/424","|-damage|p2a: Mandibuzz|318/424|[from] Stealth Rock","|turn|21","|","|move|p1a: Pinsir|Swords Dance|p1a: Pinsir","|-boost|p1a: Pinsir|atk|2","|move|p2a: Mandibuzz|Foul Play|p1a: Pinsir","|-damage|p1a: Pinsir|0 fnt","|faint|p1a: Pinsir","|","|-heal|p2a: Mandibuzz|344/424|[from] item: Leftovers","|","|switch|p1a: Galvantula|Galvantula, F|138/281","|turn|22","|","|move|p1a: Galvantula|Thunder|p2a: Mandibuzz","|-supereffective|p2a: Mandibuzz","|-damage|p2a: Mandibuzz|0 fnt","|faint|p2a: Mandibuzz","|","|win|Prince ♫ Sky"],"p1rating":{"entryid":"7606450","serverid":"eos","formatid":"monotype","userid":"princesky","username":"Prince ♡ Sky","w":9,"l":"2","t":"0","gxe":66.3,"r":"1578.962580868","rd":"101.76762202782","sigma":"0","rptime":"1439542800","rpr":1631.0514203498,"rprd":84.950554918592,"rpsigma":"0","acre":1183.2400165884,"lacre":1183.2400165884,"oldacre":"1164.9549449452"},"p2rating":{"entryid":"7487892","serverid":"eos","formatid":"monotype","userid":"internolbezerkolo","username":"InternOlbezerkolo","w":"7","l":13,"t":"0","gxe":40.2,"r":1432.2556681722,"rd":71.38064836083,"sigma":"0","rptime":1439542800,"rpr":1423.8973279717,"rprd":70.242819976739,"rpsigma":"0","acre":1054.3724597723,"lacre":1054.3724597723,"oldacre":"1069.2881175951"},"endType":"normal"}