{"seed":[21005,60535,45303,53381],"turns":26,"p1":"Rain ☆ sidious","p2":"Rain ☆ S.Herbs","p1team":[{"name":"Gardevoir","species":"Gardevoir","item":"gardevoirite","ability":"Synchronize","moves":["hypervoice","wish","willowisp","protect"],"nature":"Bold","evs":{"hp":108,"atk":0,"def":244,"spa":144,"spd":0,"spe":12},"ivs":{"hp":31,"atk":31,"def":31,"spa":31,"spd":31,"spe":31}},{"name":"Latias","species":"Latias","item":"leftovers","ability":"Levitate","moves":["tailwind","dragonpulse","psyshock","defog"],"nature":"Calm","evs":{"hp":252,"atk":0,"def":0,"spa":0,"spd":252,"spe":4},"ivs":{"hp":31,"atk":31,"def":31,"spa":31,"spd":31,"spe":31}},{"name":"Victini","species":"Victini","item":"choicescarf","ability":"Victory Star","moves":["boltstrike","flareblitz","uturn","zenheadbutt"],"nature":"Jolly","evs":{"hp":0,"atk":252,"def":0,"spa":0,"spd":4,"spe":252},"ivs":{"hp":31,"atk":31,"def":31,"spa":31,"spd":31,"spe":31}},{"name":"Jirachi","species":"Jirachi","item":"leftovers","ability":"Serene Grace","moves":["ironhead","thunderwave","stealthrock","firepunch"],"nature":"Impish","evs":{"hp":252,"atk":4,"def":252,"spa":0,"spd":0,"spe":0},"ivs":{"hp":31,"atk":31,"def":31,"spa":31,"spd":31,"spe":31}},{"name":"Reuniclus","species":"Reuniclus","item":"leftovers","ability":"Magic Guard","moves":["calmmind","psyshock","recover","shadowball"],"nature":"Bold","evs":{"hp":96,"atk":0,"def":160,"spa":252,"spd":0,"spe":0},"ivs":{"hp":31,"atk":31,"def":31,"spa":31,"spd":31,"spe":31}},{"name":"Alakazam","species":"Alakazam","item":"lifeorb","ability":"Magic Guard","moves":["dazzlinggleam","psychic","shadowball","hiddenpowerfire"],"nature":"Timid","evs":{"hp":0,"atk":0,"def":0,"spa":252,"spd":4,"spe":252},"ivs":{"hp":31,"atk":30,"def":31,"spa":30,"spd":31,"spe":30}}],"p2team":[{"name":"Hippowdon","species":"Hippowdon","item":"leftovers","ability":"Sand Stream","moves":["earthquake","stealthrock","slackoff","toxic"],"nature":"Careful","evs":{"hp":252,"atk":4,"def":252,"spa":0,"spd":0,"spe":0},"ivs":{"hp":31,"atk":31,"def":31,"spa":31,"spd":31,"spe":31}},{"name":"Landorus","species":"Landorus","item":"lifeorb","ability":"Sand Force","moves":["earthpower","grassknot","rockslide","sludgebomb"],"nature":"Rash","evs":{"hp":0,"atk":4,"def":0,"spa":252,"spd":0,"spe":252},"ivs":{"hp":31,"atk":31,"def":31,"spa":31,"spd":31,"spe":31}},{"name":"Gliscor","species":"Gliscor","item":"toxicorb","ability":"Poison Heal","moves":["swordsdance","earthquake","knockoff","poisonjab"],"nature":"Careful","evs":{"hp":244,"atk":0,"def":8,"spa":0,"spd":200,"spe":56},"ivs":{"hp":31,"atk":31,"def":31,"spa":31,"spd":31,"spe":31}},{"name":"Garchomp","species":"Garchomp","item":"garchompite","ability":"Rough Skin","moves":["dragonpulse","earthquake","flamethrower","stealthrock"],"nature":"Naive","evs":{"hp":0,"atk":4,"def":0,"spa":252,"spd":0,"spe":252},"ivs":{"hp":31,"atk":31,"def":31,"spa":31,"spd":31,"spe":31}},{"name":"Gastrodon","species":"Gastrodon","item":"leftovers","ability":"Storm Drain","moves":["toxic","sludgebomb","earthpower","scald"],"nature":"Calm","evs":{"hp":252,"atk":0,"def":252,"spa":4,"spd":0,"spe":0},"ivs":{"hp":31,"atk":31,"def":31,"spa":31,"spd":31,"spe":31}},{"name":"Excadrill","species":"Excadrill","item":"airballoon","ability":"Sand Rush","moves":["earthquake","ironhead","rocktomb","swordsdance"],"nature":"Adamant","evs":{"hp":0,"atk":252,"def":4,"spa":0,"spd":0,"spe":252},"shiny":true,"ivs":{"hp":31,"atk":31,"def":31,"spa":31,"spd":31,"spe":31}}],"log":["|player|p1|Rain ☆ sidious|291","|player|p2|Rain ☆ S.Herbs|154","|gametype|singles","|gen|6","|tier|Monotype","|rated","|rule|Baton Pass Clause: Limit one Baton Passer, can't pass Spe and other stats simultaneously","|rule|Swagger Clause: Swagger is banned","|rule|Same Type Clause: Pokémon in a team must share a type","|clearpoke","|poke|p1|Gardevoir, M","|poke|p1|Latias, F","|poke|p1|Victini","|poke|p1|Jirachi","|poke|p1|Reuniclus, F","|poke|p1|Alakazam, F","|poke|p2|Hippowdon, F","|poke|p2|Landorus, M","|poke|p2|Gliscor, M","|poke|p2|Garchomp, M","|poke|p2|Gastrodon, M","|poke|p2|Excadrill, F, shiny","|rule|Sleep Clause Mod: Limit one foe put to sleep","|rule|Species Clause: Limit one of each Pokémon","|rule|OHKO Clause: OHKO moves are banned","|rule|Moody Clause: Moody is banned","|rule|Evasion Moves Clause: Evasion moves are banned","|rule|Endless Battle Clause: Forcing endless battles is banned","|rule|HP Percentage Mod: HP is shown in percentages","|teampreview","|","|start","|switch|p1a: Gardevoir|Gardevoir, M|304/304","|switch|p2a: Hippowdon|Hippowdon, F|420/420","|-weather|Sandstorm","|turn|1","|","|switch|p2a: Gliscor|Gliscor, M|352/352","|detailschange|p1a: Gardevoir|Gardevoir-Mega, M","|-mega|p1a: Gardevoir|Gardevoir|Gardevoirite","|move|p1a: Gardevoir|Will-O-Wisp|p2a: Gliscor","|-status|p2a: Gliscor|brn","|","|-weather|Sandstorm|[upkeep]","|-damage|p1a: Gardevoir|285/304|[from] sandstorm","|-damage|p2a: Gliscor|308/352 brn|[from] brn","|turn|2","|","|move|p2a: Gliscor|Poison Jab|p1a: Gardevoir","|-supereffective|p1a: Gardevoir","|-damage|p1a: Gardevoir|224/304","|-status|p1a: Gardevoir|psn","|move|p1a: Gardevoir|Hyper Voice|p2a: Gliscor","|-damage|p2a: Gliscor|109/352 brn","|","|-weather|Sandstorm|[upkeep]","|-damage|p1a: Gardevoir|205/304 psn|[from] sandstorm","|-damage|p2a: Gliscor|65/352 brn|[from] brn","|-damage|p1a: Gardevoir|167/304 psn|[from] psn","|turn|3","|","|move|p2a: Gliscor|Poison Jab|p1a: Gardevoir","|-supereffective|p1a: Gardevoir","|-damage|p1a: Gardevoir|107/304 psn","|move|p1a: Gardevoir|Wish|p1a: Gardevoir","|","|-weather|Sandstorm|[upkeep]","|-damage|p1a: Gardevoir|88/304 psn|[from] sandstorm","|-damage|p2a: Gliscor|21/352 brn|[from] brn","|-damage|p1a: Gardevoir|50/304 psn|[from] psn","|turn|4","|","|switch|p2a: Excadrill|Excadrill, F, shiny|361/361","|-item|p2a: Excadrill|Air Balloon","|move|p1a: Gardevoir|Protect|p1a: Gardevoir","|-fail|p1a: Gardevoir","|","|-weather|Sandstorm|[upkeep]","|-damage|p1a: Gardevoir|31/304 psn|[from] sandstorm","|-heal|p1a: Gardevoir|183/304 psn|[from] move: Wish|[wisher] Gardevoir","|-damage|p1a: Gardevoir|145/304 psn|[from] psn","|turn|5","|","|move|p2a: Excadrill|Iron Head|p1a: Gardevoir","|-crit|p1a: Gardevoir","|-supereffective|p1a: Gardevoir","|-damage|p1a: Gardevoir|0 fnt","|faint|p1a: Gardevoir","|","|-weather|none","|","|switch|p1a: Jirachi|Jirachi|404/404","|turn|6","|","|switch|p2a: Hippowdon|Hippowdon, F|420/420","|-weather|Sandstorm","|move|p1a: Jirachi|Stealth Rock|p2a: Hippowdon","|-sidestart|p2: Rain ☆ S.Herbs|move: Stealth Rock","|","|-weather|Sandstorm|[upkeep]","|turn|7","|","|move|p1a: Jirachi|Iron Head|p2a: Hippowdon","|-damage|p2a: Hippowdon|357/420","|move|p2a: Hippowdon|Stealth Rock|p1a: Jirachi","|-sidestart|p1: Rain ☆ sidious|move: Stealth Rock","|","|-weather|Sandstorm|[upkeep]","|-heal|p2a: Hippowdon|383/420|[from] item: Leftovers","|turn|8","|","|move|p1a: Jirachi|Iron Head|p2a: Hippowdon","|-damage|p2a: Hippowdon|320/420","|move|p2a: Hippowdon|Earthquake|p1a: Jirachi","|-supereffective|p1a: Jirachi","|-damage|p1a: Jirachi|234/404","|","|-weather|Sandstorm|[upkeep]","|-heal|p1a: Jirachi|259/404|[from] item: Leftovers","|-heal|p2a: Hippowdon|346/420|[from] item: Leftovers","|turn|9","|","|switch|p2a: Gastrodon|Gastrodon, M|426/426","|-damage|p2a: Gastrodon|400/426|[from] Stealth Rock","|move|p1a: Jirachi|Iron Head|p2a: Gastrodon","|-resisted|p2a: Gastrodon","|-damage|p2a: Gastrodon|352/426","|","|-weather|Sandstorm|[upkeep]","|-heal|p1a: Jirachi|284/404|[from] item: Leftovers","|-heal|p2a: Gastrodon|378/426|[from] item: Leftovers","|turn|10","|","|switch|p1a: Alakazam|Alakazam, F|251/251","|move|p2a: Gastrodon|Earth Power|p1a: Alakazam","|-damage|p1a: Alakazam|142/251","|-unboost|p1a: Alakazam|spd|1","|","|-weather|none","|-heal|p2a: Gastrodon|404/426|[from] item: Leftovers","|turn|11","|","|switch|p1a: Latias|Latias, F|364/364","|-damage|p1a: Latias|319/364|[from] Stealth Rock","|switch|p2a: Gliscor|Gliscor, M|21/352 brn","|-damage|p2a: Gliscor|0 fnt|[from] Stealth Rock","|faint|p2a: Gliscor","|","|-heal|p1a: Latias|341/364|[from] item: Leftovers","|","|switch|p2a: Hippowdon|Hippowdon, F|346/420","|-damage|p2a: Hippowdon|320/420|[from] Stealth Rock","|-weather|Sandstorm","|turn|12","|","|move|p1a: Latias|Tailwind|p1a: Latias","|-sidestart|p1: Rain ☆ sidious|move: Tailwind","|move|p2a: Hippowdon|Toxic|p1a: Latias","|-status|p1a: Latias|tox","|","|-weather|Sandstorm|[upkeep]","|-damage|p1a: Latias|319/364 tox|[from] sandstorm","|-heal|p1a: Latias|341/364 tox|[from] item: Leftovers","|-heal|p2a: Hippowdon|346/420|[from] item: Leftovers","|-damage|p1a: Latias|319/364 tox|[from] psn","|turn|13","|","|switch|p1a: Jirachi|Jirachi|284/404","|-damage|p1a: Jirachi|259/404|[from] Stealth Rock","|switch|p2a: Gastrodon|Gastrodon, M|404/426","|-damage|p2a: Gastrodon|378/426|[from] Stealth Rock","|","|-weather|Sandstorm|[upkeep]","|-heal|p1a: Jirachi|284/404|[from] item: Leftovers","|-heal|p2a: Gastrodon|404/426|[from] item: Leftovers","|turn|14","|","|switch|p1a: Latias|Latias, F|319/364 tox","|-damage|p1a: Latias|274/364 tox|[from] Stealth Rock","|move|p2a: Gastrodon|Scald|p1a: Latias","|-resisted|p1a: Latias","|-damage|p1a: Latias|247/364 tox","|","|-weather|Sandstorm|[upkeep]","|-damage|p1a: Latias|225/364 tox|[from] sandstorm","|-heal|p1a: Latias|247/364 tox|[from] item: Leftovers","|-heal|p2a: Gastrodon|426/426|[from] item: Leftovers","|-damage|p1a: Latias|225/364 tox|[from] psn","|turn|15","|","|move|p1a: Latias|Defog|p2a: Gastrodon","|-unboost|p2a: Gastrodon|evasion|1","|-sideend|p2: Rain ☆ S.Herbs|Stealth Rock|[from] move: Defog|[of] p2a: Gastrodon","|-sideend|p1: Rain ☆ sidious|Stealth Rock|[from] move: Defog|[of] p1a: Latias","|move|p2a: Gastrodon|Sludge Bomb|p1a: Latias","|-damage|p1a: Latias|188/364 tox","|","|-weather|Sandstorm|[upkeep]","|-damage|p1a: Latias|166/364 tox|[from] sandstorm","|-heal|p1a: Latias|188/364 tox|[from] item: Leftovers","|-damage|p1a: Latias|144/364 tox|[from] psn","|-sideend|p1: Rain ☆ sidious|move: Tailwind","|turn|16","|","|move|p1a: Latias|Psyshock|p2a: Gastrodon","|-damage|p2a: Gastrodon|330/426","|move|p2a: Gastrodon|Sludge Bomb|p1a: Latias","|-damage|p1a: Latias|102/364 tox","|","|-weather|none","|-heal|p1a: Latias|124/364 tox|[from] item: Leftovers","|-heal|p2a: Gastrodon|356/426|[from] item: Leftovers","|-damage|p1a: Latias|58/364 tox|[from] psn","|turn|17","|","|switch|p2a: Hippowdon|Hippowdon, F|346/420","|-weather|Sandstorm","|move|p1a: Latias|Dragon Pulse|p2a: Hippowdon","|-damage|p2a: Hippowdon|226/420","|","|-weather|Sandstorm|[upkeep]","|-damage|p1a: Latias|36/364 tox|[from] sandstorm","|-heal|p1a: Latias|58/364 tox|[from] item: Leftovers","|-heal|p2a: Hippowdon|252/420|[from] item: Leftovers","|-damage|p1a: Latias|0 fnt|[from] psn","|faint|p1a: Latias","|","|switch|p1a: Reuniclus|Reuniclus, F|385/385","|turn|18","|","|switch|p2a: Excadrill|Excadrill, F, shiny|361/361","|-item|p2a: Excadrill|Air Balloon","|move|p1a: Reuniclus|Calm Mind|p1a: Reuniclus","|-boost|p1a: Reuniclus|spa|1","|-boost|p1a: Reuniclus|spd|1","|","|-weather|Sandstorm|[upkeep]","|turn|19","|","|move|p2a: Excadrill|Swords Dance|p2a: Excadrill","|-boost|p2a: Excadrill|atk|2","|move|p1a: Reuniclus|Calm Mind|p1a: Reuniclus","|-boost|p1a: Reuniclus|spa|1","|-boost|p1a: Reuniclus|spd|1","|","|-weather|Sandstorm|[upkeep]","|turn|20","|","|move|p2a: Excadrill|Iron Head|p1a: Reuniclus","|-damage|p1a: Reuniclus|64/385","|move|p1a: Reuniclus|Psyshock|p2a: Excadrill","|-resisted|p2a: Excadrill","|-damage|p2a: Excadrill|136/361","|-enditem|p2a: Excadrill|Air Balloon","|","|-weather|Sandstorm|[upkeep]","|-heal|p1a: Reuniclus|88/385|[from] item: Leftovers","|turn|21","|","|switch|p1a: Jirachi|Jirachi|284/404","|move|p2a: Excadrill|Earthquake|p1a: Jirachi","|-supereffective|p1a: Jirachi","|-damage|p1a: Jirachi|0 fnt","|faint|p1a: Jirachi","|","|-weather|none","|","|switch|p1a: Alakazam|Alakazam, F|142/251","|turn|22","|","|switch|p2a: Hippowdon|Hippowdon, F|252/420","|-weather|Sandstorm","|move|p1a: Alakazam|Hidden Power|p2a: Hippowdon","|-damage|p2a: Hippowdon|142/420","|","|-weather|Sandstorm|[upkeep]","|-heal|p2a: Hippowdon|168/420|[from] item: Leftovers","|turn|23","|","|move|p1a: Alakazam|Psychic|p2a: Hippowdon","|-damage|p2a: Hippowdon|0 fnt","|faint|p2a: Hippowdon","|","|-weather|Sandstorm|[upkeep]","|","|switch|p2a: Excadrill|Excadrill, F, shiny|136/361","|turn|24","|","|switch|p1a: Reuniclus|Reuniclus, F|88/385","|move|p2a: Excadrill|Earthquake|p1a: Reuniclus","|-damage|p1a: Reuniclus|0 fnt","|faint|p1a: Reuniclus","|","|-weather|Sandstorm|[upkeep]","|","|switch|p1a: Victini|Victini|341/341","|turn|25","|","|move|p2a: Excadrill|Earthquake|p1a: Victini","|-supereffective|p1a: Victini","|-damage|p1a: Victini|0 fnt","|faint|p1a: Victini","|","|-weather|Sandstorm|[upkeep]","|","|switch|p1a: Alakazam|Alakazam, F|142/251","|turn|26","|","|move|p2a: Excadrill|Earthquake|p1a: Alakazam","|-damage|p1a: Alakazam|0 fnt","|faint|p1a: Alakazam","|","|win|Rain ☆ S.Herbs"],"p1rating":{"entryid":"6395890","serverid":"eos","formatid":"monotype","userid":"rainsidious","username":"Rain ☆ sidious","w":"56","l":71,"t":"0","gxe":45.6,"r":"1466.1627236215","rd":"39.759650480436","sigma":"0","rptime":"1439542800","rpr":1466.781022368,"rprd":39.294420677864,"rpsigma":"0","acre":1109.4459438824,"lacre":1109.4459438824,"oldacre":"1136.9776070529"},"p2rating":{"entryid":"7610897","serverid":"eos","formatid":"monotype","userid":"rainsherbs","username":"Rain ☆ S.Herbs","w":4,"l":"0","t":"0","gxe":64.4,"r":"1536.3889073744","rd":"122.47205450411","sigma":"0","rptime":"1439542800","rpr":1616.5669973942,"rprd":106.28030166069,"rpsigma":"0","acre":1129.2046615227,"lacre":1129.2046615227,"oldacre":"1101.6729983522"},"endType":"normal"}