{"seed":[4844,52773,25675,1765],"turns":39,"p1":"alliance-c-control","p2":"GTX♅Pyroar","p1team":[{"name":"Zapdos","species":"Zapdos","item":"rockyhelmet","ability":"Pressure","moves":["defog","heatwave","voltswitch","roost"],"nature":"Modest","evs":{"hp":248,"atk":0,"def":0,"spa":252,"spd":8,"spe":0},"ivs":{"hp":31,"atk":31,"def":31,"spa":31,"spd":31,"spe":31}},{"name":"Magnezone","species":"Magnezone","item":"choicescarf","ability":"Analytic","moves":["flashcannon","hiddenpowerice","voltswitch","mirrorcoat"],"nature":"Timid","evs":{"hp":0,"atk":0,"def":0,"spa":252,"spd":4,"spe":252},"ivs":{"hp":31,"atk":30,"def":30,"spa":31,"spd":31,"spe":31}},{"name":"Rotom-Wash","species":"Rotom-Wash","item":"leftovers","ability":"Levitate","moves":["hydropump","willowisp","voltswitch","painsplit"],"nature":"Bold","evs":{"hp":252,"atk":0,"def":248,"spa":8,"spd":0,"spe":0},"ivs":{"hp":31,"atk":31,"def":31,"spa":31,"spd":31,"spe":31}},{"name":"Zebstrika","species":"Zebstrika","item":"leftovers","ability":"Sap Sipper","moves":["flamecharge","bounce","mefirst","snatch"],"nature":"Jolly","evs":{"hp":0,"atk":252,"def":0,"spa":0,"spd":4,"spe":252},"happiness":0,"ivs":{"hp":31,"atk":31,"def":31,"spa":31,"spd":31,"spe":31}},{"name":"Thundurus","species":"Thundurus","item":"leftovers","ability":"Prankster","moves":["flashcannon","superpower","thunderbolt","thunderwave"],"nature":"Hasty","evs":{"hp":0,"atk":4,"def":0,"spa":252,"spd":0,"spe":252},"ivs":{"hp":31,"atk":31,"def":31,"spa":31,"spd":31,"spe":31}},{"name":"Emolga","species":"Emolga","item":"sitrusberry","ability":"Motor Drive","moves":["acrobatics","roost","uturn","tailwind"],"nature":"Adamant","evs":{"hp":0,"atk":252,"def":0,"spa":0,"spd":4,"spe":252},"ivs":{"hp":31,"atk":31,"def":31,"spa":31,"spd":31,"spe":31}}],"p2team":[{"name":"Columbus","species":"thundurus","item":"lifeorb","ability":"Prankster","moves":["knockoff","superpower","grassknot","thunderwave"],"nature":"Timid","evs":{"hp":0,"atk":0,"def":4,"spa":252,"spd":0,"spe":252},"ivs":{"hp":30,"atk":30,"def":30,"spa":30,"spd":30,"spe":31},"shiny":true},{"name":"Zapdos","species":"Zapdos","item":"leftovers","ability":"Pressure","moves":["thunderbolt","roost","hiddenpowerice","heatwave"],"nature":"Bold","evs":{"hp":248,"atk":0,"def":176,"spa":68,"spd":0,"spe":16},"ivs":{"hp":31,"atk":30,"def":30,"spa":31,"spd":31,"spe":31},"shiny":true},{"name":"Manectric","species":"Manectric","item":"manectite","ability":"Static","moves":["thunderbolt","voltswitch","hiddenpowergrass","overheat"],"nature":"Timid","evs":{"hp":0,"atk":0,"def":4,"spa":252,"spd":0,"spe":252},"ivs":{"hp":31,"atk":30,"def":31,"spa":30,"spd":31,"spe":31},"shiny":true},{"name":"Rotom-Wash","species":"Rotom-Wash","item":"chestoberry","ability":"Levitate","moves":["willowisp","rest","voltswitch","hydropump"],"nature":"Bold","evs":{"hp":248,"atk":0,"def":252,"spa":0,"spd":0,"spe":8},"shiny":true,"ivs":{"hp":31,"atk":31,"def":31,"spa":31,"spd":31,"spe":31}},{"name":"Electivire","species":"Electivire","item":"choicescarf","ability":"Vital Spirit","moves":["icepunch","crosschop","earthquake","thunderpunch"],"nature":"Jolly","evs":{"hp":0,"atk":252,"def":0,"spa":0,"spd":4,"spe":252},"shiny":true,"ivs":{"hp":31,"atk":31,"def":31,"spa":31,"spd":31,"spe":31}},{"name":"OMH MAGGY","species":"magnezone","item":"airballoon","ability":"Magnet Pull","moves":["magnetrise","hiddenpowerfire","thunderbolt","flashcannon"],"nature":"Modest","evs":{"hp":128,"atk":0,"def":0,"spa":252,"spd":0,"spe":128},"ivs":{"hp":31,"atk":30,"def":31,"spa":30,"spd":31,"spe":30},"shiny":true}],"log":["|player|p1|alliance-c-control|190","|player|p2|GTX♅Pyroar|101","|gametype|singles","|gen|6","|tier|Monotype","|rated","|rule|Baton Pass Clause: Limit one Baton Passer, can't pass Spe and other stats simultaneously","|rule|Swagger Clause: Swagger is banned","|rule|Same Type Clause: Pokémon in a team must share a type","|clearpoke","|poke|p1|Zapdos","|poke|p1|Magnezone","|poke|p1|Rotom-Wash","|poke|p1|Zebstrika, M","|poke|p1|Thundurus, M","|poke|p1|Emolga, F","|poke|p2|Thundurus, M, shiny","|poke|p2|Zapdos, shiny","|poke|p2|Manectric, F, shiny","|poke|p2|Rotom-Wash, shiny","|poke|p2|Electivire, F, shiny","|poke|p2|Magnezone, shiny","|rule|Sleep Clause Mod: Limit one foe put to sleep","|rule|Species Clause: Limit one of each Pokémon","|rule|OHKO Clause: OHKO moves are banned","|rule|Moody Clause: Moody is banned","|rule|Evasion Moves Clause: Evasion moves are banned","|rule|Endless Battle Clause: Forcing endless battles is banned","|rule|HP Percentage Mod: HP is shown in percentages","|teampreview","|","|start","|switch|p1a: Rotom-Wash|Rotom-Wash|304/304","|switch|p2a: Electivire|Electivire, F, shiny|291/291","|turn|1","|","|switch|p2a: Rotom-Wash|Rotom-Wash, shiny|303/303","|move|p1a: Rotom-Wash|Will-O-Wisp|p2a: Rotom-Wash","|-status|p2a: Rotom-Wash|brn","|","|-damage|p2a: Rotom-Wash|266/303 brn|[from] brn","|turn|2","|","|switch|p1a: Emolga|Emolga, F|251/251","|move|p2a: Rotom-Wash|Will-O-Wisp|p1a: Emolga","|-status|p1a: Emolga|brn","|","|-damage|p1a: Emolga|220/251 brn|[from] brn","|-damage|p2a: Rotom-Wash|229/303 brn|[from] brn","|turn|3","|","|switch|p2a: Zapdos|Zapdos, shiny|383/383","|-ability|p2a: Zapdos|Pressure","|move|p1a: Emolga|Tailwind|p1a: Emolga","|-sidestart|p1: alliance-c-control|move: Tailwind","|","|-damage|p1a: Emolga|189/251 brn|[from] brn","|turn|4","|","|move|p1a: Emolga|U-turn|p2a: Zapdos","|-resisted|p2a: Zapdos","|-damage|p2a: Zapdos|371/383","|","|switch|p1a: Magnezone|Magnezone|281/281","|move|p2a: Zapdos|Hidden Power|p1a: Magnezone","|-resisted|p1a: Magnezone","|-damage|p1a: Magnezone|251/281","|","|-heal|p2a: Zapdos|383/383|[from] item: Leftovers","|turn|5","|","|move|p1a: Magnezone|Volt Switch|p2a: Zapdos","|-damage|p2a: Zapdos|245/383","|","|switch|p1a: Thundurus|Thundurus, M|299/299","|move|p2a: Zapdos|Heat Wave|p1a: Thundurus","|-damage|p1a: Thundurus|181/299","|","|-heal|p1a: Thundurus|199/299|[from] item: Leftovers","|-heal|p2a: Zapdos|268/383|[from] item: Leftovers","|turn|6","|","|move|p1a: Thundurus|Thunderbolt|p2a: Zapdos","|-damage|p2a: Zapdos|103/383","|move|p2a: Zapdos|Hidden Power|p1a: Thundurus","|-supereffective|p1a: Thundurus","|-damage|p1a: Thundurus|41/299","|","|-heal|p1a: Thundurus|59/299|[from] item: Leftovers","|-heal|p2a: Zapdos|126/383|[from] item: Leftovers","|-sideend|p1: alliance-c-control|move: Tailwind","|turn|7","|","|switch|p2a: Columbus|Thundurus, M, shiny|298/298","|move|p1a: Thundurus|Thunderbolt|p2a: Columbus","|-damage|p2a: Columbus|108/298","|","|-heal|p1a: Thundurus|77/299|[from] item: Leftovers","|turn|8","|","|switch|p1a: Magnezone|Magnezone|251/281","|move|p2a: Columbus|Knock Off|p1a: Magnezone","|-crit|p1a: Magnezone","|-damage|p1a: Magnezone|108/281","|-enditem|p1a: Magnezone|Choice Scarf|[from] move: Knock Off|[of] p2a: Columbus","|-damage|p2a: Columbus|79/298|[from] item: Life Orb","|","|turn|9","|","|switch|p1a: Emolga|Emolga, F|189/251 brn","|move|p2a: Columbus|Knock Off|p1a: Emolga","|-damage|p1a: Emolga|49/251 brn","|-enditem|p1a: Emolga|Sitrus Berry|[from] move: Knock Off|[of] p2a: Columbus","|-damage|p2a: Columbus|50/298|[from] item: Life Orb","|","|-damage|p1a: Emolga|18/251 brn|[from] brn","|turn|10","|","|move|p2a: Columbus|Knock Off|p1a: Emolga","|-damage|p1a: Emolga|0 fnt","|-damage|p2a: Columbus|21/298|[from] item: Life Orb","|faint|p1a: Emolga","|","|","|switch|p1a: Zebstrika|Zebstrika, M|291/291","|turn|11","|","|move|p1a: Zebstrika|Flame Charge|p2a: Columbus","|-damage|p2a: Columbus|0 fnt","|-boost|p1a: Zebstrika|spe|1","|faint|p2a: Columbus","|","|","|switch|p2a: Electivire|Electivire, F, shiny|291/291","|turn|12","|","|move|p1a: Zebstrika|Me First|p2a: Electivire","|move|p1a: Zebstrika|Earthquake|p2a: Electivire|[from]Me First","|-crit|p2a: Electivire","|-supereffective|p2a: Electivire","|-damage|p2a: Electivire|0 fnt","|faint|p2a: Electivire","|","|","|switch|p2a: Rotom-Wash|Rotom-Wash, shiny|229/303 brn","|turn|13","|","|switch|p1a: Magnezone|Magnezone|108/281","|move|p2a: Rotom-Wash|Will-O-Wisp|p1a: Magnezone","|-status|p1a: Magnezone|brn","|","|-damage|p1a: Magnezone|73/281 brn|[from] brn","|-damage|p2a: Rotom-Wash|192/303 brn|[from] brn","|turn|14","|","|move|p1a: Magnezone|Flash Cannon|p2a: Rotom-Wash","|-resisted|p2a: Rotom-Wash","|-damage|p2a: Rotom-Wash|160/303 brn","|move|p2a: Rotom-Wash|Hydro Pump|p1a: Magnezone","|-damage|p1a: Magnezone|0 fnt","|faint|p1a: Magnezone","|","|-damage|p2a: Rotom-Wash|123/303 brn|[from] brn","|","|switch|p1a: Zapdos|Zapdos|383/383","|-ability|p1a: Zapdos|Pressure","|turn|15","|","|move|p1a: Zapdos|Volt Switch|p2a: Rotom-Wash","|-damage|p2a: Rotom-Wash|0 fnt","|faint|p2a: Rotom-Wash","|","|switch|p1a: Thundurus|Thundurus, M|77/299","|","|-heal|p1a: Thundurus|95/299|[from] item: Leftovers","|","|switch|p2a: OMH MAGGY|Magnezone, shiny|313/313","|-item|p2a: OMH MAGGY|Air Balloon","|turn|16","|","|move|p1a: Thundurus|Superpower|p2a: OMH MAGGY","|-crit|p2a: OMH MAGGY","|-supereffective|p2a: OMH MAGGY","|-damage|p2a: OMH MAGGY|49/313","|-enditem|p2a: OMH MAGGY|Air Balloon","|-unboost|p1a: Thundurus|atk|1","|-unboost|p1a: Thundurus|def|1","|move|p2a: OMH MAGGY|Thunderbolt|p1a: Thundurus","|-damage|p1a: Thundurus|0 fnt","|faint|p1a: Thundurus","|","|","|switch|p1a: Zapdos|Zapdos|383/383","|-ability|p1a: Zapdos|Pressure","|turn|17","|","|move|p1a: Zapdos|Volt Switch|p2a: OMH MAGGY","|-resisted|p2a: OMH MAGGY","|-damage|p2a: OMH MAGGY|0 fnt","|faint|p2a: OMH MAGGY","|","|switch|p1a: Zebstrika|Zebstrika, M|291/291","|","|","|switch|p2a: Manectric|Manectric, F, shiny|281/281","|turn|18","|","|switch|p1a: Rotom-Wash|Rotom-Wash|304/304","|detailschange|p2a: Manectric|Manectric-Mega, F, shiny","|-mega|p2a: Manectric|Manectric|Manectite","|-ability|p2a: Manectric|Intimidate","|-unboost|p1a: Rotom-Wash|atk|1","|move|p2a: Manectric|Overheat|p1a: Rotom-Wash","|-resisted|p1a: Rotom-Wash","|-damage|p1a: Rotom-Wash|230/304","|-unboost|p2a: Manectric|spa|2","|","|-heal|p1a: Rotom-Wash|249/304|[from] item: Leftovers","|turn|19","|","|move|p2a: Manectric|Volt Switch|p1a: Rotom-Wash","|-damage|p1a: Rotom-Wash|185/304","|","|switch|p2a: Zapdos|Zapdos, shiny|126/383","|-ability|p2a: Zapdos|Pressure","|move|p1a: Rotom-Wash|Will-O-Wisp|p2a: Zapdos","|-status|p2a: Zapdos|brn","|","|-heal|p2a: Zapdos|149/383 brn|[from] item: Leftovers","|-heal|p1a: Rotom-Wash|204/304|[from] item: Leftovers","|-damage|p2a: Zapdos|102/383 brn|[from] brn","|turn|20","|","|move|p2a: Zapdos|Roost|p2a: Zapdos","|-heal|p2a: Zapdos|294/383 brn","|move|p1a: Rotom-Wash|Volt Switch|p2a: Zapdos","|-resisted|p2a: Zapdos","|-damage|p2a: Zapdos|247/383 brn","|","|switch|p1a: Zapdos|Zapdos|383/383","|-ability|p1a: Zapdos|Pressure","|","|-heal|p2a: Zapdos|270/383 brn|[from] item: Leftovers","|-damage|p2a: Zapdos|223/383 brn|[from] brn","|turn|21","|","|move|p2a: Zapdos|Roost|p2a: Zapdos","|-heal|p2a: Zapdos|383/383 brn","|move|p1a: Zapdos|Volt Switch|p2a: Zapdos","|-resisted|p2a: Zapdos","|-damage|p2a: Zapdos|304/383 brn","|","|switch|p1a: Zebstrika|Zebstrika, M|291/291","|","|-heal|p2a: Zapdos|327/383 brn|[from] item: Leftovers","|-damage|p2a: Zapdos|280/383 brn|[from] brn","|turn|22","|","|move|p1a: Zebstrika|Flame Charge|p2a: Zapdos","|-damage|p2a: Zapdos|238/383 brn","|-boost|p1a: Zebstrika|spe|1","|move|p2a: Zapdos|Heat Wave|p1a: Zebstrika","|-damage|p1a: Zebstrika|164/291","|","|-heal|p1a: Zebstrika|182/291|[from] item: Leftovers","|-heal|p2a: Zapdos|261/383 brn|[from] item: Leftovers","|-damage|p2a: Zapdos|214/383 brn|[from] brn","|turn|23","|","|move|p1a: Zebstrika|Snatch|p1a: Zebstrika","|-singleturn|p1a: Zebstrika|Snatch","|move|p2a: Zapdos|Heat Wave|p1a: Zebstrika","|-damage|p1a: Zebstrika|43/291","|","|-heal|p1a: Zebstrika|61/291|[from] item: Leftovers","|-heal|p2a: Zapdos|237/383 brn|[from] item: Leftovers","|-damage|p2a: Zapdos|190/383 brn|[from] brn","|turn|24","|","|move|p1a: Zebstrika|Bounce|p2a: Zapdos|[still]","|-prepare|p1a: Zebstrika|Bounce|p2a: Zapdos","|move|p2a: Zapdos|Heat Wave|p1a: Zebstrika","|-miss|p2a: Zapdos|p1a: Zebstrika","|","|-heal|p1a: Zebstrika|79/291|[from] item: Leftovers","|-heal|p2a: Zapdos|213/383 brn|[from] item: Leftovers","|-damage|p2a: Zapdos|166/383 brn|[from] brn","|turn|25","|","|move|p1a: Zebstrika|Bounce|p2a: Zapdos|[from]lockedmove","|-resisted|p2a: Zapdos","|-damage|p2a: Zapdos|127/383 brn","|move|p2a: Zapdos|Roost|p2a: Zapdos","|-heal|p2a: Zapdos|319/383 brn","|","|-heal|p1a: Zebstrika|97/291|[from] item: Leftovers","|-heal|p2a: Zapdos|342/383 brn|[from] item: Leftovers","|-damage|p2a: Zapdos|295/383 brn|[from] brn","|turn|26","|","|switch|p1a: Rotom-Wash|Rotom-Wash|204/304","|move|p2a: Zapdos|Heat Wave|p1a: Rotom-Wash","|-resisted|p1a: Rotom-Wash","|-damage|p1a: Rotom-Wash|161/304","|","|-heal|p2a: Zapdos|318/383 brn|[from] item: Leftovers","|-heal|p1a: Rotom-Wash|180/304|[from] item: Leftovers","|-damage|p2a: Zapdos|271/383 brn|[from] brn","|turn|27","|","|move|p2a: Zapdos|Thunderbolt|p1a: Rotom-Wash","|-damage|p1a: Rotom-Wash|57/304","|move|p1a: Rotom-Wash|Pain Split|p2a: Zapdos","|-sethp|p2a: Zapdos|164/383 brn|p1a: Rotom-Wash|164/304|[from] move: Pain Split","|","|-heal|p2a: Zapdos|187/383 brn|[from] item: Leftovers","|-heal|p1a: Rotom-Wash|183/304|[from] item: Leftovers","|-damage|p2a: Zapdos|140/383 brn|[from] brn","|turn|28","|","|switch|p1a: Zapdos|Zapdos|383/383","|-ability|p1a: Zapdos|Pressure","|move|p2a: Zapdos|Roost|p2a: Zapdos","|-heal|p2a: Zapdos|332/383 brn","|","|-heal|p2a: Zapdos|355/383 brn|[from] item: Leftovers","|-damage|p2a: Zapdos|308/383 brn|[from] brn","|turn|29","|","|move|p2a: Zapdos|Thunderbolt|p1a: Zapdos","|-crit|p1a: Zapdos","|-damage|p1a: Zapdos|178/383","|move|p1a: Zapdos|Volt Switch|p2a: Zapdos","|-damage|p2a: Zapdos|172/383 brn","|","|switch|p1a: Zebstrika|Zebstrika, M|97/291","|","|-heal|p1a: Zebstrika|115/291|[from] item: Leftovers","|-heal|p2a: Zapdos|195/383 brn|[from] item: Leftovers","|-damage|p2a: Zapdos|148/383 brn|[from] brn","|turn|30","|","|move|p1a: Zebstrika|Snatch|p1a: Zebstrika","|-singleturn|p1a: Zebstrika|Snatch","|move|p2a: Zapdos|Heat Wave|p1a: Zebstrika","|-damage|p1a: Zebstrika|0 fnt","|faint|p1a: Zebstrika","|","|-heal|p2a: Zapdos|171/383 brn|[from] item: Leftovers","|-damage|p2a: Zapdos|124/383 brn|[from] brn","|","|switch|p1a: Zapdos|Zapdos|178/383","|-ability|p1a: Zapdos|Pressure","|turn|31","|","|move|p2a: Zapdos|Roost|p2a: Zapdos","|-heal|p2a: Zapdos|316/383 brn","|move|p1a: Zapdos|Roost|p1a: Zapdos","|-heal|p1a: Zapdos|370/383","|","|-heal|p2a: Zapdos|339/383 brn|[from] item: Leftovers","|-damage|p2a: Zapdos|292/383 brn|[from] brn","|turn|32","|","|move|p2a: Zapdos|Thunderbolt|p1a: Zapdos","|-damage|p1a: Zapdos|228/383","|move|p1a: Zapdos|Roost|p1a: Zapdos","|-heal|p1a: Zapdos|383/383","|","|-heal|p2a: Zapdos|315/383 brn|[from] item: Leftovers","|-damage|p2a: Zapdos|268/383 brn|[from] brn","|turn|33","|","|move|p2a: Zapdos|Thunderbolt|p1a: Zapdos","|-damage|p1a: Zapdos|230/383","|move|p1a: Zapdos|Volt Switch|p2a: Zapdos","|-damage|p2a: Zapdos|114/383 brn","|","|switch|p1a: Rotom-Wash|Rotom-Wash|183/304","|","|-heal|p2a: Zapdos|137/383 brn|[from] item: Leftovers","|-heal|p1a: Rotom-Wash|202/304|[from] item: Leftovers","|-damage|p2a: Zapdos|90/383 brn|[from] brn","|turn|34","|","|move|p2a: Zapdos|Roost|p2a: Zapdos","|-heal|p2a: Zapdos|282/383 brn","|move|p1a: Rotom-Wash|Volt Switch|p2a: Zapdos","|-resisted|p2a: Zapdos","|-damage|p2a: Zapdos|234/383 brn","|","|switch|p1a: Zapdos|Zapdos|230/383","|-ability|p1a: Zapdos|Pressure","|","|-heal|p2a: Zapdos|257/383 brn|[from] item: Leftovers","|-damage|p2a: Zapdos|210/383 brn|[from] brn","|turn|35","|","|move|p2a: Zapdos|Roost|p2a: Zapdos","|-heal|p2a: Zapdos|383/383 brn","|move|p1a: Zapdos|Roost|p1a: Zapdos","|-heal|p1a: Zapdos|383/383","|","|-damage|p2a: Zapdos|336/383 brn|[from] brn","|turn|36","|","|move|p2a: Zapdos|Hidden Power|p1a: Zapdos","|-crit|p1a: Zapdos","|-supereffective|p1a: Zapdos","|-damage|p1a: Zapdos|185/383","|move|p1a: Zapdos|Volt Switch|p2a: Zapdos","|-damage|p2a: Zapdos|186/383 brn","|","|switch|p1a: Rotom-Wash|Rotom-Wash|202/304","|","|-heal|p2a: Zapdos|209/383 brn|[from] item: Leftovers","|-heal|p1a: Rotom-Wash|221/304|[from] item: Leftovers","|-damage|p2a: Zapdos|162/383 brn|[from] brn","|turn|37","|","|move|p2a: Zapdos|Thunderbolt|p1a: Rotom-Wash","|-damage|p1a: Rotom-Wash|95/304","|move|p1a: Rotom-Wash|Hydro Pump|p2a: Zapdos","|-damage|p2a: Zapdos|24/383 brn","|","|-heal|p2a: Zapdos|47/383 brn|[from] item: Leftovers","|-heal|p1a: Rotom-Wash|114/304|[from] item: Leftovers","|-damage|p2a: Zapdos|0 fnt|[from] brn","|faint|p2a: Zapdos","|","|switch|p2a: Manectric|Manectric-Mega, F, shiny|281/281","|-ability|p2a: Manectric|Intimidate","|-unboost|p1a: Rotom-Wash|atk|1","|turn|38","|","|move|p2a: Manectric|Thunderbolt|p1a: Rotom-Wash","|-damage|p1a: Rotom-Wash|0 fnt","|faint|p1a: Rotom-Wash","|","|","|switch|p1a: Zapdos|Zapdos|185/383","|-ability|p1a: Zapdos|Pressure","|turn|39","|","|move|p2a: Manectric|Thunderbolt|p1a: Zapdos","|-crit|p1a: Zapdos","|-damage|p1a: Zapdos|0 fnt","|faint|p1a: Zapdos","|","|win|GTX♅Pyroar"],"p1rating":{"entryid":"6440455","serverid":"eos","formatid":"monotype","userid":"allianceccontrol","username":"Alliance-C-Control","w":"243","l":310,"t":"0","gxe":44.5,"r":"1460.7413433616","rd":"32.724461965919","sigma":"0","rptime":"1439542800","rpr":1458.4248666633,"rprd":32.354818797134,"rpsigma":"0","acre":1105.080313487,"lacre":1105.080313487,"oldacre":"1135.1762067888"},"p2rating":{"entryid":"7598952","serverid":"eos","formatid":"monotype","userid":"gtxpyroar","username":"GTX♅Pyroar","w":4,"l":"2","t":"0","gxe":55.6,"r":"1556.1322052567","rd":"117.01851324432","sigma":"0","rptime":"1439542800","rpr":1543.9601609629,"rprd":98.805929867213,"rpsigma":"0","acre":1100.0642980309,"lacre":1100.0642980309,"oldacre":"1063.3503878234"},"endType":"normal"}