{"seed":[12810,65073,62852,59875],"turns":37,"p1":"Shining Yin","p2":"Rustic Espeon","p1team":[{"name":"Aegislash","species":"Aegislash","item":"weaknesspolicy","ability":"Stance Change","moves":["kingsshield","swordsdance","shadowsneak","ironhead"],"nature":"Adamant","evs":{"hp":248,"atk":252,"def":0,"spa":0,"spd":8,"spe":0},"ivs":{"hp":31,"atk":31,"def":31,"spa":31,"spd":31,"spe":31}},{"name":"Sableye","species":"Sableye","item":"sablenite","ability":"Prankster","moves":["willowisp","recover","calmmind","snarl"],"nature":"Calm","evs":{"hp":252,"atk":0,"def":160,"spa":0,"spd":96,"spe":0},"ivs":{"hp":31,"atk":0,"def":31,"spa":31,"spd":31,"spe":31}},{"name":"Golurk","species":"Golurk","item":"focussash","ability":"No Guard","moves":["stealthrock","stoneedge","dynamicpunch","earthquake"],"nature":"Adamant","evs":{"hp":0,"atk":252,"def":0,"spa":0,"spd":4,"spe":252},"ivs":{"hp":31,"atk":31,"def":31,"spa":31,"spd":31,"spe":31}},{"name":"Jellicent","species":"Jellicent","item":"leftovers","ability":"Water Absorb","moves":["acidarmor","toxic","recover","scald"],"nature":"Calm","evs":{"hp":252,"atk":0,"def":4,"spa":0,"spd":252,"spe":0},"gender":"M","ivs":{"hp":31,"atk":0,"def":31,"spa":31,"spd":31,"spe":31}},{"name":"Chandelure","species":"Chandelure","item":"choicescarf","ability":"Flash Fire","moves":["flamethrower","shadowball","energyball","trick"],"nature":"Timid","evs":{"hp":0,"atk":0,"def":4,"spa":252,"spd":0,"spe":252},"ivs":{"hp":31,"atk":30,"def":30,"spa":31,"spd":31,"spe":31}},{"name":"Gengar","species":"Gengar","item":"focussash","ability":"Levitate","moves":["destinybond","shadowball","icywind","sludgewave"],"nature":"Timid","evs":{"hp":0,"atk":0,"def":0,"spa":252,"spd":4,"spe":252},"ivs":{"hp":31,"atk":0,"def":31,"spa":31,"spd":31,"spe":31}}],"p2team":[{"name":"Skarmory","species":"Skarmory","item":"rockyhelmet","ability":"Sturdy","moves":["roost","stealthrock","bravebird","defog"],"nature":"Impish","evs":{"hp":0,"atk":252,"def":0,"spa":0,"spd":4,"spe":252},"ivs":{"hp":31,"atk":31,"def":31,"spa":31,"spd":31,"spe":31}},{"name":"Heatran","species":"Heatran","item":"airballoon","ability":"Flash Fire","moves":["protect","lavaplume","earthpower","willowisp"],"nature":"Calm","evs":{"hp":248,"atk":0,"def":0,"spa":8,"spd":252,"spe":0},"ivs":{"hp":31,"atk":31,"def":31,"spa":31,"spd":31,"spe":31}},{"name":"Excadrill","species":"Excadrill","item":"choicescarf","ability":"Mold Breaker","moves":["earthquake","ironhead","rockslide","xscissor"],"nature":"Jolly","evs":{"hp":0,"atk":252,"def":0,"spa":0,"spd":4,"spe":252},"ivs":{"hp":31,"atk":31,"def":31,"spa":31,"spd":31,"spe":31}},{"name":"Magnezone","species":"Magnezone","item":"choicespecs","ability":"Sturdy","moves":["hiddenpowerice","thunderbolt","triattack","voltswitch"],"nature":"Modest","evs":{"hp":248,"atk":0,"def":0,"spa":252,"spd":8,"spe":0},"ivs":{"hp":31,"atk":30,"def":30,"spa":31,"spd":31,"spe":31}},{"name":"Lucario","species":"Lucario","item":"lifeorb","ability":"Inner Focus","moves":["aurasphere","vacuumwave","flashcannon","shadowball"],"nature":"Timid","evs":{"hp":0,"atk":0,"def":0,"spa":252,"spd":4,"spe":252},"ivs":{"hp":31,"atk":31,"def":31,"spa":31,"spd":31,"spe":31}},{"name":"Jirachi","species":"Jirachi","item":"choicescarf","ability":"Serene Grace","moves":["ironhead","zenheadbutt","drainpunch","uturn"],"nature":"Jolly","evs":{"hp":0,"atk":252,"def":0,"spa":0,"spd":4,"spe":252},"ivs":{"hp":31,"atk":31,"def":31,"spa":31,"spd":31,"spe":31}}],"log":["|player|p1|Shining Yin|206","|player|p2|Rustic Espeon|70","|gametype|singles","|gen|6","|tier|Monotype","|rated","|rule|Baton Pass Clause: Limit one Baton Passer, can't pass Spe and other stats simultaneously","|rule|Swagger Clause: Swagger is banned","|rule|Same Type Clause: Pokémon in a team must share a type","|clearpoke","|poke|p1|Aegislash, F","|poke|p1|Sableye, M","|poke|p1|Golurk","|poke|p1|Jellicent, M","|poke|p1|Chandelure, F","|poke|p1|Gengar, F","|poke|p2|Skarmory, F","|poke|p2|Heatran, M","|poke|p2|Excadrill, F","|poke|p2|Magnezone","|poke|p2|Lucario, M","|poke|p2|Jirachi","|rule|Sleep Clause Mod: Limit one foe put to sleep","|rule|Species Clause: Limit one of each Pokémon","|rule|OHKO Clause: OHKO moves are banned","|rule|Moody Clause: Moody is banned","|rule|Evasion Moves Clause: Evasion moves are banned","|rule|Endless Battle Clause: Forcing endless battles is banned","|rule|HP Percentage Mod: HP is shown in percentages","|teampreview","|","|start","|switch|p1a: Sableye|Sableye, M|304/304","|switch|p2a: Heatran|Heatran, M|385/385","|-item|p2a: Heatran|Air Balloon","|turn|1","|","|detailschange|p1a: Sableye|Sableye-Mega, M","|-mega|p1a: Sableye|Sableye|Sablenite","|move|p2a: Heatran|Will-O-Wisp|p1a: Sableye","|move|p1a: Sableye|Will-O-Wisp|p2a: Heatran|[from]Magic Bounce","|-start|p2a: Heatran|ability: Flash Fire","|move|p1a: Sableye|Snarl|p2a: Heatran","|-damage|p2a: Heatran|346/385","|-enditem|p2a: Heatran|Air Balloon","|-unboost|p2a: Heatran|spa|1","|","|turn|2","|","|-end|p2a: Heatran|ability: Flash Fire|[silent]","|switch|p2a: Excadrill|Excadrill, F|361/361","|-ability|p2a: Excadrill|Mold Breaker","|move|p1a: Sableye|Snarl|p2a: Excadrill","|-damage|p2a: Excadrill|285/361","|-unboost|p2a: Excadrill|spa|1","|","|turn|3","|","|move|p2a: Excadrill|Iron Head|p1a: Sableye","|-damage|p1a: Sableye|204/304","|move|p1a: Sableye|Will-O-Wisp|p2a: Excadrill","|-status|p2a: Excadrill|brn","|","|-damage|p2a: Excadrill|240/361 brn|[from] brn","|turn|4","|","|move|p2a: Excadrill|Iron Head|p1a: Sableye","|-damage|p1a: Sableye|150/304","|cant|p1a: Sableye|flinch","|","|-damage|p2a: Excadrill|195/361 brn|[from] brn","|turn|5","|","|move|p2a: Excadrill|Iron Head|p1a: Sableye","|-damage|p1a: Sableye|93/304","|move|p1a: Sableye|Recover|p1a: Sableye","|-heal|p1a: Sableye|245/304","|","|-damage|p2a: Excadrill|150/361 brn|[from] brn","|turn|6","|","|switch|p2a: Heatran|Heatran, M|346/385","|switch|p1a: Jellicent|Jellicent, M|404/404","|","|turn|7","|","|switch|p2a: Excadrill|Excadrill, F|150/361 brn","|-ability|p2a: Excadrill|Mold Breaker","|switch|p1a: Sableye|Sableye-Mega, M|245/304","|","|-damage|p2a: Excadrill|105/361 brn|[from] brn","|turn|8","|","|move|p2a: Excadrill|X-Scissor|p1a: Sableye","|-damage|p1a: Sableye|207/304","|move|p1a: Sableye|Recover|p1a: Sableye","|-heal|p1a: Sableye|304/304","|","|-damage|p2a: Excadrill|60/361 brn|[from] brn","|turn|9","|","|switch|p2a: Heatran|Heatran, M|346/385","|move|p1a: Sableye|Snarl|p2a: Heatran","|-damage|p2a: Heatran|307/385","|-unboost|p2a: Heatran|spa|1","|","|turn|10","|","|move|p2a: Heatran|Lava Plume|p1a: Sableye","|-damage|p1a: Sableye|249/304","|-status|p1a: Sableye|brn","|move|p1a: Sableye|Snarl|p2a: Heatran","|-damage|p2a: Heatran|267/385","|-unboost|p2a: Heatran|spa|1","|","|-damage|p1a: Sableye|211/304 brn|[from] brn","|turn|11","|","|switch|p2a: Excadrill|Excadrill, F|60/361 brn","|-ability|p2a: Excadrill|Mold Breaker","|move|p1a: Sableye|Recover|p1a: Sableye","|-heal|p1a: Sableye|304/304 brn","|","|-damage|p2a: Excadrill|15/361 brn|[from] brn","|-damage|p1a: Sableye|266/304 brn|[from] brn","|turn|12","|","|move|p2a: Excadrill|Iron Head|p1a: Sableye","|-damage|p1a: Sableye|215/304 brn","|move|p1a: Sableye|Recover|p1a: Sableye","|-heal|p1a: Sableye|304/304 brn","|","|-damage|p2a: Excadrill|0 fnt|[from] brn","|-damage|p1a: Sableye|266/304 brn|[from] brn","|faint|p2a: Excadrill","|","|switch|p2a: Magnezone|Magnezone|343/343","|turn|13","|","|switch|p1a: Golurk|Golurk|319/319","|move|p2a: Magnezone|Thunderbolt|p1a: Golurk","|-immune|p1a: Golurk|[msg]","|","|turn|14","|","|switch|p2a: Skarmory|Skarmory, F|271/271","|move|p1a: Golurk|Dynamic Punch|p2a: Skarmory","|-damage|p2a: Skarmory|177/271","|-damage|p1a: Golurk|266/319|[from] item: Rocky Helmet|[of] p2a: Skarmory","|-start|p2a: Skarmory|confusion","|","|turn|15","|","|-activate|p2a: Skarmory|confusion","|-damage|p2a: Skarmory|152/271|[from] confusion","|move|p1a: Golurk|Stealth Rock|p2a: Skarmory","|-sidestart|p2: Rustic Espeon|move: Stealth Rock","|","|turn|16","|","|switch|p1a: Sableye|Sableye-Mega, M|266/304 brn","|-activate|p2a: Skarmory|confusion","|move|p2a: Skarmory|Stealth Rock|p1a: Sableye","|move|p1a: Sableye|Stealth Rock|p2a: Skarmory|[from]Magic Bounce","|-fail|p2a: Skarmory","|","|-damage|p1a: Sableye|228/304 brn|[from] brn","|turn|17","|","|-activate|p2a: Skarmory|confusion","|move|p2a: Skarmory|Defog|p1a: Sableye","|move|p1a: Sableye|Defog|p2a: Skarmory|[from]Magic Bounce","|-unboost|p2a: Skarmory|evasion|1","|-sideend|p2: Rustic Espeon|Stealth Rock|[from] move: Defog|[of] p2a: Skarmory","|move|p1a: Sableye|Snarl|p2a: Skarmory","|-damage|p2a: Skarmory|71/271","|-unboost|p2a: Skarmory|spa|1","|","|-damage|p1a: Sableye|190/304 brn|[from] brn","|turn|18","|","|-end|p2a: Skarmory|confusion","|move|p2a: Skarmory|Roost|p2a: Skarmory","|-heal|p2a: Skarmory|207/271","|move|p1a: Sableye|Will-O-Wisp|p2a: Skarmory","|-status|p2a: Skarmory|brn","|","|-damage|p2a: Skarmory|174/271 brn|[from] brn","|-damage|p1a: Sableye|152/304 brn|[from] brn","|turn|19","|","|switch|p2a: Jirachi|Jirachi|341/341","|move|p1a: Sableye|Recover|p1a: Sableye","|-heal|p1a: Sableye|304/304 brn","|","|-damage|p1a: Sableye|266/304 brn|[from] brn","|turn|20","|","|move|p2a: Jirachi|Iron Head|p1a: Sableye","|-damage|p1a: Sableye|175/304 brn","|cant|p1a: Sableye|flinch","|","|-damage|p1a: Sableye|137/304 brn|[from] brn","|turn|21","|","|switch|p1a: Jellicent|Jellicent, M|404/404","|move|p2a: Jirachi|Iron Head|p1a: Jellicent","|-resisted|p1a: Jellicent","|-damage|p1a: Jellicent|321/404","|","|-heal|p1a: Jellicent|346/404|[from] item: Leftovers","|turn|22","|","|switch|p2a: Heatran|Heatran, M|267/385","|move|p1a: Jellicent|Scald|p2a: Heatran","|-supereffective|p2a: Heatran","|-damage|p2a: Heatran|159/385","|","|-heal|p1a: Jellicent|371/404|[from] item: Leftovers","|turn|23","|","|move|p2a: Heatran|Earth Power|p1a: Jellicent","|-damage|p1a: Jellicent|312/404","|move|p1a: Jellicent|Scald|p2a: Heatran","|-supereffective|p2a: Heatran","|-damage|p2a: Heatran|55/385","|","|-heal|p1a: Jellicent|337/404|[from] item: Leftovers","|turn|24","|","|move|p2a: Heatran|Earth Power|p1a: Jellicent","|-damage|p1a: Jellicent|273/404","|-unboost|p1a: Jellicent|spd|1","|move|p1a: Jellicent|Scald|p2a: Heatran","|-supereffective|p2a: Heatran","|-damage|p2a: Heatran|0 fnt","|faint|p2a: Heatran","|","|-heal|p1a: Jellicent|298/404|[from] item: Leftovers","|","|switch|p2a: Lucario|Lucario, M|281/281","|turn|25","|","|move|p2a: Lucario|Shadow Ball|p1a: Jellicent","|-supereffective|p1a: Jellicent","|-damage|p1a: Jellicent|61/404","|-damage|p2a: Lucario|253/281|[from] item: Life Orb","|move|p1a: Jellicent|Scald|p2a: Lucario","|-damage|p2a: Lucario|135/281","|","|-heal|p1a: Jellicent|86/404|[from] item: Leftovers","|turn|26","|","|switch|p1a: Sableye|Sableye-Mega, M|137/304 brn","|move|p2a: Lucario|Shadow Ball|p1a: Sableye","|-damage|p1a: Sableye|47/304 brn","|-unboost|p1a: Sableye|spd|1","|-damage|p2a: Lucario|107/281|[from] item: Life Orb","|","|-damage|p1a: Sableye|9/304 brn|[from] brn","|turn|27","|","|move|p2a: Lucario|Flash Cannon|p1a: Sableye","|-damage|p1a: Sableye|0 fnt","|-damage|p2a: Lucario|79/281|[from] item: Life Orb","|faint|p1a: Sableye","|","|","|switch|p1a: Chandelure|Chandelure, F|261/261","|turn|28","|","|move|p1a: Chandelure|Flamethrower|p2a: Lucario","|-supereffective|p2a: Lucario","|-damage|p2a: Lucario|0 fnt","|faint|p2a: Lucario","|","|","|switch|p2a: Magnezone|Magnezone|343/343","|turn|29","|","|move|p1a: Chandelure|Flamethrower|p2a: Magnezone","|-supereffective|p2a: Magnezone","|-ability|p2a: Magnezone|Sturdy","|-damage|p2a: Magnezone|1/343","|move|p2a: Magnezone|Thunderbolt|p1a: Chandelure","|-damage|p1a: Chandelure|0 fnt","|faint|p1a: Chandelure","|","|","|switch|p1a: Gengar|Gengar, F|261/261","|turn|30","|","|move|p1a: Gengar|Icy Wind|p2a: Magnezone","|-resisted|p2a: Magnezone","|-damage|p2a: Magnezone|0 fnt","|faint|p2a: Magnezone","|","|","|switch|p2a: Jirachi|Jirachi|341/341","|turn|31","|","|move|p2a: Jirachi|Zen Headbutt|p1a: Gengar","|-supereffective|p1a: Gengar","|-enditem|p1a: Gengar|Focus Sash","|-damage|p1a: Gengar|1/261","|cant|p1a: Gengar|flinch","|","|turn|32","|","|move|p2a: Jirachi|Zen Headbutt|p1a: Gengar","|-supereffective|p1a: Gengar","|-damage|p1a: Gengar|0 fnt","|faint|p1a: Gengar","|","|","|switch|p1a: Aegislash|Aegislash, F|323/323","|turn|33","|","|switch|p2a: Skarmory|Skarmory, F|174/271 brn","|move|p1a: Aegislash|Swords Dance|p1a: Aegislash","|-boost|p1a: Aegislash|atk|2","|","|-damage|p2a: Skarmory|141/271 brn|[from] brn","|turn|34","|","|-formechange|p1a: Aegislash|Aegislash-Blade","|move|p1a: Aegislash|Shadow Sneak|p2a: Skarmory","|-damage|p2a: Skarmory|12/271 brn","|-damage|p1a: Aegislash|270/323|[from] item: Rocky Helmet|[of] p2a: Skarmory","|move|p2a: Skarmory|Roost|p2a: Skarmory","|-heal|p2a: Skarmory|148/271 brn","|","|-damage|p2a: Skarmory|115/271 brn|[from] brn","|turn|35","|","|move|p1a: Aegislash|Shadow Sneak|p2a: Skarmory","|-damage|p2a: Skarmory|0 fnt","|-damage|p1a: Aegislash|217/323|[from] item: Rocky Helmet|[of] p2a: Skarmory","|faint|p2a: Skarmory","|","|","|switch|p2a: Jirachi|Jirachi|341/341","|turn|36","|","|-formechange|p1a: Aegislash|Aegislash","|move|p1a: Aegislash|King's Shield|p1a: Aegislash","|-singleturn|p1a: Aegislash|Protect","|move|p2a: Jirachi|Zen Headbutt|p1a: Aegislash","|-activate|p1a: Aegislash|Protect","|-unboost|p2a: Jirachi|atk|2","|","|turn|37","|","|win|Shining Yin"],"p1rating":{"entryid":"7208708","serverid":"eos","formatid":"monotype","userid":"shiningyin","username":"Shining Yin","w":53,"l":"20","t":"0","gxe":71.1,"r":"1666.3760884825","rd":"43.629422801919","sigma":"0","rptime":"1439542800","rpr":1670.5948903057,"rprd":43.314626708244,"rpsigma":"0","acre":1379.6243800201,"lacre":1379.6243800201,"oldacre":"1370.232439698"},"p2rating":{"entryid":"7202561","serverid":"eos","formatid":"monotype","userid":"rusticespeon","username":"Rustic Espeon","w":"23","l":15,"t":"0","gxe":59,"r":"1592.8629955443","rd":"59.403648542423","sigma":"0","rptime":"1439542800","rpr":1569.6070751363,"rprd":56.533729642086,"rpsigma":"0","acre":1153.2603242507,"lacre":1153.2603242507,"oldacre":"1165.0002496533"},"endType":"forfeit"}