{"seed":[56243,63166,27967,8875],"turns":36,"p1":"Guard Wulf","p2":"Void KGBeast","p1team":[{"name":"Skarmory","species":"Skarmory","item":"leftovers","ability":"Sturdy","moves":["bravebird","whirlwind","roost","stealthrock"],"nature":"Impish","evs":{"hp":252,"atk":0,"def":232,"spa":0,"spd":0,"spe":24},"ivs":{"hp":31,"atk":31,"def":31,"spa":31,"spd":31,"spe":31}},{"name":"Heatran","species":"Heatran","item":"airballoon","ability":"Flash Fire","moves":["willowisp","lavaplume","earthpower","ancientpower"],"nature":"Calm","evs":{"hp":248,"atk":0,"def":0,"spa":8,"spd":252,"spe":0},"ivs":{"hp":31,"atk":31,"def":31,"spa":31,"spd":31,"spe":31}},{"name":"Ferrothorn","species":"Ferrothorn","item":"leftovers","ability":"Iron Barbs","moves":["leechseed","protect","spikes","seedbomb"],"nature":"Impish","evs":{"hp":208,"atk":0,"def":200,"spa":0,"spd":100,"spe":0},"ivs":{"hp":31,"atk":31,"def":31,"spa":31,"spd":31,"spe":31}},{"name":"Bisharp","species":"Bisharp","item":"lifeorb","ability":"Defiant","moves":["swordsdance","suckerpunch","knockoff","ironhead"],"nature":"Jolly","evs":{"hp":0,"atk":252,"def":0,"spa":0,"spd":4,"spe":252},"ivs":{"hp":31,"atk":31,"def":31,"spa":31,"spd":31,"spe":31}},{"name":"Scizor","species":"Scizor","item":"scizorite","ability":"Technician","moves":["swordsdance","bulletpunch","bugbite","superpower"],"nature":"Adamant","evs":{"hp":248,"atk":252,"def":0,"spa":0,"spd":8,"spe":0},"ivs":{"hp":31,"atk":31,"def":31,"spa":31,"spd":31,"spe":31}},{"name":"Magnezone","species":"Magnezone","item":"choicescarf","ability":"Magnet Pull","moves":["flashcannon","thunderbolt","hiddenpowergrass","voltswitch"],"nature":"Timid","evs":{"hp":0,"atk":0,"def":0,"spa":252,"spd":4,"spe":252},"ivs":{"hp":31,"atk":30,"def":31,"spa":30,"spd":31,"spe":31}}],"p2team":[{"name":"Beedrill","species":"Beedrill","item":"beedrillite","ability":"Sniper","moves":["protect","uturn","poisonjab","drillrun"],"nature":"Jolly","evs":{"hp":0,"atk":252,"def":0,"spa":0,"spd":4,"spe":252},"ivs":{"hp":31,"atk":31,"def":31,"spa":31,"spd":31,"spe":31}},{"name":"Weezing","species":"Weezing","item":"blacksludge","ability":"Levitate","moves":["willowisp","flamethrower","clearsmog","painsplit"],"nature":"Bold","evs":{"hp":252,"atk":0,"def":252,"spa":0,"spd":0,"spe":4},"ivs":{"hp":31,"atk":0,"def":31,"spa":31,"spd":31,"spe":31}},{"name":"Amoonguss","species":"Amoonguss","item":"blacksludge","ability":"Regenerator","moves":["spore","gigadrain","sludgebomb","foulplay"],"nature":"Bold","evs":{"hp":248,"atk":0,"def":252,"spa":0,"spd":0,"spe":8},"ivs":{"hp":31,"atk":31,"def":31,"spa":31,"spd":31,"spe":31}},{"name":"Tentacruel","species":"Tentacruel","item":"blacksludge","ability":"Liquid Ooze","moves":["scald","sludgebomb","rapidspin","acidspray"],"nature":"Calm","evs":{"hp":248,"atk":0,"def":0,"spa":0,"spd":252,"spe":8},"ivs":{"hp":31,"atk":0,"def":31,"spa":31,"spd":31,"spe":31}},{"name":"Gengar","species":"Gengar","item":"focussash","ability":"Levitate","moves":["shadowball","sludgewave","focusblast","destinybond"],"nature":"Timid","evs":{"hp":0,"atk":0,"def":0,"spa":252,"spd":4,"spe":252},"ivs":{"hp":31,"atk":0,"def":31,"spa":31,"spd":31,"spe":31}},{"name":"Skuntank","species":"Skuntank","item":"airballoon","ability":"Aftermath","moves":["suckerpunch","defog","taunt","pursuit"],"nature":"Adamant","evs":{"hp":0,"atk":252,"def":4,"spa":0,"spd":0,"spe":252},"ivs":{"hp":31,"atk":31,"def":31,"spa":31,"spd":31,"spe":31}}],"log":["|player|p1|Guard Wulf|163","|player|p2|Void KGBeast|kgbeast.png","|gametype|singles","|gen|6","|tier|Monotype","|rated","|rule|Baton Pass Clause: Limit one Baton Passer, can't pass Spe and other stats simultaneously","|rule|Swagger Clause: Swagger is banned","|rule|Same Type Clause: Pokémon in a team must share a type","|clearpoke","|poke|p1|Skarmory, F","|poke|p1|Heatran, M","|poke|p1|Ferrothorn, F","|poke|p1|Bisharp, M","|poke|p1|Scizor, M","|poke|p1|Magnezone","|poke|p2|Beedrill, M","|poke|p2|Weezing, F","|poke|p2|Amoonguss, M","|poke|p2|Tentacruel, M","|poke|p2|Gengar, F","|poke|p2|Skuntank, M","|rule|Sleep Clause Mod: Limit one foe put to sleep","|rule|Species Clause: Limit one of each Pokémon","|rule|OHKO Clause: OHKO moves are banned","|rule|Moody Clause: Moody is banned","|rule|Evasion Moves Clause: Evasion moves are banned","|rule|Endless Battle Clause: Forcing endless battles is banned","|rule|HP Percentage Mod: HP is shown in percentages","|teampreview","|","|start","|switch|p1a: Ferrothorn|Ferrothorn, F|341/341","|switch|p2a: Skuntank|Skuntank, M|347/347","|-item|p2a: Skuntank|Air Balloon","|turn|1","|","|move|p1a: Ferrothorn|Protect|p1a: Ferrothorn","|-singleturn|p1a: Ferrothorn|Protect","|move|p2a: Skuntank|Taunt|p1a: Ferrothorn","|-activate|p1a: Ferrothorn|Protect","|","|turn|2","|","|switch|p2a: Tentacruel|Tentacruel, M|363/363","|switch|p1a: Heatran|Heatran, M|385/385","|-item|p1a: Heatran|Air Balloon","|","|turn|3","|","|move|p2a: Tentacruel|Scald|p1a: Heatran","|-supereffective|p1a: Heatran","|-damage|p1a: Heatran|281/385","|-enditem|p1a: Heatran|Air Balloon","|move|p1a: Heatran|Will-O-Wisp|p2a: Tentacruel","|-status|p2a: Tentacruel|brn","|","|-damage|p2a: Tentacruel|318/363 brn|[from] brn","|turn|4","|","|switch|p1a: Magnezone|Magnezone|281/281","|move|p2a: Tentacruel|Scald|p1a: Magnezone","|-damage|p1a: Magnezone|199/281","|","|-heal|p2a: Tentacruel|340/363 brn|[from] item: Black Sludge","|-damage|p2a: Tentacruel|295/363 brn|[from] brn","|turn|5","|","|switch|p2a: Amoonguss|Amoonguss, M|431/431","|move|p1a: Magnezone|Volt Switch|p2a: Amoonguss","|-resisted|p2a: Amoonguss","|-damage|p2a: Amoonguss|353/431","|","|switch|p1a: Ferrothorn|Ferrothorn, F|341/341","|","|-heal|p2a: Amoonguss|379/431|[from] item: Black Sludge","|turn|6","|","|switch|p2a: Weezing|Weezing, F|334/334","|move|p1a: Ferrothorn|Spikes|p2a: Weezing","|-sidestart|p2: Void KGBeast|Spikes","|","|turn|7","|","|switch|p2a: Beedrill|Beedrill, M|271/271","|-damage|p2a: Beedrill|238/271|[from] Spikes","|move|p1a: Ferrothorn|Protect|p1a: Ferrothorn","|-fail|p1a: Ferrothorn","|","|turn|8","|","|detailschange|p2a: Beedrill|Beedrill-Mega, M","|-mega|p2a: Beedrill|Beedrill|Beedrillite","|move|p2a: Beedrill|U-turn|p1a: Ferrothorn","|-damage|p1a: Ferrothorn|233/341","|-damage|p2a: Beedrill|205/271|[from] ability: Iron Barbs|[of] p1a: Ferrothorn","|","|switch|p2a: Weezing|Weezing, F|334/334","|move|p1a: Ferrothorn|Spikes|p2a: Weezing","|-sidestart|p2: Void KGBeast|Spikes","|","|-heal|p1a: Ferrothorn|254/341|[from] item: Leftovers","|turn|9","|","|move|p1a: Ferrothorn|Protect|p1a: Ferrothorn","|-singleturn|p1a: Ferrothorn|Protect","|move|p2a: Weezing|Pain Split|p1a: Ferrothorn","|-activate|p1a: Ferrothorn|Protect","|","|-heal|p1a: Ferrothorn|275/341|[from] item: Leftovers","|turn|10","|","|move|p2a: Weezing|Flamethrower|p1a: Ferrothorn","|-supereffective|p1a: Ferrothorn","|-damage|p1a: Ferrothorn|87/341","|move|p1a: Ferrothorn|Spikes|p2a: Weezing","|-sidestart|p2: Void KGBeast|Spikes","|","|-heal|p1a: Ferrothorn|108/341|[from] item: Leftovers","|turn|11","|","|switch|p2a: Tentacruel|Tentacruel, M|295/363 brn","|-damage|p2a: Tentacruel|205/363 brn|[from] Spikes","|move|p1a: Ferrothorn|Protect|p1a: Ferrothorn","|-fail|p1a: Ferrothorn","|","|-heal|p2a: Tentacruel|227/363 brn|[from] item: Black Sludge","|-heal|p1a: Ferrothorn|129/341|[from] item: Leftovers","|-damage|p2a: Tentacruel|182/363 brn|[from] brn","|turn|12","|","|move|p1a: Ferrothorn|Protect|p1a: Ferrothorn","|-singleturn|p1a: Ferrothorn|Protect","|move|p2a: Tentacruel|Scald|p1a: Ferrothorn","|-activate|p1a: Ferrothorn|Protect","|","|-heal|p2a: Tentacruel|204/363 brn|[from] item: Black Sludge","|-heal|p1a: Ferrothorn|150/341|[from] item: Leftovers","|-damage|p2a: Tentacruel|159/363 brn|[from] brn","|turn|13","|","|switch|p1a: Magnezone|Magnezone|199/281","|move|p2a: Tentacruel|Rapid Spin|p1a: Magnezone","|-resisted|p1a: Magnezone","|-damage|p1a: Magnezone|197/281","|-sideend|p2: Void KGBeast|Spikes|[from] move: Rapid Spin|[of] p2a: Tentacruel","|","|-heal|p2a: Tentacruel|181/363 brn|[from] item: Black Sludge","|-damage|p2a: Tentacruel|136/363 brn|[from] brn","|turn|14","|","|move|p1a: Magnezone|Volt Switch|p2a: Tentacruel","|-supereffective|p2a: Tentacruel","|-damage|p2a: Tentacruel|0 fnt","|faint|p2a: Tentacruel","|","|switch|p1a: Skarmory|Skarmory, F|334/334","|","|","|switch|p2a: Gengar|Gengar, F|261/261","|turn|15","|","|move|p2a: Gengar|Shadow Ball|p1a: Skarmory","|-damage|p1a: Skarmory|126/334","|-unboost|p1a: Skarmory|spd|1","|move|p1a: Skarmory|Stealth Rock|p2a: Gengar","|-sidestart|p2: Void KGBeast|move: Stealth Rock","|","|-heal|p1a: Skarmory|146/334|[from] item: Leftovers","|turn|16","|","|switch|p1a: Bisharp|Bisharp, M|271/271","|move|p2a: Gengar|Focus Blast|p1a: Bisharp","|-supereffective|p1a: Bisharp","|-damage|p1a: Bisharp|0 fnt","|faint|p1a: Bisharp","|","|","|switch|p1a: Magnezone|Magnezone|197/281","|turn|17","|","|move|p1a: Magnezone|Volt Switch|p2a: Gengar","|-damage|p2a: Gengar|108/261","|","|switch|p1a: Skarmory|Skarmory, F|146/334","|move|p2a: Gengar|Focus Blast|p1a: Skarmory","|-damage|p1a: Skarmory|0 fnt","|faint|p1a: Skarmory","|","|","|switch|p1a: Magnezone|Magnezone|197/281","|turn|18","|","|switch|p2a: Amoonguss|Amoonguss, M|431/431","|-damage|p2a: Amoonguss|378/431|[from] Stealth Rock","|move|p1a: Magnezone|Volt Switch|p2a: Amoonguss","|-resisted|p2a: Amoonguss","|-damage|p2a: Amoonguss|307/431","|","|switch|p1a: Ferrothorn|Ferrothorn, F|150/341","|","|-heal|p2a: Amoonguss|333/431|[from] item: Black Sludge","|-heal|p1a: Ferrothorn|171/341|[from] item: Leftovers","|turn|19","|","|switch|p2a: Gengar|Gengar, F|108/261","|-damage|p2a: Gengar|76/261|[from] Stealth Rock","|move|p1a: Ferrothorn|Leech Seed|p2a: Gengar","|-start|p2a: Gengar|move: Leech Seed","|","|-heal|p1a: Ferrothorn|192/341|[from] item: Leftovers","|-damage|p2a: Gengar|44/261|[from] Leech Seed|[of] p1a: Ferrothorn","|-heal|p1a: Ferrothorn|224/341|[silent]","|turn|20","|","|move|p1a: Ferrothorn|Protect|p1a: Ferrothorn","|-singleturn|p1a: Ferrothorn|Protect","|move|p2a: Gengar|Focus Blast|p1a: Ferrothorn","|-activate|p1a: Ferrothorn|Protect","|","|-heal|p1a: Ferrothorn|245/341|[from] item: Leftovers","|-damage|p2a: Gengar|12/261|[from] Leech Seed|[of] p1a: Ferrothorn","|-heal|p1a: Ferrothorn|277/341|[silent]","|turn|21","|","|switch|p1a: Heatran|Heatran, M|281/385","|move|p2a: Gengar|Focus Blast|p1a: Heatran","|-supereffective|p1a: Heatran","|-damage|p1a: Heatran|87/385","|","|-damage|p2a: Gengar|0 fnt|[from] Leech Seed|[of] p1a: Heatran","|-heal|p1a: Heatran|99/385|[silent]","|faint|p2a: Gengar","|","|switch|p2a: Beedrill|Beedrill-Mega, M|205/271","|-damage|p2a: Beedrill|138/271|[from] Stealth Rock","|turn|22","|","|switch|p1a: Ferrothorn|Ferrothorn, F|277/341","|move|p2a: Beedrill|Drill Run|p1a: Ferrothorn","|-damage|p1a: Ferrothorn|207/341","|-damage|p2a: Beedrill|105/271|[from] ability: Iron Barbs|[of] p1a: Ferrothorn","|","|-heal|p1a: Ferrothorn|228/341|[from] item: Leftovers","|turn|23","|","|switch|p2a: Weezing|Weezing, F|334/334","|-damage|p2a: Weezing|293/334|[from] Stealth Rock","|move|p1a: Ferrothorn|Spikes|p2a: Weezing","|-sidestart|p2: Void KGBeast|Spikes","|","|-heal|p2a: Weezing|313/334|[from] item: Black Sludge","|-heal|p1a: Ferrothorn|249/341|[from] item: Leftovers","|turn|24","|","|switch|p1a: Heatran|Heatran, M|99/385","|move|p2a: Weezing|Will-O-Wisp|p1a: Heatran","|-start|p1a: Heatran|ability: Flash Fire","|","|-heal|p2a: Weezing|333/334|[from] item: Black Sludge","|turn|25","|","|switch|p2a: Beedrill|Beedrill-Mega, M|105/271","|-damage|p2a: Beedrill|38/271|[from] Stealth Rock","|-damage|p2a: Beedrill|5/271|[from] Spikes","|move|p1a: Heatran|Lava Plume|p2a: Beedrill","|-supereffective|p2a: Beedrill","|-damage|p2a: Beedrill|0 fnt","|faint|p2a: Beedrill","|","|","|switch|p2a: Skuntank|Skuntank, M|347/347","|-damage|p2a: Skuntank|304/347|[from] Stealth Rock","|-item|p2a: Skuntank|Air Balloon","|turn|26","|","|move|p2a: Skuntank|Pursuit|p1a: Heatran","|-damage|p1a: Heatran|41/385","|move|p1a: Heatran|Lava Plume|p2a: Skuntank","|-damage|p2a: Skuntank|37/347","|-enditem|p2a: Skuntank|Air Balloon","|","|turn|27","|","|move|p2a: Skuntank|Pursuit|p1a: Heatran","|-damage|p1a: Heatran|0 fnt","|faint|p1a: Heatran","|","|","|switch|p1a: Magnezone|Magnezone|197/281","|turn|28","|","|move|p2a: Skuntank|Sucker Punch|p1a: Magnezone","|-damage|p1a: Magnezone|92/281","|move|p1a: Magnezone|Volt Switch|p2a: Skuntank","|-damage|p2a: Skuntank|0 fnt","|faint|p2a: Skuntank","|","|switch|p1a: Scizor|Scizor, M|343/343","|","|","|switch|p2a: Weezing|Weezing, F|333/334","|-damage|p2a: Weezing|292/334|[from] Stealth Rock","|turn|29","|","|switch|p1a: Ferrothorn|Ferrothorn, F|249/341","|move|p2a: Weezing|Will-O-Wisp|p1a: Ferrothorn","|-status|p1a: Ferrothorn|brn","|","|-heal|p2a: Weezing|312/334|[from] item: Black Sludge","|-heal|p1a: Ferrothorn|270/341 brn|[from] item: Leftovers","|-damage|p1a: Ferrothorn|228/341 brn|[from] brn","|turn|30","|","|move|p2a: Weezing|Flamethrower|p1a: Ferrothorn","|-supereffective|p1a: Ferrothorn","|-damage|p1a: Ferrothorn|36/341 brn","|move|p1a: Ferrothorn|Spikes|p2a: Weezing","|-sidestart|p2: Void KGBeast|Spikes","|","|-heal|p2a: Weezing|332/334|[from] item: Black Sludge","|-heal|p1a: Ferrothorn|57/341 brn|[from] item: Leftovers","|-damage|p1a: Ferrothorn|15/341 brn|[from] brn","|turn|31","|","|move|p2a: Weezing|Flamethrower|p1a: Ferrothorn","|-supereffective|p1a: Ferrothorn","|-damage|p1a: Ferrothorn|0 fnt","|faint|p1a: Ferrothorn","|","|-heal|p2a: Weezing|334/334|[from] item: Black Sludge","|","|switch|p1a: Magnezone|Magnezone|92/281","|turn|32","|","|move|p1a: Magnezone|Thunderbolt|p2a: Weezing","|-damage|p2a: Weezing|130/334","|move|p2a: Weezing|Flamethrower|p1a: Magnezone","|-supereffective|p1a: Magnezone","|-damage|p1a: Magnezone|0 fnt","|faint|p1a: Magnezone","|","|-heal|p2a: Weezing|150/334|[from] item: Black Sludge","|","|switch|p1a: Scizor|Scizor, M|343/343","|turn|33","|","|detailschange|p1a: Scizor|Scizor-Mega, M","|-mega|p1a: Scizor|Scizor|Scizorite","|move|p1a: Scizor|Swords Dance|p1a: Scizor","|-boost|p1a: Scizor|atk|2","|move|p2a: Weezing|Pain Split|p1a: Scizor","|-sethp|p1a: Scizor|246/343|p2a: Weezing|246/334|[from] move: Pain Split","|","|-heal|p2a: Weezing|266/334|[from] item: Black Sludge","|turn|34","|","|move|p1a: Scizor|Bug Bite|p2a: Weezing","|-resisted|p2a: Weezing","|-damage|p2a: Weezing|146/334","|move|p2a: Weezing|Will-O-Wisp|p1a: Scizor|[miss]","|-miss|p2a: Weezing|p1a: Scizor","|","|-heal|p2a: Weezing|166/334|[from] item: Black Sludge","|turn|35","|","|move|p1a: Scizor|Bullet Punch|p2a: Weezing","|-damage|p2a: Weezing|0 fnt","|faint|p2a: Weezing","|","|","|switch|p2a: Amoonguss|Amoonguss, M|431/431","|-damage|p2a: Amoonguss|378/431|[from] Stealth Rock","|-damage|p2a: Amoonguss|307/431|[from] Spikes","|turn|36","|","|move|p1a: Scizor|Bug Bite|p2a: Amoonguss","|-damage|p2a: Amoonguss|0 fnt","|faint|p2a: Amoonguss","|","|win|Guard Wulf"],"p1rating":{"entryid":"7326062","serverid":"eos","formatid":"monotype","userid":"guardwulf","username":"Guard Wulf","w":54,"l":"26","t":"0","gxe":64.8,"r":"1612.6543994126","rd":"41.801224475511","sigma":"0","rptime":"1439542800","rpr":1615.4035696205,"rprd":40.992365345566,"rpsigma":"0","acre":1300.620437952,"lacre":1300.620437952,"oldacre":"1272.747018034"},"p2rating":{"entryid":"6841698","serverid":"eos","formatid":"monotype","userid":"voidkgbeast","username":"Void KGBeast","w":"26","l":14,"t":"0","gxe":63.1,"r":"1611.0581694502","rd":"57.116159196234","sigma":"0","rptime":"1439542800","rpr":1602.032290252,"rprd":56.372514288329,"rpsigma":"0","acre":1290.5586675684,"lacre":1290.5586675684,"oldacre":"1312.8574035028"},"endType":"normal"}