{"seed":[38096,5413,28547,39816],"turns":32,"p1":"Prince ♡ Sky","p2":"SWL Jyph","p1team":[{"name":"Galvantula","species":"Galvantula","item":"focussash","ability":"Compound Eyes","moves":["stickyweb","thunder","energyball","hiddenpowerice"],"nature":"Timid","evs":{"hp":0,"atk":0,"def":0,"spa":252,"spd":0,"spe":252},"ivs":{"hp":31,"atk":30,"def":30,"spa":31,"spd":31,"spe":31}},{"name":"Genesect","species":"Genesect","item":"choicescarf","ability":"Download","moves":["thunderbolt","flamethrower","uturn","icebeam"],"nature":"Naive","evs":{"hp":0,"atk":0,"def":0,"spa":252,"spd":0,"spe":252},"ivs":{"hp":31,"atk":31,"def":31,"spa":31,"spd":31,"spe":31}},{"name":"Volcarona","species":"Volcarona","item":"lumberry","ability":"Flame Body","moves":["bugbuzz","fierydance","quiverdance","roost"],"nature":"Timid","evs":{"hp":0,"atk":0,"def":0,"spa":252,"spd":0,"spe":252},"ivs":{"hp":31,"atk":31,"def":31,"spa":31,"spd":31,"spe":31}},{"name":"Forretress","species":"Forretress","item":"redcard","ability":"Sturdy","moves":["gyroball","voltswitch","rapidspin","stealthrock"],"nature":"Relaxed","evs":{"hp":252,"atk":0,"def":252,"spa":0,"spd":0,"spe":0},"ivs":{"hp":31,"atk":31,"def":31,"spa":31,"spd":31,"spe":0}},{"name":"Pinsir","species":"Pinsir","item":"pinsirite","ability":"Moxie","moves":["earthquake","frustration","quickattack","swordsdance"],"nature":"Jolly","evs":{"hp":0,"atk":252,"def":0,"spa":0,"spd":0,"spe":252},"happiness":0,"ivs":{"hp":31,"atk":31,"def":31,"spa":31,"spd":31,"spe":31}},{"name":"Scizor","species":"Scizor","item":"leftovers","ability":"Technician","moves":["bulletpunch","swordsdance","knockoff","superpower"],"nature":"Impish","evs":{"hp":4,"atk":252,"def":252,"spa":0,"spd":0,"spe":0},"ivs":{"hp":31,"atk":31,"def":31,"spa":31,"spd":31,"spe":31}}],"p2team":[{"name":"Mienshao","species":"Mienshao","item":"lifeorb","ability":"Regenerator","moves":["fakeout","hiddenpowerice","highjumpkick","uturn"],"nature":"Hasty","evs":{"hp":0,"atk":252,"def":0,"spa":4,"spd":0,"spe":252},"ivs":{"hp":31,"atk":30,"def":30,"spa":31,"spd":31,"spe":31}},{"name":"Breloom","species":"Breloom","item":"focussash","ability":"Technician","moves":["spore","rocktomb","bulletseed","machpunch"],"nature":"Jolly","evs":{"hp":0,"atk":252,"def":0,"spa":0,"spd":4,"spe":252},"ivs":{"hp":31,"atk":31,"def":31,"spa":31,"spd":31,"spe":31}},{"name":"Cobalion","species":"Cobalion","item":"leftovers","ability":"Justified","moves":["taunt","voltswitch","flashcannon","stealthrock"],"nature":"Timid","evs":{"hp":252,"atk":0,"def":0,"spa":4,"spd":0,"spe":252},"ivs":{"hp":31,"atk":31,"def":31,"spa":31,"spd":31,"spe":31}},{"name":"Keldeo","species":"Keldeo","item":"leftovers","ability":"Justified","moves":["substitute","calmmind","scald","secretsword"],"nature":"Timid","evs":{"hp":0,"atk":0,"def":0,"spa":252,"spd":4,"spe":252},"ivs":{"hp":31,"atk":31,"def":31,"spa":31,"spd":31,"spe":31}},{"name":"Terrakion","species":"Terrakion","item":"choicescarf","ability":"Justified","moves":["closecombat","earthquake","stoneedge","ironhead"],"nature":"Jolly","evs":{"hp":0,"atk":252,"def":0,"spa":0,"spd":4,"spe":252},"ivs":{"hp":31,"atk":31,"def":31,"spa":31,"spd":31,"spe":31}},{"name":"Gallade","species":"Gallade","item":"galladite","ability":"Justified","moves":["swordsdance","shadowsneak","knockoff","closecombat"],"nature":"Jolly","evs":{"hp":0,"atk":252,"def":0,"spa":0,"spd":4,"spe":252},"ivs":{"hp":31,"atk":31,"def":31,"spa":31,"spd":31,"spe":31}}],"log":["|player|p1|Prince ♡ Sky|princesky.gif","|player|p2|SWL Jyph|swljyph.png","|gametype|singles","|gen|6","|tier|Monotype","|rated","|rule|Baton Pass Clause: Limit one Baton Passer, can't pass Spe and other stats simultaneously","|rule|Swagger Clause: Swagger is banned","|rule|Same Type Clause: Pokémon in a team must share a type","|clearpoke","|poke|p1|Galvantula, F","|poke|p1|Genesect-*","|poke|p1|Volcarona, M","|poke|p1|Forretress, F","|poke|p1|Pinsir, F","|poke|p1|Scizor, F","|poke|p2|Mienshao, F","|poke|p2|Breloom, M","|poke|p2|Cobalion","|poke|p2|Keldeo","|poke|p2|Terrakion","|poke|p2|Gallade, M","|rule|Sleep Clause Mod: Limit one foe put to sleep","|rule|Species Clause: Limit one of each Pokémon","|rule|OHKO Clause: OHKO moves are banned","|rule|Moody Clause: Moody is banned","|rule|Evasion Moves Clause: Evasion moves are banned","|rule|Endless Battle Clause: Forcing endless battles is banned","|rule|HP Percentage Mod: HP is shown in percentages","|teampreview","|","|start","|switch|p1a: Volcarona|Volcarona, M|311/311","|switch|p2a: Cobalion|Cobalion|386/386","|turn|1","|","|switch|p2a: Terrakion|Terrakion|323/323","|move|p1a: Volcarona|Fiery Dance|p2a: Terrakion","|-resisted|p2a: Terrakion","|-damage|p2a: Terrakion|241/323","|","|turn|2","|","|move|p2a: Terrakion|Stone Edge|p1a: Volcarona","|-supereffective|p1a: Volcarona","|-damage|p1a: Volcarona|0 fnt","|faint|p1a: Volcarona","|","|","|switch|p1a: Galvantula|Galvantula, F|281/281","|turn|3","|","|move|p2a: Terrakion|Stone Edge|p1a: Galvantula","|-supereffective|p1a: Galvantula","|-enditem|p1a: Galvantula|Focus Sash","|-damage|p1a: Galvantula|1/281","|move|p1a: Galvantula|Sticky Web|p2a: Terrakion","|-sidestart|p2: SWL Jyph|move: Sticky Web","|","|turn|4","|","|move|p2a: Terrakion|Stone Edge|p1a: Galvantula","|-supereffective|p1a: Galvantula","|-damage|p1a: Galvantula|0 fnt","|faint|p1a: Galvantula","|","|","|switch|p1a: Forretress|Forretress, F|354/354","|turn|5","|","|switch|p2a: Keldeo|Keldeo|323/323","|-activate|p2a: Keldeo|move: Sticky Web","|-unboost|p2a: Keldeo|spe|1","|move|p1a: Forretress|Stealth Rock|p2a: Keldeo","|-sidestart|p2: SWL Jyph|move: Stealth Rock","|","|turn|6","|","|move|p2a: Keldeo|Substitute|p2a: Keldeo","|-start|p2a: Keldeo|Substitute","|-damage|p2a: Keldeo|243/323","|move|p1a: Forretress|Volt Switch|p2a: Keldeo","|-crit|p2a: Keldeo","|-supereffective|p2a: Keldeo","|-end|p2a: Keldeo|Substitute","|","|switch|p1a: Pinsir|Pinsir, F|271/271","|","|-heal|p2a: Keldeo|263/323|[from] item: Leftovers","|turn|7","|","|detailschange|p1a: Pinsir|Pinsir-Mega, F","|-mega|p1a: Pinsir|Pinsir|Pinsirite","|move|p1a: Pinsir|Quick Attack|p2a: Keldeo","|-supereffective|p2a: Keldeo","|-damage|p2a: Keldeo|23/323","|move|p2a: Keldeo|Scald|p1a: Pinsir","|-damage|p1a: Pinsir|121/271","|","|-heal|p2a: Keldeo|43/323|[from] item: Leftovers","|turn|8","|","|move|p1a: Pinsir|Quick Attack|p2a: Keldeo","|-supereffective|p2a: Keldeo","|-damage|p2a: Keldeo|0 fnt","|faint|p2a: Keldeo","|","|","|switch|p2a: Terrakion|Terrakion|241/323","|-damage|p2a: Terrakion|221/323|[from] Stealth Rock","|-activate|p2a: Terrakion|move: Sticky Web","|-unboost|p2a: Terrakion|spe|1","|turn|9","|","|switch|p1a: Scizor|Scizor, F|282/282","|move|p2a: Terrakion|Stone Edge|p1a: Scizor","|-damage|p1a: Scizor|161/282","|","|-heal|p1a: Scizor|178/282|[from] item: Leftovers","|turn|10","|","|switch|p2a: Cobalion|Cobalion|386/386","|-activate|p2a: Cobalion|move: Sticky Web","|-unboost|p2a: Cobalion|spe|1","|-damage|p2a: Cobalion|374/386|[from] Stealth Rock","|move|p1a: Scizor|Bullet Punch|p2a: Cobalion","|-resisted|p2a: Cobalion","|-damage|p2a: Cobalion|330/386","|","|-heal|p2a: Cobalion|354/386|[from] item: Leftovers","|-heal|p1a: Scizor|195/282|[from] item: Leftovers","|turn|11","|","|move|p2a: Cobalion|Stealth Rock|p1a: Scizor","|-sidestart|p1: Prince ♡ Sky|move: Stealth Rock","|move|p1a: Scizor|Superpower|p2a: Cobalion","|-crit|p2a: Cobalion","|-supereffective|p2a: Cobalion","|-damage|p2a: Cobalion|22/386","|-unboost|p1a: Scizor|atk|1","|-unboost|p1a: Scizor|def|1","|","|-heal|p2a: Cobalion|46/386|[from] item: Leftovers","|-heal|p1a: Scizor|212/282|[from] item: Leftovers","|turn|12","|","|move|p2a: Cobalion|Volt Switch|p1a: Scizor","|-damage|p1a: Scizor|156/282","|","|switch|p2a: Breloom|Breloom, M|261/261","|-damage|p2a: Breloom|245/261|[from] Stealth Rock","|-activate|p2a: Breloom|move: Sticky Web","|-unboost|p2a: Breloom|spe|1","|move|p1a: Scizor|Knock Off|p2a: Breloom","|-resisted|p2a: Breloom","|-damage|p2a: Breloom|202/261","|-enditem|p2a: Breloom|Focus Sash|[from] move: Knock Off|[of] p1a: Scizor","|","|-heal|p1a: Scizor|173/282|[from] item: Leftovers","|turn|13","|","|move|p2a: Breloom|Spore|p1a: Scizor","|-status|p1a: Scizor|slp","|cant|p1a: Scizor|slp","|","|-heal|p1a: Scizor|190/282 slp|[from] item: Leftovers","|turn|14","|","|switch|p1a: Forretress|Forretress, F|354/354","|-damage|p1a: Forretress|310/354|[from] Stealth Rock","|move|p2a: Breloom|Mach Punch|p1a: Forretress","|-damage|p1a: Forretress|250/354","|-enditem|p1a: Forretress|Red Card|[of] p2a: Breloom","|drag|p2a: Cobalion|Cobalion|46/386","|-activate|p2a: Cobalion|move: Sticky Web","|-unboost|p2a: Cobalion|spe|1","|-damage|p2a: Cobalion|34/386|[from] Stealth Rock","|","|-heal|p2a: Cobalion|58/386|[from] item: Leftovers","|turn|15","|","|move|p2a: Cobalion|Taunt|p1a: Forretress","|-start|p1a: Forretress|move: Taunt","|move|p1a: Forretress|Rapid Spin|p2a: Cobalion","|-resisted|p2a: Cobalion","|-damage|p2a: Cobalion|52/386","|-sideend|p1: Prince ♡ Sky|Stealth Rock|[from] move: Rapid Spin|[of] p1a: Forretress","|","|-heal|p2a: Cobalion|76/386|[from] item: Leftovers","|turn|16","|","|move|p2a: Cobalion|Stealth Rock|p1a: Forretress","|-sidestart|p1: Prince ♡ Sky|move: Stealth Rock","|move|p1a: Forretress|Rapid Spin|p2a: Cobalion","|-resisted|p2a: Cobalion","|-damage|p2a: Cobalion|70/386","|-sideend|p1: Prince ♡ Sky|Stealth Rock|[from] move: Rapid Spin|[of] p1a: Forretress","|","|-heal|p2a: Cobalion|94/386|[from] item: Leftovers","|turn|17","|","|move|p2a: Cobalion|Stealth Rock|p1a: Forretress","|-sidestart|p1: Prince ♡ Sky|move: Stealth Rock","|move|p1a: Forretress|Rapid Spin|p2a: Cobalion","|-resisted|p2a: Cobalion","|-damage|p2a: Cobalion|87/386","|-sideend|p1: Prince ♡ Sky|Stealth Rock|[from] move: Rapid Spin|[of] p1a: Forretress","|","|-heal|p2a: Cobalion|111/386|[from] item: Leftovers","|-end|p1a: Forretress|move: Taunt","|turn|18","|","|move|p2a: Cobalion|Flash Cannon|p1a: Forretress","|-resisted|p1a: Forretress","|-damage|p1a: Forretress|184/354","|move|p1a: Forretress|Rapid Spin|p2a: Cobalion","|-resisted|p2a: Cobalion","|-damage|p2a: Cobalion|105/386","|","|-heal|p2a: Cobalion|129/386|[from] item: Leftovers","|turn|19","|","|move|p2a: Cobalion|Flash Cannon|p1a: Forretress","|-resisted|p1a: Forretress","|-damage|p1a: Forretress|120/354","|move|p1a: Forretress|Volt Switch|p2a: Cobalion","|-damage|p2a: Cobalion|80/386","|","|switch|p1a: Pinsir|Pinsir-Mega, F|121/271","|","|-heal|p2a: Cobalion|104/386|[from] item: Leftovers","|turn|20","|","|switch|p2a: Breloom|Breloom, M|202/261","|-activate|p2a: Breloom|move: Sticky Web","|-unboost|p2a: Breloom|spe|1","|-damage|p2a: Breloom|186/261|[from] Stealth Rock","|move|p1a: Pinsir|Earthquake|p2a: Breloom","|-resisted|p2a: Breloom","|-damage|p2a: Breloom|104/261","|","|turn|21","|","|move|p1a: Pinsir|Quick Attack|p2a: Breloom","|-supereffective|p2a: Breloom","|-damage|p2a: Breloom|0 fnt","|faint|p2a: Breloom","|","|","|switch|p2a: Terrakion|Terrakion|221/323","|-activate|p2a: Terrakion|move: Sticky Web","|-unboost|p2a: Terrakion|spe|1","|-damage|p2a: Terrakion|201/323|[from] Stealth Rock","|turn|22","|","|switch|p1a: Forretress|Forretress, F|120/354","|move|p2a: Terrakion|Stone Edge|p1a: Forretress","|-damage|p1a: Forretress|21/354","|","|turn|23","|","|move|p2a: Terrakion|Stone Edge|p1a: Forretress|[miss]","|-miss|p2a: Terrakion|p1a: Forretress","|move|p1a: Forretress|Volt Switch|p2a: Terrakion","|-damage|p2a: Terrakion|163/323","|","|switch|p1a: Genesect|Genesect|283/283","|-boost|p1a: Genesect|atk|1|[from] ability: Download","|","|turn|24","|","|switch|p2a: Cobalion|Cobalion|104/386","|-activate|p2a: Cobalion|move: Sticky Web","|-unboost|p2a: Cobalion|spe|1","|-damage|p2a: Cobalion|92/386|[from] Stealth Rock","|move|p1a: Genesect|U-turn|p2a: Cobalion","|-resisted|p2a: Cobalion","|-damage|p2a: Cobalion|64/386","|","|switch|p1a: Pinsir|Pinsir-Mega, F|121/271","|","|-heal|p2a: Cobalion|88/386|[from] item: Leftovers","|turn|25","|","|move|p1a: Pinsir|Frustration|p2a: Cobalion","|-damage|p2a: Cobalion|0 fnt","|faint|p2a: Cobalion","|","|","|switch|p2a: Terrakion|Terrakion|163/323","|-activate|p2a: Terrakion|move: Sticky Web","|-unboost|p2a: Terrakion|spe|1","|-damage|p2a: Terrakion|143/323|[from] Stealth Rock","|turn|26","|","|switch|p1a: Forretress|Forretress, F|21/354","|move|p2a: Terrakion|Iron Head|p1a: Forretress","|-resisted|p1a: Forretress","|-damage|p1a: Forretress|0 fnt","|faint|p1a: Forretress","|","|","|switch|p1a: Scizor|Scizor, F|190/282 slp","|turn|27","|","|switch|p2a: Mienshao|Mienshao, F|271/271","|-activate|p2a: Mienshao|move: Sticky Web","|-unboost|p2a: Mienshao|spe|1","|-damage|p2a: Mienshao|255/271|[from] Stealth Rock","|cant|p1a: Scizor|slp","|","|-heal|p1a: Scizor|207/282 slp|[from] item: Leftovers","|turn|28","|","|move|p2a: Mienshao|High Jump Kick|p1a: Scizor","|-damage|p1a: Scizor|0 fnt","|-damage|p2a: Mienshao|228/271|[from] item: Life Orb","|faint|p1a: Scizor","|","|","|switch|p1a: Pinsir|Pinsir-Mega, F|121/271","|turn|29","|","|move|p1a: Pinsir|Quick Attack|p2a: Mienshao","|-supereffective|p2a: Mienshao","|-damage|p2a: Mienshao|0 fnt","|faint|p2a: Mienshao","|","|","|switch|p2a: Terrakion|Terrakion|143/323","|-damage|p2a: Terrakion|123/323|[from] Stealth Rock","|-activate|p2a: Terrakion|move: Sticky Web","|-unboost|p2a: Terrakion|spe|1","|turn|30","|","|move|p2a: Terrakion|Close Combat|p1a: Pinsir","|-resisted|p1a: Pinsir","|-damage|p1a: Pinsir|75/271","|-unboost|p2a: Terrakion|def|1","|-unboost|p2a: Terrakion|spd|1","|move|p1a: Pinsir|Frustration|p2a: Terrakion","|-damage|p2a: Terrakion|0 fnt","|faint|p2a: Terrakion","|","|","|switch|p2a: Gallade|Gallade, M|277/277","|-damage|p2a: Gallade|260/277|[from] Stealth Rock","|-activate|p2a: Gallade|move: Sticky Web","|-unboost|p2a: Gallade|spe|1","|turn|31","|","|detailschange|p2a: Gallade|Gallade-Mega, M","|-mega|p2a: Gallade|Gallade|Galladite","|move|p1a: Pinsir|Quick Attack|p2a: Gallade","|-supereffective|p2a: Gallade","|-damage|p2a: Gallade|36/277","|move|p2a: Gallade|Shadow Sneak|p1a: Pinsir","|-damage|p1a: Pinsir|27/271","|","|turn|32","|","|move|p1a: Pinsir|Quick Attack|p2a: Gallade","|-supereffective|p2a: Gallade","|-damage|p2a: Gallade|0 fnt","|faint|p2a: Gallade","|","|win|Prince ♡ Sky"],"p1rating":{"entryid":"7606450","serverid":"eos","formatid":"monotype","userid":"princesky","username":"Prince ♡ Sky","w":4,"l":"1","t":"0","gxe":59.9,"r":"1500","rd":"130","sigma":"0","rptime":"1439456400","rpr":1578.962580868,"rprd":101.76762202782,"rpsigma":"0","acre":1119.5622341395,"lacre":1119.5622341395,"oldacre":"1085.9249638506"},"p2rating":{"entryid":"7479706","serverid":"eos","formatid":"monotype","userid":"swljyph","username":"SWL Jyph","w":"6","l":2,"t":"0","gxe":61.5,"r":"1499.970724027","rd":"117.60222801122","sigma":"0","rptime":"1439456400","rpr":1590.8809375019,"rprd":93.230374543131,"rpsigma":"0","acre":1140.2130737033,"lacre":1140.2130737033,"oldacre":"1171.2308832484"},"endType":"normal"}