{"seed":[65022,62812,49837,758],"turns":22,"p1":"alliance-c-control","p2":"E4 UltraInkay","p1team":[{"name":"Zapdos","species":"Zapdos","item":"rockyhelmet","ability":"Pressure","moves":["defog","heatwave","voltswitch","roost"],"nature":"Modest","evs":{"hp":248,"atk":0,"def":0,"spa":252,"spd":8,"spe":0},"ivs":{"hp":31,"atk":31,"def":31,"spa":31,"spd":31,"spe":31}},{"name":"Magnezone","species":"Magnezone","item":"choicescarf","ability":"Analytic","moves":["flashcannon","hiddenpowerice","voltswitch","mirrorcoat"],"nature":"Timid","evs":{"hp":0,"atk":0,"def":0,"spa":252,"spd":4,"spe":252},"ivs":{"hp":31,"atk":30,"def":30,"spa":31,"spd":31,"spe":31}},{"name":"Rotom-Wash","species":"Rotom-Wash","item":"leftovers","ability":"Levitate","moves":["hydropump","willowisp","voltswitch","painsplit"],"nature":"Bold","evs":{"hp":252,"atk":0,"def":248,"spa":8,"spd":0,"spe":0},"ivs":{"hp":31,"atk":31,"def":31,"spa":31,"spd":31,"spe":31}},{"name":"Zebstrika","species":"Zebstrika","item":"leftovers","ability":"Sap Sipper","moves":["flamecharge","bounce","mefirst","snatch"],"nature":"Jolly","evs":{"hp":0,"atk":252,"def":0,"spa":0,"spd":4,"spe":252},"happiness":0,"ivs":{"hp":31,"atk":31,"def":31,"spa":31,"spd":31,"spe":31}},{"name":"Thundurus","species":"Thundurus","item":"leftovers","ability":"Prankster","moves":["flashcannon","superpower","thunderbolt","thunderwave"],"nature":"Hasty","evs":{"hp":0,"atk":4,"def":0,"spa":252,"spd":0,"spe":252},"ivs":{"hp":31,"atk":31,"def":31,"spa":31,"spd":31,"spe":31}},{"name":"Emolga","species":"Emolga","item":"sitrusberry","ability":"Motor Drive","moves":["acrobatics","roost","uturn","tailwind"],"nature":"Adamant","evs":{"hp":0,"atk":252,"def":0,"spa":0,"spd":4,"spe":252},"ivs":{"hp":31,"atk":31,"def":31,"spa":31,"spd":31,"spe":31}}],"p2team":[{"name":"Marowak","species":"Marowak","item":"thickclub","ability":"Rock Head","moves":["brickbreak","poweruppunch","earthquake","ironhead"],"nature":"Adamant","evs":{"hp":248,"atk":252,"def":0,"spa":0,"spd":8,"spe":0},"ivs":{"hp":31,"atk":31,"def":31,"spa":31,"spd":31,"spe":31}},{"name":"Torterra","species":"Torterra","item":"yacheberry","ability":"Overgrow","moves":["bulletseed","woodhammer","swordsdance","earthquake"],"nature":"Adamant","evs":{"hp":248,"atk":252,"def":0,"spa":0,"spd":8,"spe":0},"ivs":{"hp":31,"atk":31,"def":31,"spa":31,"spd":31,"spe":31}},{"name":"Gliscor","species":"Gliscor","item":"toxicorb","ability":"Poison Heal","moves":["substitute","earthquake","honeclaws","roost"],"nature":"Impish","evs":{"hp":248,"atk":0,"def":188,"spa":0,"spd":0,"spe":72},"ivs":{"hp":31,"atk":31,"def":31,"spa":31,"spd":31,"spe":31}},{"name":"Sandslash","species":"Sandslash","item":"muscleband","ability":"Sand Rush","moves":["sandstorm","earthquake","aerialace","brickbreak"],"nature":"Adamant","evs":{"hp":0,"atk":252,"def":0,"spa":0,"spd":4,"spe":252},"ivs":{"hp":31,"atk":31,"def":31,"spa":31,"spd":31,"spe":31}},{"name":"Dugtrio","species":"Dugtrio","item":"softsand","ability":"Sand Force","moves":["aerialace","earthquake","shadowclaw","rockslide"],"nature":"Jolly","evs":{"hp":0,"atk":252,"def":0,"spa":0,"spd":4,"spe":252},"ivs":{"hp":31,"atk":31,"def":31,"spa":31,"spd":31,"spe":31}},{"name":"Nidoking","species":"Nidoking","item":"airballoon","ability":"Sheer Force","moves":["icepunch","honeclaws","megahorn","poisonjab"],"nature":"Adamant","evs":{"hp":248,"atk":252,"def":0,"spa":0,"spd":8,"spe":0},"ivs":{"hp":31,"atk":31,"def":31,"spa":31,"spd":31,"spe":31}}],"log":["|player|p1|alliance-c-control|190","|player|p2|E4 UltraInkay|293","|gametype|singles","|gen|6","|tier|Monotype","|rated","|rule|Baton Pass Clause: Limit one Baton Passer, can't pass Spe and other stats simultaneously","|rule|Swagger Clause: Swagger is banned","|rule|Same Type Clause: Pokémon in a team must share a type","|clearpoke","|poke|p1|Zapdos","|poke|p1|Magnezone","|poke|p1|Rotom-Wash","|poke|p1|Zebstrika, F","|poke|p1|Thundurus, M","|poke|p1|Emolga, M","|poke|p2|Marowak, M","|poke|p2|Torterra, M","|poke|p2|Gliscor, F","|poke|p2|Sandslash, M","|poke|p2|Dugtrio, M","|poke|p2|Nidoking, M","|rule|Sleep Clause Mod: Limit one foe put to sleep","|rule|Species Clause: Limit one of each Pokémon","|rule|OHKO Clause: OHKO moves are banned","|rule|Moody Clause: Moody is banned","|rule|Evasion Moves Clause: Evasion moves are banned","|rule|Endless Battle Clause: Forcing endless battles is banned","|rule|HP Percentage Mod: HP is shown in percentages","|teampreview","|","|start","|switch|p1a: Rotom-Wash|Rotom-Wash|304/304","|switch|p2a: Nidoking|Nidoking, M|365/365","|-item|p2a: Nidoking|Air Balloon","|turn|1","|","|move|p1a: Rotom-Wash|Hydro Pump|p2a: Nidoking","|-supereffective|p2a: Nidoking","|-damage|p2a: Nidoking|11/365","|-enditem|p2a: Nidoking|Air Balloon","|move|p2a: Nidoking|Megahorn|p1a: Rotom-Wash|[miss]","|-miss|p2a: Nidoking|p1a: Rotom-Wash","|","|turn|2","|","|move|p1a: Rotom-Wash|Hydro Pump|p2a: Nidoking","|-supereffective|p2a: Nidoking","|-damage|p2a: Nidoking|0 fnt","|faint|p2a: Nidoking","|","|","|switch|p2a: Torterra|Torterra, M|393/393","|turn|3","|","|move|p1a: Rotom-Wash|Will-O-Wisp|p2a: Torterra","|-status|p2a: Torterra|brn","|move|p2a: Torterra|Wood Hammer|p1a: Rotom-Wash","|-supereffective|p1a: Rotom-Wash","|-damage|p1a: Rotom-Wash|156/304","|-damage|p2a: Torterra|344/393 brn|[from] recoil|[of] p1a: Rotom-Wash","|","|-heal|p1a: Rotom-Wash|175/304|[from] item: Leftovers","|-damage|p2a: Torterra|295/393 brn|[from] brn","|turn|4","|","|switch|p1a: Zebstrika|Zebstrika, F|291/291","|move|p2a: Torterra|Wood Hammer|p1a: Zebstrika","|-boost|p1a: Zebstrika|atk|1|[from] ability: Sap Sipper","|","|-damage|p2a: Torterra|246/393 brn|[from] brn","|turn|5","|","|move|p1a: Zebstrika|Flame Charge|p2a: Torterra","|-supereffective|p2a: Torterra","|-damage|p2a: Torterra|90/393 brn","|-boost|p1a: Zebstrika|spe|1","|move|p2a: Torterra|Earthquake|p1a: Zebstrika","|-supereffective|p1a: Zebstrika","|-damage|p1a: Zebstrika|18/291","|","|-heal|p1a: Zebstrika|36/291|[from] item: Leftovers","|-damage|p2a: Torterra|41/393 brn|[from] brn","|turn|6","|","|move|p1a: Zebstrika|Flame Charge|p2a: Torterra","|-crit|p2a: Torterra","|-supereffective|p2a: Torterra","|-damage|p2a: Torterra|0 fnt","|-boost|p1a: Zebstrika|spe|1","|faint|p2a: Torterra","|","|-heal|p1a: Zebstrika|54/291|[from] item: Leftovers","|","|switch|p2a: Gliscor|Gliscor, F|353/353","|turn|7","|","|move|p1a: Zebstrika|Snatch|p1a: Zebstrika","|-singleturn|p1a: Zebstrika|Snatch","|move|p2a: Gliscor|Earthquake|p1a: Zebstrika","|-supereffective|p1a: Zebstrika","|-damage|p1a: Zebstrika|0 fnt","|faint|p1a: Zebstrika","|","|-status|p2a: Gliscor|tox|[from] item: Toxic Orb","|","|switch|p1a: Magnezone|Magnezone|281/281","|turn|8","|","|move|p1a: Magnezone|Hidden Power|p2a: Gliscor","|-supereffective|p2a: Gliscor","|-damage|p2a: Gliscor|17/353 tox","|move|p2a: Gliscor|Earthquake|p1a: Magnezone","|-supereffective|p1a: Magnezone","|-damage|p1a: Magnezone|0 fnt","|faint|p1a: Magnezone","|","|-heal|p2a: Gliscor|61/353 tox|[from] ability: Poison Heal","|","|switch|p1a: Rotom-Wash|Rotom-Wash|175/304","|turn|9","|","|move|p2a: Gliscor|Roost|p2a: Gliscor","|-heal|p2a: Gliscor|238/353 tox","|move|p1a: Rotom-Wash|Hydro Pump|p2a: Gliscor","|-supereffective|p2a: Gliscor","|-damage|p2a: Gliscor|0 fnt","|faint|p2a: Gliscor","|","|-heal|p1a: Rotom-Wash|194/304|[from] item: Leftovers","|","|switch|p2a: Sandslash|Sandslash, M|291/291","|turn|10","|","|move|p2a: Sandslash|Sandstorm|p2a: Sandslash","|-weather|Sandstorm","|move|p1a: Rotom-Wash|Will-O-Wisp|p2a: Sandslash","|-status|p2a: Sandslash|brn","|","|-weather|Sandstorm|[upkeep]","|-damage|p1a: Rotom-Wash|175/304|[from] sandstorm","|-heal|p1a: Rotom-Wash|194/304|[from] item: Leftovers","|-damage|p2a: Sandslash|255/291 brn|[from] brn","|turn|11","|","|move|p2a: Sandslash|Brick Break|p1a: Rotom-Wash","|-damage|p1a: Rotom-Wash|166/304","|move|p1a: Rotom-Wash|Hydro Pump|p2a: Sandslash","|-supereffective|p2a: Sandslash","|-damage|p2a: Sandslash|0 fnt","|faint|p2a: Sandslash","|","|-weather|Sandstorm|[upkeep]","|-damage|p1a: Rotom-Wash|147/304|[from] sandstorm","|-heal|p1a: Rotom-Wash|166/304|[from] item: Leftovers","|","|switch|p2a: Dugtrio|Dugtrio, M|211/211","|turn|12","|","|move|p2a: Dugtrio|Rock Slide|p1a: Rotom-Wash","|-damage|p1a: Rotom-Wash|103/304","|move|p1a: Rotom-Wash|Pain Split|p2a: Dugtrio","|-sethp|p2a: Dugtrio|157/211|p1a: Rotom-Wash|157/304|[from] move: Pain Split","|","|-weather|Sandstorm|[upkeep]","|-damage|p1a: Rotom-Wash|138/304|[from] sandstorm","|-heal|p1a: Rotom-Wash|157/304|[from] item: Leftovers","|turn|13","|","|switch|p1a: Thundurus|Thundurus, M|299/299","|move|p2a: Dugtrio|Shadow Claw|p1a: Thundurus","|-damage|p1a: Thundurus|207/299","|","|-weather|Sandstorm|[upkeep]","|-damage|p1a: Thundurus|189/299|[from] sandstorm","|-heal|p1a: Thundurus|207/299|[from] item: Leftovers","|turn|14","|","|move|p1a: Thundurus|Thunder Wave|p2a: Dugtrio","|-immune|p2a: Dugtrio|[msg]","|move|p2a: Dugtrio|Rock Slide|p1a: Thundurus","|-supereffective|p1a: Thundurus","|-damage|p1a: Thundurus|0 fnt","|faint|p1a: Thundurus","|","|-weather|none","|","|switch|p1a: Emolga|Emolga, M|251/251","|turn|15","|","|move|p2a: Dugtrio|Rock Slide|p1a: Emolga","|-supereffective|p1a: Emolga","|-damage|p1a: Emolga|67/251","|-enditem|p1a: Emolga|Sitrus Berry|[eat]","|-heal|p1a: Emolga|129/251|[from] item: Sitrus Berry","|cant|p1a: Emolga|flinch","|","|turn|16","|","|move|p2a: Dugtrio|Rock Slide|p1a: Emolga","|-supereffective|p1a: Emolga","|-damage|p1a: Emolga|0 fnt","|faint|p1a: Emolga","|","|","|switch|p1a: Zapdos|Zapdos|383/383","|-ability|p1a: Zapdos|Pressure","|turn|17","|","|move|p2a: Dugtrio|Rock Slide|p1a: Zapdos","|-crit|p1a: Zapdos","|-supereffective|p1a: Zapdos","|-damage|p1a: Zapdos|157/383","|move|p1a: Zapdos|Heat Wave|p2a: Dugtrio","|-damage|p2a: Dugtrio|0 fnt","|faint|p2a: Dugtrio","|","|","|switch|p2a: Marowak|Marowak, M|323/323","|turn|18","|","|move|p1a: Zapdos|Roost|p1a: Zapdos","|-heal|p1a: Zapdos|349/383","|move|p2a: Marowak|Power-Up Punch|p1a: Zapdos","|-crit|p1a: Zapdos","|-damage|p1a: Zapdos|210/383","|-damage|p2a: Marowak|270/323|[from] item: Rocky Helmet|[of] p1a: Zapdos","|-boost|p2a: Marowak|atk|1","|","|turn|19","|","|move|p1a: Zapdos|Heat Wave|p2a: Marowak","|-miss|p1a: Zapdos|p2a: Marowak","|move|p2a: Marowak|Earthquake|p1a: Zapdos","|-immune|p1a: Zapdos|[msg]","|","|turn|20","|","|move|p1a: Zapdos|Roost|p1a: Zapdos","|-heal|p1a: Zapdos|383/383","|move|p2a: Marowak|Brick Break|p1a: Zapdos","|-damage|p1a: Zapdos|124/383","|-damage|p2a: Marowak|217/323|[from] item: Rocky Helmet|[of] p1a: Zapdos","|","|turn|21","|","|move|p1a: Zapdos|Roost|p1a: Zapdos","|-heal|p1a: Zapdos|316/383","|move|p2a: Marowak|Power-Up Punch|p1a: Zapdos","|-damage|p1a: Zapdos|195/383","|-damage|p2a: Marowak|164/323|[from] item: Rocky Helmet|[of] p1a: Zapdos","|-boost|p2a: Marowak|atk|1","|","|turn|22","|","|move|p1a: Zapdos|Heat Wave|p2a: Marowak","|-damage|p2a: Marowak|21/323","|move|p2a: Marowak|Brick Break|p1a: Zapdos","|-resisted|p1a: Zapdos","|-damage|p1a: Zapdos|42/383","|-damage|p2a: Marowak|0 fnt|[from] item: Rocky Helmet|[of] p1a: Zapdos","|faint|p2a: Marowak","|","|win|alliance-c-control"],"p1rating":{"entryid":"6440455","serverid":"eos","formatid":"monotype","userid":"allianceccontrol","username":"Alliance-C-Control","w":243,"l":"309","t":"0","gxe":44.8,"r":"1460.7413433616","rd":"32.724461965919","sigma":"0","rptime":"1439542800","rpr":1460.5365981392,"rprd":32.470910117033,"rpsigma":"0","acre":1135.1762067888,"lacre":1135.1762067888,"oldacre":"1118.1314814735"},"p2rating":{"entryid":"6413228","serverid":"eos","formatid":"monotype","userid":"e4ultrainkay","username":"E4 UltraInkay","w":"15","l":37,"t":"0","gxe":32.9,"r":1369.9339446021,"rd":51.725652597913,"sigma":"0","rptime":1439542800,"rpr":1364.3366845269,"rprd":51.20321400756,"rpsigma":"0","acre":1000,"lacre":1000,"oldacre":"1003.5975098216"},"endType":"normal"}