{"seed":[43508,11575,37434,35477],"turns":23,"p1":"GTX♅Bzumzum","p2":"Green's Legacy","p1team":[{"name":"Elec","species":"manectric","item":"manectite","ability":"Lightning Rod","moves":["thunderbolt","hiddenpowergrass","voltswitch","overheat"],"nature":"Timid","evs":{"hp":0,"atk":0,"def":0,"spa":252,"spd":4,"spe":252},"gender":"M","ivs":{"hp":31,"atk":30,"def":31,"spa":30,"spd":31,"spe":31}},{"name":"Water-Safe","species":"rotomwash","item":"chestoberry","ability":"Levitate","moves":["hydropump","hiddenpowerground","willowisp","rest"],"nature":"Calm","evs":{"hp":248,"atk":0,"def":0,"spa":8,"spd":252,"spe":0},"ivs":{"hp":31,"atk":31,"def":31,"spa":30,"spd":30,"spe":31},"shiny":true},{"name":"MY ZONE!!!","species":"magnezone","item":"choicespecs","ability":"Sturdy","moves":["hiddenpowerice","flashcannon","triattack","signalbeam"],"nature":"Modest","evs":{"hp":248,"atk":0,"def":0,"spa":252,"spd":8,"spe":0},"ivs":{"hp":31,"atk":30,"def":30,"spa":31,"spd":31,"spe":31},"shiny":true},{"name":"Lightning","species":"raichu","item":"choicescarf","ability":"Static","moves":["focusblast","voltswitch","grassknot","surf"],"nature":"Modest","evs":{"hp":4,"atk":0,"def":0,"spa":252,"spd":0,"spe":252},"gender":"M","shiny":true,"ivs":{"hp":31,"atk":31,"def":31,"spa":31,"spd":31,"spe":31}},{"name":"Zapz","species":"zapdos","item":"leftovers","ability":"Pressure","moves":["heatwave","roost","extrasensory","defog"],"nature":"Modest","evs":{"hp":252,"atk":0,"def":0,"spa":252,"spd":4,"spe":0},"shiny":true,"ivs":{"hp":31,"atk":31,"def":31,"spa":31,"spd":31,"spe":31}},{"name":"Plugg-in Failure","species":"electivire","item":"choicescarf","ability":"Vital Spirit","moves":["crosschop","earthquake","icepunch","rockslide"],"nature":"Adamant","evs":{"hp":0,"atk":252,"def":0,"spa":0,"spd":4,"spe":252},"gender":"M","shiny":true,"ivs":{"hp":31,"atk":31,"def":31,"spa":31,"spd":31,"spe":31}}],"p2team":[{"name":"Whyrm's Wrath","species":"genesect","item":"choicescarf","ability":"Download","moves":["uturn","ironhead","icebeam","flamethrower"],"nature":"Naive","evs":{"hp":0,"atk":4,"def":0,"spa":252,"spd":0,"spe":252},"shiny":true,"ivs":{"hp":31,"atk":31,"def":31,"spa":31,"spd":31,"spe":31}},{"name":"Crimson riot","species":"volcarona","item":"lumberry","ability":"Flame Body","moves":["quiverdance","fierydance","bugbuzz","hiddenpowerground"],"nature":"Timid","evs":{"hp":248,"atk":0,"def":0,"spa":8,"spd":0,"spe":252},"ivs":{"hp":31,"atk":31,"def":31,"spa":30,"spd":30,"spe":31}},{"name":"Dragon tempest","species":"pinsir","item":"pinsirite","ability":"Moxie","moves":["feint","earthquake","return","swordsdance"],"nature":"Jolly","evs":{"hp":0,"atk":252,"def":0,"spa":0,"spd":4,"spe":252},"shiny":true,"ivs":{"hp":31,"atk":31,"def":31,"spa":31,"spd":31,"spe":31}},{"name":"Brilliant overlord","species":"forretress","item":"custapberry","ability":"Sturdy","moves":["explosion","rapidspin","stealthrock","earthquake"],"nature":"Adamant","evs":{"hp":248,"atk":252,"def":8,"spa":0,"spd":0,"spe":0},"ivs":{"hp":31,"atk":31,"def":31,"spa":31,"spd":31,"spe":31}},{"name":"Heracross","species":"Heracross","item":"choiceband","ability":"Guts","moves":["closecombat","stoneedge","megahorn","earthquake"],"nature":"Jolly","evs":{"hp":0,"atk":252,"def":0,"spa":0,"spd":4,"spe":252},"ivs":{"hp":31,"atk":31,"def":31,"spa":31,"spd":31,"spe":31}},{"name":"Spark Wave","species":"galvantula","item":"focussash","ability":"Compound Eyes","moves":["stickyweb","thunder","hiddenpowerice","energyball"],"nature":"Timid","evs":{"hp":0,"atk":0,"def":4,"spa":252,"spd":0,"spe":252},"ivs":{"hp":31,"atk":30,"def":30,"spa":31,"spd":31,"spe":31},"shiny":true}],"log":["|player|p1|GTX♅Bzumzum|225","|player|p2|Green's Legacy|17","|gametype|singles","|gen|6","|tier|Monotype","|rated","|rule|Baton Pass Clause: Limit one Baton Passer, can't pass Spe and other stats simultaneously","|rule|Swagger Clause: Swagger is banned","|rule|Same Type Clause: Pokémon in a team must share a type","|clearpoke","|poke|p1|Manectric, M","|poke|p1|Rotom-Wash, shiny","|poke|p1|Magnezone, shiny","|poke|p1|Raichu, M, shiny","|poke|p1|Zapdos, shiny","|poke|p1|Electivire, M, shiny","|poke|p2|Genesect-*, shiny","|poke|p2|Volcarona, F","|poke|p2|Pinsir, F, shiny","|poke|p2|Forretress, F","|poke|p2|Heracross, M","|poke|p2|Galvantula, F, shiny","|rule|Sleep Clause Mod: Limit one foe put to sleep","|rule|Species Clause: Limit one of each Pokémon","|rule|OHKO Clause: OHKO moves are banned","|rule|Moody Clause: Moody is banned","|rule|Evasion Moves Clause: Evasion moves are banned","|rule|Endless Battle Clause: Forcing endless battles is banned","|rule|HP Percentage Mod: HP is shown in percentages","|teampreview","|","|start","|switch|p1a: Lightning|Raichu, M, shiny|262/262","|switch|p2a: Whyrm's Wrath|Genesect, shiny|283/283","|-boost|p2a: Whyrm's Wrath|atk|1|[from] ability: Download","|turn|1","|","|move|p2a: Whyrm's Wrath|U-turn|p1a: Lightning","|-damage|p1a: Lightning|33/262","|","|switch|p2a: Crimson riot|Volcarona, F|373/373","|move|p1a: Lightning|Volt Switch|p2a: Crimson riot","|-damage|p2a: Crimson riot|276/373","|","|switch|p1a: Plugg-in Failure|Electivire, M, shiny|291/291","|","|turn|2","|","|switch|p2a: Brilliant overlord|Forretress, F|353/353","|move|p1a: Plugg-in Failure|Earthquake|p2a: Brilliant overlord","|-damage|p2a: Brilliant overlord|260/353","|","|turn|3","|","|switch|p1a: Water-Safe|Rotom-Wash, shiny|303/303","|move|p2a: Brilliant overlord|Stealth Rock|p1a: Water-Safe","|-sidestart|p1: GTX♅Bzumzum|move: Stealth Rock","|","|turn|4","|","|move|p1a: Water-Safe|Hidden Power|p2a: Brilliant overlord","|-damage|p2a: Brilliant overlord|191/353","|move|p2a: Brilliant overlord|Explosion|p1a: Water-Safe","|-damage|p1a: Water-Safe|78/303","|faint|p2a: Brilliant overlord","|","|","|switch|p2a: Whyrm's Wrath|Genesect, shiny|283/283","|-boost|p2a: Whyrm's Wrath|atk|1|[from] ability: Download","|turn|5","|","|move|p2a: Whyrm's Wrath|U-turn|p1a: Water-Safe","|-damage|p1a: Water-Safe|0 fnt","|faint|p1a: Water-Safe","|","|switch|p2a: Heracross|Heracross, M|301/301","|","|","|switch|p1a: Plugg-in Failure|Electivire, M, shiny|291/291","|-damage|p1a: Plugg-in Failure|255/291|[from] Stealth Rock","|turn|6","|","|move|p1a: Plugg-in Failure|Rock Slide|p2a: Heracross","|-damage|p2a: Heracross|174/301","|cant|p2a: Heracross|flinch","|","|turn|7","|","|move|p1a: Plugg-in Failure|Rock Slide|p2a: Heracross","|-damage|p2a: Heracross|52/301","|move|p2a: Heracross|Close Combat|p1a: Plugg-in Failure","|-damage|p1a: Plugg-in Failure|0 fnt","|-unboost|p2a: Heracross|def|1","|-unboost|p2a: Heracross|spd|1","|faint|p1a: Plugg-in Failure","|","|","|switch|p1a: Zapz|Zapdos, shiny|384/384","|-damage|p1a: Zapz|288/384|[from] Stealth Rock","|-ability|p1a: Zapz|Pressure","|turn|8","|","|switch|p2a: Spark Wave|Galvantula, F, shiny|281/281","|move|p1a: Zapz|Defog|p2a: Spark Wave","|-unboost|p2a: Spark Wave|evasion|1","|-sideend|p1: GTX♅Bzumzum|Stealth Rock|[from] move: Defog|[of] p1a: Zapz","|","|-heal|p1a: Zapz|312/384|[from] item: Leftovers","|turn|9","|","|switch|p1a: Elec|Manectric, M|281/281","|move|p2a: Spark Wave|Sticky Web|p1a: Elec","|-sidestart|p1: GTX♅Bzumzum|move: Sticky Web","|","|turn|10","|","|move|p2a: Spark Wave|Energy Ball|p1a: Elec","|-damage|p1a: Elec|138/281","|move|p1a: Elec|Volt Switch|p2a: Spark Wave","|-resisted|p2a: Spark Wave","|-damage|p2a: Spark Wave|203/281","|","|switch|p1a: Zapz|Zapdos, shiny|312/384","|-ability|p1a: Zapz|Pressure","|","|-heal|p1a: Zapz|336/384|[from] item: Leftovers","|turn|11","|","|move|p2a: Spark Wave|Thunder|p1a: Zapz","|-damage|p1a: Zapz|152/384","|move|p1a: Zapz|Defog|p2a: Spark Wave","|-unboost|p2a: Spark Wave|evasion|1","|-sideend|p1: GTX♅Bzumzum|Sticky Web|[from] move: Defog|[of] p1a: Zapz","|","|-heal|p1a: Zapz|176/384|[from] item: Leftovers","|turn|12","|","|move|p2a: Spark Wave|Thunder|p1a: Zapz","|-damage|p1a: Zapz|7/384","|move|p1a: Zapz|Roost|p1a: Zapz","|-heal|p1a: Zapz|199/384","|","|-heal|p1a: Zapz|223/384|[from] item: Leftovers","|turn|13","|","|switch|p1a: Elec|Manectric, M|138/281","|move|p2a: Spark Wave|Sticky Web|p1a: Elec","|-sidestart|p1: GTX♅Bzumzum|move: Sticky Web","|","|turn|14","|","|switch|p1a: Zapz|Zapdos, shiny|223/384","|-ability|p1a: Zapz|Pressure","|move|p2a: Spark Wave|Energy Ball|p1a: Zapz","|-resisted|p1a: Zapz","|-damage|p1a: Zapz|179/384","|","|-heal|p1a: Zapz|203/384|[from] item: Leftovers","|turn|15","|","|move|p2a: Spark Wave|Thunder|p1a: Zapz","|-damage|p1a: Zapz|35/384","|move|p1a: Zapz|Roost|p1a: Zapz","|-heal|p1a: Zapz|227/384","|","|-heal|p1a: Zapz|251/384|[from] item: Leftovers","|turn|16","|","|switch|p2a: Heracross|Heracross, M|52/301","|move|p1a: Zapz|Defog|p2a: Heracross","|-unboost|p2a: Heracross|evasion|1","|-sideend|p1: GTX♅Bzumzum|Sticky Web|[from] move: Defog|[of] p1a: Zapz","|","|-heal|p1a: Zapz|275/384|[from] item: Leftovers","|turn|17","|","|move|p2a: Heracross|Stone Edge|p1a: Zapz","|-supereffective|p1a: Zapz","|-damage|p1a: Zapz|0 fnt","|faint|p1a: Zapz","|","|","|switch|p1a: Elec|Manectric, M|138/281","|turn|18","|","|switch|p2a: Spark Wave|Galvantula, F, shiny|203/281","|detailschange|p1a: Elec|Manectric-Mega, M","|-mega|p1a: Elec|Manectric|Manectite","|-ability|p1a: Elec|Intimidate","|-unboost|p2a: Spark Wave|atk|1","|move|p1a: Elec|Volt Switch|p2a: Spark Wave","|-resisted|p2a: Spark Wave","|-damage|p2a: Spark Wave|110/281","|","|switch|p1a: Lightning|Raichu, M, shiny|33/262","|","|turn|19","|","|move|p1a: Lightning|Surf|p2a: Spark Wave","|-damage|p2a: Spark Wave|0 fnt","|faint|p2a: Spark Wave","|","|","|switch|p2a: Dragon tempest|Pinsir, F, shiny|271/271","|turn|20","|","|move|p2a: Dragon tempest|Feint|p1a: Lightning","|-damage|p1a: Lightning|0 fnt","|faint|p1a: Lightning","|-boost|p2a: Dragon tempest|atk|1|[from] ability: Moxie","|","|","|switch|p1a: Elec|Manectric-Mega, M|138/281","|-ability|p1a: Elec|Intimidate","|-unboost|p2a: Dragon tempest|atk|1","|turn|21","|","|move|p1a: Elec|Thunderbolt|p2a: Dragon tempest","|-damage|p2a: Dragon tempest|52/271","|move|p2a: Dragon tempest|Earthquake|p1a: Elec","|-supereffective|p1a: Elec","|-damage|p1a: Elec|0 fnt","|faint|p1a: Elec","|-boost|p2a: Dragon tempest|atk|1|[from] ability: Moxie","|","|","|switch|p1a: MY ZONE!!!|Magnezone, shiny|343/343","|turn|22","|","|move|p2a: Dragon tempest|Earthquake|p1a: MY ZONE!!!","|-supereffective|p1a: MY ZONE!!!","|-ability|p1a: MY ZONE!!!|Sturdy","|-damage|p1a: MY ZONE!!!|1/343","|move|p1a: MY ZONE!!!|Tri Attack|p2a: Dragon tempest","|-damage|p2a: Dragon tempest|0 fnt","|faint|p2a: Dragon tempest","|","|","|switch|p2a: Heracross|Heracross, M|52/301","|turn|23","|","|move|p2a: Heracross|Close Combat|p1a: MY ZONE!!!","|-supereffective|p1a: MY ZONE!!!","|-damage|p1a: MY ZONE!!!|0 fnt","|-unboost|p2a: Heracross|def|1","|-unboost|p2a: Heracross|spd|1","|faint|p1a: MY ZONE!!!","|","|win|Green's Legacy"],"p1rating":{"entryid":"6857825","serverid":"eos","formatid":"monotype","userid":"gtxbzumzum","username":"GTX♅Bzumzum","w":"37","l":123,"t":"0","gxe":23.4,"r":1277.7253664831,"rd":32.406786298539,"sigma":"0","rptime":1439542800,"rpr":1276.622060537,"rprd":32.33038951288,"rpsigma":"0","acre":1069.597722305,"lacre":1069.597722305,"oldacre":"1093.2573448842"},"p2rating":{"entryid":"6726428","serverid":"eos","formatid":"monotype","userid":"greenslegacy","username":"Green's Legacy","w":3,"l":"0","t":"0","gxe":62.9,"r":"1540.1606143388","rd":"129.57062716975","sigma":"0","rptime":"1439542800","rpr":1605.3166725018,"rprd":118.29471656712,"rpsigma":"0","acre":1122.9720947956,"lacre":1122.9720947956,"oldacre":"1098.0223675573"},"endType":"normal"}