{"seed":[21749,14086,39670,141],"turns":35,"p1":"Green's Legacy","p2":"00Shadow - ⓞⓢⓤ","p1team":[{"name":"Whyrm's Wrath","species":"genesect","item":"choicescarf","ability":"Download","moves":["uturn","ironhead","icebeam","flamethrower"],"nature":"Naive","evs":{"hp":0,"atk":4,"def":0,"spa":252,"spd":0,"spe":252},"shiny":true,"ivs":{"hp":31,"atk":31,"def":31,"spa":31,"spd":31,"spe":31}},{"name":"Crimson riot","species":"volcarona","item":"lumberry","ability":"Flame Body","moves":["quiverdance","fierydance","bugbuzz","hiddenpowerground"],"nature":"Timid","evs":{"hp":248,"atk":0,"def":0,"spa":8,"spd":0,"spe":252},"ivs":{"hp":31,"atk":31,"def":31,"spa":30,"spd":30,"spe":31}},{"name":"Dragon tempest","species":"pinsir","item":"pinsirite","ability":"Moxie","moves":["feint","earthquake","return","swordsdance"],"nature":"Jolly","evs":{"hp":0,"atk":252,"def":0,"spa":0,"spd":4,"spe":252},"shiny":true,"ivs":{"hp":31,"atk":31,"def":31,"spa":31,"spd":31,"spe":31}},{"name":"Brilliant overlord","species":"forretress","item":"custapberry","ability":"Sturdy","moves":["explosion","rapidspin","stealthrock","earthquake"],"nature":"Adamant","evs":{"hp":248,"atk":252,"def":8,"spa":0,"spd":0,"spe":0},"ivs":{"hp":31,"atk":31,"def":31,"spa":31,"spd":31,"spe":31}},{"name":"Heracross","species":"Heracross","item":"choiceband","ability":"Guts","moves":["closecombat","stoneedge","megahorn","earthquake"],"nature":"Jolly","evs":{"hp":0,"atk":252,"def":0,"spa":0,"spd":4,"spe":252},"ivs":{"hp":31,"atk":31,"def":31,"spa":31,"spd":31,"spe":31}},{"name":"Spark Wave","species":"galvantula","item":"focussash","ability":"Compound Eyes","moves":["stickyweb","thunder","hiddenpowerice","energyball"],"nature":"Timid","evs":{"hp":0,"atk":0,"def":4,"spa":252,"spd":0,"spe":252},"ivs":{"hp":31,"atk":30,"def":30,"spa":31,"spd":31,"spe":31},"shiny":true}],"p2team":[{"name":"Genesect","species":"Genesect","item":"choicescarf","ability":"Download","moves":["uturn","ironhead","extremespeed","explosion"],"nature":"Hasty","evs":{"hp":0,"atk":248,"def":0,"spa":8,"spd":0,"spe":252},"shiny":true,"ivs":{"hp":31,"atk":31,"def":31,"spa":31,"spd":31,"spe":31}},{"name":"Pinsir","species":"Pinsir","item":"pinsirite","ability":"Hyper Cutter","moves":["return","quickattack","earthquake","swordsdance"],"nature":"Jolly","evs":{"hp":0,"atk":252,"def":4,"spa":0,"spd":0,"spe":252},"gender":"M","ivs":{"hp":31,"atk":31,"def":31,"spa":31,"spd":31,"spe":31}},{"name":"Forretress","species":"Forretress","item":"leftovers","ability":"Sturdy","moves":["toxic","stealthrock","rapidspin","voltswitch"],"nature":"Bold","evs":{"hp":252,"atk":0,"def":252,"spa":4,"spd":0,"spe":0},"gender":"M","ivs":{"hp":31,"atk":31,"def":31,"spa":31,"spd":31,"spe":31}},{"name":"Galvantula","species":"Galvantula","item":"focussash","ability":"Compound Eyes","moves":["thunder","stickyweb","energyball","bugbuzz"],"nature":"Timid","evs":{"hp":0,"atk":0,"def":0,"spa":252,"spd":4,"spe":252},"gender":"F","ivs":{"hp":31,"atk":31,"def":31,"spa":31,"spd":31,"spe":31}},{"name":"Shuckle","species":"Shuckle","item":"leftovers","ability":"Contrary","moves":["shellsmash","toxic","infestation","rest"],"nature":"Bold","evs":{"hp":248,"atk":0,"def":252,"spa":0,"spd":8,"spe":0},"gender":"M","ivs":{"hp":31,"atk":31,"def":31,"spa":31,"spd":31,"spe":31}},{"name":"Volcarona","species":"Volcarona","item":"leftovers","ability":"Flame Body","moves":["quiverdance","fireblast","bugbuzz","hiddenpowerground"],"nature":"Modest","evs":{"hp":0,"atk":0,"def":0,"spa":252,"spd":4,"spe":252},"gender":"F","ivs":{"hp":31,"atk":31,"def":31,"spa":30,"spd":30,"spe":31}}],"log":["|player|p1|Green's Legacy|17","|player|p2|00Shadow - ⓞⓢⓤ|00shadow.png","|gametype|singles","|gen|6","|tier|Monotype","|rated","|rule|Baton Pass Clause: Limit one Baton Passer, can't pass Spe and other stats simultaneously","|rule|Swagger Clause: Swagger is banned","|rule|Same Type Clause: Pokémon in a team must share a type","|clearpoke","|poke|p1|Genesect-*, shiny","|poke|p1|Volcarona, M","|poke|p1|Pinsir, F, shiny","|poke|p1|Forretress, M","|poke|p1|Heracross, F","|poke|p1|Galvantula, F, shiny","|poke|p2|Genesect-*, shiny","|poke|p2|Pinsir, M","|poke|p2|Forretress, M","|poke|p2|Galvantula, F","|poke|p2|Shuckle, M","|poke|p2|Volcarona, F","|rule|Sleep Clause Mod: Limit one foe put to sleep","|rule|Species Clause: Limit one of each Pokémon","|rule|OHKO Clause: OHKO moves are banned","|rule|Moody Clause: Moody is banned","|rule|Evasion Moves Clause: Evasion moves are banned","|rule|Endless Battle Clause: Forcing endless battles is banned","|rule|HP Percentage Mod: HP is shown in percentages","|teampreview","|","|start","|switch|p1a: Brilliant overlord|Forretress, M|353/353","|switch|p2a: Forretress|Forretress, M|354/354","|turn|1","|","|move|p1a: Brilliant overlord|Stealth Rock|p2a: Forretress","|-sidestart|p2: 00Shadow - ⓞⓢⓤ|move: Stealth Rock","|move|p2a: Forretress|Stealth Rock|p1a: Brilliant overlord","|-sidestart|p1: Green's Legacy|move: Stealth Rock","|","|turn|2","|","|move|p2a: Forretress|Rapid Spin|p1a: Brilliant overlord","|-resisted|p1a: Brilliant overlord","|-damage|p1a: Brilliant overlord|348/353","|-sideend|p2: 00Shadow - ⓞⓢⓤ|Stealth Rock|[from] move: Rapid Spin|[of] p2a: Forretress","|move|p1a: Brilliant overlord|Rapid Spin|p2a: Forretress","|-resisted|p2a: Forretress","|-damage|p2a: Forretress|348/354","|-sideend|p1: Green's Legacy|Stealth Rock|[from] move: Rapid Spin|[of] p1a: Brilliant overlord","|","|-heal|p2a: Forretress|354/354|[from] item: Leftovers","|turn|3","|","|move|p2a: Forretress|Stealth Rock|p1a: Brilliant overlord","|-sidestart|p1: Green's Legacy|move: Stealth Rock","|move|p1a: Brilliant overlord|Stealth Rock|p2a: Forretress","|-sidestart|p2: 00Shadow - ⓞⓢⓤ|move: Stealth Rock","|","|turn|4","|","|move|p2a: Forretress|Rapid Spin|p1a: Brilliant overlord","|-resisted|p1a: Brilliant overlord","|-damage|p1a: Brilliant overlord|343/353","|-sideend|p2: 00Shadow - ⓞⓢⓤ|Stealth Rock|[from] move: Rapid Spin|[of] p2a: Forretress","|move|p1a: Brilliant overlord|Rapid Spin|p2a: Forretress","|-resisted|p2a: Forretress","|-damage|p2a: Forretress|348/354","|-sideend|p1: Green's Legacy|Stealth Rock|[from] move: Rapid Spin|[of] p1a: Brilliant overlord","|","|-heal|p2a: Forretress|354/354|[from] item: Leftovers","|turn|5","|","|switch|p2a: Volcarona|Volcarona, F|311/311","|move|p1a: Brilliant overlord|Earthquake|p2a: Volcarona","|-damage|p2a: Volcarona|160/311","|","|-heal|p2a: Volcarona|179/311|[from] item: Leftovers","|turn|6","|","|switch|p1a: Crimson riot|Volcarona, M|373/373","|move|p2a: Volcarona|Fire Blast|p1a: Crimson riot","|-damage|p1a: Crimson riot|153/373","|","|-heal|p2a: Volcarona|198/311|[from] item: Leftovers","|turn|7","|","|move|p1a: Crimson riot|Quiver Dance|p1a: Crimson riot","|-boost|p1a: Crimson riot|spa|1","|-boost|p1a: Crimson riot|spd|1","|-boost|p1a: Crimson riot|spe|1","|move|p2a: Volcarona|Fire Blast|p1a: Crimson riot","|-damage|p1a: Crimson riot|17/373","|","|-heal|p2a: Volcarona|217/311|[from] item: Leftovers","|turn|8","|","|move|p1a: Crimson riot|Fiery Dance|p2a: Volcarona","|-damage|p2a: Volcarona|30/311","|-boost|p1a: Crimson riot|spa|1","|move|p2a: Volcarona|Hidden Power|p1a: Crimson riot","|-damage|p1a: Crimson riot|0 fnt","|faint|p1a: Crimson riot","|","|-heal|p2a: Volcarona|49/311|[from] item: Leftovers","|","|switch|p1a: Dragon tempest|Pinsir, F, shiny|271/271","|turn|9","|","|move|p2a: Volcarona|Fire Blast|p1a: Dragon tempest","|-supereffective|p1a: Dragon tempest","|-damage|p1a: Dragon tempest|0 fnt","|faint|p1a: Dragon tempest","|","|-heal|p2a: Volcarona|68/311|[from] item: Leftovers","|","|switch|p1a: Whyrm's Wrath|Genesect, shiny|283/283","|-boost|p1a: Whyrm's Wrath|atk|1|[from] ability: Download","|turn|10","|","|move|p1a: Whyrm's Wrath|Flamethrower|p2a: Volcarona","|-damage|p2a: Volcarona|0 fnt","|faint|p2a: Volcarona","|","|","|switch|p2a: Galvantula|Galvantula, F|281/281","|turn|11","|","|move|p1a: Whyrm's Wrath|Flamethrower|p2a: Galvantula","|-supereffective|p2a: Galvantula","|-enditem|p2a: Galvantula|Focus Sash","|-damage|p2a: Galvantula|1/281","|move|p2a: Galvantula|Sticky Web|p1a: Whyrm's Wrath","|-sidestart|p1: Green's Legacy|move: Sticky Web","|","|turn|12","|","|move|p1a: Whyrm's Wrath|Flamethrower|p2a: Galvantula","|-supereffective|p2a: Galvantula","|-damage|p2a: Galvantula|0 fnt","|faint|p2a: Galvantula","|","|","|switch|p2a: Shuckle|Shuckle, M|243/243","|turn|13","|","|switch|p1a: Brilliant overlord|Forretress, M|343/353","|-activate|p1a: Brilliant overlord|move: Sticky Web","|-unboost|p1a: Brilliant overlord|spe|1","|move|p2a: Shuckle|Shell Smash|p2a: Shuckle","|-boost|p2a: Shuckle|def|1","|-boost|p2a: Shuckle|spd|1","|-unboost|p2a: Shuckle|atk|2","|-unboost|p2a: Shuckle|spa|2","|-unboost|p2a: Shuckle|spe|2","|","|turn|14","|","|move|p1a: Brilliant overlord|Stealth Rock|p2a: Shuckle","|-sidestart|p2: 00Shadow - ⓞⓢⓤ|move: Stealth Rock","|move|p2a: Shuckle|Shell Smash|p2a: Shuckle","|-boost|p2a: Shuckle|def|1","|-boost|p2a: Shuckle|spd|1","|-unboost|p2a: Shuckle|atk|2","|-unboost|p2a: Shuckle|spa|2","|-unboost|p2a: Shuckle|spe|2","|","|turn|15","|","|switch|p1a: Whyrm's Wrath|Genesect, shiny|283/283","|-activate|p1a: Whyrm's Wrath|move: Sticky Web","|-unboost|p1a: Whyrm's Wrath|spe|1","|-boost|p1a: Whyrm's Wrath|spa|1|[from] ability: Download","|move|p2a: Shuckle|Infestation|p1a: Whyrm's Wrath","|-resisted|p1a: Whyrm's Wrath","|-damage|p1a: Whyrm's Wrath|282/283","|-activate|p1a: Whyrm's Wrath|move: Infestation|[of] p2a: Shuckle","|","|-damage|p1a: Whyrm's Wrath|247/283|[from] move: Infestation|[partiallytrapped]","|turn|16","|","|move|p1a: Whyrm's Wrath|Iron Head|p2a: Shuckle","|-supereffective|p2a: Shuckle","|-damage|p2a: Shuckle|201/243","|move|p2a: Shuckle|Shell Smash|p2a: Shuckle","|-boost|p2a: Shuckle|def|1","|-boost|p2a: Shuckle|spd|1","|-unboost|p2a: Shuckle|atk|2","|-unboost|p2a: Shuckle|spa|2","|-unboost|p2a: Shuckle|spe|2","|","|-heal|p2a: Shuckle|216/243|[from] item: Leftovers","|-damage|p1a: Whyrm's Wrath|212/283|[from] move: Infestation|[partiallytrapped]","|turn|17","|","|move|p1a: Whyrm's Wrath|Iron Head|p2a: Shuckle","|-crit|p2a: Shuckle","|-supereffective|p2a: Shuckle","|-damage|p2a: Shuckle|78/243","|move|p2a: Shuckle|Shell Smash|p2a: Shuckle","|-boost|p2a: Shuckle|def|1","|-boost|p2a: Shuckle|spd|1","|","|-heal|p2a: Shuckle|93/243|[from] item: Leftovers","|-damage|p1a: Whyrm's Wrath|177/283|[from] move: Infestation|[partiallytrapped]","|turn|18","|","|move|p1a: Whyrm's Wrath|Iron Head|p2a: Shuckle","|-supereffective|p2a: Shuckle","|-damage|p2a: Shuckle|61/243","|move|p2a: Shuckle|Rest|p2a: Shuckle","|-status|p2a: Shuckle|slp","|-heal|p2a: Shuckle|243/243 slp|[silent]","|-status|p2a: Shuckle|slp|[from] move: Rest","|","|-damage|p1a: Whyrm's Wrath|142/283|[from] move: Infestation|[partiallytrapped]","|turn|19","|","|move|p1a: Whyrm's Wrath|Iron Head|p2a: Shuckle","|-supereffective|p2a: Shuckle","|-damage|p2a: Shuckle|213/243 slp","|cant|p2a: Shuckle|slp","|","|-heal|p2a: Shuckle|228/243 slp|[from] item: Leftovers","|-damage|p1a: Whyrm's Wrath|107/283|[from] move: Infestation|[partiallytrapped]","|turn|20","|","|move|p1a: Whyrm's Wrath|Iron Head|p2a: Shuckle","|-supereffective|p2a: Shuckle","|-damage|p2a: Shuckle|198/243 slp","|cant|p2a: Shuckle|slp","|","|-heal|p2a: Shuckle|213/243 slp|[from] item: Leftovers","|-end|p1a: Whyrm's Wrath|Infestation|[partiallytrapped]","|turn|21","|","|switch|p1a: Heracross|Heracross, F|301/301","|-activate|p1a: Heracross|move: Sticky Web","|-unboost|p1a: Heracross|spe|1","|-curestatus|p2a: Shuckle|slp","|move|p2a: Shuckle|Infestation|p1a: Heracross","|-resisted|p1a: Heracross","|-damage|p1a: Heracross|300/301","|-activate|p1a: Heracross|move: Infestation|[of] p2a: Shuckle","|","|-heal|p2a: Shuckle|228/243|[from] item: Leftovers","|-damage|p1a: Heracross|263/301|[from] move: Infestation|[partiallytrapped]","|turn|22","|","|move|p1a: Heracross|Close Combat|p2a: Shuckle","|-crit|p2a: Shuckle","|-damage|p2a: Shuckle|51/243","|-unboost|p1a: Heracross|def|1","|-unboost|p1a: Heracross|spd|1","|move|p2a: Shuckle|Toxic|p1a: Heracross|[miss]","|-miss|p2a: Shuckle|p1a: Heracross","|","|-heal|p2a: Shuckle|66/243|[from] item: Leftovers","|-damage|p1a: Heracross|226/301|[from] move: Infestation|[partiallytrapped]","|turn|23","|","|move|p1a: Heracross|Close Combat|p2a: Shuckle","|-damage|p2a: Shuckle|26/243","|-unboost|p1a: Heracross|def|1","|-unboost|p1a: Heracross|spd|1","|move|p2a: Shuckle|Rest|p2a: Shuckle","|-status|p2a: Shuckle|slp","|-heal|p2a: Shuckle|243/243 slp|[silent]","|-status|p2a: Shuckle|slp|[from] move: Rest","|","|-damage|p1a: Heracross|189/301|[from] move: Infestation|[partiallytrapped]","|turn|24","|","|move|p1a: Heracross|Close Combat|p2a: Shuckle","|-damage|p2a: Shuckle|200/243 slp","|-unboost|p1a: Heracross|def|1","|-unboost|p1a: Heracross|spd|1","|cant|p2a: Shuckle|slp","|","|-heal|p2a: Shuckle|215/243 slp|[from] item: Leftovers","|-damage|p1a: Heracross|152/301|[from] move: Infestation|[partiallytrapped]","|turn|25","|","|move|p1a: Heracross|Close Combat|p2a: Shuckle","|-damage|p2a: Shuckle|175/243 slp","|-unboost|p1a: Heracross|def|1","|-unboost|p1a: Heracross|spd|1","|cant|p2a: Shuckle|slp","|","|-heal|p2a: Shuckle|190/243 slp|[from] item: Leftovers","|-end|p1a: Heracross|Infestation|[partiallytrapped]","|turn|26","|","|move|p1a: Heracross|Close Combat|p2a: Shuckle","|-damage|p2a: Shuckle|151/243 slp","|-unboost|p1a: Heracross|def|1","|-unboost|p1a: Heracross|spd|1","|-curestatus|p2a: Shuckle|slp","|move|p2a: Shuckle|Infestation|p1a: Heracross","|-resisted|p1a: Heracross","|-damage|p1a: Heracross|149/301","|-activate|p1a: Heracross|move: Infestation|[of] p2a: Shuckle","|","|-heal|p2a: Shuckle|166/243|[from] item: Leftovers","|-damage|p1a: Heracross|112/301|[from] move: Infestation|[partiallytrapped]","|turn|27","|","|move|p1a: Heracross|Close Combat|p2a: Shuckle","|-damage|p2a: Shuckle|123/243","|-unboost|p1a: Heracross|def|1","|-unboost|p1a: Heracross|spd|1","|move|p2a: Shuckle|Shell Smash|p2a: Shuckle","|-boost|p2a: Shuckle|def|1","|-boost|p2a: Shuckle|spd|1","|","|-heal|p2a: Shuckle|138/243|[from] item: Leftovers","|-damage|p1a: Heracross|75/301|[from] move: Infestation|[partiallytrapped]","|turn|28","|","|move|p1a: Heracross|Close Combat|p2a: Shuckle","|-crit|p2a: Shuckle","|-damage|p2a: Shuckle|0 fnt","|faint|p2a: Shuckle","|","|","|switch|p2a: Forretress|Forretress, M|354/354","|-damage|p2a: Forretress|310/354|[from] Stealth Rock","|turn|29","|","|move|p1a: Heracross|Close Combat|p2a: Forretress","|-crit|p2a: Forretress","|-damage|p2a: Forretress|46/354","|move|p2a: Forretress|Rapid Spin|p1a: Heracross","|-damage|p1a: Heracross|10/301","|-sideend|p2: 00Shadow - ⓞⓢⓤ|Stealth Rock|[from] move: Rapid Spin|[of] p2a: Forretress","|","|-heal|p2a: Forretress|68/354|[from] item: Leftovers","|turn|30","|","|switch|p1a: Brilliant overlord|Forretress, M|343/353","|-activate|p1a: Brilliant overlord|move: Sticky Web","|-unboost|p1a: Brilliant overlord|spe|1","|move|p2a: Forretress|Volt Switch|p1a: Brilliant overlord","|-crit|p1a: Brilliant overlord","|-damage|p1a: Brilliant overlord|265/353","|","|switch|p2a: Pinsir|Pinsir, M|271/271","|","|turn|31","|","|detailschange|p2a: Pinsir|Pinsir-Mega, M","|-mega|p2a: Pinsir|Pinsir|Pinsirite","|move|p2a: Pinsir|Swords Dance|p2a: Pinsir","|-boost|p2a: Pinsir|atk|2","|move|p1a: Brilliant overlord|Explosion|p2a: Pinsir","|-damage|p2a: Pinsir|41/271","|faint|p1a: Brilliant overlord","|","|","|switch|p1a: Spark Wave|Galvantula, F, shiny|281/281","|-activate|p1a: Spark Wave|move: Sticky Web","|-unboost|p1a: Spark Wave|spe|1","|turn|32","|","|move|p2a: Pinsir|Quick Attack|p1a: Spark Wave","|-enditem|p1a: Spark Wave|Focus Sash","|-damage|p1a: Spark Wave|1/281","|move|p1a: Spark Wave|Hidden Power|p2a: Pinsir","|-supereffective|p2a: Pinsir","|-damage|p2a: Pinsir|0 fnt","|faint|p2a: Pinsir","|","|","|switch|p2a: Genesect|Genesect, shiny|283/283","|-boost|p2a: Genesect|spa|1|[from] ability: Download","|turn|33","|","|move|p2a: Genesect|Extreme Speed|p1a: Spark Wave","|-damage|p1a: Spark Wave|0 fnt","|faint|p1a: Spark Wave","|","|","|switch|p1a: Whyrm's Wrath|Genesect, shiny|107/283","|-activate|p1a: Whyrm's Wrath|move: Sticky Web","|-unboost|p1a: Whyrm's Wrath|spe|1","|-boost|p1a: Whyrm's Wrath|atk|1|[from] ability: Download","|turn|34","|","|switch|p2a: Forretress|Forretress, M|68/354","|move|p1a: Whyrm's Wrath|Flamethrower|p2a: Forretress","|-supereffective|p2a: Forretress","|-damage|p2a: Forretress|0 fnt","|faint|p2a: Forretress","|","|","|switch|p2a: Genesect|Genesect, shiny|283/283","|-boost|p2a: Genesect|spa|1|[from] ability: Download","|turn|35","|","|move|p2a: Genesect|Iron Head|p1a: Whyrm's Wrath","|-resisted|p1a: Whyrm's Wrath","|-damage|p1a: Whyrm's Wrath|33/283","|move|p1a: Whyrm's Wrath|Flamethrower|p2a: Genesect","|-supereffective|p2a: Genesect","|-damage|p2a: Genesect|0 fnt","|faint|p2a: Genesect","|","|win|Green's Legacy"],"p1rating":{"entryid":"6726428","serverid":"eos","formatid":"monotype","userid":"greenslegacy","username":"Green's Legacy","w":2,"l":"0","t":"0","gxe":61.7,"r":1540.1606143388,"rd":129.57062716975,"sigma":"0","rptime":1439542800,"rpr":1595.0675630038,"rprd":122.37540361377,"rpsigma":"0","acre":1098.0223675573,"lacre":1098.0223675573,"oldacre":"1044.7897855358"},"p2rating":{"entryid":"6133559","serverid":"eos","formatid":"monotype","userid":"00shadow","username":"00Shadow","w":"27","l":11,"t":"0","gxe":66.9,"r":"1650.7439673304","rd":"66.338254888158","sigma":"0","rptime":"1439542800","rpr":1634.9948137841,"rprd":65.472077213272,"rpsigma":"0","acre":1245.3358759952,"lacre":1245.3358759952,"oldacre":"1285.322453048"},"endType":"normal"}