{"seed":[39739,22660,20812,64122],"turns":33,"p1":"Guard Wulf - ⓢⓐⓓ","p2":"SlyZix","p1team":[{"name":"Dragonite","species":"Dragonite","item":"choiceband","ability":"Multiscale","moves":["firepunch","earthquake","dragonclaw","extremespeed"],"nature":"Jolly","evs":{"hp":0,"atk":252,"def":0,"spa":0,"spd":4,"spe":252},"ivs":{"hp":31,"atk":31,"def":31,"spa":31,"spd":31,"spe":31}},{"name":"Pidgeot","species":"Pidgeot","item":"pidgeotite","ability":"Big Pecks","moves":["hurricane","heatwave","uturn","roost"],"nature":"Timid","evs":{"hp":0,"atk":0,"def":0,"spa":252,"spd":4,"spe":252},"ivs":{"hp":31,"atk":31,"def":31,"spa":31,"spd":31,"spe":31}},{"name":"Skarmory","species":"Skarmory","item":"leftovers","ability":"Sturdy","moves":["stealthrock","roost","ironhead","roar"],"nature":"Impish","evs":{"hp":252,"atk":0,"def":232,"spa":0,"spd":0,"spe":24},"ivs":{"hp":31,"atk":31,"def":31,"spa":31,"spd":31,"spe":31}},{"name":"Togekiss","species":"Togekiss","item":"leftovers","ability":"Serene Grace","moves":["thunderwave","roost","defog","airslash"],"nature":"Calm","evs":{"hp":252,"atk":0,"def":0,"spa":4,"spd":252,"spe":0},"ivs":{"hp":31,"atk":31,"def":31,"spa":31,"spd":31,"spe":31}},{"name":"Thundurus-Therian","species":"Thundurus-Therian","item":"choicescarf","ability":"Volt Absorb","moves":["thunderbolt","voltswitch","flashcannon","hiddenpowerice"],"nature":"Modest","evs":{"hp":0,"atk":0,"def":0,"spa":252,"spd":4,"spe":252},"ivs":{"hp":31,"atk":30,"def":30,"spa":31,"spd":31,"spe":31}},{"name":"Gliscor","species":"Gliscor","item":"toxicorb","ability":"Poison Heal","moves":["earthquake","knockoff","toxic","roost"],"nature":"Impish","evs":{"hp":240,"atk":8,"def":188,"spa":0,"spd":0,"spe":72},"ivs":{"hp":31,"atk":31,"def":31,"spa":31,"spd":31,"spe":31}}],"p2team":[{"name":"Charizard","species":"Charizard","item":"charizarditex","ability":"Blaze","moves":["dragondance","earthquake","firepunch","dragonclaw"],"nature":"Jolly","evs":{"hp":0,"atk":252,"def":0,"spa":0,"spd":4,"spe":252},"gender":"M","shiny":true,"ivs":{"hp":31,"atk":31,"def":31,"spa":31,"spd":31,"spe":31}},{"name":"Entei","species":"Entei","item":"choiceband","ability":"Pressure","moves":["ironhead","sacredfire","extremespeed","stoneedge"],"nature":"Adamant","evs":{"hp":0,"atk":252,"def":0,"spa":0,"spd":4,"spe":252},"shiny":true,"ivs":{"hp":31,"atk":31,"def":31,"spa":31,"spd":31,"spe":31}},{"name":"Victini","species":"Victini","item":"choicescarf","ability":"Victory Star","moves":["glaciate","blueflare","energyball","thunderbolt"],"nature":"Timid","evs":{"hp":0,"atk":0,"def":0,"spa":252,"spd":4,"spe":252},"ivs":{"hp":31,"atk":31,"def":31,"spa":31,"spd":31,"spe":31}},{"name":"Torkoal","species":"Torkoal","item":"leftovers","ability":"White Smoke","moves":["lavaplume","rapidspin","stealthrock","rest"],"nature":"Bold","evs":{"hp":252,"atk":0,"def":252,"spa":4,"spd":0,"spe":0},"ivs":{"hp":31,"atk":31,"def":31,"spa":31,"spd":31,"spe":31}},{"name":"Rotom-Heat","species":"Rotom-Heat","item":"leftovers","ability":"Levitate","moves":["voltswitch","overheat","painsplit","willowisp"],"nature":"Calm","evs":{"hp":252,"atk":0,"def":0,"spa":4,"spd":252,"spe":0},"ivs":{"hp":31,"atk":31,"def":31,"spa":31,"spd":31,"spe":31}},{"name":"Ninetales","species":"Ninetales","item":"heatrock","ability":"Drought","moves":["energyball","flamethrower","psyshock","nastyplot"],"nature":"Timid","evs":{"hp":0,"atk":0,"def":0,"spa":252,"spd":4,"spe":252},"ivs":{"hp":31,"atk":31,"def":31,"spa":31,"spd":31,"spe":31}}],"log":["|player|p1|Guard Wulf - ⓢⓐⓓ|163","|player|p2|SlyZix|293","|gametype|singles","|gen|6","|tier|Monotype","|rated","|rule|Baton Pass Clause: Limit one Baton Passer, can't pass Spe and other stats simultaneously","|rule|Swagger Clause: Swagger is banned","|rule|Same Type Clause: Pokémon in a team must share a type","|clearpoke","|poke|p1|Dragonite, F","|poke|p1|Pidgeot, M","|poke|p1|Skarmory, M","|poke|p1|Togekiss, M","|poke|p1|Thundurus-Therian, M","|poke|p1|Gliscor, M","|poke|p2|Charizard, M, shiny","|poke|p2|Entei, shiny","|poke|p2|Victini","|poke|p2|Torkoal, F","|poke|p2|Rotom-Heat","|poke|p2|Ninetales, M","|rule|Sleep Clause Mod: Limit one foe put to sleep","|rule|Species Clause: Limit one of each Pokémon","|rule|OHKO Clause: OHKO moves are banned","|rule|Moody Clause: Moody is banned","|rule|Evasion Moves Clause: Evasion moves are banned","|rule|Endless Battle Clause: Forcing endless battles is banned","|rule|HP Percentage Mod: HP is shown in percentages","|teampreview","|","|start","|switch|p1a: Thundurus-Therian|Thundurus-Therian, M|299/299","|switch|p2a: Torkoal|Torkoal, F|344/344","|turn|1","|","|move|p1a: Thundurus-Therian|Thunderbolt|p2a: Torkoal","|-damage|p2a: Torkoal|82/344","|move|p2a: Torkoal|Stealth Rock|p1a: Thundurus-Therian","|-sidestart|p1: Guard Wulf - ⓢⓐⓓ|move: Stealth Rock","|","|-heal|p2a: Torkoal|103/344|[from] item: Leftovers","|turn|2","|","|switch|p2a: Rotom-Heat|Rotom-Heat|304/304","|move|p1a: Thundurus-Therian|Thunderbolt|p2a: Rotom-Heat","|-resisted|p2a: Rotom-Heat","|-damage|p2a: Rotom-Heat|235/304","|","|-heal|p2a: Rotom-Heat|254/304|[from] item: Leftovers","|turn|3","|","|switch|p1a: Togekiss|Togekiss, M|374/374","|-damage|p1a: Togekiss|281/374|[from] Stealth Rock","|move|p2a: Rotom-Heat|Will-O-Wisp|p1a: Togekiss","|-status|p1a: Togekiss|brn","|","|-heal|p2a: Rotom-Heat|273/304|[from] item: Leftovers","|-heal|p1a: Togekiss|304/374 brn|[from] item: Leftovers","|-damage|p1a: Togekiss|258/374 brn|[from] brn","|turn|4","|","|move|p2a: Rotom-Heat|Overheat|p1a: Togekiss","|-damage|p1a: Togekiss|155/374 brn","|-unboost|p2a: Rotom-Heat|spa|2","|move|p1a: Togekiss|Defog|p2a: Rotom-Heat","|-unboost|p2a: Rotom-Heat|evasion|1","|-sideend|p1: Guard Wulf - ⓢⓐⓓ|Stealth Rock|[from] move: Defog|[of] p1a: Togekiss","|","|-heal|p2a: Rotom-Heat|292/304|[from] item: Leftovers","|-heal|p1a: Togekiss|178/374 brn|[from] item: Leftovers","|-damage|p1a: Togekiss|132/374 brn|[from] brn","|turn|5","|","|move|p2a: Rotom-Heat|Volt Switch|p1a: Togekiss","|-supereffective|p1a: Togekiss","|-damage|p1a: Togekiss|72/374 brn","|","|switch|p2a: Torkoal|Torkoal, F|103/344","|move|p1a: Togekiss|Roost|p1a: Togekiss","|-heal|p1a: Togekiss|259/374 brn","|","|-heal|p1a: Togekiss|282/374 brn|[from] item: Leftovers","|-heal|p2a: Torkoal|124/344|[from] item: Leftovers","|-damage|p1a: Togekiss|236/374 brn|[from] brn","|turn|6","|","|switch|p2a: Rotom-Heat|Rotom-Heat|292/304","|move|p1a: Togekiss|Air Slash|p2a: Rotom-Heat","|-resisted|p2a: Rotom-Heat","|-damage|p2a: Rotom-Heat|256/304","|","|-heal|p2a: Rotom-Heat|275/304|[from] item: Leftovers","|-heal|p1a: Togekiss|259/374 brn|[from] item: Leftovers","|-damage|p1a: Togekiss|213/374 brn|[from] brn","|turn|7","|","|move|p2a: Rotom-Heat|Overheat|p1a: Togekiss","|-damage|p1a: Togekiss|110/374 brn","|-unboost|p2a: Rotom-Heat|spa|2","|move|p1a: Togekiss|Roost|p1a: Togekiss","|-heal|p1a: Togekiss|297/374 brn","|","|-heal|p2a: Rotom-Heat|294/304|[from] item: Leftovers","|-heal|p1a: Togekiss|320/374 brn|[from] item: Leftovers","|-damage|p1a: Togekiss|274/374 brn|[from] brn","|turn|8","|","|switch|p1a: Gliscor|Gliscor, M|351/351","|move|p2a: Rotom-Heat|Volt Switch|p1a: Gliscor","|-immune|p1a: Gliscor|[msg]","|","|-heal|p2a: Rotom-Heat|304/304|[from] item: Leftovers","|-status|p1a: Gliscor|tox|[from] item: Toxic Orb","|turn|9","|","|move|p1a: Gliscor|Knock Off|p2a: Rotom-Heat","|-damage|p2a: Rotom-Heat|239/304","|-enditem|p2a: Rotom-Heat|Leftovers|[from] move: Knock Off|[of] p1a: Gliscor","|move|p2a: Rotom-Heat|Overheat|p1a: Gliscor","|-damage|p1a: Gliscor|249/351 tox","|-unboost|p2a: Rotom-Heat|spa|2","|","|-heal|p1a: Gliscor|292/351 tox|[from] ability: Poison Heal","|turn|10","|","|switch|p2a: Ninetales|Ninetales, M|287/287","|-weather|SunnyDay","|move|p1a: Gliscor|Toxic|p2a: Ninetales","|-status|p2a: Ninetales|tox","|","|-weather|SunnyDay|[upkeep]","|-damage|p2a: Ninetales|270/287 tox|[from] psn","|-heal|p1a: Gliscor|335/351 tox|[from] ability: Poison Heal","|turn|11","|","|switch|p1a: Togekiss|Togekiss, M|274/374 brn","|move|p2a: Ninetales|Flamethrower|p1a: Togekiss","|-damage|p1a: Togekiss|159/374 brn","|","|-weather|SunnyDay|[upkeep]","|-heal|p1a: Togekiss|182/374 brn|[from] item: Leftovers","|-damage|p2a: Ninetales|236/287 tox|[from] psn","|-damage|p1a: Togekiss|136/374 brn|[from] brn","|turn|12","|","|move|p2a: Ninetales|Nasty Plot|p2a: Ninetales","|-boost|p2a: Ninetales|spa|2","|move|p1a: Togekiss|Roost|p1a: Togekiss","|-heal|p1a: Togekiss|323/374 brn","|","|-weather|SunnyDay|[upkeep]","|-heal|p1a: Togekiss|346/374 brn|[from] item: Leftovers","|-damage|p2a: Ninetales|185/287 tox|[from] psn","|-damage|p1a: Togekiss|300/374 brn|[from] brn","|turn|13","|","|move|p2a: Ninetales|Flamethrower|p1a: Togekiss","|-damage|p1a: Togekiss|60/374 brn","|move|p1a: Togekiss|Roost|p1a: Togekiss","|-heal|p1a: Togekiss|247/374 brn","|","|-weather|SunnyDay|[upkeep]","|-heal|p1a: Togekiss|270/374 brn|[from] item: Leftovers","|-damage|p2a: Ninetales|117/287 tox|[from] psn","|-damage|p1a: Togekiss|224/374 brn|[from] brn","|turn|14","|","|switch|p2a: Entei|Entei, shiny|371/371","|-ability|p2a: Entei|Pressure","|move|p1a: Togekiss|Roost|p1a: Togekiss","|-heal|p1a: Togekiss|374/374 brn","|","|-weather|SunnyDay|[upkeep]","|-damage|p1a: Togekiss|328/374 brn|[from] brn","|turn|15","|","|move|p2a: Entei|Iron Head|p1a: Togekiss","|-supereffective|p1a: Togekiss","|-damage|p1a: Togekiss|24/374 brn","|cant|p1a: Togekiss|flinch","|","|-weather|SunnyDay|[upkeep]","|-heal|p1a: Togekiss|47/374 brn|[from] item: Leftovers","|-damage|p1a: Togekiss|1/374 brn|[from] brn","|turn|16","|","|move|p2a: Entei|Iron Head|p1a: Togekiss","|-supereffective|p1a: Togekiss","|-damage|p1a: Togekiss|0 fnt","|faint|p1a: Togekiss","|","|-weather|SunnyDay|[upkeep]","|","|switch|p1a: Gliscor|Gliscor, M|335/351 tox","|turn|17","|","|switch|p2a: Torkoal|Torkoal, F|124/344","|move|p1a: Gliscor|Earthquake|p2a: Torkoal","|-supereffective|p2a: Torkoal","|-damage|p2a: Torkoal|2/344","|","|-weather|none","|-heal|p2a: Torkoal|23/344|[from] item: Leftovers","|-heal|p1a: Gliscor|351/351 tox|[from] ability: Poison Heal","|turn|18","|","|move|p1a: Gliscor|Knock Off|p2a: Torkoal","|-damage|p2a: Torkoal|0 fnt","|-enditem|p2a: Torkoal|Leftovers|[from] move: Knock Off|[of] p1a: Gliscor","|faint|p2a: Torkoal","|","|","|switch|p2a: Victini|Victini|341/341","|turn|19","|","|move|p2a: Victini|Glaciate|p1a: Gliscor","|-supereffective|p1a: Gliscor","|-damage|p1a: Gliscor|27/351 tox","|-unboost|p1a: Gliscor|spe|1","|move|p1a: Gliscor|Roost|p1a: Gliscor","|-heal|p1a: Gliscor|203/351 tox","|","|-heal|p1a: Gliscor|246/351 tox|[from] ability: Poison Heal","|turn|20","|","|switch|p1a: Dragonite|Dragonite, F|323/323","|move|p2a: Victini|Glaciate|p1a: Dragonite","|-supereffective|p1a: Dragonite","|-damage|p1a: Dragonite|199/323","|-unboost|p1a: Dragonite|spe|1","|","|turn|21","|","|move|p1a: Dragonite|Extreme Speed|p2a: Victini","|-damage|p2a: Victini|195/341","|move|p2a: Victini|Glaciate|p1a: Dragonite","|-supereffective|p1a: Dragonite","|-damage|p1a: Dragonite|0 fnt","|faint|p1a: Dragonite","|","|","|switch|p1a: Skarmory|Skarmory, M|334/334","|turn|22","|","|switch|p2a: Ninetales|Ninetales, M|117/287 tox","|-weather|SunnyDay","|move|p1a: Skarmory|Stealth Rock|p2a: Ninetales","|-sidestart|p2: SlyZix|move: Stealth Rock","|","|-weather|SunnyDay|[upkeep]","|-damage|p2a: Ninetales|100/287 tox|[from] psn","|turn|23","|","|move|p2a: Ninetales|Flamethrower|p1a: Skarmory","|-supereffective|p1a: Skarmory","|-ability|p1a: Skarmory|Sturdy","|-damage|p1a: Skarmory|1/334","|-status|p1a: Skarmory|brn","|move|p1a: Skarmory|Iron Head|p2a: Ninetales","|-resisted|p2a: Ninetales","|-damage|p2a: Ninetales|76/287 tox","|","|-weather|SunnyDay|[upkeep]","|-heal|p1a: Skarmory|21/334 brn|[from] item: Leftovers","|-damage|p2a: Ninetales|42/287 tox|[from] psn","|-damage|p1a: Skarmory|0 fnt|[from] brn","|faint|p1a: Skarmory","|","|switch|p1a: Thundurus-Therian|Thundurus-Therian, M|299/299","|turn|24","|","|move|p1a: Thundurus-Therian|Volt Switch|p2a: Ninetales","|-damage|p2a: Ninetales|0 fnt","|faint|p2a: Ninetales","|","|switch|p1a: Pidgeot|Pidgeot, M|307/307","|","|-weather|SunnyDay|[upkeep]","|","|switch|p2a: Charizard|Charizard, M, shiny|297/297","|-damage|p2a: Charizard|149/297|[from] Stealth Rock","|turn|25","|","|detailschange|p1a: Pidgeot|Pidgeot-Mega, M","|-mega|p1a: Pidgeot|Pidgeot|Pidgeotite","|detailschange|p2a: Charizard|Charizard-Mega-X, M, shiny","|-mega|p2a: Charizard|Charizard|Charizardite X","|move|p1a: Pidgeot|Hurricane|p2a: Charizard","|-damage|p2a: Charizard|0 fnt","|faint|p2a: Charizard","|","|-weather|SunnyDay|[upkeep]","|","|switch|p2a: Victini|Victini|195/341","|-damage|p2a: Victini|110/341|[from] Stealth Rock","|turn|26","|","|move|p2a: Victini|Thunderbolt|p1a: Pidgeot","|-crit|p1a: Pidgeot","|-supereffective|p1a: Pidgeot","|-damage|p1a: Pidgeot|0 fnt","|faint|p1a: Pidgeot","|","|-weather|SunnyDay|[upkeep]","|","|switch|p1a: Thundurus-Therian|Thundurus-Therian, M|299/299","|turn|27","|","|switch|p2a: Rotom-Heat|Rotom-Heat|239/304","|-damage|p2a: Rotom-Heat|163/304|[from] Stealth Rock","|move|p1a: Thundurus-Therian|Volt Switch|p2a: Rotom-Heat","|-crit|p2a: Rotom-Heat","|-resisted|p2a: Rotom-Heat","|-damage|p2a: Rotom-Heat|85/304","|","|switch|p1a: Gliscor|Gliscor, M|246/351 tox","|","|-weather|SunnyDay|[upkeep]","|-heal|p1a: Gliscor|289/351 tox|[from] ability: Poison Heal","|turn|28","|","|move|p1a: Gliscor|Toxic|p2a: Rotom-Heat|[miss]","|-miss|p1a: Gliscor|p2a: Rotom-Heat","|move|p2a: Rotom-Heat|Pain Split|p1a: Gliscor","|-sethp|p1a: Gliscor|187/351 tox|p2a: Rotom-Heat|187/304|[from] move: Pain Split","|","|-weather|SunnyDay|[upkeep]","|-heal|p1a: Gliscor|230/351 tox|[from] ability: Poison Heal","|turn|29","|","|move|p1a: Gliscor|Toxic|p2a: Rotom-Heat","|-status|p2a: Rotom-Heat|tox","|move|p2a: Rotom-Heat|Overheat|p1a: Gliscor","|-damage|p1a: Gliscor|0 fnt","|-unboost|p2a: Rotom-Heat|spa|2","|faint|p1a: Gliscor","|","|-weather|none","|-damage|p2a: Rotom-Heat|168/304 tox|[from] psn","|","|switch|p1a: Thundurus-Therian|Thundurus-Therian, M|299/299","|turn|30","|","|move|p1a: Thundurus-Therian|Thunderbolt|p2a: Rotom-Heat","|-resisted|p2a: Rotom-Heat","|-damage|p2a: Rotom-Heat|98/304 tox","|move|p2a: Rotom-Heat|Pain Split|p1a: Thundurus-Therian","|-sethp|p1a: Thundurus-Therian|198/299|p2a: Rotom-Heat|198/304 tox|[from] move: Pain Split","|","|-damage|p2a: Rotom-Heat|160/304 tox|[from] psn","|turn|31","|","|move|p1a: Thundurus-Therian|Thunderbolt|p2a: Rotom-Heat","|-resisted|p2a: Rotom-Heat","|-damage|p2a: Rotom-Heat|97/304 tox","|move|p2a: Rotom-Heat|Will-O-Wisp|p1a: Thundurus-Therian","|-status|p1a: Thundurus-Therian|brn","|","|-damage|p1a: Thundurus-Therian|161/299 brn|[from] brn","|-damage|p2a: Rotom-Heat|40/304 tox|[from] psn","|turn|32","|","|move|p1a: Thundurus-Therian|Thunderbolt|p2a: Rotom-Heat","|-resisted|p2a: Rotom-Heat","|-damage|p2a: Rotom-Heat|0 fnt","|faint|p2a: Rotom-Heat","|","|-damage|p1a: Thundurus-Therian|124/299 brn|[from] brn","|","|switch|p2a: Victini|Victini|110/341","|-damage|p2a: Victini|25/341|[from] Stealth Rock","|turn|33","|","|move|p2a: Victini|Glaciate|p1a: Thundurus-Therian","|-supereffective|p1a: Thundurus-Therian","|-damage|p1a: Thundurus-Therian|0 fnt","|faint|p1a: Thundurus-Therian","|","|win|SlyZix"],"p1rating":{"entryid":"7326062","serverid":"eos","formatid":"monotype","userid":"guardwulf","username":"Guard Wulf","w":"59","l":30,"t":"0","gxe":63.9,"r":"1612.6543994126","rd":"41.801224475511","sigma":"0","rptime":"1439542800","rpr":1608.1668240274,"rprd":39.126416548681,"rpsigma":"0","acre":1240.1628395976,"lacre":1240.1628395976,"oldacre":"1274.3765792332"},"p2rating":{"entryid":"6871806","serverid":"eos","formatid":"monotype","userid":"slyzix","username":"SlyZix","w":5,"l":"3","t":"0","gxe":56.5,"r":"1517.5589982139","rd":"99.486706288159","sigma":"0","rptime":"1439542800","rpr":1550.7891805332,"rprd":95.956925353462,"rpsigma":"0","acre":1174.2218049834,"lacre":1174.2218049834,"oldacre":"1140.0080653478"},"endType":"normal"}