{"seed":[4735,25281,63305,3377],"turns":21,"p1":"Silver-MNP","p2":"jwnobbles","p1team":[{"name":"Night","species":"umbreon","item":"leftovers","ability":"Synchronize","moves":["foulplay","toxic","confuseray","moonlight"],"nature":"Calm","evs":{"hp":252,"atk":0,"def":4,"spa":0,"spd":252,"spe":0},"gender":"M","shiny":true,"ivs":{"hp":31,"atk":31,"def":31,"spa":31,"spd":31,"spe":31}},{"name":"Rose","species":"hydreigon","item":"focussash","ability":"Levitate","moves":["darkpulse","fireblast","dracometeor","thunderfang"],"nature":"Hasty","evs":{"hp":0,"atk":4,"def":0,"spa":252,"spd":0,"spe":252},"gender":"F","ivs":{"hp":31,"atk":31,"def":31,"spa":31,"spd":31,"spe":31}},{"name":"Seth","species":"weavile","item":"expertbelt","ability":"Pressure","moves":["nightslash","iceshard","icepunch","darkpulse"],"nature":"Hasty","evs":{"hp":0,"atk":4,"def":0,"spa":4,"spd":0,"spe":252},"gender":"M","ivs":{"hp":31,"atk":31,"def":31,"spa":31,"spd":31,"spe":31}},{"name":"Demon","species":"houndoom","item":"houndoominite","ability":"Unnerve","moves":["flamethrower","fireblast","darkpulse","crunch"],"nature":"Hasty","evs":{"hp":0,"atk":4,"def":0,"spa":252,"spd":0,"spe":252},"gender":"M","ivs":{"hp":31,"atk":31,"def":31,"spa":31,"spd":31,"spe":31}},{"name":"Sonya","species":"tyranitar","item":"smoothrock","ability":"Sand Stream","moves":["stealthrock","crunch","icebeam","stoneedge"],"nature":"Naughty","evs":{"hp":248,"atk":252,"def":0,"spa":8,"spd":0,"spe":0},"gender":"F","shiny":true,"ivs":{"hp":31,"atk":31,"def":31,"spa":31,"spd":31,"spe":31}},{"name":"Wednesday","species":"honchkrow","item":"quickclaw","ability":"Super Luck","moves":["suckerpunch","roost","bravebird","superpower"],"nature":"Adamant","evs":{"hp":248,"atk":252,"def":0,"spa":0,"spd":8,"spe":0},"gender":"F","shiny":true,"ivs":{"hp":31,"atk":31,"def":31,"spa":31,"spd":31,"spe":31}}],"p2team":[{"name":"Hoopa-Unbound","species":"Hoopa-Unbound","item":"assaultvest","ability":"Magician","moves":["hyperspacefury","poweruppunch","zenheadbutt","knockoff"],"nature":"Adamant","evs":{"hp":248,"atk":252,"def":0,"spa":0,"spd":8,"spe":0},"ivs":{"hp":31,"atk":31,"def":31,"spa":31,"spd":31,"spe":31}},{"name":"Bisharp","species":"Bisharp","item":"lifeorb","ability":"Defiant","moves":["poweruppunch","suckerpunch","ironhead","shadowclaw"],"nature":"Adamant","evs":{"hp":248,"atk":252,"def":0,"spa":0,"spd":8,"spe":0},"ivs":{"hp":31,"atk":31,"def":31,"spa":31,"spd":31,"spe":31}},{"name":"Zoroark","species":"Zoroark","item":"wiseglasses","ability":"Illusion","moves":["nastyplot","shadowball","darkpulse","flamethrower"],"nature":"Timid","evs":{"hp":0,"atk":0,"def":0,"spa":252,"spd":4,"spe":252},"ivs":{"hp":31,"atk":31,"def":31,"spa":31,"spd":31,"spe":31}},{"name":"Tyranitar","species":"Tyranitar","item":"tyranitarite","ability":"Sand Stream","moves":["earthquake","aquatail","icepunch","thunderpunch"],"nature":"Adamant","evs":{"hp":248,"atk":252,"def":0,"spa":0,"spd":8,"spe":0},"ivs":{"hp":31,"atk":31,"def":31,"spa":31,"spd":31,"spe":31}},{"name":"Honchkrow","species":"Honchkrow","item":"lifeorb","ability":"Moxie","moves":["bravebird","suckerpunch","roost","superpower"],"nature":"Adamant","evs":{"hp":248,"atk":252,"def":0,"spa":0,"spd":8,"spe":0},"ivs":{"hp":31,"atk":31,"def":31,"spa":31,"spd":31,"spe":31}},{"name":"Hydreigon","species":"Hydreigon","item":"assaultvest","ability":"Levitate","moves":["dragonpulse","earthpower","surf","flashcannon"],"nature":"Timid","evs":{"hp":0,"atk":0,"def":0,"spa":252,"spd":4,"spe":252},"ivs":{"hp":31,"atk":31,"def":31,"spa":31,"spd":31,"spe":31}}],"log":["|player|p1|Silver-MNP|289","|player|p2|jwnobbles|275","|gametype|singles","|gen|6","|tier|Monotype","|rated","|rule|Baton Pass Clause: Limit one Baton Passer, can't pass Spe and other stats simultaneously","|rule|Swagger Clause: Swagger is banned","|rule|Same Type Clause: Pokémon in a team must share a type","|clearpoke","|poke|p1|Umbreon, M, shiny","|poke|p1|Hydreigon, F","|poke|p1|Weavile, M","|poke|p1|Houndoom, M","|poke|p1|Tyranitar, F, shiny","|poke|p1|Honchkrow, F, shiny","|poke|p2|Hoopa-Unbound","|poke|p2|Bisharp, F","|poke|p2|Zoroark, F","|poke|p2|Tyranitar, F","|poke|p2|Honchkrow, M","|poke|p2|Hydreigon, M","|rule|Sleep Clause Mod: Limit one foe put to sleep","|rule|Species Clause: Limit one of each Pokémon","|rule|OHKO Clause: OHKO moves are banned","|rule|Moody Clause: Moody is banned","|rule|Evasion Moves Clause: Evasion moves are banned","|rule|Endless Battle Clause: Forcing endless battles is banned","|rule|HP Percentage Mod: HP is shown in percentages","|teampreview","|","|start","|switch|p1a: Sonya|Tyranitar, F, shiny|403/403","|switch|p2a: Bisharp|Bisharp, F|261/261","|-weather|Sandstorm","|turn|1","|","|move|p2a: Bisharp|Nasty Plot|p2a: Bisharp","|-boost|p2a: Bisharp|spa|2","|move|p1a: Sonya|Stealth Rock|p2a: Bisharp","|-sidestart|p2: jwnobbles|move: Stealth Rock","|","|-weather|Sandstorm|[upkeep]","|-damage|p2a: Bisharp|245/261|[from] sandstorm","|turn|2","|","|move|p2a: Bisharp|Nasty Plot|p2a: Bisharp","|-boost|p2a: Bisharp|spa|2","|move|p1a: Sonya|Ice Beam|p2a: Bisharp","|replace|p2a: Zoroark|Zoroark, F|245/261","|-damage|p2a: Zoroark|138/261","|","|-weather|Sandstorm|[upkeep]","|-damage|p2a: Zoroark|122/261|[from] sandstorm","|turn|3","|","|move|p2a: Zoroark|Dark Pulse|p1a: Sonya","|-resisted|p1a: Sonya","|-damage|p1a: Sonya|241/403","|move|p1a: Sonya|Ice Beam|p2a: Zoroark","|-damage|p2a: Zoroark|18/261","|-status|p2a: Zoroark|frz","|","|-weather|Sandstorm|[upkeep]","|-damage|p2a: Zoroark|2/261 frz|[from] sandstorm","|turn|4","|","|cant|p2a: Zoroark|frz","|move|p1a: Sonya|Crunch|p2a: Zoroark","|-resisted|p2a: Zoroark","|-damage|p2a: Zoroark|0 fnt","|faint|p2a: Zoroark","|","|-weather|Sandstorm|[upkeep]","|","|switch|p2a: Tyranitar|Tyranitar, F|403/403","|-damage|p2a: Tyranitar|353/403|[from] Stealth Rock","|turn|5","|","|detailschange|p2a: Tyranitar|Tyranitar-Mega, F","|-mega|p2a: Tyranitar|Tyranitar|Tyranitarite","|move|p1a: Sonya|Ice Beam|p2a: Tyranitar","|-damage|p2a: Tyranitar|314/403","|move|p2a: Tyranitar|Aqua Tail|p1a: Sonya","|-supereffective|p1a: Sonya","|-damage|p1a: Sonya|0 fnt","|faint|p1a: Sonya","|","|-weather|Sandstorm|[upkeep]","|","|switch|p1a: Wednesday|Honchkrow, F, shiny|403/403","|turn|6","|","|move|p1a: Wednesday|Brave Bird|p2a: Tyranitar","|-resisted|p2a: Tyranitar","|-damage|p2a: Tyranitar|234/403","|-damage|p1a: Wednesday|377/403|[from] recoil|[of] p2a: Tyranitar","|move|p2a: Tyranitar|Thunder Punch|p1a: Wednesday","|-supereffective|p1a: Wednesday","|-damage|p1a: Wednesday|0 fnt","|faint|p1a: Wednesday","|","|-weather|Sandstorm|[upkeep]","|","|switch|p1a: Rose|Hydreigon, F|325/325","|turn|7","|","|move|p1a: Rose|Fire Blast|p2a: Tyranitar","|-resisted|p2a: Tyranitar","|-damage|p2a: Tyranitar|201/403","|move|p2a: Tyranitar|Ice Punch|p1a: Rose","|-supereffective|p1a: Rose","|-damage|p1a: Rose|55/325","|","|-weather|Sandstorm|[upkeep]","|-damage|p1a: Rose|35/325|[from] sandstorm","|turn|8","|","|move|p1a: Rose|Draco Meteor|p2a: Tyranitar","|-damage|p2a: Tyranitar|83/403","|-unboost|p1a: Rose|spa|2","|move|p2a: Tyranitar|Ice Punch|p1a: Rose","|-supereffective|p1a: Rose","|-damage|p1a: Rose|0 fnt","|faint|p1a: Rose","|","|-weather|none","|","|switch|p1a: Night|Umbreon, M, shiny|394/394","|turn|9","|","|move|p2a: Tyranitar|Earthquake|p1a: Night","|-damage|p1a: Night|257/394","|move|p1a: Night|Confuse Ray|p2a: Tyranitar","|-start|p2a: Tyranitar|confusion","|","|-heal|p1a: Night|281/394|[from] item: Leftovers","|turn|10","|","|-activate|p2a: Tyranitar|confusion","|-damage|p2a: Tyranitar|39/403|[from] confusion","|move|p1a: Night|Moonlight|p1a: Night","|-heal|p1a: Night|394/394","|","|turn|11","|","|-activate|p2a: Tyranitar|confusion","|-damage|p2a: Tyranitar|0 fnt|[from] confusion","|faint|p2a: Tyranitar","|move|p1a: Night|Toxic|p2: Tyranitar|[notarget]","|-notarget","|","|","|switch|p2a: Hydreigon|Hydreigon, M|325/325","|-damage|p2a: Hydreigon|285/325|[from] Stealth Rock","|turn|12","|","|move|p2a: Hydreigon|Flash Cannon|p1a: Night","|-damage|p1a: Night|341/394","|move|p1a: Night|Toxic|p2a: Hydreigon","|-status|p2a: Hydreigon|tox","|","|-heal|p1a: Night|365/394|[from] item: Leftovers","|-damage|p2a: Hydreigon|265/325 tox|[from] psn","|turn|13","|","|move|p2a: Hydreigon|Dragon Pulse|p1a: Night","|-damage|p1a: Night|269/394","|move|p1a: Night|Confuse Ray|p2a: Hydreigon","|-start|p2a: Hydreigon|confusion","|","|-heal|p1a: Night|293/394|[from] item: Leftovers","|-damage|p2a: Hydreigon|225/325 tox|[from] psn","|turn|14","|","|-activate|p2a: Hydreigon|confusion","|-damage|p2a: Hydreigon|191/325 tox|[from] confusion","|move|p1a: Night|Foul Play|p2a: Hydreigon","|-resisted|p2a: Hydreigon","|-damage|p2a: Hydreigon|137/325 tox","|","|-heal|p1a: Night|317/394|[from] item: Leftovers","|-damage|p2a: Hydreigon|77/325 tox|[from] psn","|turn|15","|","|-activate|p2a: Hydreigon|confusion","|move|p2a: Hydreigon|Surf|p1a: Night","|-damage|p1a: Night|255/394","|move|p1a: Night|Moonlight|p1a: Night","|-heal|p1a: Night|394/394","|","|-damage|p2a: Hydreigon|0 fnt|[from] psn","|faint|p2a: Hydreigon","|","|switch|p2a: Honchkrow|Honchkrow, M|403/403","|-damage|p2a: Honchkrow|303/403|[from] Stealth Rock","|turn|16","|","|move|p2a: Honchkrow|Superpower|p1a: Night","|-supereffective|p1a: Night","|-damage|p1a: Night|20/394","|-unboost|p2a: Honchkrow|atk|1","|-unboost|p2a: Honchkrow|def|1","|-damage|p2a: Honchkrow|263/403|[from] item: Life Orb","|move|p1a: Night|Toxic|p2a: Honchkrow","|-status|p2a: Honchkrow|tox","|","|-heal|p1a: Night|44/394|[from] item: Leftovers","|-damage|p2a: Honchkrow|238/403 tox|[from] psn","|turn|17","|","|switch|p1a: Seth|Weavile, M|281/281","|-ability|p1a: Seth|Pressure","|move|p2a: Honchkrow|Brave Bird|p1a: Seth","|-damage|p1a: Seth|0 fnt","|-damage|p2a: Honchkrow|145/403 tox|[from] recoil|[of] p1a: Seth","|-damage|p2a: Honchkrow|105/403 tox|[from] item: Life Orb","|faint|p1a: Seth","|-boost|p2a: Honchkrow|atk|1|[from] ability: Moxie","|","|-damage|p2a: Honchkrow|55/403 tox|[from] psn","|","|switch|p1a: Demon|Houndoom, M|291/291","|-ability|p1a: Demon|Unnerve|p2: jwnobbles","|turn|18","|","|detailschange|p1a: Demon|Houndoom-Mega, M","|-mega|p1a: Demon|Houndoom|Houndoominite","|move|p1a: Demon|Crunch|p2a: Honchkrow","|-resisted|p2a: Honchkrow","|-damage|p2a: Honchkrow|0 fnt","|faint|p2a: Honchkrow","|","|","|switch|p2a: Hoopa-Unbound|Hoopa-Unbound|363/363","|-damage|p2a: Hoopa-Unbound|318/363|[from] Stealth Rock","|turn|19","|","|move|p1a: Demon|Flamethrower|p2a: Hoopa-Unbound","|-damage|p2a: Hoopa-Unbound|222/363","|move|p2a: Hoopa-Unbound|Power-Up Punch|p1a: Demon","|-supereffective|p1a: Demon","|-damage|p1a: Demon|133/291","|-boost|p2a: Hoopa-Unbound|atk|1","|","|turn|20","|","|move|p1a: Demon|Fire Blast|p2a: Hoopa-Unbound|[miss]","|-miss|p1a: Demon|p2a: Hoopa-Unbound","|move|p2a: Hoopa-Unbound|Power-Up Punch|p1a: Demon","|-supereffective|p1a: Demon","|-damage|p1a: Demon|0 fnt","|-boost|p2a: Hoopa-Unbound|atk|1","|faint|p1a: Demon","|","|","|switch|p1a: Night|Umbreon, M, shiny|44/394","|turn|21","|","|move|p2a: Hoopa-Unbound|Power-Up Punch|p1a: Night","|-supereffective|p1a: Night","|-damage|p1a: Night|0 fnt","|-boost|p2a: Hoopa-Unbound|atk|1","|faint|p1a: Night","|","|win|jwnobbles"],"p1rating":{"entryid":"7303911","serverid":"eos","formatid":"monotype","userid":"silvermnp","username":"Silver-MNP","w":"1","l":6,"t":"0","gxe":30.5,"r":1355.4837254364,"rd":101.42431461377,"sigma":"0","rptime":1439542800,"rpr":1339.1759880562,"rprd":98.371289488658,"rpsigma":"0","acre":1000,"lacre":1000,"oldacre":"1002.311909191"},"p2rating":{"entryid":"7120859","serverid":"eos","formatid":"monotype","userid":"jwnobbles","username":"jwnobbles","w":1,"l":"2","t":"0","gxe":42.1,"r":1401.7148002075,"rd":120.43067639988,"sigma":"0","rptime":1439542800,"rpr":1436.8458091119,"rprd":114.40065127841,"rpsigma":"0","acre":1040.2661644535,"lacre":1040.2661644535,"oldacre":"1000"},"endType":"normal"}