{"seed":[5875,6297,51039,60122],"turns":51,"p1":"Redmond Mann","p2":"Rain Boots","p1team":[{"name":"Heatran","species":"Heatran","item":"airballoon","ability":"Flash Fire","moves":["earthpower","lavaplume","stealthrock","toxic"],"nature":"Calm","evs":{"hp":248,"atk":0,"def":0,"spa":8,"spd":252,"spe":0},"ivs":{"hp":31,"atk":31,"def":31,"spa":31,"spd":31,"spe":31}},{"name":"Skarmory","species":"Skarmory","item":"rockyhelmet","ability":"Sturdy","moves":["roost","whirlwind","defog","drillpeck"],"nature":"Impish","evs":{"hp":248,"atk":0,"def":236,"spa":0,"spd":0,"spe":24},"ivs":{"hp":31,"atk":31,"def":31,"spa":31,"spd":31,"spe":31}},{"name":"Doublade","species":"Doublade","item":"eviolite","ability":"No Guard","moves":["rockslide","shadowsneak","ironhead","swordsdance"],"nature":"Adamant","evs":{"hp":248,"atk":252,"def":0,"spa":0,"spd":8,"spe":0},"ivs":{"hp":31,"atk":31,"def":31,"spa":31,"spd":31,"spe":31}},{"name":"Bisharp","species":"Bisharp","item":"lifeorb","ability":"Defiant","moves":["suckerpunch","knockoff","ironhead","swordsdance"],"nature":"Jolly","evs":{"hp":0,"atk":252,"def":0,"spa":0,"spd":4,"spe":252},"ivs":{"hp":31,"atk":31,"def":31,"spa":31,"spd":31,"spe":31}},{"name":"Magnezone","species":"Magnezone","item":"choicescarf","ability":"Magnet Pull","moves":["thunderbolt","flashcannon","hiddenpowerfire","triattack"],"nature":"Timid","evs":{"hp":0,"atk":0,"def":0,"spa":252,"spd":4,"spe":252},"ivs":{"hp":31,"atk":30,"def":31,"spa":30,"spd":31,"spe":30}},{"name":"Aggron","species":"Aggron","item":"aggronite","ability":"Sturdy","moves":["heavyslam","rest","curse","sleeptalk"],"nature":"","evs":{"hp":252,"atk":0,"def":0,"spa":0,"spd":252,"spe":0},"ivs":{"hp":31,"atk":31,"def":31,"spa":31,"spd":31,"spe":31}}],"p2team":[{"name":"Massacrebringer","species":"bisharp","item":"choicescarf","ability":"Defiant","moves":["brickbreak","suckerpunch","knockoff","ironhead"],"nature":"Jolly","evs":{"hp":0,"atk":252,"def":0,"spa":0,"spd":4,"spe":252},"ivs":{"hp":31,"atk":31,"def":31,"spa":31,"spd":31,"spe":31}},{"name":"Icebringer","species":"weavile","item":"choicescarf","ability":"Pressure","moves":["iceshard","iciclecrash","knockoff","brickbreak"],"nature":"Adamant","evs":{"hp":0,"atk":252,"def":0,"spa":0,"spd":4,"spe":252},"ivs":{"hp":31,"atk":31,"def":31,"spa":31,"spd":31,"spe":31}},{"name":"Hellbringer","species":"mandibuzz","item":"leftovers","ability":"Overcoat","moves":["toxic","roost","foulplay","whirlwind"],"nature":"Bold","evs":{"hp":252,"atk":0,"def":252,"spa":0,"spd":4,"spe":0},"ivs":{"hp":31,"atk":31,"def":31,"spa":31,"spd":31,"spe":31}},{"name":"Darkbringer","species":"umbreon","item":"leftovers","ability":"Synchronize","moves":["toxic","wish","protect","foulplay"],"nature":"Bold","evs":{"hp":252,"atk":0,"def":252,"spa":0,"spd":4,"spe":0},"ivs":{"hp":31,"atk":31,"def":31,"spa":31,"spd":31,"spe":31}},{"name":"Deathbringer","species":"absol","item":"absolite","ability":"Super Luck","moves":["darkpulse","thunderbolt","flamethrower","icebeam"],"nature":"Timid","evs":{"hp":0,"atk":0,"def":0,"spa":252,"spd":4,"spe":252},"ivs":{"hp":31,"atk":31,"def":31,"spa":31,"spd":31,"spe":31}},{"name":"Chaosbringer","species":"hydreigon","item":"choicescarf","ability":"Levitate","moves":["dracometeor","flamethrower","flashcannon","darkpulse"],"nature":"Timid","evs":{"hp":0,"atk":0,"def":0,"spa":252,"spd":4,"spe":252},"ivs":{"hp":31,"atk":31,"def":31,"spa":31,"spd":31,"spe":31}}],"log":["|player|p1|Redmond Mann|28","|player|p2|Rain Boots|233","|gametype|singles","|gen|6","|tier|Monotype","|rated","|rule|Baton Pass Clause: Limit one Baton Passer, can't pass Spe and other stats simultaneously","|rule|Swagger Clause: Swagger is banned","|rule|Same Type Clause: Pokémon in a team must share a type","|clearpoke","|poke|p1|Heatran, F","|poke|p1|Skarmory, M","|poke|p1|Doublade, F","|poke|p1|Bisharp, M","|poke|p1|Magnezone","|poke|p1|Aggron, M","|poke|p2|Bisharp, F","|poke|p2|Weavile, M","|poke|p2|Mandibuzz, F","|poke|p2|Umbreon, F","|poke|p2|Absol, F","|poke|p2|Hydreigon, F","|rule|Sleep Clause Mod: Limit one foe put to sleep","|rule|Species Clause: Limit one of each Pokémon","|rule|OHKO Clause: OHKO moves are banned","|rule|Moody Clause: Moody is banned","|rule|Evasion Moves Clause: Evasion moves are banned","|rule|Endless Battle Clause: Forcing endless battles is banned","|rule|HP Percentage Mod: HP is shown in percentages","|teampreview","|","|start","|switch|p1a: Aggron|Aggron, M|344/344","|switch|p2a: Hellbringer|Mandibuzz, F|424/424","|turn|1","|","|detailschange|p1a: Aggron|Aggron-Mega, M","|-mega|p1a: Aggron|Aggron|Aggronite","|move|p2a: Hellbringer|Foul Play|p1a: Aggron","|-damage|p1a: Aggron|277/344","|move|p1a: Aggron|Curse|p1a: Aggron","|-unboost|p1a: Aggron|spe|1","|-boost|p1a: Aggron|atk|1","|-boost|p1a: Aggron|def|1","|","|turn|2","|","|move|p1a: Aggron|Curse|p1a: Aggron","|-unboost|p1a: Aggron|spe|1","|-boost|p1a: Aggron|atk|1","|-boost|p1a: Aggron|def|1","|move|p2a: Hellbringer|Whirlwind|p1a: Aggron","|drag|p1a: Skarmory|Skarmory, M|333/333","|","|turn|3","|","|switch|p2a: Deathbringer|Absol, F|271/271","|switch|p1a: Magnezone|Magnezone|281/281","|","|turn|4","|","|switch|p2a: Chaosbringer|Hydreigon, F|325/325","|move|p1a: Magnezone|Thunderbolt|p2a: Chaosbringer","|-resisted|p2a: Chaosbringer","|-damage|p2a: Chaosbringer|234/325","|-status|p2a: Chaosbringer|par","|","|turn|5","|","|switch|p1a: Heatran|Heatran, F|385/385","|-item|p1a: Heatran|Air Balloon","|move|p2a: Chaosbringer|Dark Pulse|p1a: Heatran","|-damage|p1a: Heatran|285/385","|-enditem|p1a: Heatran|Air Balloon","|","|turn|6","|","|move|p1a: Heatran|Stealth Rock|p2a: Chaosbringer","|-sidestart|p2: Rain Boots|move: Stealth Rock","|move|p2a: Chaosbringer|Dark Pulse|p1a: Heatran","|-damage|p1a: Heatran|189/385","|","|turn|7","|","|move|p1a: Heatran|Lava Plume|p2a: Chaosbringer","|-crit|p2a: Chaosbringer","|-resisted|p2a: Chaosbringer","|-damage|p2a: Chaosbringer|143/325 par","|move|p2a: Chaosbringer|Dark Pulse|p1a: Heatran","|-damage|p1a: Heatran|90/385","|","|turn|8","|","|switch|p1a: Aggron|Aggron-Mega, M|277/344","|cant|p2a: Chaosbringer|par","|","|turn|9","|","|move|p1a: Aggron|Curse|p1a: Aggron","|-unboost|p1a: Aggron|spe|1","|-boost|p1a: Aggron|atk|1","|-boost|p1a: Aggron|def|1","|cant|p2a: Chaosbringer|par","|","|turn|10","|","|move|p2a: Chaosbringer|Dark Pulse|p1a: Aggron","|-damage|p1a: Aggron|157/344","|cant|p1a: Aggron|flinch","|","|turn|11","|","|move|p2a: Chaosbringer|Dark Pulse|p1a: Aggron","|-damage|p1a: Aggron|31/344","|move|p1a: Aggron|Rest|p1a: Aggron","|-status|p1a: Aggron|slp","|-heal|p1a: Aggron|344/344 slp|[silent]","|-status|p1a: Aggron|slp|[from] move: Rest","|","|turn|12","|","|move|p2a: Chaosbringer|Dark Pulse|p1a: Aggron","|-damage|p1a: Aggron|224/344 slp","|cant|p1a: Aggron|slp","|move|p1a: Aggron|Sleep Talk|p1a: Aggron","|move|p1a: Aggron|Heavy Slam|p2a: Chaosbringer|[from]Sleep Talk","|-damage|p2a: Chaosbringer|0 fnt","|faint|p2a: Chaosbringer","|","|","|switch|p2a: Hellbringer|Mandibuzz, F|424/424","|-damage|p2a: Hellbringer|318/424|[from] Stealth Rock","|turn|13","|","|cant|p1a: Aggron|slp","|move|p1a: Aggron|Sleep Talk|p1a: Aggron","|move|p1a: Aggron|Rest|p1a: Aggron|[from]Sleep Talk","|-fail|p1a: Aggron","|move|p2a: Hellbringer|Whirlwind|p1a: Aggron","|drag|p1a: Skarmory|Skarmory, M|333/333","|","|-heal|p2a: Hellbringer|344/424|[from] item: Leftovers","|turn|14","|","|switch|p1a: Bisharp|Bisharp, M|271/271","|move|p2a: Hellbringer|Foul Play|p1a: Bisharp","|-resisted|p1a: Bisharp","|-damage|p1a: Bisharp|183/271","|","|-heal|p2a: Hellbringer|370/424|[from] item: Leftovers","|turn|15","|","|move|p1a: Bisharp|Knock Off|p2a: Hellbringer","|-resisted|p2a: Hellbringer","|-damage|p2a: Hellbringer|288/424","|-enditem|p2a: Hellbringer|Leftovers|[from] move: Knock Off|[of] p1a: Bisharp","|-damage|p1a: Bisharp|156/271|[from] item: Life Orb","|move|p2a: Hellbringer|Foul Play|p1a: Bisharp","|-resisted|p1a: Bisharp","|-damage|p1a: Bisharp|69/271","|","|turn|16","|","|switch|p1a: Magnezone|Magnezone|281/281","|move|p2a: Hellbringer|Foul Play|p1a: Magnezone","|-damage|p1a: Magnezone|211/281","|","|turn|17","|","|switch|p2a: Darkbringer|Umbreon, F|394/394","|-damage|p2a: Darkbringer|345/394|[from] Stealth Rock","|move|p1a: Magnezone|Flash Cannon|p2a: Darkbringer","|-damage|p2a: Darkbringer|228/394","|","|-heal|p2a: Darkbringer|252/394|[from] item: Leftovers","|turn|18","|","|switch|p1a: Doublade|Doublade, F|321/321","|move|p2a: Darkbringer|Wish|p2a: Darkbringer","|","|-heal|p2a: Darkbringer|276/394|[from] item: Leftovers","|turn|19","|","|move|p2a: Darkbringer|Protect|p2a: Darkbringer","|-singleturn|p2a: Darkbringer|Protect","|move|p1a: Doublade|Swords Dance|p1a: Doublade","|-boost|p1a: Doublade|atk|2","|","|-heal|p2a: Darkbringer|394/394|[from] move: Wish|[wisher] Darkbringer","|turn|20","|","|move|p2a: Darkbringer|Foul Play|p1a: Doublade","|-supereffective|p1a: Doublade","|-damage|p1a: Doublade|0 fnt","|faint|p1a: Doublade","|","|","|switch|p1a: Aggron|Aggron-Mega, M|224/344 slp","|turn|21","|","|move|p2a: Darkbringer|Foul Play|p1a: Aggron","|-damage|p1a: Aggron|151/344 slp","|-curestatus|p1a: Aggron|slp","|move|p1a: Aggron|Curse|p1a: Aggron","|-unboost|p1a: Aggron|spe|1","|-boost|p1a: Aggron|atk|1","|-boost|p1a: Aggron|def|1","|","|turn|22","|","|move|p2a: Darkbringer|Foul Play|p1a: Aggron","|-damage|p1a: Aggron|78/344","|move|p1a: Aggron|Curse|p1a: Aggron","|-unboost|p1a: Aggron|spe|1","|-boost|p1a: Aggron|atk|1","|-boost|p1a: Aggron|def|1","|","|turn|23","|","|move|p2a: Darkbringer|Foul Play|p1a: Aggron","|-damage|p1a: Aggron|6/344","|move|p1a: Aggron|Rest|p1a: Aggron","|-status|p1a: Aggron|slp","|-heal|p1a: Aggron|344/344 slp|[silent]","|-status|p1a: Aggron|slp|[from] move: Rest","|","|turn|24","|","|move|p2a: Darkbringer|Wish|p2a: Darkbringer","|cant|p1a: Aggron|slp","|move|p1a: Aggron|Sleep Talk|p1a: Aggron","|move|p1a: Aggron|Rest|p1a: Aggron|[from]Sleep Talk","|-fail|p1a: Aggron","|","|turn|25","|","|switch|p2a: Hellbringer|Mandibuzz, F|288/424","|-damage|p2a: Hellbringer|182/424|[from] Stealth Rock","|cant|p1a: Aggron|slp","|move|p1a: Aggron|Sleep Talk|p1a: Aggron","|move|p1a: Aggron|Rest|p1a: Aggron|[from]Sleep Talk","|-fail|p1a: Aggron","|","|-heal|p2a: Hellbringer|379/424|[from] move: Wish|[wisher] Darkbringer","|turn|26","|","|-curestatus|p1a: Aggron|slp","|move|p1a: Aggron|Heavy Slam|p2a: Hellbringer","|-damage|p2a: Hellbringer|99/424","|move|p2a: Hellbringer|Whirlwind|p1a: Aggron","|drag|p1a: Heatran|Heatran, F|90/385","|","|turn|27","|","|move|p2a: Hellbringer|Roost|p2a: Hellbringer","|-heal|p2a: Hellbringer|311/424","|move|p1a: Heatran|Lava Plume|p2a: Hellbringer","|-damage|p2a: Hellbringer|193/424","|","|turn|28","|","|move|p2a: Hellbringer|Foul Play|p1a: Heatran","|-damage|p1a: Heatran|0 fnt","|faint|p1a: Heatran","|","|","|switch|p1a: Aggron|Aggron-Mega, M|344/344","|turn|29","|","|move|p2a: Hellbringer|Roost|p2a: Hellbringer","|-heal|p2a: Hellbringer|405/424","|move|p1a: Aggron|Heavy Slam|p2a: Hellbringer","|-damage|p2a: Hellbringer|266/424","|","|turn|30","|","|move|p2a: Hellbringer|Roost|p2a: Hellbringer","|-heal|p2a: Hellbringer|424/424","|move|p1a: Aggron|Heavy Slam|p2a: Hellbringer","|-damage|p2a: Hellbringer|283/424","|","|turn|31","|","|move|p2a: Hellbringer|Roost|p2a: Hellbringer","|-heal|p2a: Hellbringer|424/424","|move|p1a: Aggron|Curse|p1a: Aggron","|-unboost|p1a: Aggron|spe|1","|-boost|p1a: Aggron|atk|1","|-boost|p1a: Aggron|def|1","|","|turn|32","|","|move|p1a: Aggron|Heavy Slam|p2a: Hellbringer","|-damage|p2a: Hellbringer|216/424","|move|p2a: Hellbringer|Whirlwind|p1a: Aggron","|drag|p1a: Bisharp|Bisharp, M|69/271","|","|turn|33","|","|move|p1a: Bisharp|Iron Head|p2a: Hellbringer","|-damage|p2a: Hellbringer|98/424","|-damage|p1a: Bisharp|42/271|[from] item: Life Orb","|move|p2a: Hellbringer|Foul Play|p1a: Bisharp","|-resisted|p1a: Bisharp","|-damage|p1a: Bisharp|0 fnt","|faint|p1a: Bisharp","|","|","|switch|p1a: Magnezone|Magnezone|211/281","|turn|34","|","|move|p1a: Magnezone|Thunderbolt|p2a: Hellbringer","|-crit|p2a: Hellbringer","|-supereffective|p2a: Hellbringer","|-damage|p2a: Hellbringer|0 fnt","|faint|p2a: Hellbringer","|","|","|switch|p2a: Massacrebringer|Bisharp, F|271/271","|-damage|p2a: Massacrebringer|255/271|[from] Stealth Rock","|turn|35","|","|move|p2a: Massacrebringer|Brick Break|p1a: Magnezone","|-supereffective|p1a: Magnezone","|-damage|p1a: Magnezone|63/281","|move|p1a: Magnezone|Thunderbolt|p2a: Massacrebringer","|-damage|p2a: Massacrebringer|56/271","|","|turn|36","|","|switch|p1a: Skarmory|Skarmory, M|333/333","|move|p2a: Massacrebringer|Brick Break|p1a: Skarmory","|-damage|p1a: Skarmory|283/333","|-damage|p2a: Massacrebringer|11/271|[from] item: Rocky Helmet|[of] p1a: Skarmory","|","|turn|37","|","|move|p2a: Massacrebringer|Brick Break|p1a: Skarmory","|-damage|p1a: Skarmory|235/333","|-damage|p2a: Massacrebringer|0 fnt|[from] item: Rocky Helmet|[of] p1a: Skarmory","|faint|p2a: Massacrebringer","|move|p1a: Skarmory|Whirlwind|p2: Massacrebringer|[notarget]","|-notarget","|","|","|switch|p2a: Deathbringer|Absol, F|271/271","|-damage|p2a: Deathbringer|238/271|[from] Stealth Rock","|turn|38","|","|detailschange|p2a: Deathbringer|Absol-Mega, F","|-mega|p2a: Deathbringer|Absol|Absolite","|move|p2a: Deathbringer|Flamethrower|p1a: Skarmory","|-supereffective|p1a: Skarmory","|-damage|p1a: Skarmory|0 fnt","|faint|p1a: Skarmory","|","|","|switch|p1a: Aggron|Aggron-Mega, M|344/344","|turn|39","|","|move|p2a: Deathbringer|Flamethrower|p1a: Aggron","|-crit|p1a: Aggron","|-supereffective|p1a: Aggron","|-damage|p1a: Aggron|151/344","|move|p1a: Aggron|Heavy Slam|p2a: Deathbringer","|-damage|p2a: Deathbringer|0 fnt","|faint|p2a: Deathbringer","|","|","|switch|p2a: Darkbringer|Umbreon, F|394/394","|-damage|p2a: Darkbringer|345/394|[from] Stealth Rock","|turn|40","|","|move|p2a: Darkbringer|Foul Play|p1a: Aggron","|-damage|p1a: Aggron|76/344","|move|p1a: Aggron|Rest|p1a: Aggron","|-status|p1a: Aggron|slp","|-heal|p1a: Aggron|344/344 slp|[silent]","|-status|p1a: Aggron|slp|[from] move: Rest","|","|-heal|p2a: Darkbringer|369/394|[from] item: Leftovers","|turn|41","|","|move|p2a: Darkbringer|Foul Play|p1a: Aggron","|-crit|p1a: Aggron","|-damage|p1a: Aggron|233/344 slp","|cant|p1a: Aggron|slp","|move|p1a: Aggron|Sleep Talk|p1a: Aggron","|move|p1a: Aggron|Rest|p1a: Aggron|[from]Sleep Talk","|-fail|p1a: Aggron","|","|-heal|p2a: Darkbringer|393/394|[from] item: Leftovers","|turn|42","|","|move|p2a: Darkbringer|Foul Play|p1a: Aggron","|-damage|p1a: Aggron|155/344 slp","|cant|p1a: Aggron|slp","|move|p1a: Aggron|Sleep Talk|p1a: Aggron","|move|p1a: Aggron|Rest|p1a: Aggron|[from]Sleep Talk","|-fail|p1a: Aggron","|","|-heal|p2a: Darkbringer|394/394|[from] item: Leftovers","|turn|43","|","|move|p2a: Darkbringer|Foul Play|p1a: Aggron","|-damage|p1a: Aggron|82/344 slp","|-curestatus|p1a: Aggron|slp","|move|p1a: Aggron|Rest|p1a: Aggron","|-status|p1a: Aggron|slp","|-heal|p1a: Aggron|344/344 slp|[silent]","|-status|p1a: Aggron|slp|[from] move: Rest","|","|turn|44","|","|move|p2a: Darkbringer|Foul Play|p1a: Aggron","|-damage|p1a: Aggron|266/344 slp","|cant|p1a: Aggron|slp","|move|p1a: Aggron|Sleep Talk|p1a: Aggron","|move|p1a: Aggron|Heavy Slam|p2a: Darkbringer|[from]Sleep Talk","|-damage|p2a: Darkbringer|261/394","|","|-heal|p2a: Darkbringer|285/394|[from] item: Leftovers","|turn|45","|","|move|p2a: Darkbringer|Wish|p2a: Darkbringer","|cant|p1a: Aggron|slp","|move|p1a: Aggron|Sleep Talk|p1a: Aggron","|move|p1a: Aggron|Curse|p1a: Aggron|[from]Sleep Talk","|-unboost|p1a: Aggron|spe|1","|-boost|p1a: Aggron|atk|1","|-boost|p1a: Aggron|def|1","|","|-heal|p2a: Darkbringer|309/394|[from] item: Leftovers","|turn|46","|","|move|p2a: Darkbringer|Foul Play|p1a: Aggron","|-damage|p1a: Aggron|197/344 slp","|-curestatus|p1a: Aggron|slp","|move|p1a: Aggron|Curse|p1a: Aggron","|-unboost|p1a: Aggron|spe|1","|-boost|p1a: Aggron|atk|1","|-boost|p1a: Aggron|def|1","|","|-heal|p2a: Darkbringer|394/394|[from] move: Wish|[wisher] Darkbringer","|turn|47","|","|move|p2a: Darkbringer|Foul Play|p1a: Aggron","|-damage|p1a: Aggron|128/344","|move|p1a: Aggron|Heavy Slam|p2a: Darkbringer","|-damage|p2a: Darkbringer|153/394","|","|-heal|p2a: Darkbringer|177/394|[from] item: Leftovers","|turn|48","|","|move|p2a: Darkbringer|Foul Play|p1a: Aggron","|-damage|p1a: Aggron|56/344","|move|p1a: Aggron|Rest|p1a: Aggron","|-status|p1a: Aggron|slp","|-heal|p1a: Aggron|344/344 slp|[silent]","|-status|p1a: Aggron|slp|[from] move: Rest","|","|-heal|p2a: Darkbringer|201/394|[from] item: Leftovers","|turn|49","|","|move|p2a: Darkbringer|Protect|p2a: Darkbringer","|-singleturn|p2a: Darkbringer|Protect","|cant|p1a: Aggron|slp","|move|p1a: Aggron|Sleep Talk|p1a: Aggron","|move|p1a: Aggron|Curse|p1a: Aggron|[from]Sleep Talk","|-unboost|p1a: Aggron|spe|1","|-boost|p1a: Aggron|atk|1","|-boost|p1a: Aggron|def|1","|","|-heal|p2a: Darkbringer|225/394|[from] item: Leftovers","|turn|50","|","|move|p2a: Darkbringer|Wish|p2a: Darkbringer","|cant|p1a: Aggron|slp","|move|p1a: Aggron|Sleep Talk|p1a: Aggron","|move|p1a: Aggron|Rest|p1a: Aggron|[from]Sleep Talk","|-fail|p1a: Aggron","|","|-heal|p2a: Darkbringer|249/394|[from] item: Leftovers","|turn|51","|","|win|Redmond Mann"],"p1rating":{"entryid":"7537248","serverid":"eos","formatid":"monotype","userid":"redmondmann","username":"Redmond Mann","w":1,"l":"1","t":"0","gxe":49,"r":1451.054276899,"rd":122.60020488893,"sigma":"0","rptime":1439542800,"rpr":1491.9469433202,"rprd":116.64992955634,"rpsigma":"0","acre":1044.9028405082,"lacre":1044.9028405082,"oldacre":"1000"},"p2rating":{"entryid":"7627461","serverid":"eos","formatid":"monotype","userid":"rainboots","username":"Rain Boots","w":"1","l":1,"t":"0","gxe":50,"r":"1500","rd":"130","sigma":"0","rptime":"1439542800","rpr":1500,"rprd":116.77753930647,"rpsigma":"0","acre":1024.3679979165,"lacre":1024.3679979165,"oldacre":"1042.800738257"},"endType":"forfeit"}