{"seed":[30704,14019,63060,45336],"turns":30,"p1":"Jake1079","p2":"Crystal Giigan","p1team":[{"name":"Aggron","species":"Aggron","item":"aggronite","ability":"Sturdy","moves":["thunderwave","earthquake","ironhead","endeavor"],"nature":"Adamant","evs":{"hp":196,"atk":216,"def":0,"spa":0,"spd":96,"spe":0},"ivs":{"hp":31,"atk":31,"def":31,"spa":31,"spd":31,"spe":31}},{"name":"Ferrothorn","species":"Ferrothorn","item":"rockyhelmet","ability":"Iron Barbs","moves":["stealthrock","leechseed","protect","gyroball"],"nature":"Relaxed","evs":{"hp":248,"atk":8,"def":252,"spa":0,"spd":0,"spe":0},"ivs":{"hp":31,"atk":31,"def":31,"spa":31,"spd":31,"spe":0}},{"name":"Doublade","species":"Doublade","item":"eviolite","ability":"No Guard","moves":["shadowsneak","shadowclaw","sacredsword","swordsdance"],"nature":"Adamant","evs":{"hp":248,"atk":252,"def":0,"spa":0,"spd":8,"spe":0},"ivs":{"hp":31,"atk":31,"def":31,"spa":31,"spd":31,"spe":31}},{"name":"Empoleon","species":"Empoleon","item":"choicespecs","ability":"Torrent","moves":["scald","icebeam","hiddenpowerfire","flashcannon"],"nature":"Modest","evs":{"hp":248,"atk":0,"def":0,"spa":252,"spd":8,"spe":0},"ivs":{"hp":31,"atk":30,"def":31,"spa":30,"spd":31,"spe":30}},{"name":"Heatran","species":"Heatran","item":"airballoon","ability":"Flash Fire","moves":["earthpower","flashcannon","flamethrower","roar"],"nature":"Modest","evs":{"hp":248,"atk":0,"def":0,"spa":252,"spd":8,"spe":0},"ivs":{"hp":31,"atk":31,"def":31,"spa":31,"spd":31,"spe":31}},{"name":"Excadrill","species":"Excadrill","item":"choicescarf","ability":"Mold Breaker","moves":["earthquake","ironhead","xscissor","rockslide"],"nature":"Jolly","evs":{"hp":0,"atk":252,"def":0,"spa":0,"spd":4,"spe":252},"ivs":{"hp":31,"atk":31,"def":31,"spa":31,"spd":31,"spe":31}}],"p2team":[{"name":"Senpai","species":"hoopaunbound","item":"lifeorb","ability":"Magician","moves":["hyperspacefury","drainpunch","zenheadbutt","knockoff"],"nature":"Jolly","evs":{"hp":0,"atk":252,"def":0,"spa":0,"spd":4,"spe":252},"ivs":{"hp":31,"atk":31,"def":31,"spa":31,"spd":31,"spe":31}},{"name":"Kohai","species":"mew","item":"leftovers","ability":"Synchronize","moves":["stealthrock","willowisp","roost","psychic"],"nature":"Calm","evs":{"hp":252,"atk":0,"def":0,"spa":4,"spd":252,"spe":0},"ivs":{"hp":31,"atk":31,"def":31,"spa":31,"spd":31,"spe":31}},{"name":"I do say...","species":"reuniclus","item":"leftovers","ability":"Magic Guard","moves":["calmmind","energyball","flashcannon","psychic"],"nature":"Modest","evs":{"hp":252,"atk":0,"def":252,"spa":0,"spd":4,"spe":0},"ivs":{"hp":31,"atk":31,"def":31,"spa":31,"spd":31,"spe":31}},{"name":"Carrie","species":"gardevoir","item":"gardevoirite","ability":"Trace","moves":["calmmind","hypervoice","psyshock","thunderbolt"],"nature":"Timid","evs":{"hp":0,"atk":0,"def":0,"spa":252,"spd":4,"spe":252},"gender":"F","shiny":true,"ivs":{"hp":31,"atk":31,"def":31,"spa":31,"spd":31,"spe":31}},{"name":"Jet Plane","species":"latios","item":"choicespecs","ability":"Levitate","moves":["dracometeor","icebeam","psychic","shadowball"],"nature":"Timid","evs":{"hp":0,"atk":0,"def":0,"spa":252,"spd":4,"spe":252},"ivs":{"hp":31,"atk":31,"def":31,"spa":31,"spd":31,"spe":31}},{"name":"Shmedlap","species":"espeon","item":"lightclay","ability":"Magic Bounce","moves":["dazzlinggleam","psychic","reflect","lightscreen"],"nature":"Timid","evs":{"hp":0,"atk":0,"def":0,"spa":252,"spd":4,"spe":252},"ivs":{"hp":31,"atk":31,"def":31,"spa":31,"spd":31,"spe":31}}],"log":["|player|p1|Jake1079|281","|player|p2|Crystal Giigan|crystalgiigan.png","|gametype|singles","|gen|6","|tier|Monotype","|rated","|rule|Baton Pass Clause: Limit one Baton Passer, can't pass Spe and other stats simultaneously","|rule|Swagger Clause: Swagger is banned","|rule|Same Type Clause: Pokémon in a team must share a type","|clearpoke","|poke|p1|Aggron, M","|poke|p1|Ferrothorn, F","|poke|p1|Doublade, F","|poke|p1|Empoleon, M","|poke|p1|Heatran, F","|poke|p1|Excadrill, F","|poke|p2|Hoopa-Unbound","|poke|p2|Mew","|poke|p2|Reuniclus, M","|poke|p2|Gardevoir, F, shiny","|poke|p2|Latios, M","|poke|p2|Espeon, F","|rule|Sleep Clause Mod: Limit one foe put to sleep","|rule|Species Clause: Limit one of each Pokémon","|rule|OHKO Clause: OHKO moves are banned","|rule|Moody Clause: Moody is banned","|rule|Evasion Moves Clause: Evasion moves are banned","|rule|Endless Battle Clause: Forcing endless battles is banned","|rule|HP Percentage Mod: HP is shown in percentages","|teampreview","|","|start","|switch|p1a: Aggron|Aggron, M|330/330","|switch|p2a: Kohai|Mew|404/404","|turn|1","|","|detailschange|p1a: Aggron|Aggron-Mega, M","|-mega|p1a: Aggron|Aggron|Aggronite","|move|p2a: Kohai|Stealth Rock|p1a: Aggron","|-sidestart|p1: Jake1079|move: Stealth Rock","|move|p1a: Aggron|Thunder Wave|p2a: Kohai","|-status|p2a: Kohai|par","|-status|p1a: Aggron|par","|","|turn|2","|","|switch|p2a: Shmedlap|Espeon, F|271/271","|move|p1a: Aggron|Earthquake|p2a: Shmedlap","|-damage|p2a: Shmedlap|77/271","|","|turn|3","|","|move|p2a: Shmedlap|Reflect|p2a: Shmedlap","|-sidestart|p2: Crystal Giigan|Reflect","|move|p1a: Aggron|Earthquake|p2a: Shmedlap","|-damage|p2a: Shmedlap|0 fnt","|faint|p2a: Shmedlap","|","|","|switch|p2a: Senpai|Hoopa-Unbound|301/301","|turn|4","|","|move|p2a: Senpai|Hyperspace Fury|p1a: Aggron","|-damage|p1a: Aggron|197/330 par","|-unboost|p2a: Senpai|def|1","|-damage|p2a: Senpai|271/301|[from] item: Life Orb","|move|p1a: Aggron|Thunder Wave|p2a: Senpai","|-status|p2a: Senpai|par","|","|turn|5","|","|cant|p2a: Senpai|par","|move|p1a: Aggron|Iron Head|p2a: Senpai","|-damage|p2a: Senpai|84/301 par","|","|turn|6","|","|move|p2a: Senpai|Drain Punch|p1a: Aggron","|-supereffective|p1a: Aggron","|-damage|p1a: Aggron|94/330 par","|-heal|p2a: Senpai|136/301 par|[from] drain|[of] p1a: Aggron","|-damage|p2a: Senpai|106/301 par|[from] item: Life Orb","|move|p1a: Aggron|Iron Head|p2a: Senpai","|-damage|p2a: Senpai|0 fnt","|faint|p2a: Senpai","|","|","|switch|p2a: Jet Plane|Latios, M|301/301","|turn|7","|","|move|p2a: Jet Plane|Shadow Ball|p1a: Aggron","|-damage|p1a: Aggron|0 fnt","|faint|p1a: Aggron","|","|","|switch|p1a: Doublade|Doublade, F|321/321","|-damage|p1a: Doublade|301/321|[from] Stealth Rock","|turn|8","|","|move|p2a: Jet Plane|Shadow Ball|p1a: Doublade","|-supereffective|p1a: Doublade","|-damage|p1a: Doublade|0 fnt","|faint|p1a: Doublade","|","|","|switch|p1a: Empoleon|Empoleon, M|371/371","|-damage|p1a: Empoleon|348/371|[from] Stealth Rock","|turn|9","|","|move|p2a: Jet Plane|Shadow Ball|p1a: Empoleon","|-damage|p1a: Empoleon|207/371","|move|p1a: Empoleon|Ice Beam|p2a: Jet Plane","|-supereffective|p2a: Jet Plane","|-damage|p2a: Jet Plane|31/301","|","|turn|10","|","|switch|p2a: Kohai|Mew|404/404 par","|move|p1a: Empoleon|Ice Beam|p2a: Kohai","|-damage|p2a: Kohai|299/404 par","|","|-heal|p2a: Kohai|324/404 par|[from] item: Leftovers","|-sideend|p2: Crystal Giigan|Reflect","|turn|11","|","|move|p1a: Empoleon|Ice Beam|p2a: Kohai","|-damage|p2a: Kohai|219/404 par","|cant|p2a: Kohai|par","|","|-heal|p2a: Kohai|244/404 par|[from] item: Leftovers","|turn|12","|","|switch|p1a: Excadrill|Excadrill, F|361/361","|-damage|p1a: Excadrill|350/361|[from] Stealth Rock","|-ability|p1a: Excadrill|Mold Breaker","|move|p2a: Kohai|Will-O-Wisp|p1a: Excadrill","|-status|p1a: Excadrill|brn","|","|-heal|p2a: Kohai|269/404 par|[from] item: Leftovers","|-damage|p1a: Excadrill|305/361 brn|[from] brn","|turn|13","|","|move|p1a: Excadrill|Earthquake|p2a: Kohai","|-crit|p2a: Kohai","|-damage|p2a: Kohai|134/404 par","|move|p2a: Kohai|Roost|p2a: Kohai","|-heal|p2a: Kohai|336/404 par","|","|-heal|p2a: Kohai|361/404 par|[from] item: Leftovers","|-damage|p1a: Excadrill|260/361 brn|[from] brn","|turn|14","|","|move|p1a: Excadrill|Earthquake|p2a: Kohai","|-damage|p2a: Kohai|267/404 par","|move|p2a: Kohai|Psychic|p1a: Excadrill","|-resisted|p1a: Excadrill","|-damage|p1a: Excadrill|191/361 brn","|-unboost|p1a: Excadrill|spd|1","|","|-heal|p2a: Kohai|292/404 par|[from] item: Leftovers","|-damage|p1a: Excadrill|146/361 brn|[from] brn","|turn|15","|","|move|p1a: Excadrill|Earthquake|p2a: Kohai","|-damage|p2a: Kohai|207/404 par","|cant|p2a: Kohai|par","|","|-heal|p2a: Kohai|232/404 par|[from] item: Leftovers","|-damage|p1a: Excadrill|101/361 brn|[from] brn","|turn|16","|","|switch|p2a: Jet Plane|Latios, M|31/301","|move|p1a: Excadrill|Earthquake|p2a: Jet Plane","|-damage|p2a: Jet Plane|0 fnt","|faint|p2a: Jet Plane","|","|-damage|p1a: Excadrill|56/361 brn|[from] brn","|","|switch|p2a: I do say...|Reuniclus, M|424/424","|turn|17","|","|move|p1a: Excadrill|Earthquake|p2a: I do say...","|-damage|p2a: I do say...|344/424","|move|p2a: I do say...|Energy Ball|p1a: Excadrill","|-damage|p1a: Excadrill|0 fnt","|faint|p1a: Excadrill","|","|-heal|p2a: I do say...|370/424|[from] item: Leftovers","|","|switch|p1a: Ferrothorn|Ferrothorn, F|351/351","|-damage|p1a: Ferrothorn|330/351|[from] Stealth Rock","|turn|18","|","|move|p2a: I do say...|Calm Mind|p2a: I do say...","|-boost|p2a: I do say...|spa|1","|-boost|p2a: I do say...|spd|1","|move|p1a: Ferrothorn|Leech Seed|p2a: I do say...|[miss]","|-miss|p1a: Ferrothorn|p2a: I do say...","|","|-heal|p2a: I do say...|396/424|[from] item: Leftovers","|turn|19","|","|move|p2a: I do say...|Calm Mind|p2a: I do say...","|-boost|p2a: I do say...|spa|1","|-boost|p2a: I do say...|spd|1","|move|p1a: Ferrothorn|Stealth Rock|p2a: I do say...","|-sidestart|p2: Crystal Giigan|move: Stealth Rock","|","|-heal|p2a: I do say...|422/424|[from] item: Leftovers","|turn|20","|","|move|p2a: I do say...|Calm Mind|p2a: I do say...","|-boost|p2a: I do say...|spa|1","|-boost|p2a: I do say...|spd|1","|move|p1a: Ferrothorn|Leech Seed|p2a: I do say...","|-start|p2a: I do say...|move: Leech Seed","|","|-heal|p2a: I do say...|424/424|[from] item: Leftovers","|turn|21","|","|move|p2a: I do say...|Calm Mind|p2a: I do say...","|-boost|p2a: I do say...|spa|1","|-boost|p2a: I do say...|spd|1","|move|p1a: Ferrothorn|Gyro Ball|p2a: I do say...","|-damage|p2a: I do say...|361/424","|","|-heal|p2a: I do say...|387/424|[from] item: Leftovers","|turn|22","|","|move|p2a: I do say...|Calm Mind|p2a: I do say...","|-boost|p2a: I do say...|spa|1","|-boost|p2a: I do say...|spd|1","|move|p1a: Ferrothorn|Gyro Ball|p2a: I do say...","|-crit|p2a: I do say...","|-damage|p2a: I do say...|282/424","|","|-heal|p2a: I do say...|308/424|[from] item: Leftovers","|turn|23","|","|move|p2a: I do say...|Calm Mind|p2a: I do say...","|-boost|p2a: I do say...|spa|1","|-boost|p2a: I do say...|spd|1","|move|p1a: Ferrothorn|Gyro Ball|p2a: I do say...","|-damage|p2a: I do say...|244/424","|","|-heal|p2a: I do say...|270/424|[from] item: Leftovers","|turn|24","|","|move|p2a: I do say...|Psychic|p1a: Ferrothorn","|-crit|p1a: Ferrothorn","|-resisted|p1a: Ferrothorn","|-damage|p1a: Ferrothorn|0 fnt","|faint|p1a: Ferrothorn","|","|-heal|p2a: I do say...|296/424|[from] item: Leftovers","|","|switch|p1a: Heatran|Heatran, F|385/385","|-damage|p1a: Heatran|337/385|[from] Stealth Rock","|-item|p1a: Heatran|Air Balloon","|turn|25","|","|move|p2a: I do say...|Psychic|p1a: Heatran","|-resisted|p1a: Heatran","|-damage|p1a: Heatran|89/385","|-enditem|p1a: Heatran|Air Balloon","|move|p1a: Heatran|Roar|p2a: I do say...","|drag|p2a: Kohai|Mew|232/404 par","|-damage|p2a: Kohai|182/404 par|[from] Stealth Rock","|","|-heal|p2a: Kohai|207/404 par|[from] item: Leftovers","|turn|26","|","|move|p1a: Heatran|Flamethrower|p2a: Kohai","|-damage|p2a: Kohai|71/404 par","|move|p2a: Kohai|Psychic|p1a: Heatran","|-resisted|p1a: Heatran","|-damage|p1a: Heatran|37/385","|","|-heal|p2a: Kohai|96/404 par|[from] item: Leftovers","|turn|27","|","|move|p1a: Heatran|Flamethrower|p2a: Kohai","|-damage|p2a: Kohai|0 fnt","|faint|p2a: Kohai","|","|","|switch|p2a: I do say...|Reuniclus, M|296/424","|turn|28","|","|move|p1a: Heatran|Flamethrower|p2a: I do say...","|-damage|p2a: I do say...|83/424","|move|p2a: I do say...|Psychic|p1a: Heatran","|-resisted|p1a: Heatran","|-damage|p1a: Heatran|0 fnt","|faint|p1a: Heatran","|","|-heal|p2a: I do say...|109/424|[from] item: Leftovers","|","|switch|p1a: Empoleon|Empoleon, M|207/371","|-damage|p1a: Empoleon|184/371|[from] Stealth Rock","|turn|29","|","|move|p1a: Empoleon|Scald|p2a: I do say...","|-damage|p2a: I do say...|0 fnt","|faint|p2a: I do say...","|","|","|switch|p2a: Carrie|Gardevoir, F, shiny|277/277","|-damage|p2a: Carrie|243/277|[from] Stealth Rock","|-ability|p2a: Carrie|Torrent|[from] ability: Trace|[of] p1a: Empoleon","|turn|30","|","|detailschange|p2a: Carrie|Gardevoir-Mega, F, shiny","|-mega|p2a: Carrie|Gardevoir|Gardevoirite","|move|p2a: Carrie|Thunderbolt|p1a: Empoleon","|-supereffective|p1a: Empoleon","|-damage|p1a: Empoleon|0 fnt","|faint|p1a: Empoleon","|","|win|Crystal Giigan"],"p1rating":{"entryid":"7429437","serverid":"eos","formatid":"monotype","userid":"jake1079","username":"Jake1079","w":"43","l":54,"t":"0","gxe":46.5,"r":"1459.3464243066","rd":"41.121959493769","sigma":"0","rptime":"1439542800","rpr":1473.4662717704,"rprd":38.630488898832,"rpsigma":"0","acre":1164.9627766496,"lacre":1164.9627766496,"oldacre":"1203.1129029236"},"p2rating":{"entryid":"7626049","serverid":"eos","formatid":"monotype","userid":"crystalgiigan","username":"Crystal Giigan","w":1,"l":"1","t":"0","gxe":49.6,"r":"1500","rd":"130","sigma":"0","rptime":"1439542800","rpr":1497.0841386828,"rprd":115.38338386966,"rpsigma":"0","acre":1061.0402020384,"lacre":1061.0402020384,"oldacre":"1000"},"endType":"normal"}