{"seed":[60648,23634,64288,8413],"turns":35,"p1":"Void KGBeast","p2":"SWL HB","p1team":[{"name":"Charizard","species":"Charizard","item":"charizarditey","ability":"Blaze","moves":["defog","focusblast","fireblast","solarbeam"],"nature":"Timid","evs":{"hp":0,"atk":0,"def":0,"spa":252,"spd":4,"spe":252},"ivs":{"hp":31,"atk":0,"def":31,"spa":31,"spd":31,"spe":31}},{"name":"Infernape","species":"Infernape","item":"focussash","ability":"Blaze","moves":["stealthrock","taunt","closecombat","fireblast"],"nature":"Naive","evs":{"hp":0,"atk":252,"def":0,"spa":4,"spd":0,"spe":252},"ivs":{"hp":31,"atk":31,"def":31,"spa":31,"spd":31,"spe":31}},{"name":"Darmanitan","species":"Darmanitan","item":"choicescarf","ability":"Sheer Force","moves":["flareblitz","uturn","rockslide","superpower"],"nature":"Jolly","evs":{"hp":0,"atk":252,"def":0,"spa":0,"spd":4,"spe":252},"ivs":{"hp":31,"atk":31,"def":31,"spa":31,"spd":31,"spe":31}},{"name":"Heatran","species":"Heatran","item":"leftovers","ability":"Flash Fire","moves":["solarbeam","toxic","earthpower","flashcannon"],"nature":"Calm","evs":{"hp":248,"atk":0,"def":0,"spa":0,"spd":252,"spe":8},"ivs":{"hp":31,"atk":0,"def":31,"spa":31,"spd":31,"spe":31}},{"name":"Chandelure","species":"Chandelure","item":"choicescarf","ability":"Flash Fire","moves":["flamethrower","shadowball","energyball","hiddenpowerice"],"nature":"Timid","evs":{"hp":0,"atk":0,"def":4,"spa":252,"spd":0,"spe":252},"ivs":{"hp":31,"atk":30,"def":30,"spa":31,"spd":31,"spe":31}},{"name":"Arcanine","species":"Arcanine","item":"leftovers","ability":"Intimidate","moves":["willowisp","flareblitz","roar","morningsun"],"nature":"Impish","evs":{"hp":248,"atk":8,"def":252,"spa":0,"spd":0,"spe":0},"ivs":{"hp":31,"atk":31,"def":31,"spa":31,"spd":31,"spe":31}}],"p2team":[{"name":"Meowstic","species":"Meowstic","item":"lightclay","ability":"Prankster","moves":["lightscreen","reflect","magiccoat","psyshock"],"nature":"Timid","evs":{"hp":248,"atk":0,"def":0,"spa":8,"spd":0,"spe":252},"ivs":{"hp":31,"atk":31,"def":31,"spa":31,"spd":31,"spe":31}},{"name":"Hoopa-Unbound","species":"Hoopa-Unbound","item":"lifeorb","ability":"Magician","moves":["darkpulse","hiddenpowerfire","focusblast","gunkshot"],"nature":"Hasty","evs":{"hp":0,"atk":4,"def":0,"spa":252,"spd":0,"spe":252},"ivs":{"hp":31,"atk":30,"def":31,"spa":30,"spd":31,"spe":30}},{"name":"Gallade","species":"Gallade","item":"assaultvest","ability":"Justified","moves":["knockoff","drainpunch","psychocut","icepunch"],"nature":"Adamant","evs":{"hp":248,"atk":252,"def":0,"spa":0,"spd":8,"spe":0},"ivs":{"hp":31,"atk":31,"def":31,"spa":31,"spd":31,"spe":31}},{"name":"Meloetta","species":"Meloetta","item":"assaultvest","ability":"Serene Grace","moves":["hypervoice","shadowball","thunderbolt","energyball"],"nature":"Modest","evs":{"hp":248,"atk":0,"def":40,"spa":212,"spd":8,"spe":0},"ivs":{"hp":31,"atk":31,"def":31,"spa":31,"spd":31,"spe":31}},{"name":"Medicham","species":"Medicham","item":"medichamite","ability":"Pure Power","moves":["substitute","drainpunch","bulletpunch","icepunch"],"nature":"Jolly","evs":{"hp":148,"atk":252,"def":0,"spa":0,"spd":8,"spe":100},"ivs":{"hp":31,"atk":31,"def":31,"spa":31,"spd":31,"spe":31}},{"name":"Slowbro","species":"Slowbro","item":"leftovers","ability":"Regenerator","moves":["slackoff","scald","foulplay","thunderwave"],"nature":"Bold","evs":{"hp":252,"atk":0,"def":252,"spa":0,"spd":4,"spe":0},"ivs":{"hp":31,"atk":31,"def":31,"spa":31,"spd":31,"spe":31}}],"log":["|player|p1|Void KGBeast|kgbeast.png","|player|p2|SWL HB|swlhb.gif","|gametype|singles","|gen|6","|tier|Monotype","|rated","|rule|Baton Pass Clause: Limit one Baton Passer, can't pass Spe and other stats simultaneously","|rule|Swagger Clause: Swagger is banned","|rule|Same Type Clause: Pokémon in a team must share a type","|clearpoke","|poke|p1|Charizard, M","|poke|p1|Infernape, F","|poke|p1|Darmanitan, M","|poke|p1|Heatran, M","|poke|p1|Chandelure, M","|poke|p1|Arcanine, M","|poke|p2|Meowstic, M","|poke|p2|Hoopa-Unbound","|poke|p2|Gallade, M","|poke|p2|Meloetta","|poke|p2|Medicham, F","|poke|p2|Slowbro, F","|rule|Sleep Clause Mod: Limit one foe put to sleep","|rule|Species Clause: Limit one of each Pokémon","|rule|OHKO Clause: OHKO moves are banned","|rule|Moody Clause: Moody is banned","|rule|Evasion Moves Clause: Evasion moves are banned","|rule|Endless Battle Clause: Forcing endless battles is banned","|rule|HP Percentage Mod: HP is shown in percentages","|teampreview","|","|start","|switch|p1a: Charizard|Charizard, M|297/297","|switch|p2a: Meowstic|Meowstic, M|351/351","|turn|1","|","|switch|p1a: Infernape|Infernape, F|293/293","|move|p2a: Meowstic|Light Screen|p2a: Meowstic","|-sidestart|p2: SWL HB|move: Light Screen","|","|turn|2","|","|move|p2a: Meowstic|Magic Coat|p2a: Meowstic","|-singleturn|p2a: Meowstic|move: Magic Coat","|move|p1a: Infernape|Taunt|p2a: Meowstic","|move|p2a: Meowstic|Taunt|p1a: Infernape|[from]Magic Coat","|-start|p1a: Infernape|move: Taunt","|","|turn|3","|","|switch|p1a: Darmanitan|Darmanitan, M|351/351","|move|p2a: Meowstic|Reflect|p2a: Meowstic","|-sidestart|p2: SWL HB|Reflect","|","|turn|4","|","|move|p1a: Darmanitan|U-turn|p2a: Meowstic","|-supereffective|p2a: Meowstic","|-damage|p2a: Meowstic|237/351","|","|switch|p1a: Chandelure|Chandelure, M|261/261","|move|p2a: Meowstic|Psyshock|p1a: Chandelure","|-damage|p1a: Chandelure|165/261","|","|turn|5","|","|switch|p1a: Darmanitan|Darmanitan, M|351/351","|switch|p2a: Meloetta|Meloetta|403/403","|","|turn|6","|","|move|p1a: Darmanitan|U-turn|p2a: Meloetta","|-supereffective|p2a: Meloetta","|-damage|p2a: Meloetta|307/403","|","|switch|p1a: Heatran|Heatran, M|385/385","|move|p2a: Meloetta|Hyper Voice|p1a: Heatran","|-resisted|p1a: Heatran","|-damage|p1a: Heatran|325/385","|","|-heal|p1a: Heatran|349/385|[from] item: Leftovers","|turn|7","|","|switch|p2a: Gallade|Gallade, M|339/339","|move|p1a: Heatran|Toxic|p2a: Gallade","|-status|p2a: Gallade|tox","|","|-heal|p1a: Heatran|373/385|[from] item: Leftovers","|-damage|p2a: Gallade|318/339 tox|[from] psn","|turn|8","|","|switch|p1a: Arcanine|Arcanine, M|383/383","|-ability|p1a: Arcanine|Intimidate","|-unboost|p2a: Gallade|atk|1","|move|p2a: Gallade|Knock Off|p1a: Arcanine","|-damage|p1a: Arcanine|317/383","|-enditem|p1a: Arcanine|Leftovers|[from] move: Knock Off|[of] p2a: Gallade","|","|-damage|p2a: Gallade|276/339 tox|[from] psn","|-sideend|p2: SWL HB|move: Light Screen","|turn|9","|","|switch|p1a: Charizard|Charizard, M|297/297","|switch|p2a: Meowstic|Meowstic, M|237/351","|","|turn|10","|","|detailschange|p1a: Charizard|Charizard-Mega-Y, M","|-mega|p1a: Charizard|Charizard|Charizardite Y","|-weather|SunnyDay","|move|p2a: Meowstic|Light Screen|p2a: Meowstic","|-sidestart|p2: SWL HB|move: Light Screen","|move|p1a: Charizard|Fire Blast|p2a: Meowstic|[miss]","|-miss|p1a: Charizard|p2a: Meowstic","|","|-weather|SunnyDay|[upkeep]","|-sideend|p2: SWL HB|Reflect","|turn|11","|","|move|p2a: Meowstic|Reflect|p2a: Meowstic","|-sidestart|p2: SWL HB|Reflect","|move|p1a: Charizard|Defog|p2a: Meowstic","|-unboost|p2a: Meowstic|evasion|1","|-sideend|p2: SWL HB|Reflect","|-sideend|p2: SWL HB|move: Light Screen","|","|-weather|SunnyDay|[upkeep]","|turn|12","|","|move|p2a: Meowstic|Light Screen|p2a: Meowstic","|-sidestart|p2: SWL HB|move: Light Screen","|move|p1a: Charizard|Fire Blast|p2a: Meowstic","|-damage|p2a: Meowstic|36/351","|-status|p2a: Meowstic|brn","|","|-weather|SunnyDay|[upkeep]","|-damage|p2a: Meowstic|0 fnt|[from] brn","|faint|p2a: Meowstic","|","|switch|p2a: Hoopa-Unbound|Hoopa-Unbound|301/301","|turn|13","|","|switch|p1a: Arcanine|Arcanine, M|317/383","|-ability|p1a: Arcanine|Intimidate","|-unboost|p2a: Hoopa-Unbound|atk|1","|move|p2a: Hoopa-Unbound|Dark Pulse|p1a: Arcanine","|-damage|p1a: Arcanine|31/383","|-damage|p2a: Hoopa-Unbound|271/301|[from] item: Life Orb","|","|-weather|SunnyDay|[upkeep]","|turn|14","|","|move|p2a: Hoopa-Unbound|Dark Pulse|p1a: Arcanine","|-damage|p1a: Arcanine|0 fnt","|-damage|p2a: Hoopa-Unbound|241/301|[from] item: Life Orb","|faint|p1a: Arcanine","|","|-weather|none","|","|switch|p1a: Darmanitan|Darmanitan, M|351/351","|turn|15","|","|switch|p2a: Slowbro|Slowbro, F|394/394","|move|p1a: Darmanitan|U-turn|p2a: Slowbro","|-supereffective|p2a: Slowbro","|-damage|p2a: Slowbro|270/394","|","|switch|p1a: Charizard|Charizard-Mega-Y, M|297/297","|-weather|SunnyDay","|","|-weather|SunnyDay|[upkeep]","|-heal|p2a: Slowbro|294/394|[from] item: Leftovers","|turn|16","|","|move|p1a: Charizard|Solar Beam|p2a: Slowbro|[still]","|-prepare|p1a: Charizard|Solar Beam|p2a: Slowbro","|-anim|p1a: Charizard|Solar Beam|p2a: Slowbro","|-supereffective|p2a: Slowbro","|-damage|p2a: Slowbro|84/394","|move|p2a: Slowbro|Thunder Wave|p1a: Charizard","|-status|p1a: Charizard|par","|","|-weather|SunnyDay|[upkeep]","|-heal|p2a: Slowbro|108/394|[from] item: Leftovers","|turn|17","|","|switch|p2a: Meloetta|Meloetta|307/403","|move|p1a: Charizard|Solar Beam|p2a: Meloetta|[still]","|-prepare|p1a: Charizard|Solar Beam|p2a: Meloetta","|-anim|p1a: Charizard|Solar Beam|p2a: Meloetta","|-damage|p2a: Meloetta|259/403","|","|-weather|SunnyDay|[upkeep]","|turn|18","|","|switch|p1a: Chandelure|Chandelure, M|165/261","|move|p2a: Meloetta|Thunderbolt|p1a: Chandelure","|-damage|p1a: Chandelure|40/261","|","|-weather|SunnyDay|[upkeep]","|turn|19","|","|switch|p1a: Heatran|Heatran, M|373/385","|move|p2a: Meloetta|Shadow Ball|p1a: Heatran","|-damage|p1a: Heatran|308/385","|","|-weather|none","|-heal|p1a: Heatran|332/385|[from] item: Leftovers","|-sideend|p2: SWL HB|move: Light Screen","|turn|20","|","|switch|p2a: Gallade|Gallade, M|276/339 tox","|move|p1a: Heatran|Flash Cannon|p2a: Gallade","|-damage|p2a: Gallade|207/339 tox","|","|-heal|p1a: Heatran|356/385|[from] item: Leftovers","|-damage|p2a: Gallade|186/339 tox|[from] psn","|turn|21","|","|switch|p1a: Infernape|Infernape, F|293/293","|move|p2a: Gallade|Knock Off|p1a: Infernape","|-resisted|p1a: Infernape","|-damage|p1a: Infernape|212/293","|-enditem|p1a: Infernape|Focus Sash|[from] move: Knock Off|[of] p2a: Gallade","|","|-damage|p2a: Gallade|144/339 tox|[from] psn","|turn|22","|","|move|p1a: Infernape|Stealth Rock|p2a: Gallade","|-sidestart|p2: SWL HB|move: Stealth Rock","|move|p2a: Gallade|Psycho Cut|p1a: Infernape","|-supereffective|p1a: Infernape","|-damage|p1a: Infernape|0 fnt","|faint|p1a: Infernape","|","|-damage|p2a: Gallade|81/339 tox|[from] psn","|","|switch|p1a: Darmanitan|Darmanitan, M|351/351","|turn|23","|","|move|p1a: Darmanitan|Flare Blitz|p2a: Gallade","|-damage|p2a: Gallade|0 fnt","|-damage|p1a: Darmanitan|324/351|[from] recoil|[of] p2a: Gallade","|faint|p2a: Gallade","|","|","|switch|p2a: Slowbro|Slowbro, F|239/394","|-damage|p2a: Slowbro|190/394|[from] Stealth Rock","|turn|24","|","|switch|p1a: Charizard|Charizard-Mega-Y, M|297/297 par","|-weather|SunnyDay","|move|p2a: Slowbro|Scald|p1a: Charizard","|-supereffective|p1a: Charizard","|-damage|p1a: Charizard|213/297 par","|","|-weather|SunnyDay|[upkeep]","|-heal|p2a: Slowbro|214/394|[from] item: Leftovers","|turn|25","|","|switch|p2a: Meloetta|Meloetta|259/403","|-damage|p2a: Meloetta|209/403|[from] Stealth Rock","|move|p1a: Charizard|Fire Blast|p2a: Meloetta","|-damage|p2a: Meloetta|32/403","|","|-weather|SunnyDay|[upkeep]","|turn|26","|","|switch|p1a: Heatran|Heatran, M|356/385","|move|p2a: Meloetta|Shadow Ball|p1a: Heatran","|-damage|p1a: Heatran|288/385","|-unboost|p1a: Heatran|spd|1","|","|-weather|SunnyDay|[upkeep]","|-heal|p1a: Heatran|312/385|[from] item: Leftovers","|turn|27","|","|move|p2a: Meloetta|Thunderbolt|p1a: Heatran","|-damage|p1a: Heatran|202/385","|move|p1a: Heatran|Flash Cannon|p2a: Meloetta","|-damage|p2a: Meloetta|0 fnt","|faint|p2a: Meloetta","|","|-weather|SunnyDay|[upkeep]","|-heal|p1a: Heatran|226/385|[from] item: Leftovers","|","|switch|p2a: Medicham|Medicham, F|298/298","|-damage|p2a: Medicham|280/298|[from] Stealth Rock","|turn|28","|","|detailschange|p2a: Medicham|Medicham-Mega, F","|-mega|p2a: Medicham|Medicham|Medichamite","|move|p2a: Medicham|Drain Punch|p1a: Heatran","|-supereffective|p1a: Heatran","|-damage|p1a: Heatran|0 fnt","|-heal|p2a: Medicham|298/298|[from] drain|[of] p1a: Heatran","|faint|p1a: Heatran","|","|-weather|none","|","|switch|p1a: Darmanitan|Darmanitan, M|324/351","|turn|29","|","|move|p1a: Darmanitan|U-turn|p2a: Medicham","|-damage|p2a: Medicham|201/298","|","|switch|p1a: Charizard|Charizard-Mega-Y, M|213/297 par","|-weather|SunnyDay","|move|p2a: Medicham|Drain Punch|p1a: Charizard","|-resisted|p1a: Charizard","|-damage|p1a: Charizard|80/297 par","|-heal|p2a: Medicham|268/298|[from] drain|[of] p1a: Charizard","|","|-weather|SunnyDay|[upkeep]","|turn|30","|","|move|p2a: Medicham|Ice Punch|p1a: Charizard","|-damage|p1a: Charizard|0 fnt","|faint|p1a: Charizard","|","|-weather|SunnyDay|[upkeep]","|","|switch|p1a: Darmanitan|Darmanitan, M|324/351","|turn|31","|","|switch|p2a: Hoopa-Unbound|Hoopa-Unbound|241/301","|-damage|p2a: Hoopa-Unbound|204/301|[from] Stealth Rock","|move|p1a: Darmanitan|Flare Blitz|p2a: Hoopa-Unbound","|-damage|p2a: Hoopa-Unbound|0 fnt","|-damage|p1a: Darmanitan|257/351|[from] recoil|[of] p2a: Hoopa-Unbound","|faint|p2a: Hoopa-Unbound","|","|-weather|SunnyDay|[upkeep]","|","|switch|p2a: Slowbro|Slowbro, F|345/394","|-damage|p2a: Slowbro|296/394|[from] Stealth Rock","|turn|32","|","|move|p1a: Darmanitan|Flare Blitz|p2a: Slowbro","|-resisted|p2a: Slowbro","|-damage|p2a: Slowbro|157/394","|-damage|p1a: Darmanitan|211/351|[from] recoil|[of] p2a: Slowbro","|move|p2a: Slowbro|Foul Play|p1a: Darmanitan","|-damage|p1a: Darmanitan|17/351","|","|-weather|SunnyDay|[upkeep]","|-heal|p2a: Slowbro|181/394|[from] item: Leftovers","|turn|33","|","|move|p1a: Darmanitan|Flare Blitz|p2a: Slowbro","|-resisted|p2a: Slowbro","|-damage|p2a: Slowbro|43/394","|-damage|p1a: Darmanitan|0 fnt|[from] recoil|[of] p2a: Slowbro","|faint|p1a: Darmanitan","|move|p2a: Slowbro|Slack Off|p2a: Slowbro","|-heal|p2a: Slowbro|240/394","|","|-weather|none","|-heal|p2a: Slowbro|264/394|[from] item: Leftovers","|","|switch|p1a: Chandelure|Chandelure, M|40/261","|turn|34","|","|move|p1a: Chandelure|Shadow Ball|p2a: Slowbro","|-supereffective|p2a: Slowbro","|-damage|p2a: Slowbro|0 fnt","|faint|p2a: Slowbro","|","|","|switch|p2a: Medicham|Medicham-Mega, F|268/298","|-damage|p2a: Medicham|250/298|[from] Stealth Rock","|turn|35","|","|move|p2a: Medicham|Bullet Punch|p1a: Chandelure","|-resisted|p1a: Chandelure","|-damage|p1a: Chandelure|0 fnt","|faint|p1a: Chandelure","|","|win|SWL HB"],"p1rating":{"entryid":"6841698","serverid":"eos","formatid":"monotype","userid":"voidkgbeast","username":"Void KGBeast","w":"27","l":18,"t":"0","gxe":58.9,"r":"1611.0581694502","rd":"57.116159196234","sigma":"0","rptime":"1439542800","rpr":1568.4372825198,"rprd":53.57284833838,"rpsigma":"0","acre":1200.3773222169,"lacre":1200.3773222169,"oldacre":"1232.5290418167"},"p2rating":{"entryid":"6872578","serverid":"eos","formatid":"monotype","userid":"swlhb","username":"SWL HB","w":13,"l":"19","t":"0","gxe":41.7,"r":"1419.9780041055","rd":"62.432332915466","sigma":"0","rptime":"1439542800","rpr":1436.0877308548,"rprd":61.707276189867,"rpsigma":"0","acre":1162.4376312313,"lacre":1162.4376312313,"oldacre":"1130.2859116315"},"endType":"normal"}