{"seed":[33008,42924,24607,13183],"turns":19,"p1":"Guard Shadow","p2":"Alliance - decent","p1team":[{"name":"Shadow","species":"sableye","item":"sablenite","ability":"Prankster","moves":["willowisp","calmmind","recover","darkpulse"],"nature":"Bold","evs":{"hp":252,"atk":0,"def":252,"spa":0,"spd":4,"spe":0},"gender":"M","ivs":{"hp":31,"atk":0,"def":31,"spa":31,"spd":31,"spe":31}},{"name":"Phantom","species":"gengar","item":"focussash","ability":"Levitate","moves":["shadowball","sludgebomb","energyball","destinybond"],"nature":"Timid","evs":{"hp":0,"atk":0,"def":0,"spa":252,"spd":4,"spe":252},"gender":"M","shiny":true,"ivs":{"hp":31,"atk":31,"def":31,"spa":31,"spd":31,"spe":31}},{"name":"Wraith","species":"golurk","item":"focussash","ability":"No Guard","moves":["dynamicpunch","earthquake","rockpolish","stealthrock"],"nature":"Adamant","evs":{"hp":0,"atk":252,"def":0,"spa":0,"spd":4,"spe":252},"shiny":true,"ivs":{"hp":31,"atk":31,"def":31,"spa":31,"spd":31,"spe":31}},{"name":"Masamune","species":"aegislash","item":"leftovers","ability":"Stance Change","moves":["ironhead","shadowsneak","swordsdance","kingsshield"],"nature":"Adamant","evs":{"hp":252,"atk":252,"def":0,"spa":0,"spd":0,"spe":4},"gender":"M","shiny":true,"ivs":{"hp":31,"atk":31,"def":31,"spa":31,"spd":31,"spe":31}},{"name":"Inferno","species":"chandelure","item":"choicescarf","ability":"Flash Fire","moves":["fireblast","shadowball","hiddenpowerice","trick"],"nature":"Modest","evs":{"hp":0,"atk":0,"def":0,"spa":252,"spd":4,"spe":252},"gender":"M","ivs":{"hp":31,"atk":30,"def":30,"spa":31,"spd":31,"spe":31}},{"name":"Mismagius","species":"Mismagius","item":"focussash","ability":"Levitate","moves":["shadowball","dazzlinggleam","nastyplot","destinybond"],"nature":"Timid","evs":{"hp":0,"atk":0,"def":0,"spa":252,"spd":4,"spe":252},"gender":"F","ivs":{"hp":31,"atk":31,"def":31,"spa":31,"spd":31,"spe":31}}],"p2team":[{"name":"bgv hjgu980ijhb","species":"landorus","item":"lifeorb","ability":"Sheer Force","moves":["earthpower","sludgewave","hiddenpowerwater","knockoff"],"nature":"Naive","evs":{"hp":0,"atk":4,"def":0,"spa":252,"spd":0,"spe":252},"ivs":{"hp":31,"atk":30,"def":30,"spa":30,"spd":31,"spe":31},"shiny":true},{"name":"hbhiuojknb jikn b","species":"garchomp","item":"choiceband","ability":"Rough Skin","moves":["earthquake","outrage","fireblast","dragonclaw"],"nature":"Hasty","evs":{"hp":0,"atk":252,"def":0,"spa":4,"spd":0,"spe":252},"ivs":{"hp":31,"atk":31,"def":31,"spa":31,"spd":31,"spe":31}},{"name":"uhiboijjuhb","species":"seismitoad","item":"leftovers","ability":"Water Absorb","moves":["earthpower","sludgewave","stealthrock","scald"],"nature":"Calm","evs":{"hp":252,"atk":0,"def":4,"spa":0,"spd":252,"spe":0},"ivs":{"hp":31,"atk":31,"def":31,"spa":31,"spd":31,"spe":31}},{"name":"kgkliijhukgjcxfhjk","species":"golem","item":"custapberry","ability":"Sturdy","moves":["firepunch","explosion","stealthrock","earthquake"],"nature":"Adamant","evs":{"hp":48,"atk":252,"def":0,"spa":0,"spd":0,"spe":208},"shiny":true,"ivs":{"hp":31,"atk":31,"def":31,"spa":31,"spd":31,"spe":31}},{"name":"gvhbjohbvghuhu8ijh","species":"hippowdon","item":"leftovers","ability":"Sand Stream","moves":["earthquake","crunch","slackoff","whirlwind"],"nature":"Impish","evs":{"hp":248,"atk":8,"def":252,"spa":0,"spd":0,"spe":0},"ivs":{"hp":31,"atk":31,"def":31,"spa":31,"spd":31,"spe":31}},{"name":"cleansed","species":"excadrill","item":"assaultvest","ability":"Sand Rush","moves":["earthquake","ironhead","rapidspin","rockslide"],"nature":"Adamant","evs":{"hp":0,"atk":252,"def":0,"spa":0,"spd":4,"spe":252},"ivs":{"hp":31,"atk":31,"def":31,"spa":31,"spd":31,"spe":31}}],"log":["|player|p1|Guard Shadow|274","|player|p2|Alliance - decent|271","|gametype|singles","|gen|6","|tier|Monotype","|rated","|rule|Baton Pass Clause: Limit one Baton Passer, can't pass Spe and other stats simultaneously","|rule|Swagger Clause: Swagger is banned","|rule|Same Type Clause: Pokémon in a team must share a type","|clearpoke","|poke|p1|Sableye, M","|poke|p1|Gengar, M, shiny","|poke|p1|Golurk, shiny","|poke|p1|Aegislash, M, shiny","|poke|p1|Chandelure, M","|poke|p1|Mismagius, F","|poke|p2|Landorus, M, shiny","|poke|p2|Garchomp, F","|poke|p2|Seismitoad, F","|poke|p2|Golem, M, shiny","|poke|p2|Hippowdon, F","|poke|p2|Excadrill, M","|rule|Sleep Clause Mod: Limit one foe put to sleep","|rule|Species Clause: Limit one of each Pokémon","|rule|OHKO Clause: OHKO moves are banned","|rule|Moody Clause: Moody is banned","|rule|Evasion Moves Clause: Evasion moves are banned","|rule|Endless Battle Clause: Forcing endless battles is banned","|rule|HP Percentage Mod: HP is shown in percentages","|teampreview","|","|start","|switch|p1a: Phantom|Gengar, M, shiny|261/261","|switch|p2a: kgkliijhukgjcxfhjk|Golem, M, shiny|313/313","|turn|1","|","|move|p1a: Phantom|Energy Ball|p2a: kgkliijhukgjcxfhjk","|-supereffective|p2a: kgkliijhukgjcxfhjk","|-ability|p2a: kgkliijhukgjcxfhjk|Sturdy","|-damage|p2a: kgkliijhukgjcxfhjk|1/313","|move|p2a: kgkliijhukgjcxfhjk|Stealth Rock|p1a: Phantom","|-sidestart|p1: Guard Shadow|move: Stealth Rock","|","|turn|2","|-enditem|p2a: kgkliijhukgjcxfhjk|Custap Berry|[eat]","|-activate|p2a: kgkliijhukgjcxfhjk|Custap Berry","|","|move|p2a: kgkliijhukgjcxfhjk|Fire Punch|p1a: Phantom","|-damage|p1a: Phantom|125/261","|-status|p1a: Phantom|brn","|move|p1a: Phantom|Energy Ball|p2a: kgkliijhukgjcxfhjk","|-supereffective|p2a: kgkliijhukgjcxfhjk","|-damage|p2a: kgkliijhukgjcxfhjk|0 fnt","|faint|p2a: kgkliijhukgjcxfhjk","|","|-damage|p1a: Phantom|93/261 brn|[from] brn","|","|switch|p2a: hbhiuojknb jikn b|Garchomp, F|357/357","|turn|3","|","|move|p1a: Phantom|Destiny Bond|p1a: Phantom","|-singlemove|p1a: Phantom|Destiny Bond","|move|p2a: hbhiuojknb jikn b|Dragon Claw|p1a: Phantom","|-damage|p1a: Phantom|0 fnt","|faint|p1a: Phantom","|-activate|p1a: Phantom|Destiny Bond","|faint|p2a: hbhiuojknb jikn b","|","|","|switch|p2a: bgv hjgu980ijhb|Landorus, M, shiny|319/319","|switch|p1a: Wraith|Golurk, shiny|319/319","|-damage|p1a: Wraith|300/319|[from] Stealth Rock","|turn|4","|","|move|p2a: bgv hjgu980ijhb|Knock Off|p1a: Wraith","|-supereffective|p1a: Wraith","|-damage|p1a: Wraith|24/319","|-enditem|p1a: Wraith|Focus Sash|[from] move: Knock Off|[of] p2a: bgv hjgu980ijhb","|-damage|p2a: bgv hjgu980ijhb|288/319|[from] item: Life Orb","|move|p1a: Wraith|Dynamic Punch|p2a: bgv hjgu980ijhb","|-resisted|p2a: bgv hjgu980ijhb","|-damage|p2a: bgv hjgu980ijhb|222/319","|-start|p2a: bgv hjgu980ijhb|confusion","|","|turn|5","|","|switch|p2a: uhiboijjuhb|Seismitoad, F|414/414","|move|p1a: Wraith|Stealth Rock|p2a: uhiboijjuhb","|-sidestart|p2: Alliance - decent|move: Stealth Rock","|","|turn|6","|","|move|p1a: Wraith|Dynamic Punch|p2a: uhiboijjuhb","|-damage|p2a: uhiboijjuhb|243/414","|-start|p2a: uhiboijjuhb|confusion","|-activate|p2a: uhiboijjuhb|confusion","|move|p2a: uhiboijjuhb|Scald|p1a: Wraith","|-supereffective|p1a: Wraith","|-damage|p1a: Wraith|0 fnt","|faint|p1a: Wraith","|","|-heal|p2a: uhiboijjuhb|268/414|[from] item: Leftovers","|","|switch|p1a: Mismagius|Mismagius, F|261/261","|-damage|p1a: Mismagius|229/261|[from] Stealth Rock","|turn|7","|","|switch|p2a: gvhbjohbvghuhu8ijh|Hippowdon, F|419/419","|-damage|p2a: gvhbjohbvghuhu8ijh|393/419|[from] Stealth Rock","|-weather|Sandstorm","|move|p1a: Mismagius|Nasty Plot|p1a: Mismagius","|-boost|p1a: Mismagius|spa|2","|","|-weather|Sandstorm|[upkeep]","|-damage|p1a: Mismagius|213/261|[from] sandstorm","|-heal|p2a: gvhbjohbvghuhu8ijh|419/419|[from] item: Leftovers","|turn|8","|","|move|p1a: Mismagius|Shadow Ball|p2a: gvhbjohbvghuhu8ijh","|-damage|p2a: gvhbjohbvghuhu8ijh|100/419","|move|p2a: gvhbjohbvghuhu8ijh|Crunch|p1a: Mismagius","|-supereffective|p1a: Mismagius","|-damage|p1a: Mismagius|0 fnt","|faint|p1a: Mismagius","|","|-weather|Sandstorm|[upkeep]","|-heal|p2a: gvhbjohbvghuhu8ijh|126/419|[from] item: Leftovers","|","|switch|p1a: Inferno|Chandelure, M|261/261","|-damage|p1a: Inferno|196/261|[from] Stealth Rock","|turn|9","|","|switch|p2a: uhiboijjuhb|Seismitoad, F|268/414","|-damage|p2a: uhiboijjuhb|243/414|[from] Stealth Rock","|move|p1a: Inferno|Shadow Ball|p2a: uhiboijjuhb","|-damage|p2a: uhiboijjuhb|83/414","|-unboost|p2a: uhiboijjuhb|spd|1","|","|-weather|Sandstorm|[upkeep]","|-damage|p1a: Inferno|180/261|[from] sandstorm","|-heal|p2a: uhiboijjuhb|108/414|[from] item: Leftovers","|turn|10","|","|move|p1a: Inferno|Shadow Ball|p2a: uhiboijjuhb","|-damage|p2a: uhiboijjuhb|0 fnt","|faint|p2a: uhiboijjuhb","|","|-weather|Sandstorm|[upkeep]","|-damage|p1a: Inferno|164/261|[from] sandstorm","|","|switch|p2a: bgv hjgu980ijhb|Landorus, M, shiny|222/319","|-damage|p2a: bgv hjgu980ijhb|183/319|[from] Stealth Rock","|turn|11","|","|move|p1a: Inferno|Shadow Ball|p2a: bgv hjgu980ijhb","|-damage|p2a: bgv hjgu980ijhb|0 fnt","|faint|p2a: bgv hjgu980ijhb","|","|-weather|none","|","|switch|p2a: gvhbjohbvghuhu8ijh|Hippowdon, F|126/419","|-damage|p2a: gvhbjohbvghuhu8ijh|100/419|[from] Stealth Rock","|-weather|Sandstorm","|turn|12","|","|move|p1a: Inferno|Shadow Ball|p2a: gvhbjohbvghuhu8ijh","|-damage|p2a: gvhbjohbvghuhu8ijh|0 fnt","|faint|p2a: gvhbjohbvghuhu8ijh","|","|-weather|Sandstorm|[upkeep]","|-damage|p1a: Inferno|148/261|[from] sandstorm","|","|switch|p2a: cleansed|Excadrill, M|361/361","|-damage|p2a: cleansed|350/361|[from] Stealth Rock","|turn|13","|","|move|p2a: cleansed|Earthquake|p1a: Inferno","|-supereffective|p1a: Inferno","|-damage|p1a: Inferno|0 fnt","|faint|p1a: Inferno","|","|-weather|Sandstorm|[upkeep]","|","|switch|p1a: Shadow|Sableye, M|304/304","|-damage|p1a: Shadow|266/304|[from] Stealth Rock","|turn|14","|","|move|p1a: Shadow|Will-O-Wisp|p2a: cleansed","|-status|p2a: cleansed|brn","|move|p2a: cleansed|Earthquake|p1a: Shadow","|-damage|p1a: Shadow|180/304","|","|-weather|Sandstorm|[upkeep]","|-damage|p1a: Shadow|161/304|[from] sandstorm","|-damage|p2a: cleansed|305/361 brn|[from] brn","|turn|15","|","|move|p1a: Shadow|Recover|p1a: Shadow","|-heal|p1a: Shadow|304/304","|move|p2a: cleansed|Earthquake|p1a: Shadow","|-damage|p1a: Shadow|223/304","|","|-weather|Sandstorm|[upkeep]","|-damage|p1a: Shadow|204/304|[from] sandstorm","|-damage|p2a: cleansed|260/361 brn|[from] brn","|turn|16","|","|move|p2a: cleansed|Earthquake|p1a: Shadow","|-damage|p1a: Shadow|113/304","|move|p1a: Shadow|Dark Pulse|p2a: cleansed","|-damage|p2a: cleansed|191/361 brn","|","|-weather|none","|-damage|p2a: cleansed|146/361 brn|[from] brn","|turn|17","|","|move|p1a: Shadow|Recover|p1a: Shadow","|-heal|p1a: Shadow|265/304","|move|p2a: cleansed|Earthquake|p1a: Shadow","|-damage|p1a: Shadow|185/304","|","|-damage|p2a: cleansed|101/361 brn|[from] brn","|turn|18","|","|detailschange|p1a: Shadow|Sableye-Mega, M","|-mega|p1a: Shadow|Sableye|Sablenite","|move|p1a: Shadow|Recover|p1a: Shadow","|-heal|p1a: Shadow|304/304","|move|p2a: cleansed|Earthquake|p1a: Shadow","|-damage|p1a: Shadow|245/304","|","|-damage|p2a: cleansed|56/361 brn|[from] brn","|turn|19","|","|move|p2a: cleansed|Earthquake|p1a: Shadow","|-damage|p1a: Shadow|188/304","|move|p1a: Shadow|Dark Pulse|p2a: cleansed","|-damage|p2a: cleansed|0 fnt","|faint|p2a: cleansed","|","|win|Guard Shadow"],"p1rating":{"entryid":"6072101","serverid":"eos","formatid":"monotype","userid":"guardshadow","username":"Guard Shadow","w":17,"l":"22","t":"0","gxe":41.2,"r":"1408.2330362149","rd":"65.070631300771","sigma":"0","rptime":"1439542800","rpr":1431.892869125,"rprd":63.210858155067,"rpsigma":"0","acre":1075.9276757095,"lacre":1075.9276757095,"oldacre":"1047.5249754094"},"p2rating":{"entryid":7631358,"formatid":"monotype","userid":"alliancedecent","username":"Alliance - decent","r":1500,"rd":130,"sigma":0,"rpr":1446.9729594367,"rprd":122.52824317163,"rpsigma":0,"rptime":1439542800,"w":0,"l":1,"t":0,"gxe":43.4,"acre":1000,"lacre":1000,"oldacre":1000},"endType":"normal"}