{"seed":[58799,49561,2563,54814],"turns":29,"p1":"Multistripè 멀티 줄무늬","p2":"SWL Jyph","p1team":[{"name":"ラティオス","species":"latios","item":"choicescarf","ability":"Levitate","moves":["shadowball","dragonpulse","psyshock","icebeam"],"nature":"Timid","evs":{"hp":0,"atk":0,"def":4,"spa":252,"spd":0,"spe":252},"ivs":{"hp":31,"atk":0,"def":31,"spa":31,"spd":31,"spe":31}},{"name":"キュレム","species":"kyuremblack","item":"lifeorb","ability":"Teravolt","moves":["icebeam","outrage","fusionbolt","ironhead"],"nature":"Naive","evs":{"hp":0,"atk":100,"def":0,"spa":180,"spd":0,"spe":228},"shiny":true,"ivs":{"hp":31,"atk":31,"def":31,"spa":31,"spd":31,"spe":31}},{"name":"ボーマンダ","species":"salamence","item":"choicescarf","ability":"Moxie","moves":["outrage","aerialace","steelwing","earthquake"],"nature":"Jolly","evs":{"hp":0,"atk":252,"def":4,"spa":0,"spd":0,"spe":252},"ivs":{"hp":31,"atk":31,"def":31,"spa":31,"spd":31,"spe":31}},{"name":"サザンドラ","species":"hydreigon","item":"choicespecs","ability":"Levitate","moves":["darkpulse","flamethrower","dracometeor","flashcannon"],"nature":"Modest","evs":{"hp":0,"atk":0,"def":4,"spa":252,"spd":0,"spe":252},"shiny":true,"ivs":{"hp":31,"atk":31,"def":31,"spa":31,"spd":31,"spe":31}},{"name":"ガブリアス","species":"garchomp","item":"rockyhelmet","ability":"Rough Skin","moves":["stealthrock","earthquake","dragontail","endure"],"nature":"Impish","evs":{"hp":252,"atk":0,"def":232,"spa":0,"spd":24,"spe":0},"ivs":{"hp":31,"atk":31,"def":31,"spa":31,"spd":31,"spe":31}},{"name":"ラティアス","species":"latias","item":"latiasite","ability":"Levitate","moves":["calmmind","recover","psyshock","dragonbreath"],"nature":"Bold","evs":{"hp":252,"atk":0,"def":224,"spa":0,"spd":0,"spe":32},"ivs":{"hp":31,"atk":0,"def":31,"spa":31,"spd":31,"spe":31}}],"p2team":[{"name":"Mienshao","species":"Mienshao","item":"lifeorb","ability":"Regenerator","moves":["fakeout","hiddenpowerice","highjumpkick","uturn"],"nature":"Hasty","evs":{"hp":0,"atk":252,"def":0,"spa":4,"spd":0,"spe":252},"ivs":{"hp":31,"atk":30,"def":30,"spa":31,"spd":31,"spe":31}},{"name":"Breloom","species":"Breloom","item":"focussash","ability":"Technician","moves":["spore","rocktomb","bulletseed","machpunch"],"nature":"Jolly","evs":{"hp":0,"atk":252,"def":0,"spa":0,"spd":4,"spe":252},"ivs":{"hp":31,"atk":31,"def":31,"spa":31,"spd":31,"spe":31}},{"name":"Cobalion","species":"Cobalion","item":"leftovers","ability":"Justified","moves":["taunt","voltswitch","flashcannon","stealthrock"],"nature":"Timid","evs":{"hp":252,"atk":0,"def":0,"spa":4,"spd":0,"spe":252},"ivs":{"hp":31,"atk":31,"def":31,"spa":31,"spd":31,"spe":31}},{"name":"Keldeo","species":"Keldeo","item":"leftovers","ability":"Justified","moves":["substitute","calmmind","scald","secretsword"],"nature":"Timid","evs":{"hp":0,"atk":0,"def":0,"spa":252,"spd":4,"spe":252},"ivs":{"hp":31,"atk":31,"def":31,"spa":31,"spd":31,"spe":31}},{"name":"Terrakion","species":"Terrakion","item":"choicescarf","ability":"Justified","moves":["closecombat","earthquake","stoneedge","ironhead"],"nature":"Jolly","evs":{"hp":0,"atk":252,"def":0,"spa":0,"spd":4,"spe":252},"ivs":{"hp":31,"atk":31,"def":31,"spa":31,"spd":31,"spe":31}},{"name":"Gallade","species":"Gallade","item":"galladite","ability":"Justified","moves":["swordsdance","shadowsneak","knockoff","closecombat"],"nature":"Jolly","evs":{"hp":0,"atk":252,"def":0,"spa":0,"spd":4,"spe":252},"ivs":{"hp":31,"atk":31,"def":31,"spa":31,"spd":31,"spe":31}}],"log":["|player|p1|Multistripè 멀티 줄무늬|89","|player|p2|SWL Jyph|swljyph.png","|gametype|singles","|gen|6","|tier|Monotype","|rated","|rule|Baton Pass Clause: Limit one Baton Passer, can't pass Spe and other stats simultaneously","|rule|Swagger Clause: Swagger is banned","|rule|Same Type Clause: Pokémon in a team must share a type","|clearpoke","|poke|p1|Latios, M","|poke|p1|Kyurem-Black, shiny","|poke|p1|Salamence, M","|poke|p1|Hydreigon, M, shiny","|poke|p1|Garchomp, M","|poke|p1|Latias, F","|poke|p2|Mienshao, M","|poke|p2|Breloom, F","|poke|p2|Cobalion","|poke|p2|Keldeo","|poke|p2|Terrakion","|poke|p2|Gallade, M","|rule|Sleep Clause Mod: Limit one foe put to sleep","|rule|Species Clause: Limit one of each Pokémon","|rule|OHKO Clause: OHKO moves are banned","|rule|Moody Clause: Moody is banned","|rule|Evasion Moves Clause: Evasion moves are banned","|rule|Endless Battle Clause: Forcing endless battles is banned","|rule|HP Percentage Mod: HP is shown in percentages","|teampreview","|","|start","|switch|p1a: ラティオス|Latios, M|301/301","|switch|p2a: Mienshao|Mienshao, M|271/271","|turn|1","|","|move|p2a: Mienshao|Fake Out|p1a: ラティオス","|-damage|p1a: ラティオス|223/301","|-damage|p2a: Mienshao|244/271|[from] item: Life Orb","|cant|p1a: ラティオス|flinch","|","|turn|2","|","|switch|p2a: Cobalion|Cobalion|386/386","|move|p1a: ラティオス|Psyshock|p2a: Cobalion","|-damage|p2a: Cobalion|275/386","|","|-heal|p2a: Cobalion|299/386|[from] item: Leftovers","|turn|3","|","|switch|p1a: ガブリアス|Garchomp, M|420/420","|move|p2a: Cobalion|Stealth Rock|p1a: ガブリアス","|-sidestart|p1: Multistripè 멀티 줄무늬|move: Stealth Rock","|","|-heal|p2a: Cobalion|323/386|[from] item: Leftovers","|turn|4","|","|move|p2a: Cobalion|Taunt|p1a: ガブリアス","|-start|p1a: ガブリアス|move: Taunt","|cant|p1a: ガブリアス|move: Taunt|Stealth Rock","|","|-heal|p2a: Cobalion|347/386|[from] item: Leftovers","|turn|5","|","|move|p2a: Cobalion|Flash Cannon|p1a: ガブリアス","|-damage|p1a: ガブリアス|326/420","|move|p1a: ガブリアス|Earthquake|p2a: Cobalion","|-supereffective|p2a: Cobalion","|-damage|p2a: Cobalion|113/386","|","|-heal|p2a: Cobalion|137/386|[from] item: Leftovers","|turn|6","|","|move|p2a: Cobalion|Flash Cannon|p1a: ガブリアス","|-damage|p1a: ガブリアス|224/420","|move|p1a: ガブリアス|Earthquake|p2a: Cobalion","|-supereffective|p2a: Cobalion","|-damage|p2a: Cobalion|0 fnt","|faint|p2a: Cobalion","|","|-end|p1a: ガブリアス|move: Taunt","|","|switch|p2a: Mienshao|Mienshao, M|271/271","|turn|7","|","|move|p2a: Mienshao|Fake Out|p1a: ガブリアス","|-damage|p1a: ガブリアス|179/420","|-damage|p2a: Mienshao|238/271|[from] ability: Rough Skin|[of] p1a: ガブリアス","|-damage|p2a: Mienshao|193/271|[from] item: Rocky Helmet|[of] p1a: ガブリアス","|-damage|p2a: Mienshao|166/271|[from] item: Life Orb","|cant|p1a: ガブリアス|flinch","|","|turn|8","|","|move|p2a: Mienshao|Hidden Power|p1a: ガブリアス","|-supereffective|p1a: ガブリアス","|-damage|p1a: ガブリアス|0 fnt","|-damage|p2a: Mienshao|139/271|[from] item: Life Orb","|faint|p1a: ガブリアス","|","|","|switch|p1a: ラティオス|Latios, M|223/301","|-damage|p1a: ラティオス|186/301|[from] Stealth Rock","|turn|9","|","|switch|p2a: Keldeo|Keldeo|323/323","|move|p1a: ラティオス|Psyshock|p2a: Keldeo","|-supereffective|p2a: Keldeo","|-damage|p2a: Keldeo|9/323","|","|-heal|p2a: Keldeo|29/323|[from] item: Leftovers","|turn|10","|","|move|p1a: ラティオス|Psyshock|p2a: Keldeo","|-supereffective|p2a: Keldeo","|-damage|p2a: Keldeo|0 fnt","|faint|p2a: Keldeo","|","|","|switch|p2a: Breloom|Breloom, F|261/261","|turn|11","|","|switch|p1a: サザンドラ|Hydreigon, M, shiny|325/325","|-damage|p1a: サザンドラ|285/325|[from] Stealth Rock","|move|p2a: Breloom|Spore|p1a: サザンドラ","|-status|p1a: サザンドラ|slp","|","|turn|12","|","|switch|p1a: ラティアス|Latias, F|364/364","|-damage|p1a: ラティアス|319/364|[from] Stealth Rock","|move|p2a: Breloom|Mach Punch|p1a: ラティアス","|-resisted|p1a: ラティアス","|-damage|p1a: ラティアス|280/364","|","|turn|13","|","|detailschange|p1a: ラティアス|Latias-Mega, F","|-mega|p1a: ラティアス|Latias|Latiasite","|move|p1a: ラティアス|Dragon Breath|p2a: Breloom","|-damage|p2a: Breloom|107/261","|move|p2a: Breloom|Rock Tomb|p1a: ラティアス","|-damage|p1a: ラティアス|215/364","|-unboost|p1a: ラティアス|spe|1","|","|turn|14","|","|move|p2a: Breloom|Rock Tomb|p1a: ラティアス","|-damage|p1a: ラティアス|141/364","|-unboost|p1a: ラティアス|spe|1","|move|p1a: ラティアス|Calm Mind|p1a: ラティアス","|-boost|p1a: ラティアス|spa|1","|-boost|p1a: ラティアス|spd|1","|","|turn|15","|","|switch|p2a: Mienshao|Mienshao, M|229/271","|move|p1a: ラティアス|Recover|p1a: ラティアス","|-heal|p1a: ラティアス|323/364","|","|turn|16","|","|move|p2a: Mienshao|Fake Out|p1a: ラティアス","|-damage|p1a: ラティアス|283/364","|-damage|p2a: Mienshao|202/271|[from] item: Life Orb","|cant|p1a: ラティアス|flinch","|","|turn|17","|","|move|p2a: Mienshao|U-turn|p1a: ラティアス","|-supereffective|p1a: ラティアス","|-damage|p1a: ラティアス|132/364","|-damage|p2a: Mienshao|175/271|[from] item: Life Orb","|","|switch|p2a: Breloom|Breloom, F|107/261","|move|p1a: ラティアス|Psyshock|p2a: Breloom","|-supereffective|p2a: Breloom","|-damage|p2a: Breloom|0 fnt","|faint|p2a: Breloom","|","|","|switch|p2a: Gallade|Gallade, M|277/277","|turn|18","|","|detailschange|p2a: Gallade|Gallade-Mega, M","|-mega|p2a: Gallade|Gallade|Galladite","|move|p2a: Gallade|Knock Off|p1a: ラティアス","|-supereffective|p1a: ラティアス","|-damage|p1a: ラティアス|10/364","|move|p1a: ラティアス|Recover|p1a: ラティアス","|-heal|p1a: ラティアス|192/364","|","|turn|19","|","|move|p2a: Gallade|Swords Dance|p2a: Gallade","|-boost|p2a: Gallade|atk|2","|move|p1a: ラティアス|Recover|p1a: ラティアス","|-heal|p1a: ラティアス|364/364","|","|turn|20","|","|move|p2a: Gallade|Knock Off|p1a: ラティアス","|-supereffective|p1a: ラティアス","|-damage|p1a: ラティアス|138/364","|move|p1a: ラティアス|Dragon Breath|p2a: Gallade","|-crit|p2a: Gallade","|-damage|p2a: Gallade|90/277","|","|turn|21","|","|move|p2a: Gallade|Knock Off|p1a: ラティアス","|-supereffective|p1a: ラティアス","|-damage|p1a: ラティアス|0 fnt","|faint|p1a: ラティアス","|","|","|switch|p1a: ボーマンダ|Salamence, M|331/331","|-damage|p1a: ボーマンダ|249/331|[from] Stealth Rock","|turn|22","|","|move|p2a: Gallade|Shadow Sneak|p1a: ボーマンダ","|-damage|p1a: ボーマンダ|115/331","|move|p1a: ボーマンダ|Aerial Ace|p2a: Gallade","|-supereffective|p2a: Gallade","|-damage|p2a: Gallade|0 fnt","|faint|p2a: Gallade","|-boost|p1a: ボーマンダ|atk|1|[from] ability: Moxie","|","|","|switch|p2a: Terrakion|Terrakion|323/323","|turn|23","|","|move|p2a: Terrakion|Stone Edge|p1a: ボーマンダ","|-supereffective|p1a: ボーマンダ","|-damage|p1a: ボーマンダ|0 fnt","|faint|p1a: ボーマンダ","|","|","|switch|p1a: ラティオス|Latios, M|186/301","|-damage|p1a: ラティオス|149/301|[from] Stealth Rock","|turn|24","|","|move|p1a: ラティオス|Psyshock|p2a: Terrakion","|-supereffective|p2a: Terrakion","|-damage|p2a: Terrakion|33/323","|move|p2a: Terrakion|Stone Edge|p1a: ラティオス","|-damage|p1a: ラティオス|0 fnt","|faint|p1a: ラティオス","|","|","|switch|p1a: サザンドラ|Hydreigon, M, shiny|285/325 slp","|-damage|p1a: サザンドラ|245/325 slp|[from] Stealth Rock","|turn|25","|","|move|p2a: Terrakion|Stone Edge|p1a: サザンドラ|[miss]","|-miss|p2a: Terrakion|p1a: サザンドラ","|cant|p1a: サザンドラ|slp","|","|turn|26","|","|switch|p2a: Mienshao|Mienshao, M|265/271","|-curestatus|p1a: サザンドラ|slp","|move|p1a: サザンドラ|Flash Cannon|p2a: Mienshao","|-damage|p2a: Mienshao|31/271","|","|turn|27","|","|move|p2a: Mienshao|Fake Out|p1a: サザンドラ","|-damage|p1a: サザンドラ|174/325","|-damage|p2a: Mienshao|4/271|[from] item: Life Orb","|cant|p1a: サザンドラ|flinch","|","|turn|28","|","|move|p2a: Mienshao|High Jump Kick|p1a: サザンドラ","|-supereffective|p1a: サザンドラ","|-damage|p1a: サザンドラ|0 fnt","|-damage|p2a: Mienshao|0 fnt|[from] item: Life Orb","|faint|p1a: サザンドラ","|faint|p2a: Mienshao","|","|","|switch|p2a: Terrakion|Terrakion|33/323","|switch|p1a: キュレム|Kyurem-Black, shiny|391/391","|-damage|p1a: キュレム|294/391|[from] Stealth Rock","|-ability|p1a: キュレム|Teravolt","|turn|29","|","|move|p2a: Terrakion|Close Combat|p1a: キュレム","|-supereffective|p1a: キュレム","|-damage|p1a: キュレム|0 fnt","|-unboost|p2a: Terrakion|def|1","|-unboost|p2a: Terrakion|spd|1","|faint|p1a: キュレム","|","|win|SWL Jyph"],"p1rating":{"entryid":"7615714","serverid":"eos","formatid":"monotype","userid":"multistrip","username":"Multistripè 멀티 줄무늬","w":"12","l":4,"t":"0","gxe":64.6,"r":"1500","rd":"130","sigma":"0","rptime":"1439456400","rpr":1615.7853819293,"rprd":75.643634627559,"rpsigma":"0","acre":1171.7049719373,"lacre":1171.7049719373,"oldacre":"1202.4429724071"},"p2rating":{"entryid":"7479706","serverid":"eos","formatid":"monotype","userid":"swljyph","username":"SWL Jyph","w":5,"l":"1","t":"0","gxe":63.7,"r":"1499.970724027","rd":"117.60222801122","sigma":"0","rptime":"1439456400","rpr":1610.467095238,"rprd":99.639880214645,"rpsigma":"0","acre":1151.9912748903,"lacre":1151.9912748903,"oldacre":"1121.2532744205"},"endType":"normal"}