{"seed":[19622,12580,45059,37846],"turns":23,"p1":"Marx Bot","p2":"GTX♅Mega Lucario","p1team":[{"name":"Charizard","species":"Charizard","item":"charizarditey","ability":"Blaze","moves":["airslash","fireblast","solarbeam","focusblast"],"nature":"Timid","evs":{"hp":0,"atk":0,"def":0,"spa":252,"spd":4,"spe":252},"ivs":{"hp":31,"atk":31,"def":31,"spa":31,"spd":31,"spe":31}},{"name":"Landorus","species":"Landorus","item":"choicescarf","ability":"Sheer Force","moves":["earthpower","psychic","focusblast","sludgewave"],"nature":"Timid","evs":{"hp":0,"atk":0,"def":0,"spa":252,"spd":4,"spe":252},"ivs":{"hp":31,"atk":31,"def":31,"spa":31,"spd":31,"spe":31}},{"name":"Defog","species":"skarmory","item":"rockyhelmet","ability":"Sturdy","moves":["bravebird","stealthrock","ironhead","defog"],"nature":"Adamant","evs":{"hp":232,"atk":252,"def":0,"spa":0,"spd":0,"spe":24},"ivs":{"hp":31,"atk":31,"def":31,"spa":31,"spd":31,"spe":31}},{"name":"Archeops","species":"Archeops","item":"choiceband","ability":"Defeatist","moves":["dragonclaw","earthquake","headsmash","uturn"],"nature":"Jolly","evs":{"hp":0,"atk":252,"def":0,"spa":0,"spd":4,"spe":252},"ivs":{"hp":31,"atk":31,"def":31,"spa":31,"spd":31,"spe":31}},{"name":"Thundurus-Therian","species":"Thundurus-Therian","item":"lifeorb","ability":"Volt Absorb","moves":["darkpulse","discharge","sludgewave","voltswitch"],"nature":"Timid","evs":{"hp":0,"atk":0,"def":0,"spa":252,"spd":4,"spe":252},"ivs":{"hp":31,"atk":31,"def":31,"spa":31,"spd":31,"spe":31}},{"name":"Murkrow","species":"Murkrow","item":"eviolite","ability":"Prankster","moves":["darkpulse","thunderwave","featherdance","roost"],"nature":"Calm","evs":{"hp":248,"atk":0,"def":0,"spa":8,"spd":252,"spe":0},"ivs":{"hp":31,"atk":31,"def":31,"spa":31,"spd":31,"spe":31}}],"p2team":[{"name":"Manectric","species":"Manectric","item":"manectite","ability":"Lightning Rod","moves":["thunderbolt","voltswitch","flamethrower","hiddenpowerice"],"nature":"Timid","evs":{"hp":0,"atk":0,"def":0,"spa":252,"spd":4,"spe":252},"gender":"M","ivs":{"hp":31,"atk":30,"def":30,"spa":31,"spd":31,"spe":31},"shiny":true},{"name":"Zapdos","species":"Zapdos","item":"leftovers","ability":"Pressure","moves":["defog","thunder","hiddenpowerice","heatwave"],"nature":"Bold","evs":{"hp":0,"atk":0,"def":0,"spa":252,"spd":4,"spe":252},"ivs":{"hp":31,"atk":30,"def":30,"spa":31,"spd":31,"spe":31},"shiny":true},{"name":"Thundurus","species":"Thundurus","item":"lifeorb","ability":"Prankster","moves":["thunderwave","thunderbolt","focusblast","grassknot"],"nature":"Timid","evs":{"hp":0,"atk":0,"def":0,"spa":252,"spd":4,"spe":252},"shiny":true,"ivs":{"hp":31,"atk":31,"def":31,"spa":31,"spd":31,"spe":31}},{"name":"Rotom-Wash","species":"Rotom-Wash","item":"flameorb","ability":"Levitate","moves":["willowisp","hydropump","thunderbolt","trick"],"nature":"Calm","evs":{"hp":0,"atk":0,"def":252,"spa":4,"spd":252,"spe":0},"shiny":true,"ivs":{"hp":31,"atk":31,"def":31,"spa":31,"spd":31,"spe":31}},{"name":"Raichu","species":"Raichu","item":"focussash","ability":"Static","moves":["volttackle","fakeout","knockoff","brickbreak"],"nature":"Jolly","evs":{"hp":0,"atk":252,"def":0,"spa":0,"spd":4,"spe":252},"gender":"M","shiny":true,"ivs":{"hp":31,"atk":31,"def":31,"spa":31,"spd":31,"spe":31}},{"name":"Magnezone","species":"Magnezone","item":"shellbell","ability":"Sturdy","moves":["thunderbolt","flashcannon","hiddenpowerice","mirrorcoat"],"nature":"Modest","evs":{"hp":248,"atk":0,"def":0,"spa":252,"spd":8,"spe":0},"ivs":{"hp":31,"atk":30,"def":30,"spa":31,"spd":31,"spe":31},"shiny":true}],"log":["|player|p1|Marx Bot|238","|player|p2|GTX♅Mega Lucario|2","|gametype|singles","|gen|6","|tier|Monotype","|rated","|rule|Baton Pass Clause: Limit one Baton Passer, can't pass Spe and other stats simultaneously","|rule|Swagger Clause: Swagger is banned","|rule|Same Type Clause: Pokémon in a team must share a type","|clearpoke","|poke|p1|Charizard, F","|poke|p1|Landorus, M","|poke|p1|Skarmory, F","|poke|p1|Archeops, F","|poke|p1|Thundurus-Therian, M","|poke|p1|Murkrow, F","|poke|p2|Manectric, M, shiny","|poke|p2|Zapdos, shiny","|poke|p2|Thundurus, M, shiny","|poke|p2|Rotom-Wash, shiny","|poke|p2|Raichu, M, shiny","|poke|p2|Magnezone, shiny","|rule|Sleep Clause Mod: Limit one foe put to sleep","|rule|Species Clause: Limit one of each Pokémon","|rule|OHKO Clause: OHKO moves are banned","|rule|Moody Clause: Moody is banned","|rule|Evasion Moves Clause: Evasion moves are banned","|rule|Endless Battle Clause: Forcing endless battles is banned","|rule|HP Percentage Mod: HP is shown in percentages","|teampreview","|","|start","|switch|p1a: Landorus|Landorus, M|319/319","|switch|p2a: Raichu|Raichu, M, shiny|261/261","|turn|1","|","|move|p2a: Raichu|Fake Out|p1a: Landorus","|-crit|p1a: Landorus","|-damage|p1a: Landorus|257/319","|cant|p1a: Landorus|flinch","|","|turn|2","|","|move|p1a: Landorus|Earth Power|p2a: Raichu","|-supereffective|p2a: Raichu","|-enditem|p2a: Raichu|Focus Sash","|-damage|p2a: Raichu|1/261","|move|p2a: Raichu|Knock Off|p1a: Landorus","|-damage|p1a: Landorus|160/319","|-enditem|p1a: Landorus|Choice Scarf|[from] move: Knock Off|[of] p2a: Raichu","|","|turn|3","|","|switch|p1a: Defog|Skarmory, F|329/329","|move|p2a: Raichu|Knock Off|p1a: Defog","|-damage|p1a: Defog|265/329","|-damage|p2a: Raichu|0 fnt|[from] item: Rocky Helmet|[of] p1a: Defog","|faint|p2a: Raichu","|","|","|switch|p2a: Manectric|Manectric, M, shiny|281/281","|turn|4","|","|detailschange|p2a: Manectric|Manectric-Mega, M, shiny","|-mega|p2a: Manectric|Manectric|Manectite","|-ability|p2a: Manectric|Intimidate","|-unboost|p1a: Defog|atk|1","|move|p2a: Manectric|Hidden Power|p1a: Defog","|-damage|p1a: Defog|158/329","|move|p1a: Defog|Stealth Rock|p2a: Manectric","|-sidestart|p2: GTX♅Mega Lucario|move: Stealth Rock","|","|turn|5","|","|move|p2a: Manectric|Thunderbolt|p1a: Defog","|-supereffective|p1a: Defog","|-damage|p1a: Defog|0 fnt","|faint|p1a: Defog","|","|","|switch|p1a: Landorus|Landorus, M|160/319","|turn|6","|","|move|p2a: Manectric|Hidden Power|p1a: Landorus","|-crit|p1a: Landorus","|-supereffective|p1a: Landorus","|-damage|p1a: Landorus|0 fnt","|faint|p1a: Landorus","|","|","|switch|p1a: Charizard|Charizard, F|297/297","|turn|7","|","|detailschange|p1a: Charizard|Charizard-Mega-Y, F","|-mega|p1a: Charizard|Charizard|Charizardite Y","|-weather|SunnyDay","|move|p2a: Manectric|Thunderbolt|p1a: Charizard","|-supereffective|p1a: Charizard","|-damage|p1a: Charizard|1/297","|move|p1a: Charizard|Fire Blast|p2a: Manectric","|-damage|p2a: Manectric|0 fnt","|faint|p2a: Manectric","|","|-weather|SunnyDay|[upkeep]","|","|switch|p2a: Thundurus|Thundurus, M, shiny|299/299","|-damage|p2a: Thundurus|225/299|[from] Stealth Rock","|turn|8","|","|switch|p1a: Thundurus-Therian|Thundurus-Therian, M|299/299","|move|p2a: Thundurus|Thunderbolt|p1a: Thundurus-Therian","|-immune|p1a: Thundurus-Therian|[msg]","|","|-weather|SunnyDay|[upkeep]","|turn|9","|","|switch|p2a: Magnezone|Magnezone, shiny|343/343","|-damage|p2a: Magnezone|322/343|[from] Stealth Rock","|switch|p1a: Charizard|Charizard-Mega-Y, F|1/297","|","|-weather|SunnyDay|[upkeep]","|turn|10","|","|switch|p2a: Rotom-Wash|Rotom-Wash, shiny|241/241","|-damage|p2a: Rotom-Wash|211/241|[from] Stealth Rock","|move|p1a: Charizard|Fire Blast|p2a: Rotom-Wash","|-resisted|p2a: Rotom-Wash","|-damage|p2a: Rotom-Wash|103/241","|","|-weather|SunnyDay|[upkeep]","|-status|p2a: Rotom-Wash|brn|[from] item: Flame Orb","|turn|11","|","|move|p1a: Charizard|Solar Beam|p2a: Rotom-Wash|[still]","|-prepare|p1a: Charizard|Solar Beam|p2a: Rotom-Wash","|-anim|p1a: Charizard|Solar Beam|p2a: Rotom-Wash","|-supereffective|p2a: Rotom-Wash","|-damage|p2a: Rotom-Wash|0 fnt","|faint|p2a: Rotom-Wash","|","|-weather|none","|","|switch|p2a: Zapdos|Zapdos, shiny|321/321","|-damage|p2a: Zapdos|241/321|[from] Stealth Rock","|-ability|p2a: Zapdos|Pressure","|turn|12","|","|switch|p1a: Thundurus-Therian|Thundurus-Therian, M|299/299","|move|p2a: Zapdos|Defog|p1a: Thundurus-Therian","|-unboost|p1a: Thundurus-Therian|evasion|1","|-sideend|p2: GTX♅Mega Lucario|Stealth Rock|[from] move: Defog|[of] p2a: Zapdos","|","|-heal|p2a: Zapdos|261/321|[from] item: Leftovers","|turn|13","|","|move|p1a: Thundurus-Therian|Sludge Wave|p2a: Zapdos","|-damage|p2a: Zapdos|84/321","|-damage|p1a: Thundurus-Therian|270/299|[from] item: Life Orb","|move|p2a: Zapdos|Hidden Power|p1a: Thundurus-Therian","|-supereffective|p1a: Thundurus-Therian","|-damage|p1a: Thundurus-Therian|92/299","|","|-heal|p2a: Zapdos|104/321|[from] item: Leftovers","|turn|14","|","|move|p1a: Thundurus-Therian|Discharge|p2a: Zapdos","|-damage|p2a: Zapdos|0 fnt","|-damage|p1a: Thundurus-Therian|63/299|[from] item: Life Orb","|faint|p2a: Zapdos","|","|","|switch|p2a: Thundurus|Thundurus, M, shiny|225/299","|turn|15","|","|switch|p1a: Charizard|Charizard-Mega-Y, F|1/297","|-weather|SunnyDay","|move|p2a: Thundurus|Focus Blast|p1a: Charizard","|-crit|p1a: Charizard","|-resisted|p1a: Charizard","|-damage|p1a: Charizard|0 fnt","|-damage|p2a: Thundurus|196/299|[from] item: Life Orb","|faint|p1a: Charizard","|","|-weather|SunnyDay|[upkeep]","|","|switch|p1a: Murkrow|Murkrow, F|323/323","|turn|16","|","|move|p2a: Thundurus|Thunderbolt|p1a: Murkrow","|-supereffective|p1a: Murkrow","|-damage|p1a: Murkrow|24/323","|-damage|p2a: Thundurus|167/299|[from] item: Life Orb","|move|p1a: Murkrow|Dark Pulse|p2a: Thundurus","|-damage|p2a: Thundurus|70/299","|","|-weather|SunnyDay|[upkeep]","|turn|17","|","|switch|p1a: Thundurus-Therian|Thundurus-Therian, M|63/299","|move|p2a: Thundurus|Thunderbolt|p1a: Thundurus-Therian","|-heal|p1a: Thundurus-Therian|137/299|[from] ability: Volt Absorb|[of] p2a: Thundurus","|","|-weather|SunnyDay|[upkeep]","|turn|18","|","|switch|p2a: Magnezone|Magnezone, shiny|322/343","|move|p1a: Thundurus-Therian|Dark Pulse|p2a: Magnezone","|-damage|p2a: Magnezone|175/343","|-damage|p1a: Thundurus-Therian|108/299|[from] item: Life Orb","|","|-weather|SunnyDay|[upkeep]","|turn|19","|","|move|p1a: Thundurus-Therian|Dark Pulse|p2a: Magnezone","|-damage|p2a: Magnezone|24/343","|-damage|p1a: Thundurus-Therian|79/299|[from] item: Life Orb","|move|p2a: Magnezone|Hidden Power|p1a: Thundurus-Therian","|-supereffective|p1a: Thundurus-Therian","|-damage|p1a: Thundurus-Therian|0 fnt","|-heal|p2a: Magnezone|33/343|[from] item: Shell Bell|[of] p1a: Thundurus-Therian","|faint|p1a: Thundurus-Therian","|","|-weather|none","|","|switch|p1a: Archeops|Archeops, F|291/291","|turn|20","|","|move|p1a: Archeops|U-turn|p2a: Magnezone","|-resisted|p2a: Magnezone","|-damage|p2a: Magnezone|0 fnt","|faint|p2a: Magnezone","|","|switch|p1a: Murkrow|Murkrow, F|24/323","|","|","|switch|p2a: Thundurus|Thundurus, M, shiny|70/299","|turn|21","|","|move|p1a: Murkrow|Roost|p1a: Murkrow","|-heal|p1a: Murkrow|186/323","|move|p2a: Thundurus|Thunderbolt|p1a: Murkrow","|-damage|p1a: Murkrow|18/323","|-status|p1a: Murkrow|par","|-damage|p2a: Thundurus|41/299|[from] item: Life Orb","|","|turn|22","|","|move|p1a: Murkrow|Roost|p1a: Murkrow","|-heal|p1a: Murkrow|180/323 par","|move|p2a: Thundurus|Thunderbolt|p1a: Murkrow","|-damage|p1a: Murkrow|19/323 par","|-damage|p2a: Thundurus|12/299|[from] item: Life Orb","|","|turn|23","|","|move|p1a: Murkrow|Roost|p1a: Murkrow","|-heal|p1a: Murkrow|181/323 par","|move|p2a: Thundurus|Thunderbolt|p1a: Murkrow","|-damage|p1a: Murkrow|20/323 par","|-damage|p2a: Thundurus|0 fnt|[from] item: Life Orb","|faint|p2a: Thundurus","|","|win|Marx Bot"],"p1rating":{"entryid":"5765428","serverid":"eos","formatid":"monotype","userid":"marxbot","username":"Marx Bot","w":206,"l":"297","t":"0","gxe":43.5,"r":"1437.95406109","rd":"32.411488775249","sigma":"0","rptime":"1439542800","rpr":1450.9900651019,"rprd":31.932766162998,"rpsigma":"0","acre":1223.1237517917,"lacre":1223.1237517917,"oldacre":"1211.7157860883"},"p2rating":{"entryid":"7609338","serverid":"eos","formatid":"monotype","userid":"gtxmegalucario","username":"GTX♅Mega Lucario","w":"0","l":3,"t":"0","gxe":37.6,"r":1433.9821932471,"rd":115.81434105349,"sigma":"0","rptime":1439542800,"rpr":1399.7764422851,"rprd":109.92916646821,"rpsigma":"0","acre":1000,"lacre":1000,"oldacre":"1000"},"endType":"normal"}