{"seed":[24629,17198,20801,58204],"turns":25,"p1":"Guard Darkrai","p2":"Adin","p1team":[{"name":"Hitmonlee","species":"Hitmonlee","item":"normalgem","ability":"Unburden","moves":["fakeout","highjumpkick","poisonjab","stoneedge"],"nature":"Adamant","evs":{"hp":0,"atk":252,"def":0,"spa":0,"spd":4,"spe":252},"ivs":{"hp":31,"atk":31,"def":31,"spa":31,"spd":31,"spe":31}},{"name":"Conkeldurr","species":"Conkeldurr","item":"brightpowder","ability":"Guts","moves":["icepunch","machpunch","drainpunch","bulkup"],"nature":"Adamant","evs":{"hp":248,"atk":252,"def":0,"spa":0,"spd":8,"spe":0},"ivs":{"hp":31,"atk":31,"def":31,"spa":31,"spd":31,"spe":31}},{"name":"Gallade","species":"Gallade","item":"galladite","ability":"Justified","moves":["swordsdance","shadowsneak","drainpunch","psychocut"],"nature":"Adamant","evs":{"hp":248,"atk":252,"def":0,"spa":0,"spd":8,"spe":0},"ivs":{"hp":31,"atk":31,"def":31,"spa":31,"spd":31,"spe":31}},{"name":"Terrakion","species":"Terrakion","item":"choicescarf","ability":"Justified","moves":["stoneedge","closecombat","ironhead","earthquake"],"nature":"Jolly","evs":{"hp":0,"atk":252,"def":0,"spa":0,"spd":4,"spe":252},"ivs":{"hp":31,"atk":31,"def":31,"spa":31,"spd":31,"spe":31}},{"name":"Breloom","species":"Breloom","item":"focussash","ability":"Technician","moves":["spore","machpunch","rocktomb","bulletseed"],"nature":"Jolly","evs":{"hp":0,"atk":252,"def":0,"spa":0,"spd":4,"spe":252},"ivs":{"hp":31,"atk":31,"def":31,"spa":31,"spd":31,"spe":31}},{"name":"Hawlucha","species":"Hawlucha","item":"powerherb","ability":"Unburden","moves":["skyattack","acrobatics","highjumpkick","swordsdance"],"nature":"Adamant","evs":{"hp":0,"atk":252,"def":0,"spa":0,"spd":4,"spe":252},"ivs":{"hp":31,"atk":31,"def":31,"spa":31,"spd":31,"spe":31}}],"p2team":[{"name":"Politoed","species":"Politoed","item":"leftovers","ability":"Drizzle","moves":["scald","toxic","encore","rest"],"nature":"Calm","evs":{"hp":248,"atk":0,"def":0,"spa":0,"spd":164,"spe":96},"shiny":true,"ivs":{"hp":31,"atk":31,"def":31,"spa":31,"spd":31,"spe":31}},{"name":"Ludicolo","species":"Ludicolo","item":"lifeorb","ability":"Swift Swim","moves":["gigadrain","surf","icebeam","focusblast"],"nature":"Modest","evs":{"hp":0,"atk":0,"def":0,"spa":252,"spd":4,"spe":252},"ivs":{"hp":31,"atk":31,"def":31,"spa":31,"spd":31,"spe":31}},{"name":"Kingdra","species":"Kingdra","item":"choicespecs","ability":"Swift Swim","moves":["scald","icebeam","dracometeor","hydropump"],"nature":"Modest","evs":{"hp":28,"atk":0,"def":0,"spa":252,"spd":0,"spe":228},"shiny":true,"ivs":{"hp":31,"atk":31,"def":31,"spa":31,"spd":31,"spe":31}},{"name":"Swampert","species":"Swampert","item":"swampertite","ability":"Damp","moves":["waterfall","icepunch","superpower","earthquake"],"nature":"Adamant","evs":{"hp":0,"atk":252,"def":4,"spa":0,"spd":0,"spe":252},"shiny":true,"ivs":{"hp":31,"atk":31,"def":31,"spa":31,"spd":31,"spe":31}},{"name":"Tentacruel","species":"Tentacruel","item":"blacksludge","ability":"Rain Dish","moves":["rapidspin","acidspray","scald","sludgebomb"],"nature":"Bold","evs":{"hp":224,"atk":0,"def":252,"spa":0,"spd":0,"spe":32},"shiny":true,"ivs":{"hp":31,"atk":31,"def":31,"spa":31,"spd":31,"spe":31}},{"name":"Empoleon","species":"Empoleon","item":"chopleberry","ability":"Torrent","moves":["stealthrock","toxic","scald","roar"],"nature":"Calm","evs":{"hp":248,"atk":0,"def":8,"spa":0,"spd":252,"spe":0},"ivs":{"hp":31,"atk":31,"def":31,"spa":31,"spd":31,"spe":31}}],"log":["|player|p1|Guard Darkrai|guarddarkrai.png","|player|p2|Adin|til4adin.png","|gametype|singles","|gen|6","|tier|Monotype","|rated","|rule|Baton Pass Clause: Limit one Baton Passer, can't pass Spe and other stats simultaneously","|rule|Swagger Clause: Swagger is banned","|rule|Same Type Clause: Pokémon in a team must share a type","|clearpoke","|poke|p1|Hitmonlee, M","|poke|p1|Conkeldurr, F","|poke|p1|Gallade, M","|poke|p1|Terrakion","|poke|p1|Breloom, F","|poke|p1|Hawlucha, F","|poke|p2|Politoed, M, shiny","|poke|p2|Ludicolo, M","|poke|p2|Kingdra, F, shiny","|poke|p2|Swampert, M, shiny","|poke|p2|Tentacruel, M, shiny","|poke|p2|Empoleon, F","|rule|Sleep Clause Mod: Limit one foe put to sleep","|rule|Species Clause: Limit one of each Pokémon","|rule|OHKO Clause: OHKO moves are banned","|rule|Moody Clause: Moody is banned","|rule|Evasion Moves Clause: Evasion moves are banned","|rule|Endless Battle Clause: Forcing endless battles is banned","|rule|HP Percentage Mod: HP is shown in percentages","|teampreview","|","|start","|switch|p1a: Hawlucha|Hawlucha, F|297/297","|switch|p2a: Empoleon|Empoleon, F|371/371","|turn|1","|","|move|p1a: Hawlucha|Sky Attack|p2a: Empoleon|[still]","|-prepare|p1a: Hawlucha|Sky Attack|p2a: Empoleon","|-enditem|p1a: Hawlucha|Power Herb","|-anim|p1a: Hawlucha|Sky Attack|p2a: Empoleon","|-resisted|p2a: Empoleon","|-damage|p2a: Empoleon|253/371","|cant|p2a: Empoleon|flinch","|","|turn|2","|","|move|p1a: Hawlucha|High Jump Kick|p2a: Empoleon","|-supereffective|p2a: Empoleon","|-enditem|p2a: Empoleon|Chople Berry|[eat]","|-damage|p2a: Empoleon|24/371","|move|p2a: Empoleon|Roar|p1a: Hawlucha","|drag|p1a: Conkeldurr|Conkeldurr, F|413/413","|","|turn|3","|","|move|p1a: Conkeldurr|Mach Punch|p2a: Empoleon","|-crit|p2a: Empoleon","|-supereffective|p2a: Empoleon","|-damage|p2a: Empoleon|0 fnt","|faint|p2a: Empoleon","|","|","|switch|p2a: Politoed|Politoed, M, shiny|383/383","|-weather|RainDance","|turn|4","|","|move|p2a: Politoed|Encore|p1a: Conkeldurr","|-start|p1a: Conkeldurr|Encore","|move|p1a: Conkeldurr|Mach Punch|p2a: Politoed","|-damage|p2a: Politoed|272/383","|","|-weather|RainDance|[upkeep]","|-heal|p2a: Politoed|295/383|[from] item: Leftovers","|turn|5","|","|switch|p1a: Breloom|Breloom, F|261/261","|move|p2a: Politoed|Scald|p1a: Breloom","|-resisted|p1a: Breloom","|-damage|p1a: Breloom|171/261","|-status|p1a: Breloom|brn","|","|-weather|RainDance|[upkeep]","|-heal|p2a: Politoed|318/383|[from] item: Leftovers","|-damage|p1a: Breloom|139/261 brn|[from] brn","|turn|6","|","|switch|p2a: Ludicolo|Ludicolo, M|301/301","|move|p1a: Breloom|Bullet Seed|p2a: Ludicolo","|-damage|p2a: Ludicolo|253/301","|-damage|p2a: Ludicolo|208/301","|-damage|p2a: Ludicolo|162/301","|-damage|p2a: Ludicolo|119/301","|-hitcount|p2a: Ludicolo|4","|","|-weather|RainDance|[upkeep]","|-damage|p1a: Breloom|107/261 brn|[from] brn","|turn|7","|","|switch|p2a: Tentacruel|Tentacruel, M, shiny|357/357","|move|p1a: Breloom|Mach Punch|p2a: Tentacruel","|-resisted|p2a: Tentacruel","|-damage|p2a: Tentacruel|334/357","|","|-weather|RainDance|[upkeep]","|-heal|p2a: Tentacruel|356/357|[from] ability: Rain Dish","|-heal|p2a: Tentacruel|357/357|[from] item: Black Sludge","|-damage|p1a: Breloom|75/261 brn|[from] brn","|turn|8","|","|move|p1a: Breloom|Rock Tomb|p2a: Tentacruel","|-damage|p2a: Tentacruel|307/357","|-unboost|p2a: Tentacruel|spe|1","|move|p2a: Tentacruel|Sludge Bomb|p1a: Breloom","|-supereffective|p1a: Breloom","|-damage|p1a: Breloom|0 fnt","|faint|p1a: Breloom","|","|-weather|none","|-heal|p2a: Tentacruel|329/357|[from] item: Black Sludge","|","|switch|p1a: Gallade|Gallade, M|339/339","|turn|9","|","|switch|p2a: Politoed|Politoed, M, shiny|318/383","|-weather|RainDance","|detailschange|p1a: Gallade|Gallade-Mega, M","|-mega|p1a: Gallade|Gallade|Galladite","|move|p1a: Gallade|Psycho Cut|p2a: Politoed","|-damage|p2a: Politoed|125/383","|","|-weather|RainDance|[upkeep]","|-heal|p2a: Politoed|148/383|[from] item: Leftovers","|turn|10","|","|move|p1a: Gallade|Swords Dance|p1a: Gallade","|-boost|p1a: Gallade|atk|2","|move|p2a: Politoed|Scald|p1a: Gallade","|-damage|p1a: Gallade|224/339","|","|-weather|RainDance|[upkeep]","|-heal|p2a: Politoed|171/383|[from] item: Leftovers","|turn|11","|","|move|p1a: Gallade|Drain Punch|p2a: Politoed","|-damage|p2a: Politoed|0 fnt","|-heal|p1a: Gallade|310/339|[from] drain|[of] p2a: Politoed","|faint|p2a: Politoed","|","|-weather|RainDance|[upkeep]","|","|switch|p2a: Ludicolo|Ludicolo, M|119/301","|turn|12","|","|move|p2a: Ludicolo|Surf|p1a: Gallade","|-damage|p1a: Gallade|75/339","|-damage|p2a: Ludicolo|89/301|[from] item: Life Orb","|move|p1a: Gallade|Drain Punch|p2a: Ludicolo","|-damage|p2a: Ludicolo|0 fnt","|-heal|p1a: Gallade|120/339|[from] drain|[of] p2a: Ludicolo","|faint|p2a: Ludicolo","|","|-weather|RainDance|[upkeep]","|","|switch|p2a: Kingdra|Kingdra, F, shiny|298/298","|turn|13","|","|move|p2a: Kingdra|Scald|p1a: Gallade","|-damage|p1a: Gallade|0 fnt","|faint|p1a: Gallade","|","|-weather|none","|","|switch|p1a: Hawlucha|Hawlucha, F|297/297","|turn|14","|","|move|p1a: Hawlucha|High Jump Kick|p2a: Kingdra|[miss]","|-miss|p1a: Hawlucha|p2a: Kingdra","|-damage|p1a: Hawlucha|149/297|[from] highjumpkick","|move|p2a: Kingdra|Scald|p1a: Hawlucha","|-damage|p1a: Hawlucha|0 fnt","|faint|p1a: Hawlucha","|","|","|switch|p1a: Conkeldurr|Conkeldurr, F|413/413","|turn|15","|","|switch|p2a: Tentacruel|Tentacruel, M, shiny|329/357","|move|p1a: Conkeldurr|Bulk Up|p1a: Conkeldurr","|-boost|p1a: Conkeldurr|atk|1","|-boost|p1a: Conkeldurr|def|1","|","|-heal|p2a: Tentacruel|351/357|[from] item: Black Sludge","|turn|16","|","|move|p2a: Tentacruel|Acid Spray|p1a: Conkeldurr","|-damage|p1a: Conkeldurr|355/413","|-unboost|p1a: Conkeldurr|spd|2","|move|p1a: Conkeldurr|Drain Punch|p2a: Tentacruel","|-resisted|p2a: Tentacruel","|-damage|p2a: Tentacruel|246/357","|-heal|p1a: Conkeldurr|408/413|[from] drain|[of] p2a: Tentacruel","|","|-heal|p2a: Tentacruel|268/357|[from] item: Black Sludge","|turn|17","|","|move|p2a: Tentacruel|Sludge Bomb|p1a: Conkeldurr","|-crit|p1a: Conkeldurr","|-damage|p1a: Conkeldurr|24/413","|move|p1a: Conkeldurr|Drain Punch|p2a: Tentacruel","|-crit|p2a: Tentacruel","|-resisted|p2a: Tentacruel","|-damage|p2a: Tentacruel|107/357","|-heal|p1a: Conkeldurr|105/413|[from] drain|[of] p2a: Tentacruel","|","|-heal|p2a: Tentacruel|129/357|[from] item: Black Sludge","|turn|18","|","|switch|p1a: Hitmonlee|Hitmonlee, M|241/241","|move|p2a: Tentacruel|Scald|p1a: Hitmonlee","|-damage|p1a: Hitmonlee|168/241","|-status|p1a: Hitmonlee|brn","|","|-heal|p2a: Tentacruel|151/357|[from] item: Black Sludge","|-damage|p1a: Hitmonlee|138/241 brn|[from] brn","|turn|19","|","|switch|p2a: Swampert|Swampert, M, shiny|341/341","|move|p1a: Hitmonlee|Fake Out|p2a: Swampert","|-enditem|p1a: Hitmonlee|Normal Gem|[from] gem|[move] Fake Out","|-damage|p2a: Swampert|304/341","|","|-damage|p1a: Hitmonlee|108/241 brn|[from] brn","|turn|20","|","|detailschange|p2a: Swampert|Swampert-Mega, M, shiny","|-mega|p2a: Swampert|Swampert|Swampertite","|move|p1a: Hitmonlee|High Jump Kick|p2a: Swampert","|-damage|p2a: Swampert|202/341","|move|p2a: Swampert|Earthquake|p1a: Hitmonlee","|-damage|p1a: Hitmonlee|0 fnt","|faint|p1a: Hitmonlee","|","|","|switch|p1a: Terrakion|Terrakion|323/323","|turn|21","|","|move|p1a: Terrakion|Close Combat|p2a: Swampert","|-crit|p2a: Swampert","|-damage|p2a: Swampert|0 fnt","|-unboost|p1a: Terrakion|def|1","|-unboost|p1a: Terrakion|spd|1","|faint|p2a: Swampert","|","|","|switch|p2a: Kingdra|Kingdra, F, shiny|298/298","|turn|22","|","|move|p1a: Terrakion|Close Combat|p2a: Kingdra","|-crit|p2a: Kingdra","|-damage|p2a: Kingdra|0 fnt","|-unboost|p1a: Terrakion|def|1","|-unboost|p1a: Terrakion|spd|1","|faint|p2a: Kingdra","|","|","|switch|p2a: Tentacruel|Tentacruel, M, shiny|151/357","|turn|23","|","|switch|p1a: Conkeldurr|Conkeldurr, F|105/413","|move|p2a: Tentacruel|Scald|p1a: Conkeldurr|[miss]","|-miss|p2a: Tentacruel|p1a: Conkeldurr","|","|-heal|p2a: Tentacruel|173/357|[from] item: Black Sludge","|turn|24","|","|move|p2a: Tentacruel|Sludge Bomb|p1a: Conkeldurr","|-damage|p1a: Conkeldurr|0 fnt","|faint|p1a: Conkeldurr","|","|-heal|p2a: Tentacruel|195/357|[from] item: Black Sludge","|","|switch|p1a: Terrakion|Terrakion|323/323","|turn|25","|","|move|p1a: Terrakion|Earthquake|p2a: Tentacruel","|-supereffective|p2a: Tentacruel","|-damage|p2a: Tentacruel|0 fnt","|faint|p2a: Tentacruel","|","|win|Guard Darkrai"],"p1rating":{"entryid":"6034648","serverid":"eos","formatid":"monotype","userid":"guarddarkrai","username":"Guard Darkrai","w":100,"l":"112","t":"0","gxe":47.5,"r":"1478.7038012894","rd":"29.209506663167","sigma":"0","rptime":"1439542800","rpr":1480.8337971259,"rprd":28.523729191527,"rpsigma":"0","acre":1131.0470666781,"lacre":1131.0470666781,"oldacre":"1113.9655634811"},"p2rating":{"entryid":7636545,"formatid":"monotype","userid":"adin","username":"Adin","r":1500,"rd":130,"sigma":0,"rpr":1454.8562303474,"rprd":121.84733214359,"rpsigma":0,"rptime":1439542800,"w":0,"l":1,"t":0,"gxe":44.4,"acre":1000,"lacre":1000,"oldacre":1000},"endType":"normal"}