{"seed":[6530,48565,7089,51702],"turns":39,"p1":"GTX♅Pyroar","p2":"Trivial03","p1team":[{"name":"Hoompa Loompa","species":"hoopaunbound","item":"lifeorb","ability":"Magician","moves":["hiddenpowerfire","hyperspacehole","shadowball","focusblast"],"nature":"Modest","evs":{"hp":252,"atk":0,"def":4,"spa":252,"spd":0,"spe":0},"ivs":{"hp":31,"atk":30,"def":31,"spa":30,"spd":31,"spe":30}},{"name":"Marachi","species":"jirachi","item":"leftovers","ability":"Serene Grace","moves":["ironhead","toxic","wish","protect"],"nature":"Careful","evs":{"hp":252,"atk":0,"def":0,"spa":0,"spd":224,"spe":32},"shiny":true,"ivs":{"hp":31,"atk":31,"def":31,"spa":31,"spd":31,"spe":31}},{"name":"Vikki","species":"victini","item":"choiceband","ability":"Victory Star","moves":["vcreate","boltstrike","zenheadbutt","uturn"],"nature":"Adamant","evs":{"hp":0,"atk":252,"def":4,"spa":0,"spd":0,"spe":252},"ivs":{"hp":31,"atk":31,"def":31,"spa":31,"spd":31,"spe":31}},{"name":"Satan","species":"gothitelle","item":"choicescarf","ability":"Shadow Tag","moves":["calmmind","trick","rest","psychic"],"nature":"Timid","evs":{"hp":80,"atk":0,"def":0,"spa":176,"spd":0,"spe":252},"shiny":true,"ivs":{"hp":31,"atk":31,"def":31,"spa":31,"spd":31,"spe":31}},{"name":"Latios?","species":"latias","item":"latiasite","ability":"Levitate","moves":["thunderwave","roar","recover","dragonpulse"],"nature":"Timid","evs":{"hp":248,"atk":0,"def":68,"spa":0,"spd":0,"spe":192},"shiny":true,"ivs":{"hp":31,"atk":31,"def":31,"spa":31,"spd":31,"spe":31}},{"name":"ouch","species":"sigilyph","item":"flameorb","ability":"Magic Guard","moves":["calmmind","psychoshift","storedpower","roost"],"nature":"Bold","evs":{"hp":248,"atk":0,"def":252,"spa":8,"spd":0,"spe":0},"shiny":true,"ivs":{"hp":31,"atk":31,"def":31,"spa":31,"spd":31,"spe":31}}],"p2team":[{"name":"Zapdos","species":"Zapdos","item":"leftovers","ability":"Pressure","moves":["thunderbolt","heatwave","roost","defog"],"nature":"Bold","evs":{"hp":248,"atk":0,"def":176,"spa":68,"spd":0,"spe":16},"ivs":{"hp":31,"atk":31,"def":31,"spa":31,"spd":31,"spe":31}},{"name":"Thundurus","species":"Thundurus","item":"lifeorb","ability":"Prankster","moves":["thunderbolt","grassknot","superpower","uturn"],"nature":"Hasty","evs":{"hp":0,"atk":4,"def":0,"spa":252,"spd":0,"spe":252},"ivs":{"hp":31,"atk":31,"def":31,"spa":31,"spd":31,"spe":31}},{"name":"Manectric","species":"Manectric","item":"manectite","ability":"Lightning Rod","moves":["thunderbolt","voltswitch","overheat","hiddenpowerice"],"nature":"Timid","evs":{"hp":0,"atk":0,"def":4,"spa":252,"spd":0,"spe":252},"ivs":{"hp":31,"atk":30,"def":30,"spa":31,"spd":31,"spe":31}},{"name":"Galvantula","species":"Galvantula","item":"focussash","ability":"Compound Eyes","moves":["stickyweb","thunder","bugbuzz","thunderwave"],"nature":"Timid","evs":{"hp":0,"atk":0,"def":0,"spa":252,"spd":4,"spe":252},"ivs":{"hp":31,"atk":31,"def":31,"spa":31,"spd":31,"spe":31}},{"name":"Luxray","species":"Luxray","item":"choicescarf","ability":"Guts","moves":["voltswitch","wildcharge","icefang","hiddenpowerfighting"],"nature":"Jolly","evs":{"hp":0,"atk":232,"def":48,"spa":0,"spd":0,"spe":228},"ivs":{"hp":31,"atk":31,"def":30,"spa":30,"spd":30,"spe":30}},{"name":"Magnezone","species":"Magnezone","item":"assaultvest","ability":"Analytic","moves":["discharge","voltswitch","flashcannon","hiddenpowerfire"],"nature":"Quiet","evs":{"hp":248,"atk":0,"def":4,"spa":236,"spd":20,"spe":0},"ivs":{"hp":31,"atk":2,"def":31,"spa":30,"spd":31,"spe":30}}],"log":["|player|p1|GTX♅Pyroar|101","|player|p2|Trivial03|169","|gametype|singles","|gen|6","|tier|Monotype","|rated","|rule|Baton Pass Clause: Limit one Baton Passer, can't pass Spe and other stats simultaneously","|rule|Swagger Clause: Swagger is banned","|rule|Same Type Clause: Pokémon in a team must share a type","|clearpoke","|poke|p1|Hoopa-Unbound","|poke|p1|Jirachi, shiny","|poke|p1|Victini","|poke|p1|Gothitelle, F, shiny","|poke|p1|Latias, F, shiny","|poke|p1|Sigilyph, F, shiny","|poke|p2|Zapdos","|poke|p2|Thundurus, M","|poke|p2|Manectric, M","|poke|p2|Galvantula, F","|poke|p2|Luxray, F","|poke|p2|Magnezone","|rule|Sleep Clause Mod: Limit one foe put to sleep","|rule|Species Clause: Limit one of each Pokémon","|rule|OHKO Clause: OHKO moves are banned","|rule|Moody Clause: Moody is banned","|rule|Evasion Moves Clause: Evasion moves are banned","|rule|Endless Battle Clause: Forcing endless battles is banned","|rule|HP Percentage Mod: HP is shown in percentages","|teampreview","|","|start","|switch|p1a: Satan|Gothitelle, F, shiny|301/301","|switch|p2a: Galvantula|Galvantula, F|281/281","|turn|1","|","|move|p1a: Satan|Trick|p2a: Galvantula","|-activate|p1a: Satan|move: Trick|[of] p2a: Galvantula","|-item|p2a: Galvantula|Choice Scarf|[from] move: Trick","|-item|p1a: Satan|Focus Sash|[from] move: Trick","|move|p2a: Galvantula|Sticky Web|p1a: Satan","|-sidestart|p1: GTX♅Pyroar|move: Sticky Web","|","|turn|2","|","|move|p2a: Galvantula|Sticky Web|p1a: Satan","|-fail|p1a: Satan","|move|p1a: Satan|Calm Mind|p1a: Satan","|-boost|p1a: Satan|spa|1","|-boost|p1a: Satan|spd|1","|","|turn|3","|","|move|p2a: Galvantula|Sticky Web|p1a: Satan","|-fail|p1a: Satan","|move|p1a: Satan|Calm Mind|p1a: Satan","|-boost|p1a: Satan|spa|1","|-boost|p1a: Satan|spd|1","|","|turn|4","|","|move|p2a: Galvantula|Sticky Web|p1a: Satan","|-fail|p1a: Satan","|move|p1a: Satan|Calm Mind|p1a: Satan","|-boost|p1a: Satan|spa|1","|-boost|p1a: Satan|spd|1","|","|turn|5","|","|move|p2a: Galvantula|Sticky Web|p1a: Satan","|-fail|p1a: Satan","|move|p1a: Satan|Calm Mind|p1a: Satan","|-boost|p1a: Satan|spa|1","|-boost|p1a: Satan|spd|1","|","|turn|6","|","|move|p2a: Galvantula|Sticky Web|p1a: Satan","|-fail|p1a: Satan","|move|p1a: Satan|Calm Mind|p1a: Satan","|-boost|p1a: Satan|spa|1","|-boost|p1a: Satan|spd|1","|","|turn|7","|","|move|p2a: Galvantula|Sticky Web|p1a: Satan","|-fail|p1a: Satan","|move|p1a: Satan|Calm Mind|p1a: Satan","|-boost|p1a: Satan|spa|1","|-boost|p1a: Satan|spd|1","|","|turn|8","|","|move|p2a: Galvantula|Sticky Web|p1a: Satan","|-fail|p1a: Satan","|move|p1a: Satan|Psychic|p2a: Galvantula","|-damage|p2a: Galvantula|0 fnt","|faint|p2a: Galvantula","|","|","|switch|p2a: Thundurus|Thundurus, M|299/299","|turn|9","|","|move|p2a: Thundurus|U-turn|p1a: Satan","|-supereffective|p1a: Satan","|-damage|p1a: Satan|129/301","|-damage|p2a: Thundurus|270/299|[from] item: Life Orb","|","|switch|p2a: Magnezone|Magnezone|343/343","|move|p1a: Satan|Psychic|p2a: Magnezone","|-resisted|p2a: Magnezone","|-damage|p2a: Magnezone|163/343","|","|turn|10","|","|move|p1a: Satan|Rest|p1a: Satan","|-status|p1a: Satan|slp","|-heal|p1a: Satan|301/301 slp|[silent]","|-status|p1a: Satan|slp|[from] move: Rest","|move|p2a: Magnezone|Flash Cannon|p1a: Satan","|-damage|p1a: Satan|250/301 slp","|","|turn|11","|","|cant|p1a: Satan|slp","|move|p2a: Magnezone|Volt Switch|p1a: Satan","|-damage|p1a: Satan|208/301 slp","|","|switch|p2a: Thundurus|Thundurus, M|270/299","|","|turn|12","|","|move|p2a: Thundurus|U-turn|p1a: Satan","|-supereffective|p1a: Satan","|-damage|p1a: Satan|36/301 slp","|-damage|p2a: Thundurus|241/299|[from] item: Life Orb","|","|switch|p2a: Magnezone|Magnezone|163/343","|cant|p1a: Satan|slp","|","|turn|13","|","|-curestatus|p1a: Satan|slp","|move|p1a: Satan|Rest|p1a: Satan","|-status|p1a: Satan|slp","|-heal|p1a: Satan|301/301 slp|[silent]","|-status|p1a: Satan|slp|[from] move: Rest","|move|p2a: Magnezone|Flash Cannon|p1a: Satan","|-damage|p1a: Satan|253/301 slp","|","|turn|14","|","|cant|p1a: Satan|slp","|move|p2a: Magnezone|Volt Switch|p1a: Satan","|-damage|p1a: Satan|210/301 slp","|","|switch|p2a: Thundurus|Thundurus, M|241/299","|","|turn|15","|","|move|p2a: Thundurus|U-turn|p1a: Satan","|-supereffective|p1a: Satan","|-damage|p1a: Satan|51/301 slp","|-damage|p2a: Thundurus|212/299|[from] item: Life Orb","|","|switch|p2a: Magnezone|Magnezone|163/343","|cant|p1a: Satan|slp","|","|turn|16","|","|-curestatus|p1a: Satan|slp","|move|p1a: Satan|Rest|p1a: Satan","|-status|p1a: Satan|slp","|-heal|p1a: Satan|301/301 slp|[silent]","|-status|p1a: Satan|slp|[from] move: Rest","|move|p2a: Magnezone|Volt Switch|p1a: Satan","|-damage|p1a: Satan|256/301 slp","|","|switch|p2a: Thundurus|Thundurus, M|212/299","|","|turn|17","|","|move|p2a: Thundurus|U-turn|p1a: Satan","|-crit|p1a: Satan","|-supereffective|p1a: Satan","|-damage|p1a: Satan|0 fnt","|-damage|p2a: Thundurus|183/299|[from] item: Life Orb","|faint|p1a: Satan","|","|switch|p2a: Magnezone|Magnezone|163/343","|","|","|switch|p1a: Vikki|Victini|341/341","|-activate|p1a: Vikki|move: Sticky Web","|-unboost|p1a: Vikki|spe|1","|turn|18","|","|move|p1a: Vikki|V-create|p2a: Magnezone","|-supereffective|p2a: Magnezone","|-damage|p2a: Magnezone|0 fnt","|-unboost|p1a: Vikki|spe|1","|-unboost|p1a: Vikki|def|1","|-unboost|p1a: Vikki|spd|1","|faint|p2a: Magnezone","|","|","|switch|p2a: Manectric|Manectric, M|281/281","|turn|19","|","|detailschange|p2a: Manectric|Manectric-Mega, M","|-mega|p2a: Manectric|Manectric|Manectite","|-ability|p2a: Manectric|Intimidate","|-unboost|p1a: Vikki|atk|1","|move|p2a: Manectric|Thunderbolt|p1a: Vikki","|-damage|p1a: Vikki|92/341","|move|p1a: Vikki|V-create|p2a: Manectric","|-damage|p2a: Manectric|0 fnt","|-unboost|p1a: Vikki|spe|1","|-unboost|p1a: Vikki|def|1","|-unboost|p1a: Vikki|spd|1","|faint|p2a: Manectric","|","|","|switch|p2a: Thundurus|Thundurus, M|183/299","|turn|20","|","|move|p2a: Thundurus|Thunderbolt|p1a: Vikki","|-damage|p1a: Vikki|0 fnt","|-damage|p2a: Thundurus|154/299|[from] item: Life Orb","|faint|p1a: Vikki","|","|","|switch|p1a: Hoompa Loompa|Hoopa-Unbound|364/364","|-activate|p1a: Hoompa Loompa|move: Sticky Web","|-unboost|p1a: Hoompa Loompa|spe|1","|turn|21","|","|move|p2a: Thundurus|U-turn|p1a: Hoompa Loompa","|-supereffective|p1a: Hoompa Loompa","|-damage|p1a: Hoompa Loompa|0 fnt","|-damage|p2a: Thundurus|125/299|[from] item: Life Orb","|faint|p1a: Hoompa Loompa","|","|switch|p2a: Luxray|Luxray, F|301/301","|","|","|switch|p1a: Marachi|Jirachi, shiny|404/404","|-activate|p1a: Marachi|move: Sticky Web","|-unboost|p1a: Marachi|spe|1","|turn|22","|","|move|p2a: Luxray|Wild Charge|p1a: Marachi","|-damage|p1a: Marachi|245/404","|-damage|p2a: Luxray|261/301|[from] recoil|[of] p1a: Marachi","|move|p1a: Marachi|Toxic|p2a: Luxray|[miss]","|-miss|p1a: Marachi|p2a: Luxray","|","|-heal|p1a: Marachi|270/404|[from] item: Leftovers","|turn|23","|","|move|p2a: Luxray|Wild Charge|p1a: Marachi","|-damage|p1a: Marachi|131/404","|-damage|p2a: Luxray|226/301|[from] recoil|[of] p1a: Marachi","|move|p1a: Marachi|Wish|p1a: Marachi","|","|-heal|p1a: Marachi|156/404|[from] item: Leftovers","|turn|24","|","|move|p1a: Marachi|Protect|p1a: Marachi","|-singleturn|p1a: Marachi|Protect","|move|p2a: Luxray|Wild Charge|p1a: Marachi","|-activate|p1a: Marachi|Protect","|","|-heal|p1a: Marachi|358/404|[from] move: Wish|[wisher] Marachi","|-heal|p1a: Marachi|383/404|[from] item: Leftovers","|turn|25","|","|move|p2a: Luxray|Wild Charge|p1a: Marachi","|-damage|p1a: Marachi|247/404","|-damage|p2a: Luxray|192/301|[from] recoil|[of] p1a: Marachi","|move|p1a: Marachi|Toxic|p2a: Luxray|[miss]","|-miss|p1a: Marachi|p2a: Luxray","|","|-heal|p1a: Marachi|272/404|[from] item: Leftovers","|turn|26","|","|move|p2a: Luxray|Wild Charge|p1a: Marachi","|-damage|p1a: Marachi|130/404","|-damage|p2a: Luxray|156/301|[from] recoil|[of] p1a: Marachi","|move|p1a: Marachi|Wish|p1a: Marachi","|","|-heal|p1a: Marachi|155/404|[from] item: Leftovers","|turn|27","|","|move|p1a: Marachi|Protect|p1a: Marachi","|-singleturn|p1a: Marachi|Protect","|move|p2a: Luxray|Wild Charge|p1a: Marachi","|-activate|p1a: Marachi|Protect","|","|-heal|p1a: Marachi|357/404|[from] move: Wish|[wisher] Marachi","|-heal|p1a: Marachi|382/404|[from] item: Leftovers","|turn|28","|","|move|p2a: Luxray|Wild Charge|p1a: Marachi","|-damage|p1a: Marachi|235/404","|-damage|p2a: Luxray|119/301|[from] recoil|[of] p1a: Marachi","|move|p1a: Marachi|Toxic|p2a: Luxray","|-status|p2a: Luxray|tox","|","|-heal|p1a: Marachi|260/404|[from] item: Leftovers","|-damage|p2a: Luxray|101/301 tox|[from] psn","|turn|29","|","|move|p2a: Luxray|Wild Charge|p1a: Marachi","|-damage|p1a: Marachi|20/404","|-damage|p2a: Luxray|41/301 tox|[from] recoil|[of] p1a: Marachi","|move|p1a: Marachi|Wish|p1a: Marachi","|","|-heal|p1a: Marachi|45/404|[from] item: Leftovers","|-damage|p2a: Luxray|5/301 tox|[from] psn","|turn|30","|","|move|p1a: Marachi|Protect|p1a: Marachi","|-singleturn|p1a: Marachi|Protect","|move|p2a: Luxray|Wild Charge|p1a: Marachi","|-activate|p1a: Marachi|Protect","|","|-heal|p1a: Marachi|247/404|[from] move: Wish|[wisher] Marachi","|-heal|p1a: Marachi|272/404|[from] item: Leftovers","|-damage|p2a: Luxray|0 fnt|[from] psn","|faint|p2a: Luxray","|","|switch|p2a: Zapdos|Zapdos|383/383","|-ability|p2a: Zapdos|Pressure","|turn|31","|","|move|p2a: Zapdos|Heat Wave|p1a: Marachi","|-miss|p2a: Zapdos|p1a: Marachi","|move|p1a: Marachi|Toxic|p2a: Zapdos","|-status|p2a: Zapdos|tox","|","|-heal|p1a: Marachi|297/404|[from] item: Leftovers","|-damage|p2a: Zapdos|360/383 tox|[from] psn","|turn|32","|","|move|p2a: Zapdos|Heat Wave|p1a: Marachi","|-supereffective|p1a: Marachi","|-damage|p1a: Marachi|151/404","|move|p1a: Marachi|Wish|p1a: Marachi","|","|-heal|p2a: Zapdos|383/383 tox|[from] item: Leftovers","|-heal|p1a: Marachi|176/404|[from] item: Leftovers","|-damage|p2a: Zapdos|337/383 tox|[from] psn","|turn|33","|","|move|p1a: Marachi|Protect|p1a: Marachi","|-singleturn|p1a: Marachi|Protect","|move|p2a: Zapdos|Heat Wave|p1a: Marachi","|-activate|p1a: Marachi|Protect","|","|-heal|p1a: Marachi|378/404|[from] move: Wish|[wisher] Marachi","|-heal|p2a: Zapdos|360/383 tox|[from] item: Leftovers","|-heal|p1a: Marachi|403/404|[from] item: Leftovers","|-damage|p2a: Zapdos|291/383 tox|[from] psn","|turn|34","|","|move|p2a: Zapdos|Heat Wave|p1a: Marachi","|-crit|p1a: Marachi","|-supereffective|p1a: Marachi","|-damage|p1a: Marachi|179/404","|move|p1a: Marachi|Iron Head|p2a: Zapdos","|-resisted|p2a: Zapdos","|-damage|p2a: Zapdos|248/383 tox","|","|-heal|p2a: Zapdos|271/383 tox|[from] item: Leftovers","|-heal|p1a: Marachi|204/404|[from] item: Leftovers","|-damage|p2a: Zapdos|179/383 tox|[from] psn","|turn|35","|","|move|p2a: Zapdos|Heat Wave|p1a: Marachi","|-supereffective|p1a: Marachi","|-damage|p1a: Marachi|54/404","|-status|p1a: Marachi|brn","|move|p1a: Marachi|Wish|p1a: Marachi","|","|-heal|p2a: Zapdos|202/383 tox|[from] item: Leftovers","|-heal|p1a: Marachi|79/404 brn|[from] item: Leftovers","|-damage|p2a: Zapdos|87/383 tox|[from] psn","|-damage|p1a: Marachi|29/404 brn|[from] brn","|turn|36","|","|move|p1a: Marachi|Protect|p1a: Marachi","|-singleturn|p1a: Marachi|Protect","|move|p2a: Zapdos|Heat Wave|p1a: Marachi","|-activate|p1a: Marachi|Protect","|","|-heal|p1a: Marachi|231/404 brn|[from] move: Wish|[wisher] Marachi","|-heal|p2a: Zapdos|110/383 tox|[from] item: Leftovers","|-heal|p1a: Marachi|256/404 brn|[from] item: Leftovers","|-damage|p2a: Zapdos|0 fnt|[from] psn","|-damage|p1a: Marachi|206/404 brn|[from] brn","|faint|p2a: Zapdos","|","|switch|p2a: Thundurus|Thundurus, M|125/299","|turn|37","|","|move|p2a: Thundurus|Thunderbolt|p1a: Marachi","|-damage|p1a: Marachi|54/404 brn","|-damage|p2a: Thundurus|96/299|[from] item: Life Orb","|move|p1a: Marachi|Toxic|p2a: Thundurus","|-status|p2a: Thundurus|tox","|","|-heal|p1a: Marachi|79/404 brn|[from] item: Leftovers","|-damage|p2a: Thundurus|78/299 tox|[from] psn","|-damage|p1a: Marachi|29/404 brn|[from] brn","|turn|38","|","|move|p1a: Marachi|Protect|p1a: Marachi","|-singleturn|p1a: Marachi|Protect","|move|p2a: Thundurus|Thunderbolt|p1a: Marachi","|-activate|p1a: Marachi|Protect","|","|-heal|p1a: Marachi|54/404 brn|[from] item: Leftovers","|-damage|p2a: Thundurus|42/299 tox|[from] psn","|-damage|p1a: Marachi|4/404 brn|[from] brn","|turn|39","|","|move|p1a: Marachi|Protect|p1a: Marachi","|-singleturn|p1a: Marachi|Protect","|move|p2a: Thundurus|Thunderbolt|p1a: Marachi","|-activate|p1a: Marachi|Protect","|","|-heal|p1a: Marachi|29/404 brn|[from] item: Leftovers","|-damage|p2a: Thundurus|0 fnt|[from] psn","|-damage|p1a: Marachi|0 fnt|[from] brn","|faint|p2a: Thundurus","|faint|p1a: Marachi","|","|win|GTX♅Pyroar"],"p1rating":{"entryid":"7598952","serverid":"eos","formatid":"monotype","userid":"gtxpyroar","username":"GTX♅Pyroar","w":7,"l":"2","t":"0","gxe":62.3,"r":"1556.1322052567","rd":"117.01851324432","sigma":"0","rptime":"1439542800","rpr":1597.3641914982,"rprd":90.232200562749,"rpsigma":"0","acre":1154.7376607702,"lacre":1154.7376607702,"oldacre":"1139.2535782703"},"p2rating":{"entryid":"7569292","serverid":"eos","formatid":"monotype","userid":"trivial03","username":"Trivial03","w":"0","l":6,"t":"0","gxe":32.3,"r":"1385.0312545181","rd":"106.97099504089","sigma":"0","rptime":"1439542800","rpr":1355.3358973338,"rprd":100.48140150519,"rpsigma":"0","acre":1000,"lacre":1000,"oldacre":"1000"},"endType":"normal"}