{"seed":[27734,3698,13671,53518],"turns":56,"p1":"Guard Wulf - ⓛⓤⓒⓚⓨ","p2":"GTX♅Bzumzum","p1team":[{"name":"Dragonite","species":"Dragonite","item":"choiceband","ability":"Multiscale","moves":["firepunch","earthquake","dragonclaw","extremespeed"],"nature":"Jolly","evs":{"hp":0,"atk":252,"def":0,"spa":0,"spd":4,"spe":252},"ivs":{"hp":31,"atk":31,"def":31,"spa":31,"spd":31,"spe":31}},{"name":"Pidgeot","species":"Pidgeot","item":"pidgeotite","ability":"Big Pecks","moves":["hurricane","heatwave"],"nature":"","evs":{"hp":0,"atk":0,"def":0,"spa":0,"spd":0,"spe":0},"ivs":{"hp":31,"atk":31,"def":31,"spa":31,"spd":31,"spe":31}},{"name":"Skarmory","species":"Skarmory","item":"leftovers","ability":"Sturdy","moves":["stealthrock","roost","ironhead","roar"],"nature":"Impish","evs":{"hp":252,"atk":0,"def":232,"spa":0,"spd":0,"spe":24},"ivs":{"hp":31,"atk":31,"def":31,"spa":31,"spd":31,"spe":31}},{"name":"Togekiss","species":"Togekiss","item":"leftovers","ability":"Serene Grace","moves":["thunderwave","roost","defog","airslash"],"nature":"Calm","evs":{"hp":252,"atk":0,"def":0,"spa":4,"spd":252,"spe":0},"ivs":{"hp":31,"atk":31,"def":31,"spa":31,"spd":31,"spe":31}},{"name":"Thundurus-Therian","species":"Thundurus-Therian","item":"choicescarf","ability":"Volt Absorb","moves":["thunderbolt","voltswitch","flashcannon","hiddenpowerice"],"nature":"Modest","evs":{"hp":0,"atk":0,"def":0,"spa":252,"spd":4,"spe":252},"ivs":{"hp":31,"atk":30,"def":30,"spa":31,"spd":31,"spe":31}},{"name":"Gliscor","species":"Gliscor","item":"toxicorb","ability":"Poison Heal","moves":["earthquake","knockoff","toxic","roost"],"nature":"Impish","evs":{"hp":248,"atk":0,"def":188,"spa":0,"spd":0,"spe":72},"ivs":{"hp":31,"atk":31,"def":31,"spa":31,"spd":31,"spe":31}}],"p2team":[{"name":"Lightning","species":"raichu","item":"assaultvest","ability":"Static","moves":["voltswitch","grassknot","hiddenpowerfire","surf"],"nature":"Timid","evs":{"hp":0,"atk":0,"def":160,"spa":148,"spd":0,"spe":200},"gender":"M","ivs":{"hp":31,"atk":30,"def":31,"spa":30,"spd":31,"spe":30},"shiny":true},{"name":"Plugg-in Failure","species":"electivire","item":"choicescarf","ability":"Vital Spirit","moves":["crosschop","earthquake","rockslide","icepunch"],"nature":"Jolly","evs":{"hp":0,"atk":252,"def":0,"spa":0,"spd":4,"spe":252},"gender":"M","shiny":true,"ivs":{"hp":31,"atk":31,"def":31,"spa":31,"spd":31,"spe":31}},{"name":"Breezer","species":"rotomfrost","item":"rockyhelmet","ability":"Levitate","moves":["blizzard","protect","signalbeam","trick"],"nature":"Calm","evs":{"hp":228,"atk":0,"def":120,"spa":8,"spd":152,"spe":0},"shiny":true,"ivs":{"hp":31,"atk":31,"def":31,"spa":31,"spd":31,"spe":31}},{"name":"MY ZONE!!!","species":"magnezone","item":"choicespecs","ability":"Sturdy","moves":["flashcannon","triattack","hiddenpowerice","signalbeam"],"nature":"Timid","evs":{"hp":228,"atk":0,"def":0,"spa":252,"spd":28,"spe":0},"ivs":{"hp":31,"atk":30,"def":30,"spa":31,"spd":31,"spe":31},"shiny":true},{"name":"Cheecko","species":"dedenne","item":"sitrusberry","ability":"Cheek Pouch","moves":["recycle","protect","hiddenpowergrass","superfang"],"nature":"Timid","evs":{"hp":220,"atk":0,"def":80,"spa":8,"spd":0,"spe":200},"gender":"M","ivs":{"hp":31,"atk":30,"def":31,"spa":30,"spd":31,"spe":31},"shiny":true},{"name":"Flicker-Sparkz","species":"luxray","item":"assaultvest","ability":"Intimidate","moves":["wildcharge","firefang","superpower","quickattack"],"nature":"Adamant","evs":{"hp":248,"atk":252,"def":0,"spa":0,"spd":8,"spe":0},"gender":"M","shiny":true,"ivs":{"hp":31,"atk":31,"def":31,"spa":31,"spd":31,"spe":31}}],"log":["|player|p1|Guard Wulf - ⓛⓤⓒⓚⓨ|163","|player|p2|GTX♅Bzumzum|225","|gametype|singles","|gen|6","|tier|Monotype","|rated","|rule|Baton Pass Clause: Limit one Baton Passer, can't pass Spe and other stats simultaneously","|rule|Swagger Clause: Swagger is banned","|rule|Same Type Clause: Pokémon in a team must share a type","|clearpoke","|poke|p1|Dragonite, M","|poke|p1|Pidgeot, F","|poke|p1|Skarmory, F","|poke|p1|Togekiss, F","|poke|p1|Thundurus-Therian, M","|poke|p1|Gliscor, F","|poke|p2|Raichu, M, shiny","|poke|p2|Electivire, M, shiny","|poke|p2|Rotom-Frost, shiny","|poke|p2|Magnezone, shiny","|poke|p2|Dedenne, M, shiny","|poke|p2|Luxray, M, shiny","|rule|Sleep Clause Mod: Limit one foe put to sleep","|rule|Species Clause: Limit one of each Pokémon","|rule|OHKO Clause: OHKO moves are banned","|rule|Moody Clause: Moody is banned","|rule|Evasion Moves Clause: Evasion moves are banned","|rule|Endless Battle Clause: Forcing endless battles is banned","|rule|HP Percentage Mod: HP is shown in percentages","|teampreview","|","|start","|switch|p1a: Dragonite|Dragonite, M|323/323","|switch|p2a: Flicker-Sparkz|Luxray, M, shiny|363/363","|-ability|p2a: Flicker-Sparkz|Intimidate","|-unboost|p1a: Dragonite|atk|1","|turn|1","|","|move|p1a: Dragonite|Earthquake|p2a: Flicker-Sparkz","|-supereffective|p2a: Flicker-Sparkz","|-damage|p2a: Flicker-Sparkz|63/363","|move|p2a: Flicker-Sparkz|Wild Charge|p1a: Dragonite","|-damage|p1a: Dragonite|233/323","|-damage|p2a: Flicker-Sparkz|40/363|[from] recoil|[of] p1a: Dragonite","|","|turn|2","|","|switch|p2a: Breezer|Rotom-Frost, shiny|298/298","|move|p1a: Dragonite|Earthquake|p2a: Breezer","|-immune|p2a: Breezer|[msg]","|","|turn|3","|","|switch|p1a: Togekiss|Togekiss, F|374/374","|move|p2a: Breezer|Blizzard|p1a: Togekiss","|-supereffective|p1a: Togekiss","|-damage|p1a: Togekiss|192/374","|-status|p1a: Togekiss|frz","|","|-heal|p1a: Togekiss|215/374 frz|[from] item: Leftovers","|turn|4","|","|move|p2a: Breezer|Trick|p1a: Togekiss","|-activate|p2a: Breezer|move: Trick|[of] p1a: Togekiss","|-item|p1a: Togekiss|Rocky Helmet|[from] move: Trick","|-item|p2a: Breezer|Leftovers|[from] move: Trick","|cant|p1a: Togekiss|frz","|","|turn|5","|","|move|p2a: Breezer|Signal Beam|p1a: Togekiss","|-resisted|p1a: Togekiss","|-damage|p1a: Togekiss|205/374 frz","|cant|p1a: Togekiss|frz","|","|turn|6","|","|move|p2a: Breezer|Signal Beam|p1a: Togekiss","|-resisted|p1a: Togekiss","|-damage|p1a: Togekiss|196/374 frz","|cant|p1a: Togekiss|frz","|","|turn|7","|","|move|p2a: Breezer|Signal Beam|p1a: Togekiss","|-resisted|p1a: Togekiss","|-damage|p1a: Togekiss|185/374 frz","|cant|p1a: Togekiss|frz","|","|turn|8","|","|move|p2a: Breezer|Signal Beam|p1a: Togekiss","|-resisted|p1a: Togekiss","|-damage|p1a: Togekiss|174/374 frz","|-curestatus|p1a: Togekiss|frz","|move|p1a: Togekiss|Roost|p1a: Togekiss","|-heal|p1a: Togekiss|361/374","|","|turn|9","|","|move|p2a: Breezer|Blizzard|p1a: Togekiss","|-supereffective|p1a: Togekiss","|-damage|p1a: Togekiss|175/374","|move|p1a: Togekiss|Air Slash|p2a: Breezer","|-resisted|p2a: Breezer","|-damage|p2a: Breezer|259/298","|","|-heal|p2a: Breezer|277/298|[from] item: Leftovers","|turn|10","|","|move|p2a: Breezer|Blizzard|p1a: Togekiss","|-miss|p2a: Breezer|p1a: Togekiss","|move|p1a: Togekiss|Air Slash|p2a: Breezer","|-resisted|p2a: Breezer","|-damage|p2a: Breezer|241/298","|","|-heal|p2a: Breezer|259/298|[from] item: Leftovers","|turn|11","|","|move|p2a: Breezer|Signal Beam|p1a: Togekiss","|-resisted|p1a: Togekiss","|-damage|p1a: Togekiss|164/374","|move|p1a: Togekiss|Air Slash|p2a: Breezer|[miss]","|-miss|p1a: Togekiss|p2a: Breezer","|","|-heal|p2a: Breezer|277/298|[from] item: Leftovers","|turn|12","|","|move|p2a: Breezer|Signal Beam|p1a: Togekiss","|-resisted|p1a: Togekiss","|-damage|p1a: Togekiss|154/374","|-start|p1a: Togekiss|confusion","|-activate|p1a: Togekiss|confusion","|-damage|p1a: Togekiss|135/374|[from] confusion","|","|-heal|p2a: Breezer|295/298|[from] item: Leftovers","|turn|13","|","|switch|p2a: Flicker-Sparkz|Luxray, M, shiny|40/363","|-ability|p2a: Flicker-Sparkz|Intimidate","|-unboost|p1a: Togekiss|atk|1","|-end|p1a: Togekiss|confusion","|move|p1a: Togekiss|Roost|p1a: Togekiss","|-heal|p1a: Togekiss|322/374","|","|turn|14","|","|switch|p2a: Cheecko|Dedenne, M, shiny|330/330","|move|p1a: Togekiss|Air Slash|p2a: Cheecko","|-resisted|p2a: Cheecko","|-damage|p2a: Cheecko|264/330","|","|turn|15","|","|switch|p1a: Gliscor|Gliscor, F|353/353","|move|p2a: Cheecko|Super Fang|p1a: Gliscor","|-damage|p1a: Gliscor|177/353","|","|-status|p1a: Gliscor|tox|[from] item: Toxic Orb","|turn|16","|","|switch|p2a: Flicker-Sparkz|Luxray, M, shiny|40/363","|-ability|p2a: Flicker-Sparkz|Intimidate","|-unboost|p1a: Gliscor|atk|1","|move|p1a: Gliscor|Roost|p1a: Gliscor","|-heal|p1a: Gliscor|353/353 tox","|","|turn|17","|","|move|p1a: Gliscor|Knock Off|p2a: Flicker-Sparkz","|-damage|p2a: Flicker-Sparkz|0 fnt","|-enditem|p2a: Flicker-Sparkz|Assault Vest|[from] move: Knock Off|[of] p1a: Gliscor","|faint|p2a: Flicker-Sparkz","|","|","|switch|p2a: Plugg-in Failure|Electivire, M, shiny|291/291","|turn|18","|","|switch|p1a: Skarmory|Skarmory, F|334/334","|move|p2a: Plugg-in Failure|Ice Punch|p1a: Skarmory","|-damage|p1a: Skarmory|281/334","|","|-heal|p1a: Skarmory|301/334|[from] item: Leftovers","|turn|19","|","|switch|p2a: MY ZONE!!!|Magnezone, shiny|338/338","|switch|p1a: Gliscor|Gliscor, F|353/353 tox","|","|turn|20","|","|switch|p1a: Togekiss|Togekiss, F|322/374","|switch|p2a: Plugg-in Failure|Electivire, M, shiny|291/291","|","|turn|21","|","|move|p2a: Plugg-in Failure|Ice Punch|p1a: Togekiss","|-supereffective|p1a: Togekiss","|-damage|p1a: Togekiss|146/374","|-damage|p2a: Plugg-in Failure|243/291|[from] item: Rocky Helmet|[of] p1a: Togekiss","|move|p1a: Togekiss|Roost|p1a: Togekiss","|-heal|p1a: Togekiss|333/374","|","|turn|22","|","|switch|p2a: Cheecko|Dedenne, M, shiny|264/330","|move|p1a: Togekiss|Roost|p1a: Togekiss","|-heal|p1a: Togekiss|374/374","|","|turn|23","|","|switch|p1a: Dragonite|Dragonite, M|233/323","|move|p2a: Cheecko|Super Fang|p1a: Dragonite","|-damage|p1a: Dragonite|117/323","|","|turn|24","|","|move|p2a: Cheecko|Protect|p2a: Cheecko","|-singleturn|p2a: Cheecko|Protect","|move|p1a: Dragonite|Fire Punch|p2a: Cheecko","|-activate|p2a: Cheecko|Protect","|","|turn|25","|","|move|p2a: Cheecko|Super Fang|p1a: Dragonite","|-damage|p1a: Dragonite|59/323","|move|p1a: Dragonite|Fire Punch|p2a: Cheecko","|-damage|p2a: Cheecko|88/330","|-heal|p2a: Cheecko|198/330|[from] ability: Cheek Pouch","|-enditem|p2a: Cheecko|Sitrus Berry|[eat]","|-heal|p2a: Cheecko|280/330|[from] item: Sitrus Berry","|","|turn|26","|","|move|p2a: Cheecko|Recycle|p2a: Cheecko","|-item|p2a: Cheecko|Sitrus Berry|[from] move: Recycle","|move|p1a: Dragonite|Fire Punch|p2a: Cheecko","|-damage|p2a: Cheecko|92/330","|-heal|p2a: Cheecko|202/330|[from] ability: Cheek Pouch","|-enditem|p2a: Cheecko|Sitrus Berry|[eat]","|-heal|p2a: Cheecko|284/330|[from] item: Sitrus Berry","|","|turn|27","|","|move|p2a: Cheecko|Protect|p2a: Cheecko","|-singleturn|p2a: Cheecko|Protect","|move|p1a: Dragonite|Fire Punch|p2a: Cheecko","|-activate|p2a: Cheecko|Protect","|","|turn|28","|","|move|p2a: Cheecko|Hidden Power|p1a: Dragonite","|-resisted|p1a: Dragonite","|-damage|p1a: Dragonite|49/323","|move|p1a: Dragonite|Fire Punch|p2a: Cheecko","|-crit|p2a: Cheecko","|-damage|p2a: Cheecko|0 fnt","|faint|p2a: Cheecko","|","|","|switch|p2a: Lightning|Raichu, M, shiny|261/261","|turn|29","|","|switch|p1a: Togekiss|Togekiss, F|374/374","|move|p2a: Lightning|Hidden Power|p1a: Togekiss","|-crit|p1a: Togekiss","|-damage|p1a: Togekiss|322/374","|","|turn|30","|","|move|p2a: Lightning|Volt Switch|p1a: Togekiss","|-supereffective|p1a: Togekiss","|-damage|p1a: Togekiss|214/374","|","|switch|p2a: Plugg-in Failure|Electivire, M, shiny|243/291","|move|p1a: Togekiss|Air Slash|p2a: Plugg-in Failure","|-crit|p2a: Plugg-in Failure","|-resisted|p2a: Plugg-in Failure","|-damage|p2a: Plugg-in Failure|156/291","|","|turn|31","|","|move|p2a: Plugg-in Failure|Rock Slide|p1a: Togekiss","|-supereffective|p1a: Togekiss","|-damage|p1a: Togekiss|34/374","|move|p1a: Togekiss|Roost|p1a: Togekiss","|-heal|p1a: Togekiss|221/374","|","|turn|32","|","|switch|p1a: Gliscor|Gliscor, F|353/353 tox","|move|p2a: Plugg-in Failure|Rock Slide|p1a: Gliscor","|-damage|p1a: Gliscor|292/353 tox","|","|-heal|p1a: Gliscor|336/353 tox|[from] ability: Poison Heal","|turn|33","|","|switch|p2a: Breezer|Rotom-Frost, shiny|295/298","|move|p1a: Gliscor|Toxic|p2a: Breezer","|-status|p2a: Breezer|tox","|","|-heal|p2a: Breezer|298/298 tox|[from] item: Leftovers","|-heal|p1a: Gliscor|353/353 tox|[from] ability: Poison Heal","|-damage|p2a: Breezer|280/298 tox|[from] psn","|turn|34","|","|switch|p1a: Togekiss|Togekiss, F|221/374","|move|p2a: Breezer|Trick|p1a: Togekiss","|-activate|p2a: Breezer|move: Trick|[of] p1a: Togekiss","|-item|p1a: Togekiss|Leftovers|[from] move: Trick","|-item|p2a: Breezer|Rocky Helmet|[from] move: Trick","|","|-heal|p1a: Togekiss|244/374|[from] item: Leftovers","|-damage|p2a: Breezer|244/298 tox|[from] psn","|turn|35","|","|move|p2a: Breezer|Protect|p2a: Breezer","|-singleturn|p2a: Breezer|Protect","|move|p1a: Togekiss|Roost|p1a: Togekiss","|-heal|p1a: Togekiss|374/374","|","|-damage|p2a: Breezer|190/298 tox|[from] psn","|turn|36","|","|move|p2a: Breezer|Blizzard|p1a: Togekiss","|-miss|p2a: Breezer|p1a: Togekiss","|move|p1a: Togekiss|Air Slash|p2a: Breezer","|-resisted|p2a: Breezer","|-damage|p2a: Breezer|152/298 tox","|","|-damage|p2a: Breezer|80/298 tox|[from] psn","|turn|37","|","|move|p2a: Breezer|Blizzard|p1a: Togekiss","|-supereffective|p1a: Togekiss","|-damage|p1a: Togekiss|198/374","|move|p1a: Togekiss|Roost|p1a: Togekiss","|-heal|p1a: Togekiss|374/374","|","|-damage|p2a: Breezer|0 fnt|[from] psn","|faint|p2a: Breezer","|","|switch|p2a: Plugg-in Failure|Electivire, M, shiny|156/291","|turn|38","|","|move|p2a: Plugg-in Failure|Ice Punch|p1a: Togekiss","|-supereffective|p1a: Togekiss","|-damage|p1a: Togekiss|192/374","|move|p1a: Togekiss|Roost|p1a: Togekiss","|-heal|p1a: Togekiss|374/374","|","|turn|39","|","|switch|p1a: Skarmory|Skarmory, F|301/334","|move|p2a: Plugg-in Failure|Ice Punch|p1a: Skarmory","|-damage|p1a: Skarmory|251/334","|","|-heal|p1a: Skarmory|271/334|[from] item: Leftovers","|turn|40","|","|switch|p2a: MY ZONE!!!|Magnezone, shiny|338/338","|move|p1a: Skarmory|Stealth Rock|p2a: MY ZONE!!!","|-sidestart|p2: GTX♅Bzumzum|move: Stealth Rock","|","|-heal|p1a: Skarmory|291/334|[from] item: Leftovers","|turn|41","|","|switch|p1a: Togekiss|Togekiss, F|374/374","|move|p2a: MY ZONE!!!|Tri Attack|p1a: Togekiss","|-damage|p1a: Togekiss|280/374","|","|-heal|p1a: Togekiss|303/374|[from] item: Leftovers","|turn|42","|","|move|p1a: Togekiss|Air Slash|p2a: MY ZONE!!!","|-resisted|p2a: MY ZONE!!!","|-damage|p2a: MY ZONE!!!|311/338","|cant|p2a: MY ZONE!!!|flinch","|","|-heal|p1a: Togekiss|326/374|[from] item: Leftovers","|turn|43","|","|move|p1a: Togekiss|Air Slash|p2a: MY ZONE!!!","|-resisted|p2a: MY ZONE!!!","|-damage|p2a: MY ZONE!!!|281/338","|move|p2a: MY ZONE!!!|Tri Attack|p1a: Togekiss","|-damage|p1a: Togekiss|238/374","|-status|p1a: Togekiss|frz","|","|-heal|p1a: Togekiss|261/374 frz|[from] item: Leftovers","|turn|44","|","|cant|p1a: Togekiss|frz","|move|p2a: MY ZONE!!!|Tri Attack|p1a: Togekiss","|-damage|p1a: Togekiss|175/374 frz","|","|-heal|p1a: Togekiss|198/374 frz|[from] item: Leftovers","|turn|45","|","|cant|p1a: Togekiss|frz","|move|p2a: MY ZONE!!!|Tri Attack|p1a: Togekiss","|-damage|p1a: Togekiss|99/374 frz","|","|-heal|p1a: Togekiss|122/374 frz|[from] item: Leftovers","|turn|46","|","|cant|p1a: Togekiss|frz","|move|p2a: MY ZONE!!!|Tri Attack|p1a: Togekiss","|-damage|p1a: Togekiss|36/374 frz","|","|-heal|p1a: Togekiss|59/374 frz|[from] item: Leftovers","|turn|47","|","|-curestatus|p1a: Togekiss|frz","|move|p1a: Togekiss|Roost|p1a: Togekiss","|-heal|p1a: Togekiss|246/374","|move|p2a: MY ZONE!!!|Tri Attack|p1a: Togekiss","|-crit|p1a: Togekiss","|-damage|p1a: Togekiss|95/374","|-status|p1a: Togekiss|frz","|","|-heal|p1a: Togekiss|118/374 frz|[from] item: Leftovers","|turn|48","|","|cant|p1a: Togekiss|frz","|move|p2a: MY ZONE!!!|Tri Attack|p1a: Togekiss","|-damage|p1a: Togekiss|29/374 frz","|","|-heal|p1a: Togekiss|52/374 frz|[from] item: Leftovers","|turn|49","|","|cant|p1a: Togekiss|frz","|move|p2a: MY ZONE!!!|Tri Attack|p1a: Togekiss","|-damage|p1a: Togekiss|0 fnt","|faint|p1a: Togekiss","|","|","|switch|p1a: Gliscor|Gliscor, F|353/353 tox","|turn|50","|","|move|p1a: Gliscor|Earthquake|p2a: MY ZONE!!!","|-crit|p2a: MY ZONE!!!","|-supereffective|p2a: MY ZONE!!!","|-damage|p2a: MY ZONE!!!|0 fnt","|faint|p2a: MY ZONE!!!","|","|","|switch|p2a: Lightning|Raichu, M, shiny|261/261","|-damage|p2a: Lightning|229/261|[from] Stealth Rock","|turn|51","|","|switch|p1a: Pidgeot|Pidgeot, F|307/307","|move|p2a: Lightning|Surf|p1a: Pidgeot","|-damage|p1a: Pidgeot|203/307","|","|turn|52","|","|detailschange|p1a: Pidgeot|Pidgeot-Mega, F","|-mega|p1a: Pidgeot|Pidgeot|Pidgeotite","|move|p2a: Lightning|Volt Switch|p1a: Pidgeot","|-supereffective|p1a: Pidgeot","|-damage|p1a: Pidgeot|9/307","|","|switch|p2a: Plugg-in Failure|Electivire, M, shiny|156/291","|-damage|p2a: Plugg-in Failure|120/291|[from] Stealth Rock","|move|p1a: Pidgeot|Hurricane|p2a: Plugg-in Failure","|-resisted|p2a: Plugg-in Failure","|-damage|p2a: Plugg-in Failure|29/291","|","|turn|53","|","|move|p2a: Plugg-in Failure|Ice Punch|p1a: Pidgeot","|-supereffective|p1a: Pidgeot","|-damage|p1a: Pidgeot|0 fnt","|faint|p1a: Pidgeot","|","|","|switch|p1a: Dragonite|Dragonite, M|49/323","|turn|54","|","|move|p1a: Dragonite|Extreme Speed|p2a: Plugg-in Failure","|-damage|p2a: Plugg-in Failure|0 fnt","|faint|p2a: Plugg-in Failure","|","|","|switch|p2a: Lightning|Raichu, M, shiny|229/261","|-damage|p2a: Lightning|197/261|[from] Stealth Rock","|turn|55","|","|move|p1a: Dragonite|Extreme Speed|p2a: Lightning","|-damage|p2a: Lightning|23/261","|move|p2a: Lightning|Surf|p1a: Dragonite","|-resisted|p1a: Dragonite","|-damage|p1a: Dragonite|15/323","|","|turn|56","|","|move|p1a: Dragonite|Extreme Speed|p2a: Lightning","|-damage|p2a: Lightning|0 fnt","|faint|p2a: Lightning","|","|win|Guard Wulf - ⓛⓤⓒⓚⓨ"],"p1rating":{"entryid":"7326062","serverid":"eos","formatid":"monotype","userid":"guardwulf","username":"Guard Wulf","w":57,"l":"28","t":"0","gxe":64.1,"r":"1612.6543994126","rd":"41.801224475511","sigma":"0","rptime":"1439542800","rpr":1609.945215554,"rprd":40.043022990145,"rpsigma":"0","acre":1272.2331506921,"lacre":1272.2331506921,"oldacre":"1259.6924265003"},"p2rating":{"entryid":"6857825","serverid":"eos","formatid":"monotype","userid":"gtxbzumzum","username":"GTX♅Bzumzum","w":"37","l":124,"t":"0","gxe":23.4,"r":"1277.7253664831","rd":"32.406786298539","sigma":"0","rptime":"1439542800","rpr":1275.8606958613,"rprd":32.268809255885,"rpsigma":"0","acre":1059.3445975894,"lacre":1059.3445975894,"oldacre":"1069.597722305"},"endType":"normal"}