{"seed":[22923,44479,59222,45575],"turns":32,"p1":"Sereana","p2":"GTX♅Bzumzum","p1team":[{"name":"Mew","species":"Mew","item":"leftovers","ability":"Synchronize","moves":["swordsdance","suckerpunch","knockoff","zenheadbutt"],"nature":"Jolly","evs":{"hp":0,"atk":252,"def":0,"spa":0,"spd":4,"spe":252},"ivs":{"hp":31,"atk":31,"def":31,"spa":31,"spd":31,"spe":31}},{"name":"Reuniclus","species":"Reuniclus","item":"lifeorb","ability":"Magic Guard","moves":["futuresight","focusblast","flashcannon","psyshock"],"nature":"Modest","evs":{"hp":248,"atk":0,"def":0,"spa":252,"spd":8,"spe":0},"ivs":{"hp":31,"atk":31,"def":31,"spa":31,"spd":31,"spe":31}},{"name":"Latias","species":"Latias","item":"latiasite","ability":"Levitate","moves":["storedpower","calmmind","dragonpulse","roost"],"nature":"Timid","evs":{"hp":0,"atk":0,"def":252,"spa":0,"spd":0,"spe":252},"ivs":{"hp":31,"atk":31,"def":31,"spa":31,"spd":31,"spe":31}},{"name":"Victini","species":"Victini","item":"choicescarf","ability":"Victory Star","moves":["finalgambit","vcreate"],"nature":"Jolly","evs":{"hp":252,"atk":4,"def":0,"spa":0,"spd":0,"spe":252},"ivs":{"hp":31,"atk":31,"def":31,"spa":31,"spd":31,"spe":31}},{"name":"Jirachi","species":"Jirachi","item":"choiceband","ability":"Serene Grace","moves":["ironhead","zenheadbutt","icepunch","uturn"],"nature":"Jolly","evs":{"hp":0,"atk":252,"def":0,"spa":0,"spd":4,"spe":252},"ivs":{"hp":31,"atk":31,"def":31,"spa":31,"spd":31,"spe":31}},{"name":"Girafarig","species":"Girafarig","item":"focussash","ability":"Early Bird","moves":["batonpass","agility","hypervoice","dazzlinggleam"],"nature":"Timid","evs":{"hp":0,"atk":0,"def":0,"spa":252,"spd":4,"spe":252},"ivs":{"hp":31,"atk":31,"def":31,"spa":31,"spd":31,"spe":31}}],"p2team":[{"name":"Lightning","species":"raichu","item":"assaultvest","ability":"Static","moves":["voltswitch","grassknot","hiddenpowerfire","surf"],"nature":"Timid","evs":{"hp":0,"atk":0,"def":160,"spa":148,"spd":0,"spe":200},"gender":"M","ivs":{"hp":31,"atk":30,"def":31,"spa":30,"spd":31,"spe":30},"shiny":true},{"name":"Plugg-in Failure","species":"electivire","item":"choicescarf","ability":"Vital Spirit","moves":["crosschop","earthquake","rockslide","icepunch"],"nature":"Jolly","evs":{"hp":0,"atk":252,"def":0,"spa":0,"spd":4,"spe":252},"gender":"M","shiny":true,"ivs":{"hp":31,"atk":31,"def":31,"spa":31,"spd":31,"spe":31}},{"name":"Breezer","species":"rotomfrost","item":"rockyhelmet","ability":"Levitate","moves":["blizzard","protect","signalbeam","trick"],"nature":"Calm","evs":{"hp":228,"atk":0,"def":120,"spa":8,"spd":152,"spe":0},"shiny":true,"ivs":{"hp":31,"atk":31,"def":31,"spa":31,"spd":31,"spe":31}},{"name":"MY ZONE!!!","species":"magnezone","item":"choicespecs","ability":"Sturdy","moves":["flashcannon","triattack","hiddenpowerice","signalbeam"],"nature":"Timid","evs":{"hp":228,"atk":0,"def":0,"spa":252,"spd":28,"spe":0},"ivs":{"hp":31,"atk":30,"def":30,"spa":31,"spd":31,"spe":31},"shiny":true},{"name":"Cheecko","species":"dedenne","item":"sitrusberry","ability":"Cheek Pouch","moves":["recycle","protect","hiddenpowergrass","superfang"],"nature":"Timid","evs":{"hp":220,"atk":0,"def":80,"spa":8,"spd":0,"spe":200},"gender":"M","ivs":{"hp":31,"atk":30,"def":31,"spa":30,"spd":31,"spe":31},"shiny":true},{"name":"Flicker-Sparkz","species":"luxray","item":"assaultvest","ability":"Intimidate","moves":["wildcharge","firefang","superpower","quickattack"],"nature":"Adamant","evs":{"hp":248,"atk":252,"def":0,"spa":0,"spd":8,"spe":0},"gender":"M","shiny":true,"ivs":{"hp":31,"atk":31,"def":31,"spa":31,"spd":31,"spe":31}}],"log":["|player|p1|Sereana|mashumashu.png","|player|p2|GTX♅Bzumzum|225","|gametype|singles","|gen|6","|tier|Monotype","|rated","|rule|Baton Pass Clause: Limit one Baton Passer, can't pass Spe and other stats simultaneously","|rule|Swagger Clause: Swagger is banned","|rule|Same Type Clause: Pokémon in a team must share a type","|clearpoke","|poke|p1|Mew","|poke|p1|Reuniclus, F","|poke|p1|Latias, F","|poke|p1|Victini","|poke|p1|Jirachi","|poke|p1|Girafarig, F","|poke|p2|Raichu, M, shiny","|poke|p2|Electivire, M, shiny","|poke|p2|Rotom-Frost, shiny","|poke|p2|Magnezone, shiny","|poke|p2|Dedenne, M, shiny","|poke|p2|Luxray, M, shiny","|rule|Sleep Clause Mod: Limit one foe put to sleep","|rule|Species Clause: Limit one of each Pokémon","|rule|OHKO Clause: OHKO moves are banned","|rule|Moody Clause: Moody is banned","|rule|Evasion Moves Clause: Evasion moves are banned","|rule|Endless Battle Clause: Forcing endless battles is banned","|rule|HP Percentage Mod: HP is shown in percentages","|teampreview","|","|start","|switch|p1a: Jirachi|Jirachi|341/341","|switch|p2a: Cheecko|Dedenne, M, shiny|330/330","|turn|1","|","|switch|p1a: Reuniclus|Reuniclus, F|423/423","|move|p2a: Cheecko|Super Fang|p1a: Reuniclus","|-damage|p1a: Reuniclus|212/423","|","|turn|2","|","|move|p2a: Cheecko|Protect|p2a: Cheecko","|-singleturn|p2a: Cheecko|Protect","|move|p1a: Reuniclus|Future Sight|p2a: Cheecko","|-start|p1a: Reuniclus|move: Future Sight","|","|turn|3","|","|switch|p2a: Breezer|Rotom-Frost, shiny|298/298","|move|p1a: Reuniclus|Psyshock|p2a: Breezer","|-damage|p2a: Breezer|125/298","|","|turn|4","|","|switch|p1a: Latias|Latias, F|301/301","|move|p2a: Breezer|Signal Beam|p1a: Latias","|-supereffective|p1a: Latias","|-damage|p1a: Latias|203/301","|","|-end|p2a: Breezer|move: Future Sight","|-damage|p2a: Breezer|0 fnt","|faint|p2a: Breezer","|","|switch|p2a: Plugg-in Failure|Electivire, M, shiny|291/291","|turn|5","|","|detailschange|p1a: Latias|Latias-Mega, F","|-mega|p1a: Latias|Latias|Latiasite","|move|p2a: Plugg-in Failure|Ice Punch|p1a: Latias","|-supereffective|p1a: Latias","|-damage|p1a: Latias|87/301","|move|p1a: Latias|Roost|p1a: Latias","|-heal|p1a: Latias|238/301","|","|turn|6","|","|switch|p1a: Jirachi|Jirachi|341/341","|move|p2a: Plugg-in Failure|Ice Punch|p1a: Jirachi","|-resisted|p1a: Jirachi","|-damage|p1a: Jirachi|299/341","|","|turn|7","|","|switch|p2a: Cheecko|Dedenne, M, shiny|330/330","|move|p1a: Jirachi|U-turn|p2a: Cheecko","|-resisted|p2a: Cheecko","|-damage|p2a: Cheecko|263/330","|","|switch|p1a: Victini|Victini|404/404","|","|turn|8","|","|move|p2a: Cheecko|Protect|p2a: Cheecko","|-singleturn|p2a: Cheecko|Protect","|move|p1a: Victini|V-create|p2a: Cheecko","|-activate|p2a: Cheecko|Protect","|","|turn|9","|","|switch|p1a: Latias|Latias-Mega, F|238/301","|move|p2a: Cheecko|Super Fang|p1a: Latias","|-damage|p1a: Latias|119/301","|","|turn|10","|","|move|p2a: Cheecko|Protect|p2a: Cheecko","|-singleturn|p2a: Cheecko|Protect","|move|p1a: Latias|Roost|p1a: Latias","|-heal|p1a: Latias|270/301","|","|turn|11","|","|move|p1a: Latias|Stored Power|p2a: Cheecko","|-crit|p2a: Cheecko","|-damage|p2a: Cheecko|202/330","|move|p2a: Cheecko|Super Fang|p1a: Latias","|-damage|p1a: Latias|135/301","|","|turn|12","|","|move|p1a: Latias|Calm Mind|p1a: Latias","|-boost|p1a: Latias|spa|1","|-boost|p1a: Latias|spd|1","|move|p2a: Cheecko|Super Fang|p1a: Latias","|-damage|p1a: Latias|68/301","|","|turn|13","|","|move|p1a: Latias|Roost|p1a: Latias","|-heal|p1a: Latias|219/301","|move|p2a: Cheecko|Hidden Power|p1a: Latias","|-resisted|p1a: Latias","|-damage|p1a: Latias|209/301","|","|turn|14","|","|move|p1a: Latias|Calm Mind|p1a: Latias","|-boost|p1a: Latias|spa|1","|-boost|p1a: Latias|spd|1","|move|p2a: Cheecko|Super Fang|p1a: Latias","|-damage|p1a: Latias|105/301","|","|turn|15","|","|move|p1a: Latias|Roost|p1a: Latias","|-heal|p1a: Latias|256/301","|move|p2a: Cheecko|Super Fang|p1a: Latias","|-damage|p1a: Latias|128/301","|","|turn|16","|","|switch|p2a: Flicker-Sparkz|Luxray, M, shiny|363/363","|-ability|p2a: Flicker-Sparkz|Intimidate","|-unboost|p1a: Latias|atk|1","|move|p1a: Latias|Calm Mind|p1a: Latias","|-boost|p1a: Latias|spa|1","|-boost|p1a: Latias|spd|1","|","|turn|17","|","|move|p2a: Flicker-Sparkz|Quick Attack|p1a: Latias","|-damage|p1a: Latias|95/301","|move|p1a: Latias|Roost|p1a: Latias","|-heal|p1a: Latias|246/301","|","|turn|18","|","|move|p1a: Latias|Dragon Pulse|p2a: Flicker-Sparkz","|-damage|p2a: Flicker-Sparkz|98/363","|move|p2a: Flicker-Sparkz|Fire Fang|p1a: Latias","|-resisted|p1a: Latias","|-damage|p1a: Latias|216/301","|-status|p1a: Latias|brn","|","|-damage|p1a: Latias|179/301 brn|[from] brn","|turn|19","|","|move|p2a: Flicker-Sparkz|Quick Attack|p1a: Latias","|-crit|p1a: Latias","|-damage|p1a: Latias|130/301 brn","|move|p1a: Latias|Dragon Pulse|p2a: Flicker-Sparkz","|-damage|p2a: Flicker-Sparkz|0 fnt","|faint|p2a: Flicker-Sparkz","|","|-damage|p1a: Latias|93/301 brn|[from] brn","|","|switch|p2a: MY ZONE!!!|Magnezone, shiny|338/338","|turn|20","|","|move|p1a: Latias|Roost|p1a: Latias","|-heal|p1a: Latias|244/301 brn","|move|p2a: MY ZONE!!!|Signal Beam|p1a: Latias","|-supereffective|p1a: Latias","|-damage|p1a: Latias|164/301 brn","|","|-damage|p1a: Latias|127/301 brn|[from] brn","|turn|21","|","|move|p1a: Latias|Roost|p1a: Latias","|-heal|p1a: Latias|278/301 brn","|move|p2a: MY ZONE!!!|Signal Beam|p1a: Latias","|-supereffective|p1a: Latias","|-damage|p1a: Latias|200/301 brn","|","|-damage|p1a: Latias|163/301 brn|[from] brn","|turn|22","|","|move|p1a: Latias|Stored Power|p2a: MY ZONE!!!","|-resisted|p2a: MY ZONE!!!","|-damage|p2a: MY ZONE!!!|66/338","|move|p2a: MY ZONE!!!|Signal Beam|p1a: Latias","|-supereffective|p1a: Latias","|-damage|p1a: Latias|83/301 brn","|-start|p1a: Latias|confusion","|","|-damage|p1a: Latias|46/301 brn|[from] brn","|turn|23","|","|switch|p2a: Cheecko|Dedenne, M, shiny|202/330","|-activate|p1a: Latias|confusion","|-damage|p1a: Latias|39/301 brn|[from] confusion","|","|-damage|p1a: Latias|2/301 brn|[from] brn","|turn|24","|","|move|p2a: Cheecko|Protect|p2a: Cheecko","|-singleturn|p2a: Cheecko|Protect","|-activate|p1a: Latias|confusion","|move|p1a: Latias|Roost|p1a: Latias","|-heal|p1a: Latias|153/301 brn","|","|-damage|p1a: Latias|116/301 brn|[from] brn","|turn|25","|","|-end|p1a: Latias|confusion","|move|p1a: Latias|Roost|p1a: Latias","|-heal|p1a: Latias|267/301 brn","|move|p2a: Cheecko|Super Fang|p1a: Latias","|-damage|p1a: Latias|134/301 brn","|","|-damage|p1a: Latias|97/301 brn|[from] brn","|turn|26","|","|move|p1a: Latias|Roost|p1a: Latias","|-heal|p1a: Latias|248/301 brn","|move|p2a: Cheecko|Super Fang|p1a: Latias","|-damage|p1a: Latias|124/301 brn","|","|-damage|p1a: Latias|87/301 brn|[from] brn","|turn|27","|","|switch|p2a: Plugg-in Failure|Electivire, M, shiny|291/291","|move|p1a: Latias|Stored Power|p2a: Plugg-in Failure","|-damage|p2a: Plugg-in Failure|0 fnt","|faint|p2a: Plugg-in Failure","|","|-damage|p1a: Latias|50/301 brn|[from] brn","|","|switch|p2a: Lightning|Raichu, M, shiny|261/261","|turn|28","|","|move|p1a: Latias|Stored Power|p2a: Lightning","|-damage|p2a: Lightning|0 fnt","|faint|p2a: Lightning","|","|-damage|p1a: Latias|13/301 brn|[from] brn","|","|switch|p2a: Cheecko|Dedenne, M, shiny|202/330","|turn|29","|","|move|p1a: Latias|Roost|p1a: Latias","|-heal|p1a: Latias|164/301 brn","|move|p2a: Cheecko|Hidden Power|p1a: Latias","|-resisted|p1a: Latias","|-damage|p1a: Latias|159/301 brn","|","|-damage|p1a: Latias|122/301 brn|[from] brn","|turn|30","|","|switch|p2a: MY ZONE!!!|Magnezone, shiny|66/338","|move|p1a: Latias|Stored Power|p2a: MY ZONE!!!","|-crit|p2a: MY ZONE!!!","|-resisted|p2a: MY ZONE!!!","|-damage|p2a: MY ZONE!!!|0 fnt","|faint|p2a: MY ZONE!!!","|","|-damage|p1a: Latias|85/301 brn|[from] brn","|","|switch|p2a: Cheecko|Dedenne, M, shiny|202/330","|turn|31","|","|move|p2a: Cheecko|Protect|p2a: Cheecko","|-singleturn|p2a: Cheecko|Protect","|move|p1a: Latias|Roost|p1a: Latias","|-heal|p1a: Latias|236/301 brn","|","|-damage|p1a: Latias|199/301 brn|[from] brn","|turn|32","|","|move|p2a: Cheecko|Protect|p2a: Cheecko","|-fail|p2a: Cheecko","|move|p1a: Latias|Stored Power|p2a: Cheecko","|-damage|p2a: Cheecko|0 fnt","|faint|p2a: Cheecko","|","|win|Sereana"],"p1rating":{"entryid":"7004134","serverid":"eos","formatid":"monotype","userid":"sereana","username":"Sereana","w":9,"l":"7","t":"0","gxe":54.3,"r":"1484.5309758966","rd":"87.121043254934","sigma":"0","rptime":"1439542800","rpr":1533.3906612813,"rprd":77.341697604769,"rpsigma":"0","acre":1159.1176136274,"lacre":1159.1176136274,"oldacre":"1139.8059419003"},"p2rating":{"entryid":"6857825","serverid":"eos","formatid":"monotype","userid":"gtxbzumzum","username":"GTX♅Bzumzum","w":"37","l":125,"t":"0","gxe":23.2,"r":"1277.7253664831","rd":"32.406786298539","sigma":"0","rptime":"1439542800","rpr":1274.4875731694,"rprd":32.174632655966,"rpsigma":"0","acre":1044.743668574,"lacre":1044.743668574,"oldacre":"1059.3445975894"},"endType":"normal"}