{"seed":[31055,3893,38888,60197],"turns":30,"p1":"Prince ♫ Sky","p2":"alliance-c-control","p1team":[{"name":"Galvantula","species":"Galvantula","item":"focussash","ability":"Compound Eyes","moves":["stickyweb","thunder","energyball","hiddenpowerice"],"nature":"Timid","evs":{"hp":0,"atk":0,"def":0,"spa":252,"spd":0,"spe":252},"ivs":{"hp":31,"atk":30,"def":30,"spa":31,"spd":31,"spe":31}},{"name":"Genesect","species":"Genesect","item":"choicescarf","ability":"Download","moves":["thunderbolt","flamethrower","uturn","icebeam"],"nature":"Naive","evs":{"hp":0,"atk":0,"def":0,"spa":252,"spd":0,"spe":252},"ivs":{"hp":31,"atk":31,"def":31,"spa":31,"spd":31,"spe":31}},{"name":"Volcarona","species":"Volcarona","item":"lumberry","ability":"Flame Body","moves":["bugbuzz","fierydance","quiverdance","roost"],"nature":"Timid","evs":{"hp":0,"atk":0,"def":0,"spa":252,"spd":0,"spe":252},"ivs":{"hp":31,"atk":31,"def":31,"spa":31,"spd":31,"spe":31}},{"name":"Forretress","species":"Forretress","item":"redcard","ability":"Sturdy","moves":["gyroball","voltswitch","rapidspin","stealthrock"],"nature":"Relaxed","evs":{"hp":252,"atk":0,"def":252,"spa":0,"spd":0,"spe":0},"ivs":{"hp":31,"atk":31,"def":31,"spa":31,"spd":31,"spe":0}},{"name":"Pinsir","species":"Pinsir","item":"pinsirite","ability":"Moxie","moves":["earthquake","frustration","quickattack","swordsdance"],"nature":"Jolly","evs":{"hp":0,"atk":252,"def":0,"spa":0,"spd":0,"spe":252},"happiness":0,"ivs":{"hp":31,"atk":31,"def":31,"spa":31,"spd":31,"spe":31}},{"name":"Scizor","species":"Scizor","item":"leftovers","ability":"Technician","moves":["bulletpunch","swordsdance","knockoff","superpower"],"nature":"Impish","evs":{"hp":4,"atk":252,"def":252,"spa":0,"spd":0,"spe":0},"ivs":{"hp":31,"atk":31,"def":31,"spa":31,"spd":31,"spe":31}}],"p2team":[{"name":"Zapdos","species":"Zapdos","item":"rockyhelmet","ability":"Pressure","moves":["defog","heatwave","voltswitch","roost"],"nature":"Modest","evs":{"hp":248,"atk":0,"def":0,"spa":252,"spd":8,"spe":0},"ivs":{"hp":31,"atk":31,"def":31,"spa":31,"spd":31,"spe":31}},{"name":"Magnezone","species":"Magnezone","item":"choicescarf","ability":"Analytic","moves":["flashcannon","hiddenpowerice","voltswitch","mirrorcoat"],"nature":"Timid","evs":{"hp":0,"atk":0,"def":0,"spa":252,"spd":4,"spe":252},"ivs":{"hp":31,"atk":30,"def":30,"spa":31,"spd":31,"spe":31}},{"name":"Rotom-Wash","species":"Rotom-Wash","item":"leftovers","ability":"Levitate","moves":["hydropump","willowisp","voltswitch","painsplit"],"nature":"Bold","evs":{"hp":252,"atk":0,"def":248,"spa":8,"spd":0,"spe":0},"ivs":{"hp":31,"atk":31,"def":31,"spa":31,"spd":31,"spe":31}},{"name":"Zebstrika","species":"Zebstrika","item":"leftovers","ability":"Sap Sipper","moves":["flamecharge","bounce","mefirst","snatch"],"nature":"Jolly","evs":{"hp":0,"atk":252,"def":0,"spa":0,"spd":4,"spe":252},"happiness":0,"ivs":{"hp":31,"atk":31,"def":31,"spa":31,"spd":31,"spe":31}},{"name":"Thundurus","species":"Thundurus","item":"leftovers","ability":"Prankster","moves":["flashcannon","superpower","thunderbolt","thunderwave"],"nature":"Hasty","evs":{"hp":0,"atk":4,"def":0,"spa":252,"spd":0,"spe":252},"ivs":{"hp":31,"atk":31,"def":31,"spa":31,"spd":31,"spe":31}},{"name":"Emolga","species":"Emolga","item":"sitrusberry","ability":"Motor Drive","moves":["acrobatics","roost","uturn","tailwind"],"nature":"Adamant","evs":{"hp":0,"atk":252,"def":0,"spa":0,"spd":4,"spe":252},"ivs":{"hp":31,"atk":31,"def":31,"spa":31,"spd":31,"spe":31}}],"log":["|player|p1|Prince ♫ Sky|princesky.gif","|player|p2|alliance-c-control|190","|gametype|singles","|gen|6","|tier|Monotype","|rated","|rule|Baton Pass Clause: Limit one Baton Passer, can't pass Spe and other stats simultaneously","|rule|Swagger Clause: Swagger is banned","|rule|Same Type Clause: Pokémon in a team must share a type","|clearpoke","|poke|p1|Galvantula, F","|poke|p1|Genesect-*","|poke|p1|Volcarona, F","|poke|p1|Forretress, M","|poke|p1|Pinsir, M","|poke|p1|Scizor, F","|poke|p2|Zapdos","|poke|p2|Magnezone","|poke|p2|Rotom-Wash","|poke|p2|Zebstrika, F","|poke|p2|Thundurus, M","|poke|p2|Emolga, F","|rule|Sleep Clause Mod: Limit one foe put to sleep","|rule|Species Clause: Limit one of each Pokémon","|rule|OHKO Clause: OHKO moves are banned","|rule|Moody Clause: Moody is banned","|rule|Evasion Moves Clause: Evasion moves are banned","|rule|Endless Battle Clause: Forcing endless battles is banned","|rule|HP Percentage Mod: HP is shown in percentages","|teampreview","|","|start","|switch|p1a: Galvantula|Galvantula, F|281/281","|switch|p2a: Emolga|Emolga, F|251/251","|turn|1","|","|move|p1a: Galvantula|Hidden Power|p2a: Emolga","|-supereffective|p2a: Emolga","|-damage|p2a: Emolga|81/251","|-enditem|p2a: Emolga|Sitrus Berry|[eat]","|-heal|p2a: Emolga|143/251|[from] item: Sitrus Berry","|move|p2a: Emolga|Tailwind|p2a: Emolga","|-sidestart|p2: alliance-c-control|move: Tailwind","|","|turn|2","|","|move|p2a: Emolga|U-turn|p1a: Galvantula","|-damage|p1a: Galvantula|181/281","|","|switch|p2a: Magnezone|Magnezone|281/281","|move|p1a: Galvantula|Sticky Web|p2a: Magnezone","|-sidestart|p2: alliance-c-control|move: Sticky Web","|","|turn|3","|","|move|p2a: Magnezone|Volt Switch|p1a: Galvantula","|-resisted|p1a: Galvantula","|-damage|p1a: Galvantula|92/281","|","|switch|p2a: Emolga|Emolga, F|143/251","|move|p1a: Galvantula|Thunder|p2a: Emolga","|-boost|p2a: Emolga|spe|1|[from] ability: Motor Drive","|","|turn|4","|","|move|p2a: Emolga|Acrobatics|p1a: Galvantula","|-damage|p1a: Galvantula|0 fnt","|faint|p1a: Galvantula","|","|-sideend|p2: alliance-c-control|move: Tailwind","|","|switch|p1a: Genesect|Genesect|283/283","|-boost|p1a: Genesect|atk|1|[from] ability: Download","|turn|5","|","|switch|p2a: Rotom-Wash|Rotom-Wash|304/304","|move|p1a: Genesect|Ice Beam|p2a: Rotom-Wash","|-resisted|p2a: Rotom-Wash","|-damage|p2a: Rotom-Wash|252/304","|","|-heal|p2a: Rotom-Wash|271/304|[from] item: Leftovers","|turn|6","|","|switch|p1a: Scizor|Scizor, F|282/282","|move|p2a: Rotom-Wash|Volt Switch|p1a: Scizor","|-damage|p1a: Scizor|171/282","|","|switch|p2a: Zebstrika|Zebstrika, F|291/291","|-activate|p2a: Zebstrika|move: Sticky Web","|-unboost|p2a: Zebstrika|spe|1","|","|-heal|p1a: Scizor|188/282|[from] item: Leftovers","|turn|7","|","|move|p2a: Zebstrika|Flame Charge|p1a: Scizor","|-supereffective|p1a: Scizor","|-damage|p1a: Scizor|52/282","|-boost|p2a: Zebstrika|spe|1","|move|p1a: Scizor|Knock Off|p2a: Zebstrika","|-damage|p2a: Zebstrika|119/291","|-enditem|p2a: Zebstrika|Leftovers|[from] move: Knock Off|[of] p1a: Scizor","|","|-heal|p1a: Scizor|69/282|[from] item: Leftovers","|turn|8","|","|move|p1a: Scizor|Bullet Punch|p2a: Zebstrika","|-resisted|p2a: Zebstrika","|-damage|p2a: Zebstrika|39/291","|move|p2a: Zebstrika|Flame Charge|p1a: Scizor","|-crit|p1a: Scizor","|-supereffective|p1a: Scizor","|-damage|p1a: Scizor|0 fnt","|-boost|p2a: Zebstrika|spe|1","|faint|p1a: Scizor","|","|","|switch|p1a: Volcarona|Volcarona, F|311/311","|turn|9","|","|move|p2a: Zebstrika|Bounce|p1a: Volcarona|[still]","|-prepare|p2a: Zebstrika|Bounce|p1a: Volcarona","|move|p1a: Volcarona|Quiver Dance|p1a: Volcarona","|-boost|p1a: Volcarona|spa|1","|-boost|p1a: Volcarona|spd|1","|-boost|p1a: Volcarona|spe|1","|","|turn|10","|","|switch|p1a: Forretress|Forretress, M|354/354","|move|p2a: Zebstrika|Bounce|p1a: Forretress|[from]lockedmove","|-damage|p1a: Forretress|309/354","|-enditem|p1a: Forretress|Red Card|[of] p2a: Zebstrika","|drag|p2a: Emolga|Emolga, F|143/251","|","|turn|11","|","|move|p2a: Emolga|Roost|p2a: Emolga","|-heal|p2a: Emolga|251/251","|move|p1a: Forretress|Stealth Rock|p2a: Emolga","|-sidestart|p2: alliance-c-control|move: Stealth Rock","|","|turn|12","|","|switch|p1a: Genesect|Genesect|283/283","|-boost|p1a: Genesect|atk|1|[from] ability: Download","|move|p2a: Emolga|Tailwind|p2a: Emolga","|-sidestart|p2: alliance-c-control|move: Tailwind","|","|turn|13","|","|move|p2a: Emolga|U-turn|p1a: Genesect","|-resisted|p1a: Genesect","|-damage|p1a: Genesect|252/283","|","|switch|p2a: Magnezone|Magnezone|281/281","|-damage|p2a: Magnezone|264/281|[from] Stealth Rock","|-activate|p2a: Magnezone|move: Sticky Web","|-unboost|p2a: Magnezone|spe|1","|move|p1a: Genesect|U-turn|p2a: Magnezone","|-resisted|p2a: Magnezone","|-damage|p2a: Magnezone|204/281","|","|switch|p1a: Volcarona|Volcarona, F|311/311","|","|turn|14","|","|move|p2a: Magnezone|Volt Switch|p1a: Volcarona","|-damage|p1a: Volcarona|196/311","|","|switch|p2a: Emolga|Emolga, F|251/251","|-damage|p2a: Emolga|189/251|[from] Stealth Rock","|move|p1a: Volcarona|Fiery Dance|p2a: Emolga","|-damage|p2a: Emolga|0 fnt","|faint|p2a: Emolga","|","|","|switch|p2a: Rotom-Wash|Rotom-Wash|271/304","|-damage|p2a: Rotom-Wash|233/304|[from] Stealth Rock","|turn|15","|","|switch|p1a: Genesect|Genesect|252/283","|-boost|p1a: Genesect|spa|1|[from] ability: Download","|move|p2a: Rotom-Wash|Hydro Pump|p1a: Genesect","|-damage|p1a: Genesect|96/283","|","|-heal|p2a: Rotom-Wash|252/304|[from] item: Leftovers","|-sideend|p2: alliance-c-control|move: Tailwind","|turn|16","|","|switch|p2a: Zebstrika|Zebstrika, F|39/291","|-damage|p2a: Zebstrika|3/291|[from] Stealth Rock","|-activate|p2a: Zebstrika|move: Sticky Web","|-unboost|p2a: Zebstrika|spe|1","|move|p1a: Genesect|U-turn|p2a: Zebstrika","|-damage|p2a: Zebstrika|0 fnt","|faint|p2a: Zebstrika","|","|switch|p1a: Volcarona|Volcarona, F|196/311","|","|","|switch|p2a: Thundurus|Thundurus, M|299/299","|-damage|p2a: Thundurus|225/299|[from] Stealth Rock","|turn|17","|","|move|p2a: Thundurus|Thunder Wave|p1a: Volcarona","|-status|p1a: Volcarona|par","|-enditem|p1a: Volcarona|Lum Berry|[eat]","|-curestatus|p1a: Volcarona|par","|move|p1a: Volcarona|Fiery Dance|p2a: Thundurus","|-damage|p2a: Thundurus|38/299","|-boost|p1a: Volcarona|spa|1","|","|-heal|p2a: Thundurus|56/299|[from] item: Leftovers","|turn|18","|","|switch|p1a: Forretress|Forretress, M|309/354","|move|p2a: Thundurus|Thunder Wave|p1a: Forretress","|-status|p1a: Forretress|par","|","|-heal|p2a: Thundurus|74/299|[from] item: Leftovers","|turn|19","|","|move|p2a: Thundurus|Thunderbolt|p1a: Forretress","|-damage|p1a: Forretress|69/354 par","|move|p1a: Forretress|Volt Switch|p2a: Thundurus","|-damage|p2a: Thundurus|28/299","|","|switch|p1a: Genesect|Genesect|96/283","|-boost|p1a: Genesect|atk|1|[from] ability: Download","|","|-heal|p2a: Thundurus|46/299|[from] item: Leftovers","|turn|20","|","|switch|p1a: Forretress|Forretress, M|69/354 par","|move|p2a: Thundurus|Thunder Wave|p1a: Forretress","|-fail|p1a: Forretress|par","|","|-heal|p2a: Thundurus|64/299|[from] item: Leftovers","|turn|21","|","|move|p2a: Thundurus|Thunderbolt|p1a: Forretress","|-damage|p1a: Forretress|0 fnt","|faint|p1a: Forretress","|","|-heal|p2a: Thundurus|82/299|[from] item: Leftovers","|","|switch|p1a: Pinsir|Pinsir, M|271/271","|turn|22","|","|detailschange|p1a: Pinsir|Pinsir-Mega, M","|-mega|p1a: Pinsir|Pinsir|Pinsirite","|move|p2a: Thundurus|Thunder Wave|p1a: Pinsir","|-status|p1a: Pinsir|par","|move|p1a: Pinsir|Quick Attack|p2a: Thundurus","|-resisted|p2a: Thundurus","|-damage|p2a: Thundurus|1/299","|","|-heal|p2a: Thundurus|19/299|[from] item: Leftovers","|turn|23","|","|switch|p2a: Magnezone|Magnezone|204/281","|-activate|p2a: Magnezone|move: Sticky Web","|-unboost|p2a: Magnezone|spe|1","|-damage|p2a: Magnezone|187/281|[from] Stealth Rock","|move|p1a: Pinsir|Quick Attack|p2a: Magnezone","|-resisted|p2a: Magnezone","|-damage|p2a: Magnezone|165/281","|","|turn|24","|","|switch|p1a: Genesect|Genesect|96/283","|-boost|p1a: Genesect|spa|1|[from] ability: Download","|move|p2a: Magnezone|Volt Switch|p1a: Genesect","|-damage|p1a: Genesect|0 fnt","|faint|p1a: Genesect","|","|switch|p2a: Zapdos|Zapdos|383/383","|-damage|p2a: Zapdos|288/383|[from] Stealth Rock","|-ability|p2a: Zapdos|Pressure","|","|","|switch|p1a: Volcarona|Volcarona, F|196/311","|turn|25","|","|move|p1a: Volcarona|Quiver Dance|p1a: Volcarona","|-boost|p1a: Volcarona|spa|1","|-boost|p1a: Volcarona|spd|1","|-boost|p1a: Volcarona|spe|1","|move|p2a: Zapdos|Defog|p1a: Volcarona","|-unboost|p1a: Volcarona|evasion|1","|-sideend|p2: alliance-c-control|Stealth Rock|[from] move: Defog|[of] p2a: Zapdos","|-sideend|p2: alliance-c-control|Sticky Web|[from] move: Defog|[of] p2a: Zapdos","|","|turn|26","|","|move|p1a: Volcarona|Fiery Dance|p2a: Zapdos","|-damage|p2a: Zapdos|68/383","|move|p2a: Zapdos|Volt Switch|p1a: Volcarona","|-damage|p1a: Volcarona|102/311","|","|switch|p2a: Thundurus|Thundurus, M|19/299","|","|-heal|p2a: Thundurus|37/299|[from] item: Leftovers","|turn|27","|","|move|p2a: Thundurus|Thunder Wave|p1a: Volcarona","|-status|p1a: Volcarona|par","|move|p1a: Volcarona|Fiery Dance|p2a: Thundurus","|-damage|p2a: Thundurus|0 fnt","|faint|p2a: Thundurus","|","|","|switch|p2a: Rotom-Wash|Rotom-Wash|252/304","|turn|28","|","|move|p2a: Rotom-Wash|Hydro Pump|p1a: Volcarona","|-crit|p1a: Volcarona","|-supereffective|p1a: Volcarona","|-damage|p1a: Volcarona|0 fnt","|faint|p1a: Volcarona","|","|-heal|p2a: Rotom-Wash|271/304|[from] item: Leftovers","|","|switch|p1a: Pinsir|Pinsir-Mega, M|271/271 par","|turn|29","|","|move|p2a: Rotom-Wash|Volt Switch|p1a: Pinsir","|-supereffective|p1a: Pinsir","|-damage|p1a: Pinsir|65/271 par","|","|switch|p2a: Zapdos|Zapdos|68/383","|-ability|p2a: Zapdos|Pressure","|move|p1a: Pinsir|Frustration|p2a: Zapdos","|-resisted|p2a: Zapdos","|-damage|p2a: Zapdos|0 fnt","|-damage|p1a: Pinsir|20/271 par|[from] item: Rocky Helmet|[of] p2a: Zapdos","|faint|p2a: Zapdos","|","|","|switch|p2a: Magnezone|Magnezone|165/281","|turn|30","|","|move|p1a: Pinsir|Quick Attack|p2a: Magnezone","|-resisted|p2a: Magnezone","|-damage|p2a: Magnezone|143/281","|move|p2a: Magnezone|Volt Switch|p1a: Pinsir","|-supereffective|p1a: Pinsir","|-damage|p1a: Pinsir|0 fnt","|faint|p1a: Pinsir","|","|win|alliance-c-control"],"p1rating":{"entryid":"7606450","serverid":"eos","formatid":"monotype","userid":"princesky","username":"Prince ♡ Sky","w":"8","l":2,"t":"0","gxe":65.2,"r":"1578.962580868","rd":"101.76762202782","sigma":"0","rptime":"1439542800","rpr":1621.8296654673,"rprd":86.939303249519,"rpsigma":"0","acre":1164.9549449452,"lacre":1164.9549449452,"oldacre":"1196.3771384104"},"p2rating":{"entryid":"6440455","serverid":"eos","formatid":"monotype","userid":"allianceccontrol","username":"Alliance-C-Control","w":244,"l":"310","t":"0","gxe":45,"r":"1460.7413433616","rd":"32.724461965919","sigma":"0","rptime":"1439542800","rpr":1462.1791257536,"rprd":32.240823934299,"rpsigma":"0","acre":1136.5025069522,"lacre":1136.5025069522,"oldacre":"1105.080313487"},"endType":"normal"}