{"seed":[15610,43353,60089,28240],"turns":38,"p1":"Alliance - Asurax","p2":"Void Chrono","p1team":[{"name":"Hawlucha","species":"Hawlucha","item":"sitrusberry","ability":"Unburden","moves":["substitute","swordsdance","acrobatics","highjumpkick"],"nature":"Jolly","evs":{"hp":4,"atk":252,"def":0,"spa":0,"spd":0,"spe":252},"ivs":{"hp":29,"atk":31,"def":31,"spa":31,"spd":31,"spe":31}},{"name":"Breloom","species":"Breloom","item":"focussash","ability":"Technician","moves":["spore","swordsdance","bulletseed","machpunch"],"nature":"Adamant","evs":{"hp":0,"atk":252,"def":0,"spa":0,"spd":4,"spe":252},"ivs":{"hp":31,"atk":31,"def":31,"spa":31,"spd":31,"spe":31}},{"name":"Terrakion","species":"Terrakion","item":"choicescarf","ability":"Justified","moves":["closecombat","stoneedge","earthquake","ironhead"],"nature":"Jolly","evs":{"hp":0,"atk":252,"def":0,"spa":0,"spd":4,"spe":252},"ivs":{"hp":31,"atk":31,"def":31,"spa":31,"spd":31,"spe":31}},{"name":"Keldeo-Resolute","species":"Keldeo-Resolute","item":"choicespecs","ability":"Justified","moves":["scald","hydropump","secretsword","icywind"],"nature":"Timid","evs":{"hp":0,"atk":0,"def":0,"spa":252,"spd":4,"spe":252},"ivs":{"hp":31,"atk":31,"def":31,"spa":31,"spd":31,"spe":31}},{"name":"Gallade","species":"Gallade","item":"galladite","ability":"Steadfast","moves":["swordsdance","drainpunch","knockoff","shadowsneak"],"nature":"Jolly","evs":{"hp":0,"atk":252,"def":0,"spa":0,"spd":4,"spe":252},"ivs":{"hp":31,"atk":31,"def":31,"spa":31,"spd":31,"spe":31}},{"name":"Infernape","species":"Infernape","item":"focussash","ability":"Blaze","moves":["fakeout","closecombat","fireblast","stealthrock"],"nature":"Hasty","evs":{"hp":0,"atk":252,"def":0,"spa":4,"spd":0,"spe":252},"ivs":{"hp":31,"atk":31,"def":31,"spa":31,"spd":31,"spe":31}}],"p2team":[{"name":"Skarmory","species":"Skarmory","item":"leftovers","ability":"Sturdy","moves":["skydrop","toxic","roost","taunt"],"nature":"Impish","evs":{"hp":252,"atk":0,"def":252,"spa":0,"spd":0,"spe":4},"ivs":{"hp":31,"atk":31,"def":31,"spa":31,"spd":31,"spe":31}},{"name":"Charizard","species":"Charizard","item":"charizarditex","ability":"Blaze","moves":["willowisp","roost","skydrop","firepunch"],"nature":"Careful","evs":{"hp":248,"atk":8,"def":64,"spa":0,"spd":188,"spe":0},"ivs":{"hp":31,"atk":31,"def":31,"spa":31,"spd":31,"spe":31}},{"name":"Dragonite","species":"Dragonite","item":"leftovers","ability":"Multiscale","moves":["roost","dragondance","outrage","extremespeed"],"nature":"Jolly","evs":{"hp":128,"atk":128,"def":0,"spa":0,"spd":0,"spe":252},"ivs":{"hp":31,"atk":31,"def":31,"spa":31,"spd":31,"spe":31}},{"name":"Rotom-Fan","species":"Rotom-Fan","item":"leftovers","ability":"Levitate","moves":["foulplay","willowisp","voltswitch","painsplit"],"nature":"Calm","evs":{"hp":248,"atk":0,"def":8,"spa":0,"spd":252,"spe":0},"ivs":{"hp":31,"atk":31,"def":31,"spa":31,"spd":31,"spe":31}},{"name":"Togekiss","species":"Togekiss","item":"leftovers","ability":"Serene Grace","moves":["healbell","airslash","roost","defog"],"nature":"Calm","evs":{"hp":248,"atk":0,"def":8,"spa":0,"spd":252,"spe":0},"ivs":{"hp":31,"atk":31,"def":31,"spa":31,"spd":31,"spe":31}},{"name":"Gliscor","species":"Gliscor","item":"toxicorb","ability":"Poison Heal","moves":["toxic","protect","taunt","earthquake"],"nature":"Impish","evs":{"hp":248,"atk":0,"def":188,"spa":0,"spd":0,"spe":72},"ivs":{"hp":31,"atk":31,"def":31,"spa":31,"spd":31,"spe":31}}],"log":["|player|p1|Alliance - Asurax|allianceasurax.png","|player|p2|Void Chrono|voidchrono.png","|gametype|singles","|gen|6","|tier|Monotype","|rated","|rule|Baton Pass Clause: Limit one Baton Passer, can't pass Spe and other stats simultaneously","|rule|Swagger Clause: Swagger is banned","|rule|Same Type Clause: Pokémon in a team must share a type","|clearpoke","|poke|p1|Hawlucha, M","|poke|p1|Breloom, M","|poke|p1|Terrakion","|poke|p1|Keldeo-Resolute","|poke|p1|Gallade, M","|poke|p1|Infernape, M","|poke|p2|Skarmory, M","|poke|p2|Charizard, M","|poke|p2|Dragonite, F","|poke|p2|Rotom-Fan","|poke|p2|Togekiss, M","|poke|p2|Gliscor, M","|rule|Sleep Clause Mod: Limit one foe put to sleep","|rule|Species Clause: Limit one of each Pokémon","|rule|OHKO Clause: OHKO moves are banned","|rule|Moody Clause: Moody is banned","|rule|Evasion Moves Clause: Evasion moves are banned","|rule|Endless Battle Clause: Forcing endless battles is banned","|rule|HP Percentage Mod: HP is shown in percentages","|teampreview","|","|start","|switch|p1a: Infernape|Infernape, M|293/293","|switch|p2a: Charizard|Charizard, M|359/359","|turn|1","|","|detailschange|p2a: Charizard|Charizard-Mega-X, M","|-mega|p2a: Charizard|Charizard|Charizardite X","|move|p1a: Infernape|Fake Out|p2a: Charizard","|-damage|p2a: Charizard|325/359","|cant|p2a: Charizard|flinch","|","|turn|2","|","|move|p1a: Infernape|Close Combat|p2a: Charizard","|-damage|p2a: Charizard|163/359","|-unboost|p1a: Infernape|def|1","|-unboost|p1a: Infernape|spd|1","|move|p2a: Charizard|Sky Drop|p1a: Infernape|[still]","|-prepare|p2a: Charizard|Sky Drop|p1a: Infernape","|","|turn|3","|","|move|p2a: Charizard|Sky Drop|p1a: Infernape|[from]lockedmove","|-supereffective|p1a: Infernape","|-enditem|p1a: Infernape|Focus Sash","|-damage|p1a: Infernape|1/293","|-end|p1a: Infernape|Sky Drop","|","|turn|4","|","|switch|p2a: Togekiss|Togekiss, M|373/373","|move|p1a: Infernape|Stealth Rock|p2a: Togekiss","|-sidestart|p2: Void Chrono|move: Stealth Rock","|","|turn|5","|","|move|p1a: Infernape|Fire Blast|p2a: Togekiss","|-damage|p2a: Togekiss|244/373","|move|p2a: Togekiss|Defog|p1a: Infernape","|-unboost|p1a: Infernape|evasion|1","|-sideend|p2: Void Chrono|Stealth Rock|[from] move: Defog|[of] p2a: Togekiss","|","|-heal|p2a: Togekiss|267/373|[from] item: Leftovers","|turn|6","|","|move|p1a: Infernape|Stealth Rock|p2a: Togekiss","|-sidestart|p2: Void Chrono|move: Stealth Rock","|move|p2a: Togekiss|Roost|p2a: Togekiss","|-heal|p2a: Togekiss|373/373","|","|turn|7","|","|move|p1a: Infernape|Fire Blast|p2a: Togekiss|[miss]","|-miss|p1a: Infernape|p2a: Togekiss","|move|p2a: Togekiss|Defog|p1a: Infernape","|-unboost|p1a: Infernape|evasion|1","|-sideend|p2: Void Chrono|Stealth Rock|[from] move: Defog|[of] p2a: Togekiss","|","|turn|8","|","|move|p1a: Infernape|Stealth Rock|p2a: Togekiss","|-sidestart|p2: Void Chrono|move: Stealth Rock","|move|p2a: Togekiss|Defog|p1a: Infernape","|-unboost|p1a: Infernape|evasion|1","|-sideend|p2: Void Chrono|Stealth Rock|[from] move: Defog|[of] p2a: Togekiss","|","|turn|9","|","|switch|p2a: Dragonite|Dragonite, F|355/355","|move|p1a: Infernape|Stealth Rock|p2a: Dragonite","|-sidestart|p2: Void Chrono|move: Stealth Rock","|","|turn|10","|","|move|p2a: Dragonite|Extreme Speed|p1a: Infernape","|-damage|p1a: Infernape|0 fnt","|faint|p1a: Infernape","|","|","|switch|p1a: Terrakion|Terrakion|323/323","|turn|11","|","|switch|p1a: Keldeo-Resolute|Keldeo-Resolute|323/323","|switch|p2a: Gliscor|Gliscor, M|353/353","|-damage|p2a: Gliscor|309/353|[from] Stealth Rock","|","|-status|p2a: Gliscor|tox|[from] item: Toxic Orb","|turn|12","|","|switch|p2a: Togekiss|Togekiss, M|373/373","|-damage|p2a: Togekiss|280/373|[from] Stealth Rock","|move|p1a: Keldeo-Resolute|Hydro Pump|p2a: Togekiss|[miss]","|-miss|p1a: Keldeo-Resolute|p2a: Togekiss","|","|-heal|p2a: Togekiss|303/373|[from] item: Leftovers","|turn|13","|","|switch|p1a: Breloom|Breloom, M|261/261","|move|p2a: Togekiss|Defog|p1a: Breloom","|-unboost|p1a: Breloom|evasion|1","|-sideend|p2: Void Chrono|Stealth Rock|[from] move: Defog|[of] p2a: Togekiss","|","|-heal|p2a: Togekiss|326/373|[from] item: Leftovers","|turn|14","|","|move|p1a: Breloom|Spore|p2a: Togekiss","|-status|p2a: Togekiss|slp","|cant|p2a: Togekiss|slp","|","|-heal|p2a: Togekiss|349/373 slp|[from] item: Leftovers","|turn|15","|","|switch|p2a: Skarmory|Skarmory, M|334/334","|move|p1a: Breloom|Swords Dance|p1a: Breloom","|-boost|p1a: Breloom|atk|2","|","|turn|16","|","|move|p1a: Breloom|Bullet Seed|p2a: Skarmory","|-resisted|p2a: Skarmory","|-damage|p2a: Skarmory|313/334","|-resisted|p2a: Skarmory","|-damage|p2a: Skarmory|292/334","|-hitcount|p2a: Skarmory|2","|move|p2a: Skarmory|Toxic|p1a: Breloom","|-status|p1a: Breloom|tox","|","|-heal|p2a: Skarmory|312/334|[from] item: Leftovers","|-damage|p1a: Breloom|245/261 tox|[from] psn","|turn|17","|","|move|p1a: Breloom|Swords Dance|p1a: Breloom","|-boost|p1a: Breloom|atk|2","|move|p2a: Skarmory|Sky Drop|p1a: Breloom|[still]","|-prepare|p2a: Skarmory|Sky Drop|p1a: Breloom","|","|-heal|p2a: Skarmory|332/334|[from] item: Leftovers","|-damage|p1a: Breloom|213/261 tox|[from] psn","|turn|18","|","|move|p2a: Skarmory|Sky Drop|p1a: Breloom|[from]lockedmove","|-supereffective|p1a: Breloom","|-damage|p1a: Breloom|0 fnt","|-end|p1a: Breloom|Sky Drop","|faint|p1a: Breloom","|","|-heal|p2a: Skarmory|334/334|[from] item: Leftovers","|","|switch|p1a: Hawlucha|Hawlucha, M|296/296","|turn|19","|","|move|p1a: Hawlucha|Substitute|p1a: Hawlucha","|-start|p1a: Hawlucha|Substitute","|-damage|p1a: Hawlucha|222/296","|move|p2a: Skarmory|Sky Drop|p1a: Hawlucha|[still]","|-fail|p1a: Hawlucha","|","|turn|20","|","|switch|p2a: Rotom-Fan|Rotom-Fan|303/303","|move|p1a: Hawlucha|Swords Dance|p1a: Hawlucha","|-boost|p1a: Hawlucha|atk|2","|","|turn|21","|","|move|p1a: Hawlucha|High Jump Kick|p2a: Rotom-Fan","|-resisted|p2a: Rotom-Fan","|-damage|p2a: Rotom-Fan|124/303","|move|p2a: Rotom-Fan|Foul Play|p1a: Hawlucha","|-resisted|p1a: Hawlucha","|-end|p1a: Hawlucha|Substitute","|","|-heal|p2a: Rotom-Fan|142/303|[from] item: Leftovers","|turn|22","|","|move|p1a: Hawlucha|High Jump Kick|p2a: Rotom-Fan","|-resisted|p2a: Rotom-Fan","|-damage|p2a: Rotom-Fan|0 fnt","|faint|p2a: Rotom-Fan","|","|","|switch|p2a: Dragonite|Dragonite, F|355/355","|turn|23","|","|switch|p1a: Terrakion|Terrakion|323/323","|move|p2a: Dragonite|Outrage|p1a: Terrakion","|-damage|p1a: Terrakion|109/323","|","|turn|24","|","|switch|p1a: Gallade|Gallade, M|277/277","|move|p2a: Dragonite|Outrage|p1a: Gallade|[from]lockedmove","|-damage|p1a: Gallade|15/277","|","|turn|25","|","|detailschange|p1a: Gallade|Gallade-Mega, M","|-mega|p1a: Gallade|Gallade|Galladite","|move|p2a: Dragonite|Outrage|p1a: Gallade|[from]lockedmove","|-damage|p1a: Gallade|0 fnt","|-start|p2a: Dragonite|confusion|[fatigue]","|faint|p1a: Gallade","|","|","|switch|p1a: Hawlucha|Hawlucha, M|222/296","|turn|26","|","|switch|p2a: Skarmory|Skarmory, M|334/334","|move|p1a: Hawlucha|Substitute|p1a: Hawlucha","|-start|p1a: Hawlucha|Substitute","|-damage|p1a: Hawlucha|148/296","|-enditem|p1a: Hawlucha|Sitrus Berry|[eat]","|-heal|p1a: Hawlucha|222/296|[from] item: Sitrus Berry","|","|turn|27","|","|move|p1a: Hawlucha|Swords Dance|p1a: Hawlucha","|-boost|p1a: Hawlucha|atk|2","|move|p2a: Skarmory|Taunt|p1a: Hawlucha","|-start|p1a: Hawlucha|move: Taunt","|","|turn|28","|","|switch|p2a: Gliscor|Gliscor, M|309/353 tox","|move|p1a: Hawlucha|High Jump Kick|p2a: Gliscor","|-crit|p2a: Gliscor","|-resisted|p2a: Gliscor","|-damage|p2a: Gliscor|147/353 tox","|","|-heal|p2a: Gliscor|191/353 tox|[from] ability: Poison Heal","|turn|29","|","|move|p2a: Gliscor|Protect|p2a: Gliscor","|-singleturn|p2a: Gliscor|Protect","|move|p1a: Hawlucha|Acrobatics|p2a: Gliscor","|-activate|p2a: Gliscor|Protect","|","|-heal|p2a: Gliscor|235/353 tox|[from] ability: Poison Heal","|turn|30","|","|switch|p2a: Togekiss|Togekiss, M|349/373 slp","|move|p1a: Hawlucha|Acrobatics|p2a: Togekiss","|-damage|p2a: Togekiss|55/373 slp","|","|-heal|p2a: Togekiss|78/373 slp|[from] item: Leftovers","|-end|p1a: Hawlucha|move: Taunt","|turn|31","|","|move|p1a: Hawlucha|Swords Dance|p1a: Hawlucha","|-boost|p1a: Hawlucha|atk|2","|cant|p2a: Togekiss|slp","|","|-heal|p2a: Togekiss|101/373 slp|[from] item: Leftovers","|turn|32","|","|move|p1a: Hawlucha|Acrobatics|p2a: Togekiss","|-damage|p2a: Togekiss|0 fnt","|faint|p2a: Togekiss","|","|","|switch|p2a: Dragonite|Dragonite, F|355/355","|turn|33","|","|move|p1a: Hawlucha|Acrobatics|p2a: Dragonite","|-damage|p2a: Dragonite|125/355","|move|p2a: Dragonite|Outrage|p1a: Hawlucha","|-end|p1a: Hawlucha|Substitute","|","|-heal|p2a: Dragonite|147/355|[from] item: Leftovers","|turn|34","|","|move|p1a: Hawlucha|Acrobatics|p2a: Dragonite","|-crit|p2a: Dragonite","|-damage|p2a: Dragonite|0 fnt","|faint|p2a: Dragonite","|","|","|switch|p2a: Charizard|Charizard-Mega-X, M|163/359","|turn|35","|","|move|p1a: Hawlucha|Acrobatics|p2a: Charizard","|-damage|p2a: Charizard|0 fnt","|faint|p2a: Charizard","|","|","|switch|p2a: Skarmory|Skarmory, M|334/334","|turn|36","|","|move|p1a: Hawlucha|Substitute|p1a: Hawlucha","|-start|p1a: Hawlucha|Substitute","|-damage|p1a: Hawlucha|148/296","|move|p2a: Skarmory|Sky Drop|p1a: Hawlucha|[still]","|-fail|p1a: Hawlucha","|","|turn|37","|","|move|p1a: Hawlucha|High Jump Kick|p2a: Skarmory","|-damage|p2a: Skarmory|22/334","|move|p2a: Skarmory|Roost|p2a: Skarmory","|-heal|p2a: Skarmory|189/334","|","|-heal|p2a: Skarmory|209/334|[from] item: Leftovers","|turn|38","|","|win|Alliance - Asurax"],"p1rating":{"entryid":"6516367","serverid":"eos","formatid":"monotype","userid":"allianceasurax","username":"Alliance - Asurax","w":79,"l":"28","t":"0","gxe":75.5,"r":"1704.8140624002","rd":"46.549419944264","sigma":"0","rptime":"1439542800","rpr":1713.1034060379,"rprd":45.844029663124,"rpsigma":"0","acre":1474.6716148989,"lacre":1474.6716148989,"oldacre":"1465.0821298447"},"p2rating":{"entryid":"5810362","serverid":"eos","formatid":"monotype","userid":"voidchrono","username":"Void Chrono ת_תת_ת","w":"137","l":76,"t":"0","gxe":64.1,"r":"1611.2226912623","rd":"32.671005913625","sigma":"0","rptime":"1439542800","rpr":1609.5074050888,"rprd":32.266630534179,"rpsigma":"0","acre":1252.6038785022,"lacre":1252.6038785022,"oldacre":"1264.59073482"},"endType":"forfeit"}