{"seed":[51139,61200,15554,5674],"turns":36,"p1":"Im Slash","p2":"Imp❇ Jk","p1team":[{"name":"Meloetta","species":"Meloetta","item":"choicespecs","ability":"Serene Grace","moves":["hypervoice","thunderbolt","shadowball","psyshock"],"nature":"Modest","evs":{"hp":248,"atk":0,"def":0,"spa":252,"spd":8,"spe":0},"ivs":{"hp":31,"atk":31,"def":31,"spa":31,"spd":31,"spe":31}},{"name":"Latias","species":"Latias","item":"lifeorb","ability":"Levitate","moves":["dracometeor","healingwish","psyshock","defog"],"nature":"Timid","evs":{"hp":0,"atk":0,"def":0,"spa":252,"spd":4,"spe":252},"ivs":{"hp":31,"atk":31,"def":31,"spa":31,"spd":31,"spe":31}},{"name":"Slowbro","species":"Slowbro","item":"rockyhelmet","ability":"Regenerator","moves":["scald","icebeam","slackoff","thunderwave"],"nature":"Bold","evs":{"hp":248,"atk":0,"def":252,"spa":8,"spd":0,"spe":0},"ivs":{"hp":31,"atk":31,"def":31,"spa":31,"spd":31,"spe":31}},{"name":"Metagross","species":"Metagross","item":"assaultvest","ability":"Clear Body","moves":["earthquake","meteormash","bulletpunch","zenheadbutt"],"nature":"Adamant","evs":{"hp":248,"atk":252,"def":0,"spa":0,"spd":8,"spe":0},"shiny":true,"ivs":{"hp":31,"atk":31,"def":31,"spa":31,"spd":31,"spe":31}},{"name":"Victini","species":"Victini","item":"choicescarf","ability":"Victory Star","moves":["brickbreak","vcreate","uturn","boltstrike"],"nature":"Hasty","evs":{"hp":0,"atk":252,"def":0,"spa":4,"spd":0,"spe":252},"ivs":{"hp":31,"atk":31,"def":31,"spa":31,"spd":31,"spe":31}},{"name":"Gardevoir","species":"Gardevoir","item":"gardevoirite","ability":"Trace","moves":["hypervoice","psyshock","calmmind","focusblast"],"nature":"Timid","evs":{"hp":0,"atk":0,"def":0,"spa":252,"spd":0,"spe":252},"ivs":{"hp":31,"atk":31,"def":31,"spa":31,"spd":31,"spe":31}}],"p2team":[{"name":"Cobalion","species":"Cobalion","item":"leftovers","ability":"Justified","moves":["thunderwave","ironhead","stealthrock","taunt"],"nature":"Impish","evs":{"hp":252,"atk":4,"def":252,"spa":0,"spd":0,"spe":0},"ivs":{"hp":31,"atk":31,"def":31,"spa":31,"spd":31,"spe":31}},{"name":"Scrafty","species":"Scrafty","item":"leftovers","ability":"Shed Skin","moves":["icepunch","crunch","drainpunch","bulkup"],"nature":"Careful","evs":{"hp":252,"atk":4,"def":0,"spa":0,"spd":252,"spe":0},"ivs":{"hp":31,"atk":31,"def":31,"spa":31,"spd":31,"spe":31}},{"name":"Hitmontop","species":"Hitmontop","item":"assaultvest","ability":"Intimidate","moves":["endeavor","seismictoss","suckerpunch","rapidspin"],"nature":"Impish","evs":{"hp":252,"atk":0,"def":64,"spa":0,"spd":192,"spe":0},"ivs":{"hp":31,"atk":31,"def":31,"spa":31,"spd":31,"spe":31}},{"name":"Infernape","species":"Infernape","item":"focussash","ability":"Blaze","moves":["flamethrower","vacuumwave","nastyplot","encore"],"nature":"Timid","evs":{"hp":0,"atk":0,"def":0,"spa":252,"spd":0,"spe":252},"ivs":{"hp":31,"atk":31,"def":31,"spa":31,"spd":31,"spe":31}},{"name":"Heracross","species":"Heracross","item":"heracronite","ability":"Moxie","moves":["bulletseed","pinmissile","rockblast","closecombat"],"nature":"Adamant","evs":{"hp":252,"atk":124,"def":132,"spa":0,"spd":0,"spe":0},"ivs":{"hp":31,"atk":31,"def":31,"spa":31,"spd":31,"spe":31}},{"name":"Terrakion","species":"Terrakion","item":"choicescarf","ability":"Justified","moves":["closecombat","stoneedge","earthquake","ironhead"],"nature":"Adamant","evs":{"hp":4,"atk":252,"def":0,"spa":0,"spd":0,"spe":252},"ivs":{"hp":31,"atk":31,"def":31,"spa":31,"spd":31,"spe":31}}],"log":["|player|p1|Im Slash|144","|player|p2|Imp❇ Jk|93","|gametype|singles","|gen|6","|tier|Monotype","|rated","|rule|Baton Pass Clause: Limit one Baton Passer, can't pass Spe and other stats simultaneously","|rule|Swagger Clause: Swagger is banned","|rule|Same Type Clause: Pokémon in a team must share a type","|clearpoke","|poke|p1|Meloetta","|poke|p1|Latias, F","|poke|p1|Slowbro, M","|poke|p1|Metagross, shiny","|poke|p1|Victini","|poke|p1|Gardevoir, F","|poke|p2|Cobalion","|poke|p2|Scrafty, F","|poke|p2|Hitmontop, M","|poke|p2|Infernape, M","|poke|p2|Heracross, M","|poke|p2|Terrakion","|rule|Sleep Clause Mod: Limit one foe put to sleep","|rule|Species Clause: Limit one of each Pokémon","|rule|OHKO Clause: OHKO moves are banned","|rule|Moody Clause: Moody is banned","|rule|Evasion Moves Clause: Evasion moves are banned","|rule|Endless Battle Clause: Forcing endless battles is banned","|rule|HP Percentage Mod: HP is shown in percentages","|teampreview","|","|start","|switch|p1a: Metagross|Metagross, shiny|363/363","|switch|p2a: Terrakion|Terrakion|324/324","|turn|1","|","|switch|p2a: Cobalion|Cobalion|386/386","|move|p1a: Metagross|Zen Headbutt|p2a: Cobalion","|-damage|p2a: Cobalion|293/386","|","|-heal|p2a: Cobalion|317/386|[from] item: Leftovers","|turn|2","|","|move|p2a: Cobalion|Thunder Wave|p1a: Metagross","|-status|p1a: Metagross|par","|move|p1a: Metagross|Earthquake|p2a: Cobalion","|-supereffective|p2a: Cobalion","|-damage|p2a: Cobalion|157/386","|","|-heal|p2a: Cobalion|181/386|[from] item: Leftovers","|turn|3","|","|move|p2a: Cobalion|Stealth Rock|p1a: Metagross","|-sidestart|p1: Im Slash|move: Stealth Rock","|move|p1a: Metagross|Zen Headbutt|p2a: Cobalion","|-damage|p2a: Cobalion|85/386","|","|-heal|p2a: Cobalion|109/386|[from] item: Leftovers","|turn|4","|","|switch|p2a: Hitmontop|Hitmontop, M|304/304","|-ability|p2a: Hitmontop|Intimidate","|-fail|p1a: Metagross|unboost|[from] ability: Clear Body|[of] p1a: Metagross","|cant|p1a: Metagross|par","|","|turn|5","|","|move|p2a: Hitmontop|Sucker Punch|p1a: Metagross","|-supereffective|p1a: Metagross","|-damage|p1a: Metagross|261/363 par","|cant|p1a: Metagross|par","|","|turn|6","|","|switch|p1a: Gardevoir|Gardevoir, F|277/277","|-damage|p1a: Gardevoir|243/277|[from] Stealth Rock","|-ability|p1a: Gardevoir|Intimidate|[from] ability: Trace|[of] p2a: Hitmontop","|-ability|p1a: Gardevoir|Intimidate","|-unboost|p2a: Hitmontop|atk|1","|move|p2a: Hitmontop|Seismic Toss|p1a: Gardevoir","|-damage|p1a: Gardevoir|143/277","|","|turn|7","|","|detailschange|p1a: Gardevoir|Gardevoir-Mega, F","|-mega|p1a: Gardevoir|Gardevoir|Gardevoirite","|move|p1a: Gardevoir|Hyper Voice|p2a: Hitmontop","|-supereffective|p2a: Hitmontop","|-damage|p2a: Hitmontop|22/304","|move|p2a: Hitmontop|Seismic Toss|p1a: Gardevoir","|-damage|p1a: Gardevoir|43/277","|","|turn|8","|","|move|p2a: Hitmontop|Sucker Punch|p1a: Gardevoir","|-fail|p2a: Hitmontop","|move|p1a: Gardevoir|Calm Mind|p1a: Gardevoir","|-boost|p1a: Gardevoir|spa|1","|-boost|p1a: Gardevoir|spd|1","|","|turn|9","|","|move|p2a: Hitmontop|Sucker Punch|p1a: Gardevoir","|-fail|p2a: Hitmontop","|move|p1a: Gardevoir|Calm Mind|p1a: Gardevoir","|-boost|p1a: Gardevoir|spa|1","|-boost|p1a: Gardevoir|spd|1","|","|turn|10","|","|move|p2a: Hitmontop|Sucker Punch|p1a: Gardevoir","|-fail|p2a: Hitmontop","|move|p1a: Gardevoir|Calm Mind|p1a: Gardevoir","|-boost|p1a: Gardevoir|spa|1","|-boost|p1a: Gardevoir|spd|1","|","|turn|11","|","|move|p1a: Gardevoir|Hyper Voice|p2a: Hitmontop","|-supereffective|p2a: Hitmontop","|-damage|p2a: Hitmontop|0 fnt","|faint|p2a: Hitmontop","|","|","|switch|p2a: Infernape|Infernape, M|293/293","|turn|12","|","|switch|p1a: Latias|Latias, F|301/301","|-damage|p1a: Latias|264/301|[from] Stealth Rock","|move|p2a: Infernape|Flamethrower|p1a: Latias","|-resisted|p1a: Latias","|-damage|p1a: Latias|210/301","|","|turn|13","|","|move|p1a: Latias|Defog|p2a: Infernape","|-unboost|p2a: Infernape|evasion|1","|-sideend|p1: Im Slash|Stealth Rock|[from] move: Defog|[of] p1a: Latias","|move|p2a: Infernape|Nasty Plot|p2a: Infernape","|-boost|p2a: Infernape|spa|2","|","|turn|14","|","|move|p1a: Latias|Psyshock|p2a: Infernape","|-supereffective|p2a: Infernape","|-enditem|p2a: Infernape|Focus Sash","|-damage|p2a: Infernape|1/293","|-damage|p1a: Latias|180/301|[from] item: Life Orb","|move|p2a: Infernape|Flamethrower|p1a: Latias","|-resisted|p1a: Latias","|-damage|p1a: Latias|3/301","|","|turn|15","|","|switch|p1a: Metagross|Metagross, shiny|261/363 par","|move|p2a: Infernape|Vacuum Wave|p1a: Metagross","|-damage|p1a: Metagross|171/363 par","|","|turn|16","|","|cant|p1a: Metagross|par","|move|p2a: Infernape|Flamethrower|p1a: Metagross","|-supereffective|p1a: Metagross","|-damage|p1a: Metagross|0 fnt","|faint|p1a: Metagross","|","|","|switch|p1a: Victini|Victini|341/341","|turn|17","|","|move|p1a: Victini|U-turn|p2a: Infernape","|-resisted|p2a: Infernape","|-damage|p2a: Infernape|0 fnt","|faint|p2a: Infernape","|","|switch|p1a: Slowbro|Slowbro, M|393/393","|","|","|switch|p2a: Cobalion|Cobalion|109/386","|turn|18","|","|move|p2a: Cobalion|Stealth Rock|p1a: Slowbro","|-sidestart|p1: Im Slash|move: Stealth Rock","|move|p1a: Slowbro|Scald|p2a: Cobalion","|-damage|p2a: Cobalion|0 fnt","|faint|p2a: Cobalion","|","|","|switch|p2a: Scrafty|Scrafty, F|334/334","|turn|19","|","|switch|p1a: Latias|Latias, F|3/301","|-damage|p1a: Latias|0 fnt|[from] Stealth Rock","|faint|p1a: Latias","|move|p2a: Scrafty|Crunch|p1: Latias|[notarget]","|-notarget","|","|","|switch|p1a: Gardevoir|Gardevoir-Mega, F|43/277","|-damage|p1a: Gardevoir|9/277|[from] Stealth Rock","|turn|20","|","|switch|p2a: Heracross|Heracross, M|364/364","|move|p1a: Gardevoir|Hyper Voice|p2a: Heracross","|-supereffective|p2a: Heracross","|-damage|p2a: Heracross|0 fnt","|faint|p2a: Heracross","|","|","|switch|p2a: Terrakion|Terrakion|324/324","|turn|21","|","|move|p2a: Terrakion|Stone Edge|p1a: Gardevoir","|-damage|p1a: Gardevoir|0 fnt","|faint|p1a: Gardevoir","|","|","|switch|p1a: Slowbro|Slowbro, M|393/393","|-damage|p1a: Slowbro|344/393|[from] Stealth Rock","|turn|22","|","|switch|p2a: Scrafty|Scrafty, F|334/334","|move|p1a: Slowbro|Scald|p2a: Scrafty","|-crit|p2a: Scrafty","|-damage|p2a: Scrafty|238/334","|","|-heal|p2a: Scrafty|258/334|[from] item: Leftovers","|turn|23","|","|move|p2a: Scrafty|Bulk Up|p2a: Scrafty","|-boost|p2a: Scrafty|atk|1","|-boost|p2a: Scrafty|def|1","|move|p1a: Slowbro|Thunder Wave|p2a: Scrafty","|-status|p2a: Scrafty|par","|","|-heal|p2a: Scrafty|278/334 par|[from] item: Leftovers","|turn|24","|","|switch|p1a: Meloetta|Meloetta|403/403","|-damage|p1a: Meloetta|353/403|[from] Stealth Rock","|move|p2a: Scrafty|Crunch|p1a: Meloetta","|-supereffective|p1a: Meloetta","|-damage|p1a: Meloetta|17/403","|","|-heal|p2a: Scrafty|298/334 par|[from] item: Leftovers","|turn|25","|","|move|p1a: Meloetta|Hyper Voice|p2a: Scrafty","|-damage|p2a: Scrafty|133/334 par","|move|p2a: Scrafty|Drain Punch|p1a: Meloetta","|-damage|p1a: Meloetta|0 fnt","|-heal|p2a: Scrafty|142/334 par|[from] drain|[of] p1a: Meloetta","|faint|p1a: Meloetta","|","|-heal|p2a: Scrafty|162/334 par|[from] item: Leftovers","|","|switch|p1a: Victini|Victini|341/341","|-damage|p1a: Victini|256/341|[from] Stealth Rock","|turn|26","|","|switch|p2a: Terrakion|Terrakion|324/324","|move|p1a: Victini|V-create|p2a: Terrakion","|-resisted|p2a: Terrakion","|-damage|p2a: Terrakion|190/324","|-unboost|p1a: Victini|spe|1","|-unboost|p1a: Victini|def|1","|-unboost|p1a: Victini|spd|1","|","|turn|27","|","|switch|p2a: Scrafty|Scrafty, F|162/334 par","|switch|p1a: Slowbro|Slowbro, M|393/393","|-damage|p1a: Slowbro|344/393|[from] Stealth Rock","|","|-activate|p2a: Scrafty|ability: Shed Skin","|-curestatus|p2a: Scrafty|par","|-heal|p2a: Scrafty|182/334|[from] item: Leftovers","|turn|28","|","|move|p2a: Scrafty|Bulk Up|p2a: Scrafty","|-boost|p2a: Scrafty|atk|1","|-boost|p2a: Scrafty|def|1","|move|p1a: Slowbro|Scald|p2a: Scrafty","|-damage|p2a: Scrafty|116/334","|","|-heal|p2a: Scrafty|136/334|[from] item: Leftovers","|turn|29","|","|move|p2a: Scrafty|Crunch|p1a: Slowbro","|-supereffective|p1a: Slowbro","|-damage|p1a: Slowbro|158/393","|-damage|p2a: Scrafty|81/334|[from] item: Rocky Helmet|[of] p1a: Slowbro","|move|p1a: Slowbro|Thunder Wave|p2a: Scrafty","|-status|p2a: Scrafty|par","|","|-heal|p2a: Scrafty|101/334 par|[from] item: Leftovers","|turn|30","|","|move|p1a: Slowbro|Slack Off|p1a: Slowbro","|-heal|p1a: Slowbro|355/393","|cant|p2a: Scrafty|par","|","|-heal|p2a: Scrafty|121/334 par|[from] item: Leftovers","|turn|31","|","|move|p1a: Slowbro|Scald|p2a: Scrafty","|-damage|p2a: Scrafty|55/334 par","|move|p2a: Scrafty|Bulk Up|p2a: Scrafty","|-boost|p2a: Scrafty|atk|1","|-boost|p2a: Scrafty|def|1","|","|-activate|p2a: Scrafty|ability: Shed Skin","|-curestatus|p2a: Scrafty|par","|-heal|p2a: Scrafty|75/334|[from] item: Leftovers","|turn|32","|","|move|p2a: Scrafty|Crunch|p1a: Slowbro","|-supereffective|p1a: Slowbro","|-damage|p1a: Slowbro|139/393","|-damage|p2a: Scrafty|20/334|[from] item: Rocky Helmet|[of] p1a: Slowbro","|-unboost|p1a: Slowbro|def|1","|move|p1a: Slowbro|Scald|p2a: Scrafty","|-damage|p2a: Scrafty|0 fnt","|faint|p2a: Scrafty","|","|","|switch|p2a: Terrakion|Terrakion|190/324","|turn|33","|","|switch|p1a: Victini|Victini|256/341","|-damage|p1a: Victini|171/341|[from] Stealth Rock","|move|p2a: Terrakion|Stone Edge|p1a: Victini","|-supereffective|p1a: Victini","|-damage|p1a: Victini|0 fnt","|faint|p1a: Victini","|","|","|switch|p1a: Slowbro|Slowbro, M|270/393","|-damage|p1a: Slowbro|221/393|[from] Stealth Rock","|turn|34","|","|move|p2a: Terrakion|Stone Edge|p1a: Slowbro","|-damage|p1a: Slowbro|80/393","|move|p1a: Slowbro|Slack Off|p1a: Slowbro","|-heal|p1a: Slowbro|277/393","|","|turn|35","|","|move|p2a: Terrakion|Stone Edge|p1a: Slowbro","|-damage|p1a: Slowbro|147/393","|move|p1a: Slowbro|Slack Off|p1a: Slowbro","|-heal|p1a: Slowbro|344/393","|","|turn|36","|","|move|p2a: Terrakion|Stone Edge|p1a: Slowbro","|-damage|p1a: Slowbro|221/393","|move|p1a: Slowbro|Scald|p2a: Terrakion","|-supereffective|p2a: Terrakion","|-damage|p2a: Terrakion|0 fnt","|faint|p2a: Terrakion","|","|win|Im Slash"],"p1rating":{"entryid":"7172051","serverid":"eos","formatid":"monotype","userid":"imslash","username":"Im Slash","w":13,"l":"6","t":"0","gxe":62.7,"r":"1577.0354753211","rd":"76.255770076037","sigma":"0","rptime":"1439542800","rpr":1599.8230447344,"rprd":73.253139405103,"rpsigma":"0","acre":1172.1996964922,"lacre":1172.1996964922,"oldacre":"1154.1600325977"},"p2rating":{"entryid":"7537159","serverid":"eos","formatid":"monotype","userid":"impjk","username":"Imp❇ Jk","w":"7","l":13,"t":"0","gxe":36.5,"r":1401.3438270712,"rd":71.245507487103,"sigma":"0","rptime":1439542800,"rpr":1393.8466938411,"rprd":70.149726663647,"rpsigma":"0","acre":1041.6588230606,"lacre":1041.6588230606,"oldacre":"1054.8068741511"},"endType":"normal"}