{"seed":[57613,59070,24253,37107],"turns":26,"p1":"alliance-c-control","p2":"Prince ♫ Sky","p1team":[{"name":"Zapdos","species":"Zapdos","item":"rockyhelmet","ability":"Pressure","moves":["defog","heatwave","voltswitch","roost"],"nature":"Modest","evs":{"hp":248,"atk":0,"def":0,"spa":252,"spd":8,"spe":0},"ivs":{"hp":31,"atk":31,"def":31,"spa":31,"spd":31,"spe":31}},{"name":"Magnezone","species":"Magnezone","item":"choicescarf","ability":"Analytic","moves":["flashcannon","hiddenpowerice","voltswitch","mirrorcoat"],"nature":"Timid","evs":{"hp":0,"atk":0,"def":0,"spa":252,"spd":4,"spe":252},"ivs":{"hp":31,"atk":30,"def":30,"spa":31,"spd":31,"spe":31}},{"name":"Rotom-Wash","species":"Rotom-Wash","item":"leftovers","ability":"Levitate","moves":["hydropump","willowisp","voltswitch","painsplit"],"nature":"Bold","evs":{"hp":252,"atk":0,"def":248,"spa":8,"spd":0,"spe":0},"ivs":{"hp":31,"atk":31,"def":31,"spa":31,"spd":31,"spe":31}},{"name":"Zebstrika","species":"Zebstrika","item":"leftovers","ability":"Sap Sipper","moves":["flamecharge","bounce","mefirst","snatch"],"nature":"Jolly","evs":{"hp":0,"atk":252,"def":0,"spa":0,"spd":4,"spe":252},"happiness":0,"ivs":{"hp":31,"atk":31,"def":31,"spa":31,"spd":31,"spe":31}},{"name":"Thundurus","species":"Thundurus","item":"leftovers","ability":"Prankster","moves":["flashcannon","superpower","thunderbolt","thunderwave"],"nature":"Hasty","evs":{"hp":0,"atk":4,"def":0,"spa":252,"spd":0,"spe":252},"ivs":{"hp":31,"atk":31,"def":31,"spa":31,"spd":31,"spe":31}},{"name":"Emolga","species":"Emolga","item":"sitrusberry","ability":"Motor Drive","moves":["acrobatics","roost","uturn","tailwind"],"nature":"Adamant","evs":{"hp":0,"atk":252,"def":0,"spa":0,"spd":4,"spe":252},"ivs":{"hp":31,"atk":31,"def":31,"spa":31,"spd":31,"spe":31}}],"p2team":[{"name":"Galvantula","species":"Galvantula","item":"focussash","ability":"Compound Eyes","moves":["stickyweb","thunder","energyball","hiddenpowerice"],"nature":"Timid","evs":{"hp":0,"atk":0,"def":0,"spa":252,"spd":0,"spe":252},"ivs":{"hp":31,"atk":30,"def":30,"spa":31,"spd":31,"spe":31}},{"name":"Genesect","species":"Genesect","item":"choicescarf","ability":"Download","moves":["thunderbolt","flamethrower","uturn","icebeam"],"nature":"Naive","evs":{"hp":0,"atk":0,"def":0,"spa":252,"spd":0,"spe":252},"ivs":{"hp":31,"atk":31,"def":31,"spa":31,"spd":31,"spe":31}},{"name":"Volcarona","species":"Volcarona","item":"lumberry","ability":"Flame Body","moves":["bugbuzz","fierydance","quiverdance","roost"],"nature":"Timid","evs":{"hp":0,"atk":0,"def":0,"spa":252,"spd":0,"spe":252},"ivs":{"hp":31,"atk":31,"def":31,"spa":31,"spd":31,"spe":31}},{"name":"Forretress","species":"Forretress","item":"redcard","ability":"Sturdy","moves":["gyroball","voltswitch","rapidspin","stealthrock"],"nature":"Relaxed","evs":{"hp":252,"atk":0,"def":252,"spa":0,"spd":0,"spe":0},"ivs":{"hp":31,"atk":31,"def":31,"spa":31,"spd":31,"spe":0}},{"name":"Pinsir","species":"Pinsir","item":"pinsirite","ability":"Moxie","moves":["earthquake","frustration","quickattack","swordsdance"],"nature":"Jolly","evs":{"hp":0,"atk":252,"def":0,"spa":0,"spd":0,"spe":252},"happiness":0,"ivs":{"hp":31,"atk":31,"def":31,"spa":31,"spd":31,"spe":31}},{"name":"Scizor","species":"Scizor","item":"leftovers","ability":"Technician","moves":["bulletpunch","swordsdance","knockoff","superpower"],"nature":"Impish","evs":{"hp":4,"atk":252,"def":252,"spa":0,"spd":0,"spe":0},"ivs":{"hp":31,"atk":31,"def":31,"spa":31,"spd":31,"spe":31}}],"log":["|player|p1|alliance-c-control|190","|player|p2|Prince ♫ Sky|princesky.gif","|gametype|singles","|gen|6","|tier|Monotype","|rated","|rule|Baton Pass Clause: Limit one Baton Passer, can't pass Spe and other stats simultaneously","|rule|Swagger Clause: Swagger is banned","|rule|Same Type Clause: Pokémon in a team must share a type","|clearpoke","|poke|p1|Zapdos","|poke|p1|Magnezone","|poke|p1|Rotom-Wash","|poke|p1|Zebstrika, M","|poke|p1|Thundurus, M","|poke|p1|Emolga, F","|poke|p2|Galvantula, M","|poke|p2|Genesect-*","|poke|p2|Volcarona, M","|poke|p2|Forretress, M","|poke|p2|Pinsir, M","|poke|p2|Scizor, M","|rule|Sleep Clause Mod: Limit one foe put to sleep","|rule|Species Clause: Limit one of each Pokémon","|rule|OHKO Clause: OHKO moves are banned","|rule|Moody Clause: Moody is banned","|rule|Evasion Moves Clause: Evasion moves are banned","|rule|Endless Battle Clause: Forcing endless battles is banned","|rule|HP Percentage Mod: HP is shown in percentages","|teampreview","|","|start","|switch|p1a: Emolga|Emolga, F|251/251","|switch|p2a: Genesect|Genesect|283/283","|-boost|p2a: Genesect|atk|1|[from] ability: Download","|turn|1","|","|move|p2a: Genesect|Ice Beam|p1a: Emolga","|-supereffective|p1a: Emolga","|-damage|p1a: Emolga|0 fnt","|faint|p1a: Emolga","|","|","|switch|p1a: Zebstrika|Zebstrika, M|291/291","|turn|2","|","|switch|p2a: Scizor|Scizor, M|282/282","|move|p1a: Zebstrika|Flame Charge|p2a: Scizor","|-supereffective|p2a: Scizor","|-damage|p2a: Scizor|142/282","|-boost|p1a: Zebstrika|spe|1","|","|-heal|p2a: Scizor|159/282|[from] item: Leftovers","|turn|3","|","|move|p1a: Zebstrika|Flame Charge|p2a: Scizor","|-supereffective|p2a: Scizor","|-damage|p2a: Scizor|23/282","|-boost|p1a: Zebstrika|spe|1","|move|p2a: Scizor|Knock Off|p1a: Zebstrika","|-damage|p1a: Zebstrika|135/291","|-enditem|p1a: Zebstrika|Leftovers|[from] move: Knock Off|[of] p2a: Scizor","|","|-heal|p2a: Scizor|40/282|[from] item: Leftovers","|turn|4","|","|move|p2a: Scizor|Bullet Punch|p1a: Zebstrika","|-crit|p1a: Zebstrika","|-resisted|p1a: Zebstrika","|-damage|p1a: Zebstrika|12/291","|move|p1a: Zebstrika|Flame Charge|p2a: Scizor","|-crit|p2a: Scizor","|-supereffective|p2a: Scizor","|-damage|p2a: Scizor|0 fnt","|-boost|p1a: Zebstrika|spe|1","|faint|p2a: Scizor","|","|","|switch|p2a: Galvantula|Galvantula, M|281/281","|turn|5","|","|move|p1a: Zebstrika|Snatch|p1a: Zebstrika","|-singleturn|p1a: Zebstrika|Snatch","|move|p2a: Galvantula|Sticky Web|p1a: Zebstrika","|-sidestart|p1: alliance-c-control|move: Sticky Web","|","|turn|6","|","|move|p1a: Zebstrika|Bounce|p2a: Galvantula|[still]","|-prepare|p1a: Zebstrika|Bounce|p2a: Galvantula","|move|p2a: Galvantula|Hidden Power|p1a: Zebstrika|[miss]","|-miss|p2a: Galvantula|p1a: Zebstrika","|","|turn|7","|","|move|p1a: Zebstrika|Bounce|p2a: Galvantula|[from]lockedmove","|-damage|p2a: Galvantula|156/281","|move|p2a: Galvantula|Hidden Power|p1a: Zebstrika","|-damage|p1a: Zebstrika|0 fnt","|faint|p1a: Zebstrika","|","|","|switch|p1a: Magnezone|Magnezone|281/281","|-activate|p1a: Magnezone|move: Sticky Web","|-unboost|p1a: Magnezone|spe|1","|turn|8","|","|move|p2a: Galvantula|Hidden Power|p1a: Magnezone","|-resisted|p1a: Magnezone","|-damage|p1a: Magnezone|251/281","|move|p1a: Magnezone|Volt Switch|p2a: Galvantula","|-resisted|p2a: Galvantula","|-damage|p2a: Galvantula|28/281","|","|switch|p1a: Thundurus|Thundurus, M|299/299","|","|turn|9","|","|move|p1a: Thundurus|Thunderbolt|p2a: Galvantula","|-resisted|p2a: Galvantula","|-damage|p2a: Galvantula|0 fnt","|faint|p2a: Galvantula","|","|","|switch|p2a: Genesect|Genesect|283/283","|-boost|p2a: Genesect|atk|1|[from] ability: Download","|turn|10","|","|switch|p1a: Rotom-Wash|Rotom-Wash|304/304","|move|p2a: Genesect|Ice Beam|p1a: Rotom-Wash","|-resisted|p1a: Rotom-Wash","|-damage|p1a: Rotom-Wash|255/304","|","|-heal|p1a: Rotom-Wash|274/304|[from] item: Leftovers","|turn|11","|","|move|p2a: Genesect|Ice Beam|p1a: Rotom-Wash","|-resisted|p1a: Rotom-Wash","|-damage|p1a: Rotom-Wash|227/304","|move|p1a: Rotom-Wash|Hydro Pump|p2a: Genesect|[miss]","|-miss|p1a: Rotom-Wash|p2a: Genesect","|","|-heal|p1a: Rotom-Wash|246/304|[from] item: Leftovers","|turn|12","|","|switch|p2a: Pinsir|Pinsir, M|271/271","|move|p1a: Rotom-Wash|Volt Switch|p2a: Pinsir","|-damage|p2a: Pinsir|148/271","|","|switch|p1a: Zapdos|Zapdos|383/383","|-ability|p1a: Zapdos|Pressure","|","|turn|13","|","|detailschange|p2a: Pinsir|Pinsir-Mega, M","|-mega|p2a: Pinsir|Pinsir|Pinsirite","|move|p2a: Pinsir|Swords Dance|p2a: Pinsir","|-boost|p2a: Pinsir|atk|2","|move|p1a: Zapdos|Volt Switch|p2a: Pinsir","|-supereffective|p2a: Pinsir","|-damage|p2a: Pinsir|0 fnt","|faint|p2a: Pinsir","|","|switch|p1a: Thundurus|Thundurus, M|299/299","|","|","|switch|p2a: Forretress|Forretress, M|354/354","|turn|14","|","|switch|p1a: Zapdos|Zapdos|383/383","|-ability|p1a: Zapdos|Pressure","|move|p2a: Forretress|Volt Switch|p1a: Zapdos","|-damage|p1a: Zapdos|340/383","|","|switch|p2a: Volcarona|Volcarona, M|311/311","|","|turn|15","|","|move|p2a: Volcarona|Quiver Dance|p2a: Volcarona","|-boost|p2a: Volcarona|spa|1","|-boost|p2a: Volcarona|spd|1","|-boost|p2a: Volcarona|spe|1","|move|p1a: Zapdos|Volt Switch|p2a: Volcarona","|-damage|p2a: Volcarona|232/311","|","|switch|p1a: Thundurus|Thundurus, M|299/299","|","|turn|16","|","|move|p1a: Thundurus|Thunder Wave|p2a: Volcarona","|-status|p2a: Volcarona|par","|-enditem|p2a: Volcarona|Lum Berry|[eat]","|-curestatus|p2a: Volcarona|par","|move|p2a: Volcarona|Fiery Dance|p1a: Thundurus","|-damage|p1a: Thundurus|31/299","|","|-heal|p1a: Thundurus|49/299|[from] item: Leftovers","|turn|17","|","|switch|p2a: Forretress|Forretress, M|354/354","|move|p1a: Thundurus|Thunder Wave|p2a: Forretress","|-status|p2a: Forretress|par","|","|-heal|p1a: Thundurus|67/299|[from] item: Leftovers","|turn|18","|","|move|p1a: Thundurus|Thunderbolt|p2a: Forretress","|-damage|p2a: Forretress|111/354 par","|-enditem|p2a: Forretress|Red Card|[of] p1a: Thundurus","|drag|p1a: Zapdos|Zapdos|340/383","|-ability|p1a: Zapdos|Pressure","|move|p2a: Forretress|Stealth Rock|p1a: Zapdos","|-sidestart|p1: alliance-c-control|move: Stealth Rock","|","|turn|19","|","|move|p1a: Zapdos|Defog|p2a: Forretress","|-unboost|p2a: Forretress|evasion|1","|-sideend|p1: alliance-c-control|Stealth Rock|[from] move: Defog|[of] p1a: Zapdos","|-sideend|p1: alliance-c-control|Sticky Web|[from] move: Defog|[of] p1a: Zapdos","|cant|p2a: Forretress|par","|","|turn|20","|","|move|p1a: Zapdos|Volt Switch|p2a: Forretress","|-damage|p2a: Forretress|0 fnt","|faint|p2a: Forretress","|","|switch|p1a: Magnezone|Magnezone|251/281","|","|","|switch|p2a: Volcarona|Volcarona, M|232/311","|turn|21","|","|move|p1a: Magnezone|Volt Switch|p2a: Volcarona","|-damage|p2a: Volcarona|108/311","|","|switch|p1a: Zapdos|Zapdos|340/383","|-ability|p1a: Zapdos|Pressure","|move|p2a: Volcarona|Fiery Dance|p1a: Zapdos","|-damage|p1a: Zapdos|172/383","|-boost|p2a: Volcarona|spa|1","|","|turn|22","|","|move|p2a: Volcarona|Fiery Dance|p1a: Zapdos","|-damage|p1a: Zapdos|0 fnt","|faint|p1a: Zapdos","|","|","|switch|p1a: Magnezone|Magnezone|251/281","|turn|23","|","|move|p1a: Magnezone|Volt Switch|p2a: Volcarona","|-damage|p2a: Volcarona|0 fnt","|faint|p2a: Volcarona","|","|switch|p1a: Thundurus|Thundurus, M|67/299","|","|-heal|p1a: Thundurus|85/299|[from] item: Leftovers","|","|switch|p2a: Genesect|Genesect|283/283","|-boost|p2a: Genesect|atk|1|[from] ability: Download","|turn|24","|","|move|p1a: Thundurus|Thunder Wave|p2a: Genesect","|-status|p2a: Genesect|par","|move|p2a: Genesect|Thunderbolt|p1a: Thundurus","|-damage|p1a: Thundurus|0 fnt","|faint|p1a: Thundurus","|","|","|switch|p1a: Magnezone|Magnezone|251/281","|turn|25","|","|move|p1a: Magnezone|Volt Switch|p2a: Genesect","|-damage|p2a: Genesect|132/283 par","|","|switch|p1a: Rotom-Wash|Rotom-Wash|246/304","|move|p2a: Genesect|Thunderbolt|p1a: Rotom-Wash","|-damage|p1a: Rotom-Wash|142/304","|","|-heal|p1a: Rotom-Wash|161/304|[from] item: Leftovers","|turn|26","|","|move|p1a: Rotom-Wash|Hydro Pump|p2a: Genesect","|-damage|p2a: Genesect|0 fnt","|faint|p2a: Genesect","|","|win|alliance-c-control"],"p1rating":{"entryid":"6440455","serverid":"eos","formatid":"monotype","userid":"allianceccontrol","username":"Alliance-C-Control","w":246,"l":"310","t":"0","gxe":45.9,"r":"1460.7413433616","rd":"32.724461965919","sigma":"0","rptime":"1439542800","rpr":1468.9120450012,"rprd":32.003170564143,"rpsigma":"0","acre":1182.680285742,"lacre":1182.680285742,"oldacre":"1154.9806162355"},"p2rating":{"entryid":"7606450","serverid":"eos","formatid":"monotype","userid":"princesky","username":"Prince ♡ Sky","w":"10","l":4,"t":"0","gxe":62.7,"r":"1578.962580868","rd":"101.76762202782","sigma":"0","rptime":"1439542800","rpr":1600.2515142089,"rprd":79.112017072781,"rpsigma":"0","acre":1164.9462619296,"lacre":1164.9462619296,"oldacre":"1192.6459314361"},"endType":"normal"}