{"seed":[39111,7196,38197,17387],"turns":34,"p1":"Chaos_Ninji","p2":"Sereana","p1team":[{"name":"Tyranitar","species":"Tyranitar","item":"assaultvest","ability":"Sand Stream","moves":["poweruppunch","ironhead","earthquake","crunch"],"nature":"Careful","evs":{"hp":0,"atk":248,"def":4,"spa":0,"spd":4,"spe":0},"gender":"M","ivs":{"hp":31,"atk":31,"def":31,"spa":31,"spd":31,"spe":31}},{"name":"Hydreigon","species":"Hydreigon","item":"choicescarf","ability":"Levitate","moves":["dracometeor","darkpulse","flashcannon","flamethrower"],"nature":"Modest","evs":{"hp":0,"atk":0,"def":0,"spa":252,"spd":4,"spe":252},"shiny":true,"ivs":{"hp":31,"atk":31,"def":31,"spa":31,"spd":31,"spe":31}},{"name":"Liepard","species":"Liepard","item":"focussash","ability":"Prankster","moves":["thunderwave","uturn","knockoff","fakeout"],"nature":"Jolly","evs":{"hp":0,"atk":252,"def":0,"spa":0,"spd":4,"spe":252},"gender":"F","ivs":{"hp":31,"atk":31,"def":31,"spa":31,"spd":31,"spe":31}},{"name":"Mandibuzz","species":"Mandibuzz","item":"leftovers","ability":"Overcoat","moves":["roost","foulplay","defog","toxic"],"nature":"Careful","evs":{"hp":252,"atk":4,"def":0,"spa":0,"spd":252,"spe":0},"shiny":true,"ivs":{"hp":31,"atk":31,"def":31,"spa":31,"spd":31,"spe":31}},{"name":"Sableye","species":"Sableye","item":"sablenite","ability":"Keen Eye","moves":["willowisp","recover","knockoff","suckerpunch"],"nature":"Impish","evs":{"hp":248,"atk":0,"def":252,"spa":0,"spd":8,"spe":0},"shiny":true,"ivs":{"hp":31,"atk":31,"def":31,"spa":31,"spd":31,"spe":31}},{"name":"Bisharp","species":"Bisharp","item":"focussash","ability":"Defiant","moves":["swordsdance","ironhead","knockoff","suckerpunch"],"nature":"Adamant","evs":{"hp":0,"atk":252,"def":4,"spa":0,"spd":0,"spe":252},"gender":"M","shiny":true,"ivs":{"hp":31,"atk":31,"def":31,"spa":31,"spd":31,"spe":31}}],"p2team":[{"name":"Dragonite","species":"Dragonite","item":"choicespecs","ability":"Multiscale","moves":["icebeam","fireblast","hurricane","dracometeor"],"nature":"Modest","evs":{"hp":4,"atk":0,"def":0,"spa":252,"spd":0,"spe":252},"ivs":{"hp":31,"atk":31,"def":31,"spa":31,"spd":31,"spe":31}},{"name":"Gligar","species":"Gligar","item":"eviolite","ability":"Immunity","moves":["tailwind","knockoff","batonpass","agility"],"nature":"Impish","evs":{"hp":116,"atk":0,"def":136,"spa":0,"spd":4,"spe":252},"ivs":{"hp":31,"atk":31,"def":31,"spa":31,"spd":31,"spe":31}},{"name":"Mandibuzz","species":"Mandibuzz","item":"leftovers","ability":"Overcoat","moves":["roost","darkpulse","nastyplot","airslash"],"nature":"Modest","evs":{"hp":252,"atk":0,"def":136,"spa":116,"spd":4,"spe":0},"ivs":{"hp":31,"atk":31,"def":31,"spa":31,"spd":31,"spe":31}},{"name":"Thundurus","species":"Thundurus","item":"leftovers","ability":"Prankster","moves":["bulkup","fly","wildcharge","knockoff"],"nature":"Jolly","evs":{"hp":0,"atk":252,"def":0,"spa":0,"spd":4,"spe":252},"ivs":{"hp":31,"atk":31,"def":31,"spa":31,"spd":31,"spe":31}},{"name":"Altaria","species":"Altaria","item":"altarianite","ability":"Natural Cure","moves":["tailwind","frustration","earthquake","roost"],"nature":"Careful","evs":{"hp":56,"atk":172,"def":0,"spa":0,"spd":88,"spe":192},"happiness":0,"ivs":{"hp":31,"atk":31,"def":31,"spa":31,"spd":31,"spe":31}},{"name":"Yanmega","species":"Yanmega","item":"zoomlens","ability":"Speed Boost","moves":["hypnosis","dreameater","protect","strugglebug"],"nature":"Modest","evs":{"hp":0,"atk":0,"def":0,"spa":252,"spd":4,"spe":252},"ivs":{"hp":31,"atk":31,"def":31,"spa":31,"spd":31,"spe":31}}],"log":["|player|p1|Chaos_Ninji|266","|player|p2|Sereana|mashumashu.png","|gametype|singles","|gen|6","|tier|Monotype","|rated","|rule|Baton Pass Clause: Limit one Baton Passer, can't pass Spe and other stats simultaneously","|rule|Swagger Clause: Swagger is banned","|rule|Same Type Clause: Pokémon in a team must share a type","|clearpoke","|poke|p1|Tyranitar, M","|poke|p1|Hydreigon, M, shiny","|poke|p1|Liepard, F","|poke|p1|Mandibuzz, F, shiny","|poke|p1|Sableye, F, shiny","|poke|p1|Bisharp, M, shiny","|poke|p2|Dragonite, F","|poke|p2|Gligar, M","|poke|p2|Mandibuzz, F","|poke|p2|Thundurus, M","|poke|p2|Altaria, F","|poke|p2|Yanmega, M","|rule|Sleep Clause Mod: Limit one foe put to sleep","|rule|Species Clause: Limit one of each Pokémon","|rule|OHKO Clause: OHKO moves are banned","|rule|Moody Clause: Moody is banned","|rule|Evasion Moves Clause: Evasion moves are banned","|rule|Endless Battle Clause: Forcing endless battles is banned","|rule|HP Percentage Mod: HP is shown in percentages","|teampreview","|","|start","|switch|p1a: Sableye|Sableye, F, shiny|303/303","|switch|p2a: Gligar|Gligar, M|300/300","|turn|1","|","|detailschange|p1a: Sableye|Sableye-Mega, F, shiny","|-mega|p1a: Sableye|Sableye|Sablenite","|move|p2a: Gligar|Knock Off|p1a: Sableye","|-damage|p1a: Sableye|277/303","|move|p1a: Sableye|Knock Off|p2a: Gligar","|-damage|p2a: Gligar|249/300","|-enditem|p2a: Gligar|Eviolite|[from] move: Knock Off|[of] p1a: Sableye","|","|turn|2","|","|switch|p2a: Yanmega|Yanmega, M|313/313","|move|p1a: Sableye|Will-O-Wisp|p2a: Yanmega","|-status|p2a: Yanmega|brn","|","|-damage|p2a: Yanmega|274/313 brn|[from] brn","|turn|3","|","|switch|p1a: Mandibuzz|Mandibuzz, F, shiny|424/424","|move|p2a: Yanmega|Struggle Bug|p1a: Mandibuzz","|-damage|p1a: Mandibuzz|352/424","|-unboost|p1a: Mandibuzz|spa|1","|","|-heal|p1a: Mandibuzz|378/424|[from] item: Leftovers","|-damage|p2a: Yanmega|235/313 brn|[from] brn","|-boost|p2a: Yanmega|spe|1|[from] ability: Speed Boost","|turn|4","|","|switch|p2a: Altaria|Altaria, F|305/305","|move|p1a: Mandibuzz|Foul Play|p2a: Altaria","|-damage|p2a: Altaria|194/305","|","|-heal|p1a: Mandibuzz|404/424|[from] item: Leftovers","|turn|5","|","|detailschange|p2a: Altaria|Altaria-Mega, F","|-mega|p2a: Altaria|Altaria|Altarianite","|move|p2a: Altaria|Tailwind|p2a: Altaria","|-sidestart|p2: Sereana|move: Tailwind","|move|p1a: Mandibuzz|Toxic|p2a: Altaria","|-status|p2a: Altaria|tox","|","|-heal|p1a: Mandibuzz|424/424|[from] item: Leftovers","|-damage|p2a: Altaria|175/305 tox|[from] psn","|turn|6","|","|switch|p1a: Sableye|Sableye-Mega, F, shiny|277/303","|move|p2a: Altaria|Frustration|p1a: Sableye","|-supereffective|p1a: Sableye","|-damage|p1a: Sableye|25/303","|","|-damage|p2a: Altaria|137/305 tox|[from] psn","|turn|7","|","|switch|p1a: Bisharp|Bisharp, M, shiny|271/271","|move|p2a: Altaria|Frustration|p1a: Bisharp","|-damage|p1a: Bisharp|63/271","|","|-damage|p2a: Altaria|80/305 tox|[from] psn","|turn|8","|","|switch|p2a: Gligar|Gligar, M|249/300","|move|p1a: Bisharp|Sucker Punch|p2a: Gligar","|-fail|p1a: Bisharp","|","|-sideend|p2: Sereana|move: Tailwind","|turn|9","|","|switch|p1a: Liepard|Liepard, F|269/269","|move|p2a: Gligar|Knock Off|p1a: Liepard","|-resisted|p1a: Liepard","|-damage|p1a: Liepard|216/269","|-enditem|p1a: Liepard|Focus Sash|[from] move: Knock Off|[of] p2a: Gligar","|","|turn|10","|","|move|p1a: Liepard|Fake Out|p2a: Gligar","|-damage|p2a: Gligar|217/300","|cant|p2a: Gligar|flinch","|","|turn|11","|","|move|p1a: Liepard|U-turn|p2a: Gligar","|-resisted|p2a: Gligar","|-damage|p2a: Gligar|191/300","|","|switch|p1a: Tyranitar|Tyranitar, M|341/341","|-weather|Sandstorm","|move|p2a: Gligar|Tailwind|p2a: Gligar","|-sidestart|p2: Sereana|move: Tailwind","|","|-weather|Sandstorm|[upkeep]","|turn|12","|","|move|p2a: Gligar|Knock Off|p1a: Tyranitar","|-crit|p1a: Tyranitar","|-resisted|p1a: Tyranitar","|-damage|p1a: Tyranitar|301/341","|-enditem|p1a: Tyranitar|Assault Vest|[from] move: Knock Off|[of] p2a: Gligar","|move|p1a: Tyranitar|Iron Head|p2a: Gligar","|-damage|p2a: Gligar|120/300","|","|-weather|Sandstorm|[upkeep]","|turn|13","|","|move|p2a: Gligar|Agility|p2a: Gligar","|-boost|p2a: Gligar|spe|2","|move|p1a: Tyranitar|Iron Head|p2a: Gligar","|-damage|p2a: Gligar|47/300","|","|-weather|Sandstorm|[upkeep]","|turn|14","|","|switch|p2a: Altaria|Altaria-Mega, F|80/305 tox","|move|p1a: Tyranitar|Iron Head|p2a: Altaria","|-supereffective|p2a: Altaria","|-damage|p2a: Altaria|0 fnt","|faint|p2a: Altaria","|","|-weather|Sandstorm|[upkeep]","|-sideend|p2: Sereana|move: Tailwind","|","|switch|p2a: Yanmega|Yanmega, M|235/313 brn","|turn|15","|","|move|p2a: Yanmega|Struggle Bug|p1a: Tyranitar","|-supereffective|p1a: Tyranitar","|-damage|p1a: Tyranitar|187/341","|-unboost|p1a: Tyranitar|spa|1","|move|p1a: Tyranitar|Crunch|p2a: Yanmega","|-damage|p2a: Yanmega|72/313 brn","|-unboost|p2a: Yanmega|def|1","|","|-weather|none","|-damage|p2a: Yanmega|33/313 brn|[from] brn","|-boost|p2a: Yanmega|spe|1|[from] ability: Speed Boost","|turn|16","|","|switch|p2a: Mandibuzz|Mandibuzz, F|424/424","|switch|p1a: Mandibuzz|Mandibuzz, F, shiny|424/424","|","|turn|17","|","|move|p2a: Mandibuzz|Nasty Plot|p2a: Mandibuzz","|-boost|p2a: Mandibuzz|spa|2","|move|p1a: Mandibuzz|Toxic|p2a: Mandibuzz","|-status|p2a: Mandibuzz|tox","|","|-damage|p2a: Mandibuzz|398/424 tox|[from] psn","|turn|18","|","|move|p2a: Mandibuzz|Air Slash|p1a: Mandibuzz|[miss]","|-miss|p2a: Mandibuzz|p1a: Mandibuzz","|move|p1a: Mandibuzz|Roost|p1a: Mandibuzz","|-fail|p1a: Mandibuzz","|","|-heal|p2a: Mandibuzz|424/424 tox|[from] item: Leftovers","|-damage|p2a: Mandibuzz|372/424 tox|[from] psn","|turn|19","|","|move|p2a: Mandibuzz|Air Slash|p1a: Mandibuzz","|-damage|p1a: Mandibuzz|319/424","|move|p1a: Mandibuzz|Roost|p1a: Mandibuzz","|-heal|p1a: Mandibuzz|424/424","|","|-heal|p2a: Mandibuzz|398/424 tox|[from] item: Leftovers","|-damage|p2a: Mandibuzz|320/424 tox|[from] psn","|turn|20","|","|switch|p2a: Dragonite|Dragonite, F|324/324","|move|p1a: Mandibuzz|Foul Play|p2a: Dragonite","|-damage|p2a: Dragonite|259/324","|","|turn|21","|","|switch|p1a: Liepard|Liepard, F|216/269","|move|p2a: Dragonite|Ice Beam|p1a: Liepard","|-damage|p1a: Liepard|0 fnt","|faint|p1a: Liepard","|","|","|switch|p1a: Hydreigon|Hydreigon, M, shiny|325/325","|turn|22","|","|move|p1a: Hydreigon|Draco Meteor|p2a: Dragonite","|-supereffective|p2a: Dragonite","|-damage|p2a: Dragonite|0 fnt","|-unboost|p1a: Hydreigon|spa|2","|faint|p2a: Dragonite","|","|","|switch|p2a: Thundurus|Thundurus, M|299/299","|turn|23","|","|switch|p1a: Bisharp|Bisharp, M, shiny|63/271","|move|p2a: Thundurus|Knock Off|p1a: Bisharp","|-resisted|p1a: Bisharp","|-damage|p1a: Bisharp|11/271","|-enditem|p1a: Bisharp|Focus Sash|[from] move: Knock Off|[of] p2a: Thundurus","|","|turn|24","|","|switch|p2a: Gligar|Gligar, M|47/300","|move|p1a: Bisharp|Sucker Punch|p2a: Gligar","|-fail|p1a: Bisharp","|","|turn|25","|","|move|p1a: Bisharp|Sucker Punch|p2a: Gligar","|-damage|p2a: Gligar|0 fnt","|faint|p2a: Gligar","|","|","|switch|p2a: Mandibuzz|Mandibuzz, F|320/424 tox","|turn|26","|","|move|p1a: Bisharp|Knock Off|p2a: Mandibuzz","|-resisted|p2a: Mandibuzz","|-damage|p2a: Mandibuzz|245/424 tox","|-enditem|p2a: Mandibuzz|Leftovers|[from] move: Knock Off|[of] p1a: Bisharp","|move|p2a: Mandibuzz|Dark Pulse|p1a: Bisharp","|-crit|p1a: Bisharp","|-resisted|p1a: Bisharp","|-damage|p1a: Bisharp|0 fnt","|faint|p1a: Bisharp","|","|-damage|p2a: Mandibuzz|219/424 tox|[from] psn","|","|switch|p1a: Mandibuzz|Mandibuzz, F, shiny|424/424","|turn|27","|","|switch|p2a: Yanmega|Yanmega, M|33/313 brn","|move|p1a: Mandibuzz|Toxic|p2a: Yanmega","|-fail|p2a: Yanmega","|","|-damage|p2a: Yanmega|0 fnt|[from] brn","|faint|p2a: Yanmega","|","|switch|p2a: Thundurus|Thundurus, M|299/299","|turn|28","|","|move|p2a: Thundurus|Bulk Up|p2a: Thundurus","|-boost|p2a: Thundurus|atk|1","|-boost|p2a: Thundurus|def|1","|move|p1a: Mandibuzz|Toxic|p2a: Thundurus","|-status|p2a: Thundurus|tox","|","|-damage|p2a: Thundurus|281/299 tox|[from] psn","|turn|29","|","|switch|p1a: Sableye|Sableye-Mega, F, shiny|25/303","|move|p2a: Thundurus|Wild Charge|p1a: Sableye","|-damage|p1a: Sableye|0 fnt","|-damage|p2a: Thundurus|275/299 tox|[from] recoil|[of] p1a: Sableye","|faint|p1a: Sableye","|","|-heal|p2a: Thundurus|293/299 tox|[from] item: Leftovers","|-damage|p2a: Thundurus|257/299 tox|[from] psn","|","|switch|p1a: Tyranitar|Tyranitar, M|187/341","|-weather|Sandstorm","|turn|30","|","|move|p2a: Thundurus|Wild Charge|p1a: Tyranitar","|-damage|p1a: Tyranitar|0 fnt","|-damage|p2a: Thundurus|210/299 tox|[from] recoil|[of] p1a: Tyranitar","|faint|p1a: Tyranitar","|","|-weather|Sandstorm|[upkeep]","|-damage|p2a: Thundurus|192/299 tox|[from] sandstorm","|-heal|p2a: Thundurus|210/299 tox|[from] item: Leftovers","|-damage|p2a: Thundurus|156/299 tox|[from] psn","|","|switch|p1a: Mandibuzz|Mandibuzz, F, shiny|424/424","|turn|31","|","|move|p2a: Thundurus|Wild Charge|p1a: Mandibuzz","|-supereffective|p1a: Mandibuzz","|-damage|p1a: Mandibuzz|0 fnt","|-damage|p2a: Thundurus|50/299 tox|[from] recoil|[of] p1a: Mandibuzz","|faint|p1a: Mandibuzz","|","|-weather|Sandstorm|[upkeep]","|-damage|p2a: Thundurus|32/299 tox|[from] sandstorm","|-heal|p2a: Thundurus|50/299 tox|[from] item: Leftovers","|-damage|p2a: Thundurus|0 fnt|[from] psn","|faint|p2a: Thundurus","|","|switch|p1a: Hydreigon|Hydreigon, M, shiny|325/325","|switch|p2a: Mandibuzz|Mandibuzz, F|219/424 tox","|turn|32","|","|move|p1a: Hydreigon|Flamethrower|p2a: Mandibuzz","|-damage|p2a: Mandibuzz|93/424 tox","|move|p2a: Mandibuzz|Roost|p2a: Mandibuzz","|-heal|p2a: Mandibuzz|305/424 tox","|","|-weather|Sandstorm|[upkeep]","|-damage|p1a: Hydreigon|305/325|[from] sandstorm","|-damage|p2a: Mandibuzz|279/424 tox|[from] psn","|turn|33","|","|move|p1a: Hydreigon|Flamethrower|p2a: Mandibuzz","|-crit|p2a: Mandibuzz","|-damage|p2a: Mandibuzz|96/424 tox","|move|p2a: Mandibuzz|Air Slash|p1a: Hydreigon","|-damage|p1a: Hydreigon|232/325","|","|-weather|Sandstorm|[upkeep]","|-damage|p1a: Hydreigon|212/325|[from] sandstorm","|-damage|p2a: Mandibuzz|44/424 tox|[from] psn","|turn|34","|","|move|p1a: Hydreigon|Flamethrower|p2a: Mandibuzz","|-crit|p2a: Mandibuzz","|-damage|p2a: Mandibuzz|0 fnt","|faint|p2a: Mandibuzz","|","|win|Chaos_Ninji"],"p1rating":{"entryid":"6507445","serverid":"eos","formatid":"monotype","userid":"chaosninji","username":"Chaos Ninji","w":2,"l":"2","t":"0","gxe":52,"r":1472.8506286221,"rd":119.23807346452,"sigma":"0","rptime":1439456400,"rpr":1516.040934807,"rprd":113.72954196612,"rpsigma":"0","acre":1077.7360207844,"lacre":1077.7360207844,"oldacre":"1037.7133543919"},"p2rating":{"entryid":"7004134","serverid":"eos","formatid":"monotype","userid":"sereana","username":"Sereana","w":"4","l":4,"t":"0","gxe":50.8,"r":"1559.1703790475","rd":"111.07090267303","sigma":"0","rptime":"1439456400","rpr":1506.1292578647,"rprd":94.980540574053,"rpsigma":"0","acre":1067.3213782649,"lacre":1067.3213782649,"oldacre":"1095.7051208697"},"endType":"normal"}