{"seed":[25686,62519,58832,2023],"turns":19,"p1":"Multistrìpe멀티 줄무늬","p2":"alliance-c-control","p1team":[{"name":"ガブリアス","species":"garchomp","item":"rockyhelmet","ability":"Rough Skin","moves":["stealthrock","earthquake","dragontail","endure"],"nature":"Impish","evs":{"hp":252,"atk":0,"def":232,"spa":0,"spd":24,"spe":0},"ivs":{"hp":31,"atk":31,"def":31,"spa":31,"spd":31,"spe":31}},{"name":"オンバーン","species":"noivern","item":"choicescarf","ability":"Infiltrator","moves":["flamethrower","hurricane","dracometeor","darkpulse"],"nature":"Timid","evs":{"hp":0,"atk":0,"def":4,"spa":252,"spd":0,"spe":252},"ivs":{"hp":31,"atk":31,"def":31,"spa":31,"spd":31,"spe":31}},{"name":"チルタリス","species":"altaria","item":"altarianite","ability":"Natural Cure","moves":["dragondance","frustration","earthquake","roost"],"nature":"Adamant","evs":{"hp":188,"atk":68,"def":0,"spa":0,"spd":0,"spe":252},"happiness":0,"ivs":{"hp":31,"atk":31,"def":31,"spa":31,"spd":31,"spe":31}},{"name":"ラティオス","species":"latios","item":"choicescarf","ability":"Levitate","moves":["hiddenpowerfire","dragonpulse","psyshock","trick"],"nature":"Timid","evs":{"hp":0,"atk":0,"def":4,"spa":252,"spd":0,"spe":252},"ivs":{"hp":31,"atk":30,"def":31,"spa":30,"spd":31,"spe":30}},{"name":"キュレム","species":"kyuremblack","item":"lifeorb","ability":"Teravolt","moves":["icebeam","outrage","fusionbolt","ironhead"],"nature":"Naive","evs":{"hp":0,"atk":100,"def":0,"spa":180,"spd":0,"spe":228},"shiny":true,"ivs":{"hp":31,"atk":31,"def":31,"spa":31,"spd":31,"spe":31}},{"name":"ボーマンダ","species":"salamence","item":"choicescarf","ability":"Moxie","moves":["outrage","aerialace","steelwing","earthquake"],"nature":"Jolly","evs":{"hp":0,"atk":252,"def":4,"spa":0,"spd":0,"spe":252},"ivs":{"hp":31,"atk":31,"def":31,"spa":31,"spd":31,"spe":31}}],"p2team":[{"name":"Kyurem-Black","species":"Kyurem-Black","item":"choicescarf","ability":"Teravolt","moves":["fusionbolt","outrage","stoneedge","ironhead"],"nature":"Jolly","evs":{"hp":0,"atk":252,"def":0,"spa":0,"spd":4,"spe":252},"ivs":{"hp":31,"atk":31,"def":31,"spa":31,"spd":31,"spe":31}},{"name":"Aurorus","species":"Aurorus","item":"leftovers","ability":"Snow Warning","moves":["ancientpower","encore","stealthrock","thunderwave"],"nature":"Calm","evs":{"hp":252,"atk":0,"def":0,"spa":4,"spd":252,"spe":0},"ivs":{"hp":31,"atk":31,"def":31,"spa":31,"spd":31,"spe":31}},{"name":"Abomasnow","species":"Abomasnow","item":"abomasite","ability":"Snow Warning","moves":["gigadrain","blizzard","iceshard","substitute"],"nature":"Gentle","evs":{"hp":248,"atk":8,"def":0,"spa":0,"spd":252,"spe":0},"ivs":{"hp":31,"atk":31,"def":31,"spa":31,"spd":31,"spe":31}},{"name":"Glaceon","species":"Glaceon","item":"choicespecs","ability":"Snow Cloak","moves":["hiddenpowerfire","blizzard","shadowball","synchronoise"],"nature":"Modest","evs":{"hp":248,"atk":0,"def":0,"spa":252,"spd":8,"spe":0},"ivs":{"hp":31,"atk":30,"def":31,"spa":30,"spd":31,"spe":30}},{"name":"Avalugg","species":"Avalugg","item":"leftovers","ability":"Ice Body","moves":["earthquake","recover","superpower","icefang"],"nature":"Adamant","evs":{"hp":252,"atk":252,"def":0,"spa":0,"spd":4,"spe":0},"ivs":{"hp":31,"atk":31,"def":31,"spa":31,"spd":31,"spe":31}},{"name":"Froslass","species":"Froslass","item":"leftovers","ability":"Snow Cloak","moves":["taunt","spikes","shadowball","thunderwave"],"nature":"Timid","evs":{"hp":252,"atk":0,"def":0,"spa":4,"spd":0,"spe":252},"ivs":{"hp":31,"atk":31,"def":31,"spa":31,"spd":31,"spe":31}}],"log":["|player|p1|Multistrìpe멀티 줄무늬|209","|player|p2|alliance-c-control|190","|gametype|singles","|gen|6","|tier|Monotype","|rated","|rule|Baton Pass Clause: Limit one Baton Passer, can't pass Spe and other stats simultaneously","|rule|Swagger Clause: Swagger is banned","|rule|Same Type Clause: Pokémon in a team must share a type","|clearpoke","|poke|p1|Garchomp, M","|poke|p1|Noivern, M","|poke|p1|Altaria, F","|poke|p1|Latios, M","|poke|p1|Kyurem-Black, shiny","|poke|p1|Salamence, M","|poke|p2|Kyurem-Black","|poke|p2|Aurorus, M","|poke|p2|Abomasnow, F","|poke|p2|Glaceon, M","|poke|p2|Avalugg, M","|poke|p2|Froslass, F","|rule|Sleep Clause Mod: Limit one foe put to sleep","|rule|Species Clause: Limit one of each Pokémon","|rule|OHKO Clause: OHKO moves are banned","|rule|Moody Clause: Moody is banned","|rule|Evasion Moves Clause: Evasion moves are banned","|rule|Endless Battle Clause: Forcing endless battles is banned","|rule|HP Percentage Mod: HP is shown in percentages","|teampreview","|","|start","|switch|p1a: キュレム|Kyurem-Black, shiny|391/391","|switch|p2a: Froslass|Froslass, F|344/344","|-ability|p1a: キュレム|Teravolt","|turn|1","|","|switch|p2a: Glaceon|Glaceon, M|333/333","|move|p1a: キュレム|Iron Head|p2a: Glaceon","|-supereffective|p2a: Glaceon","|-damage|p2a: Glaceon|81/333","|-damage|p1a: キュレム|352/391|[from] item: Life Orb","|","|turn|2","|","|move|p1a: キュレム|Fusion Bolt|p2a: Glaceon","|-damage|p2a: Glaceon|0 fnt","|-damage|p1a: キュレム|313/391|[from] item: Life Orb","|faint|p2a: Glaceon","|","|","|switch|p2a: Avalugg|Avalugg, M|394/394","|turn|3","|","|switch|p1a: ラティオス|Latios, M|301/301","|move|p2a: Avalugg|Superpower|p1a: ラティオス","|-resisted|p1a: ラティオス","|-damage|p1a: ラティオス|214/301","|-unboost|p2a: Avalugg|atk|1","|-unboost|p2a: Avalugg|def|1","|","|turn|4","|","|switch|p2a: Aurorus|Aurorus, M|450/450","|-weather|Hail","|move|p1a: ラティオス|Dragon Pulse|p2a: Aurorus","|-damage|p2a: Aurorus|333/450","|","|-weather|Hail|[upkeep]","|-damage|p1a: ラティオス|196/301|[from] hail","|-heal|p2a: Aurorus|361/450|[from] item: Leftovers","|turn|5","|","|switch|p2a: Froslass|Froslass, F|344/344","|move|p1a: ラティオス|Dragon Pulse|p2a: Froslass","|-damage|p2a: Froslass|158/344","|","|-weather|Hail|[upkeep]","|-damage|p1a: ラティオス|178/301|[from] hail","|-heal|p2a: Froslass|179/344|[from] item: Leftovers","|turn|6","|","|move|p1a: ラティオス|Dragon Pulse|p2a: Froslass|[miss]","|-miss|p1a: ラティオス|p2a: Froslass","|move|p2a: Froslass|Shadow Ball|p1a: ラティオス","|-supereffective|p1a: ラティオス","|-damage|p1a: ラティオス|28/301","|","|-weather|Hail|[upkeep]","|-damage|p1a: ラティオス|10/301|[from] hail","|-heal|p2a: Froslass|200/344|[from] item: Leftovers","|turn|7","|","|move|p1a: ラティオス|Dragon Pulse|p2a: Froslass","|-damage|p2a: Froslass|14/344","|move|p2a: Froslass|Shadow Ball|p1a: ラティオス","|-supereffective|p1a: ラティオス","|-damage|p1a: ラティオス|0 fnt","|faint|p1a: ラティオス","|","|-weather|Hail|[upkeep]","|-heal|p2a: Froslass|35/344|[from] item: Leftovers","|","|switch|p1a: ボーマンダ|Salamence, M|331/331","|turn|8","|","|switch|p2a: Avalugg|Avalugg, M|394/394","|move|p1a: ボーマンダ|Aerial Ace|p2a: Avalugg","|-damage|p2a: Avalugg|325/394","|","|-weather|none","|-heal|p2a: Avalugg|349/394|[from] item: Leftovers","|turn|9","|","|switch|p1a: ガブリアス|Garchomp, M|420/420","|move|p2a: Avalugg|Ice Fang|p1a: ガブリアス","|-supereffective|p1a: ガブリアス","|-damage|p1a: ガブリアス|72/420","|-damage|p2a: Avalugg|300/394|[from] ability: Rough Skin|[of] p1a: ガブリアス","|-damage|p2a: Avalugg|235/394|[from] item: Rocky Helmet|[of] p1a: ガブリアス","|","|-heal|p2a: Avalugg|259/394|[from] item: Leftovers","|turn|10","|","|switch|p2a: Aurorus|Aurorus, M|361/450","|-weather|Hail","|move|p1a: ガブリアス|Stealth Rock|p2a: Aurorus","|-sidestart|p2: alliance-c-control|move: Stealth Rock","|","|-weather|Hail|[upkeep]","|-damage|p1a: ガブリアス|46/420|[from] hail","|-heal|p2a: Aurorus|389/450|[from] item: Leftovers","|turn|11","|","|switch|p2a: Froslass|Froslass, F|35/344","|-damage|p2a: Froslass|0 fnt|[from] Stealth Rock","|faint|p2a: Froslass","|move|p1a: ガブリアス|Earthquake|p2: Froslass|[notarget]","|-notarget","|","|-weather|Hail|[upkeep]","|-damage|p1a: ガブリアス|20/420|[from] hail","|","|switch|p2a: Abomasnow|Abomasnow, F|383/383","|-damage|p2a: Abomasnow|288/383|[from] Stealth Rock","|turn|12","|","|detailschange|p2a: Abomasnow|Abomasnow-Mega, F","|-mega|p2a: Abomasnow|Abomasnow|Abomasite","|move|p2a: Abomasnow|Ice Shard|p1a: ガブリアス","|-supereffective|p1a: ガブリアス","|-damage|p1a: ガブリアス|0 fnt","|faint|p1a: ガブリアス","|","|-weather|Hail|[upkeep]","|","|switch|p1a: キュレム|Kyurem-Black, shiny|313/391","|-ability|p1a: キュレム|Teravolt","|turn|13","|","|switch|p2a: Aurorus|Aurorus, M|389/450","|-damage|p2a: Aurorus|277/450|[from] Stealth Rock","|move|p1a: キュレム|Iron Head|p2a: Aurorus","|-supereffective|p2a: Aurorus","|-damage|p2a: Aurorus|0 fnt","|-damage|p1a: キュレム|274/391|[from] item: Life Orb","|faint|p2a: Aurorus","|","|-weather|Hail|[upkeep]","|","|switch|p2a: Avalugg|Avalugg, M|259/394","|-damage|p2a: Avalugg|161/394|[from] Stealth Rock","|turn|14","|","|move|p1a: キュレム|Iron Head|p2a: Avalugg","|-supereffective|p2a: Avalugg","|-damage|p2a: Avalugg|13/394","|-damage|p1a: キュレム|235/391|[from] item: Life Orb","|move|p2a: Avalugg|Recover|p2a: Avalugg","|-heal|p2a: Avalugg|210/394","|","|-weather|none","|-heal|p2a: Avalugg|234/394|[from] item: Leftovers","|turn|15","|","|move|p1a: キュレム|Iron Head|p2a: Avalugg","|-supereffective|p2a: Avalugg","|-damage|p2a: Avalugg|65/394","|-damage|p1a: キュレム|196/391|[from] item: Life Orb","|move|p2a: Avalugg|Ice Fang|p1a: キュレム","|-damage|p1a: キュレム|72/391","|","|-heal|p2a: Avalugg|89/394|[from] item: Leftovers","|turn|16","|","|move|p1a: キュレム|Iron Head|p2a: Avalugg","|-crit|p2a: Avalugg","|-supereffective|p2a: Avalugg","|-damage|p2a: Avalugg|0 fnt","|-damage|p1a: キュレム|33/391|[from] item: Life Orb","|faint|p2a: Avalugg","|","|","|switch|p2a: Abomasnow|Abomasnow-Mega, F|288/383","|-damage|p2a: Abomasnow|193/383|[from] Stealth Rock","|-weather|Hail","|turn|17","|","|move|p2a: Abomasnow|Ice Shard|p1a: キュレム","|-crit|p1a: キュレム","|-damage|p1a: キュレム|0 fnt","|faint|p1a: キュレム","|","|-weather|Hail|[upkeep]","|","|switch|p1a: チルタリス|Altaria, F|338/338","|turn|18","|","|detailschange|p1a: チルタリス|Altaria-Mega, F","|-mega|p1a: チルタリス|Altaria|Altarianite","|move|p2a: Abomasnow|Ice Shard|p1a: チルタリス","|-supereffective|p1a: チルタリス","|-damage|p1a: チルタリス|234/338","|move|p1a: チルタリス|Frustration|p2a: Abomasnow","|-damage|p2a: Abomasnow|0 fnt","|faint|p2a: Abomasnow","|","|-weather|Hail|[upkeep]","|-damage|p1a: チルタリス|213/338|[from] hail","|","|switch|p2a: Kyurem-Black|Kyurem-Black|391/391","|-damage|p2a: Kyurem-Black|294/391|[from] Stealth Rock","|-ability|p2a: Kyurem-Black|Teravolt","|turn|19","|","|move|p2a: Kyurem-Black|Stone Edge|p1a: チルタリス","|-damage|p1a: チルタリス|67/338","|move|p1a: チルタリス|Frustration|p2a: Kyurem-Black","|-supereffective|p2a: Kyurem-Black","|-damage|p2a: Kyurem-Black|0 fnt","|faint|p2a: Kyurem-Black","|","|win|Multistrìpe멀티 줄무늬"],"p1rating":{"entryid":7622468,"formatid":"monotype","userid":"multistrpe","username":"Multistrìpe멀티 줄무늬","r":1500,"rd":130,"sigma":0,"rpr":1537.8026301684,"rprd":121.9255637401,"rpsigma":0,"rptime":1439542800,"w":1,"l":0,"t":0,"gxe":54.7,"acre":1056.6067131796,"lacre":1056.6067131796,"oldacre":1000},"p2rating":{"entryid":"6440455","serverid":"eos","formatid":"monotype","userid":"allianceccontrol","username":"Alliance-C-Control","w":"242","l":309,"t":"0","gxe":44.5,"r":"1460.7413433616","rd":32.724461965919,"sigma":"0","rptime":1439542800,"rpr":1458.207598796,"rprd":32.602448980012,"rpsigma":"0","acre":1118.1314814735,"lacre":1118.1314814735,"oldacre":"1153.5106772107"},"endType":"normal"}