{"seed":[56139,61366,35610,11696],"turns":30,"p1":"Jake1079","p2":"Crystal Blade64","p1team":[{"name":"Aggron","species":"Aggron","item":"aggronite","ability":"Sturdy","moves":["thunderwave","earthquake","ironhead","endeavor"],"nature":"Adamant","evs":{"hp":196,"atk":216,"def":0,"spa":0,"spd":96,"spe":0},"ivs":{"hp":31,"atk":31,"def":31,"spa":31,"spd":31,"spe":31}},{"name":"Ferrothorn","species":"Ferrothorn","item":"rockyhelmet","ability":"Iron Barbs","moves":["stealthrock","leechseed","protect","gyroball"],"nature":"Relaxed","evs":{"hp":248,"atk":8,"def":252,"spa":0,"spd":0,"spe":0},"ivs":{"hp":31,"atk":31,"def":31,"spa":31,"spd":31,"spe":0}},{"name":"Doublade","species":"Doublade","item":"eviolite","ability":"No Guard","moves":["shadowsneak","shadowclaw","sacredsword","swordsdance"],"nature":"Adamant","evs":{"hp":248,"atk":252,"def":0,"spa":0,"spd":8,"spe":0},"ivs":{"hp":31,"atk":31,"def":31,"spa":31,"spd":31,"spe":31}},{"name":"Empoleon","species":"Empoleon","item":"choicespecs","ability":"Torrent","moves":["scald","icebeam","hiddenpowerfire","flashcannon"],"nature":"Modest","evs":{"hp":248,"atk":0,"def":0,"spa":252,"spd":8,"spe":0},"ivs":{"hp":31,"atk":30,"def":31,"spa":30,"spd":31,"spe":30}},{"name":"Heatran","species":"Heatran","item":"airballoon","ability":"Flash Fire","moves":["earthpower","flashcannon","flamethrower","roar"],"nature":"Modest","evs":{"hp":248,"atk":0,"def":0,"spa":252,"spd":8,"spe":0},"ivs":{"hp":31,"atk":31,"def":31,"spa":31,"spd":31,"spe":31}},{"name":"Excadrill","species":"Excadrill","item":"choicescarf","ability":"Mold Breaker","moves":["earthquake","ironhead","xscissor","rockslide"],"nature":"Jolly","evs":{"hp":0,"atk":252,"def":0,"spa":0,"spd":4,"spe":252},"ivs":{"hp":31,"atk":31,"def":31,"spa":31,"spd":31,"spe":31}}],"p2team":[{"name":"Mew","species":"Mew","item":"leftovers","ability":"Synchronize","moves":["roost","willowisp","defog","knockoff"],"nature":"Careful","evs":{"hp":252,"atk":0,"def":4,"spa":0,"spd":252,"spe":0},"ivs":{"hp":31,"atk":31,"def":31,"spa":31,"spd":31,"spe":31}},{"name":"Medicham","species":"Medicham","item":"medichamite","ability":"Pure Power","moves":["fakeout","psychocut","highjumpkick","icepunch"],"nature":"Jolly","evs":{"hp":0,"atk":252,"def":0,"spa":0,"spd":4,"spe":252},"ivs":{"hp":31,"atk":31,"def":31,"spa":31,"spd":31,"spe":31}},{"name":"Hoopa-Unbound","species":"Hoopa-Unbound","item":"choicescarf","ability":"Magician","moves":["drainpunch","hyperspacefury","gunkshot","zenheadbutt"],"nature":"Jolly","evs":{"hp":0,"atk":252,"def":0,"spa":0,"spd":4,"spe":252},"ivs":{"hp":31,"atk":31,"def":31,"spa":31,"spd":31,"spe":31}},{"name":"Latios","species":"Latios","item":"choicescarf","ability":"Levitate","moves":["dracometeor","psyshock","energyball","thunderbolt"],"nature":"Timid","evs":{"hp":0,"atk":0,"def":0,"spa":252,"spd":4,"spe":252},"ivs":{"hp":31,"atk":31,"def":31,"spa":31,"spd":31,"spe":31}},{"name":"Victini","species":"Victini","item":"choicescarf","ability":"Victory Star","moves":["vcreate","boltstrike","zenheadbutt","uturn"],"nature":"Jolly","evs":{"hp":0,"atk":252,"def":0,"spa":0,"spd":4,"spe":252},"ivs":{"hp":31,"atk":31,"def":31,"spa":31,"spd":31,"spe":31}},{"name":"Slowbro","species":"Slowbro","item":"leftovers","ability":"Regenerator","moves":["thunderwave","scald","slackoff","fireblast"],"nature":"Bold","evs":{"hp":252,"atk":0,"def":252,"spa":4,"spd":0,"spe":0},"ivs":{"hp":31,"atk":31,"def":31,"spa":31,"spd":31,"spe":31}}],"log":["|player|p1|Jake1079|281","|player|p2|Crystal Blade64|165","|gametype|singles","|gen|6","|tier|Monotype","|rated","|rule|Baton Pass Clause: Limit one Baton Passer, can't pass Spe and other stats simultaneously","|rule|Swagger Clause: Swagger is banned","|rule|Same Type Clause: Pokémon in a team must share a type","|clearpoke","|poke|p1|Aggron, M","|poke|p1|Ferrothorn, M","|poke|p1|Doublade, F","|poke|p1|Empoleon, M","|poke|p1|Heatran, M","|poke|p1|Excadrill, M","|poke|p2|Mew","|poke|p2|Medicham, M","|poke|p2|Hoopa-Unbound","|poke|p2|Latios, M","|poke|p2|Victini","|poke|p2|Slowbro, M","|rule|Sleep Clause Mod: Limit one foe put to sleep","|rule|Species Clause: Limit one of each Pokémon","|rule|OHKO Clause: OHKO moves are banned","|rule|Moody Clause: Moody is banned","|rule|Evasion Moves Clause: Evasion moves are banned","|rule|Endless Battle Clause: Forcing endless battles is banned","|rule|HP Percentage Mod: HP is shown in percentages","|teampreview","|","|start","|switch|p1a: Aggron|Aggron, M|330/330","|switch|p2a: Victini|Victini|341/341","|turn|1","|","|detailschange|p1a: Aggron|Aggron-Mega, M","|-mega|p1a: Aggron|Aggron|Aggronite","|move|p2a: Victini|U-turn|p1a: Aggron","|-resisted|p1a: Aggron","|-damage|p1a: Aggron|312/330","|","|switch|p2a: Slowbro|Slowbro, M|394/394","|move|p1a: Aggron|Thunder Wave|p2a: Slowbro","|-status|p2a: Slowbro|par","|","|turn|2","|","|move|p1a: Aggron|Iron Head|p2a: Slowbro","|-resisted|p2a: Slowbro","|-damage|p2a: Slowbro|337/394 par","|move|p2a: Slowbro|Fire Blast|p1a: Aggron","|-supereffective|p1a: Aggron","|-damage|p1a: Aggron|177/330","|","|-heal|p2a: Slowbro|361/394 par|[from] item: Leftovers","|turn|3","|","|move|p1a: Aggron|Iron Head|p2a: Slowbro","|-resisted|p2a: Slowbro","|-damage|p2a: Slowbro|304/394 par","|cant|p2a: Slowbro|par","|","|-heal|p2a: Slowbro|328/394 par|[from] item: Leftovers","|turn|4","|","|move|p1a: Aggron|Endeavor|p2a: Slowbro","|-damage|p2a: Slowbro|177/394 par","|move|p2a: Slowbro|Fire Blast|p1a: Aggron","|-supereffective|p1a: Aggron","|-damage|p1a: Aggron|50/330","|","|-heal|p2a: Slowbro|201/394 par|[from] item: Leftovers","|turn|5","|","|move|p1a: Aggron|Endeavor|p2a: Slowbro","|-damage|p2a: Slowbro|50/394 par","|move|p2a: Slowbro|Slack Off|p2a: Slowbro","|-heal|p2a: Slowbro|247/394 par","|","|-heal|p2a: Slowbro|271/394 par|[from] item: Leftovers","|turn|6","|","|move|p1a: Aggron|Endeavor|p2a: Slowbro","|-damage|p2a: Slowbro|50/394 par","|move|p2a: Slowbro|Scald|p1a: Aggron","|-damage|p1a: Aggron|0 fnt","|faint|p1a: Aggron","|","|-heal|p2a: Slowbro|74/394 par|[from] item: Leftovers","|","|switch|p1a: Excadrill|Excadrill, M|361/361","|-ability|p1a: Excadrill|Mold Breaker","|turn|7","|","|switch|p2a: Mew|Mew|404/404","|move|p1a: Excadrill|X-Scissor|p2a: Mew","|-crit|p2a: Mew","|-supereffective|p2a: Mew","|-damage|p2a: Mew|112/404","|","|-heal|p2a: Mew|137/404|[from] item: Leftovers","|turn|8","|","|move|p1a: Excadrill|X-Scissor|p2a: Mew","|-supereffective|p2a: Mew","|-damage|p2a: Mew|0 fnt","|faint|p2a: Mew","|","|","|switch|p2a: Victini|Victini|341/341","|turn|9","|","|move|p2a: Victini|V-create|p1a: Excadrill","|-supereffective|p1a: Excadrill","|-damage|p1a: Excadrill|0 fnt","|-unboost|p2a: Victini|spe|1","|-unboost|p2a: Victini|def|1","|-unboost|p2a: Victini|spd|1","|faint|p1a: Excadrill","|","|","|switch|p1a: Heatran|Heatran, M|385/385","|-item|p1a: Heatran|Air Balloon","|turn|10","|","|switch|p2a: Slowbro|Slowbro, M|205/394 par","|move|p1a: Heatran|Earth Power|p2a: Slowbro","|-damage|p2a: Slowbro|75/394 par","|","|-heal|p2a: Slowbro|99/394 par|[from] item: Leftovers","|turn|11","|","|switch|p2a: Latios|Latios, M|301/301","|move|p1a: Heatran|Earth Power|p2a: Latios","|-immune|p2a: Latios|[msg]","|","|turn|12","|","|move|p2a: Latios|Thunderbolt|p1a: Heatran","|-damage|p1a: Heatran|290/385","|-enditem|p1a: Heatran|Air Balloon","|move|p1a: Heatran|Roar|p2a: Latios","|drag|p2a: Slowbro|Slowbro, M|230/394 par","|","|-heal|p2a: Slowbro|254/394 par|[from] item: Leftovers","|turn|13","|","|move|p1a: Heatran|Earth Power|p2a: Slowbro","|-damage|p2a: Slowbro|120/394 par","|move|p2a: Slowbro|Scald|p1a: Heatran","|-supereffective|p1a: Heatran","|-damage|p1a: Heatran|120/385","|","|-heal|p2a: Slowbro|144/394 par|[from] item: Leftovers","|turn|14","|","|switch|p2a: Latios|Latios, M|301/301","|move|p1a: Heatran|Earth Power|p2a: Latios","|-immune|p2a: Latios|[msg]","|","|turn|15","|","|move|p2a: Latios|Psyshock|p1a: Heatran","|-resisted|p1a: Heatran","|-damage|p1a: Heatran|56/385","|move|p1a: Heatran|Roar|p2a: Latios","|drag|p2a: Slowbro|Slowbro, M|275/394 par","|","|-heal|p2a: Slowbro|299/394 par|[from] item: Leftovers","|turn|16","|","|switch|p2a: Latios|Latios, M|301/301","|move|p1a: Heatran|Earth Power|p2a: Latios","|-immune|p2a: Latios|[msg]","|","|turn|17","|","|move|p2a: Latios|Thunderbolt|p1a: Heatran","|-damage|p1a: Heatran|0 fnt","|faint|p1a: Heatran","|","|","|switch|p1a: Doublade|Doublade, F|321/321","|turn|18","|","|switch|p2a: Slowbro|Slowbro, M|394/394 par","|move|p1a: Doublade|Shadow Sneak|p2a: Slowbro","|-supereffective|p2a: Slowbro","|-damage|p2a: Slowbro|290/394 par","|","|-heal|p2a: Slowbro|314/394 par|[from] item: Leftovers","|turn|19","|","|move|p1a: Doublade|Swords Dance|p1a: Doublade","|-boost|p1a: Doublade|atk|2","|move|p2a: Slowbro|Scald|p1a: Doublade","|-damage|p1a: Doublade|204/321","|","|-heal|p2a: Slowbro|338/394 par|[from] item: Leftovers","|turn|20","|","|move|p1a: Doublade|Shadow Claw|p2a: Slowbro","|-supereffective|p2a: Slowbro","|-damage|p2a: Slowbro|36/394 par","|move|p2a: Slowbro|Scald|p1a: Doublade","|-damage|p1a: Doublade|101/321","|","|-heal|p2a: Slowbro|60/394 par|[from] item: Leftovers","|turn|21","|","|move|p1a: Doublade|Swords Dance|p1a: Doublade","|-boost|p1a: Doublade|atk|2","|move|p2a: Slowbro|Scald|p1a: Doublade","|-crit|p1a: Doublade","|-damage|p1a: Doublade|0 fnt","|faint|p1a: Doublade","|","|-heal|p2a: Slowbro|84/394 par|[from] item: Leftovers","|","|switch|p1a: Empoleon|Empoleon, M|371/371","|turn|22","|","|switch|p2a: Latios|Latios, M|301/301","|move|p1a: Empoleon|Ice Beam|p2a: Latios","|-supereffective|p2a: Latios","|-damage|p2a: Latios|23/301","|-status|p2a: Latios|frz","|","|turn|23","|","|switch|p2a: Slowbro|Slowbro, M|215/394 par","|move|p1a: Empoleon|Ice Beam|p2a: Slowbro","|-resisted|p2a: Slowbro","|-damage|p2a: Slowbro|127/394 par","|","|-heal|p2a: Slowbro|151/394 par|[from] item: Leftovers","|turn|24","|","|switch|p1a: Ferrothorn|Ferrothorn, M|351/351","|move|p2a: Slowbro|Slack Off|p2a: Slowbro","|-heal|p2a: Slowbro|348/394 par","|","|-heal|p2a: Slowbro|372/394 par|[from] item: Leftovers","|turn|25","|","|move|p1a: Ferrothorn|Leech Seed|p2a: Slowbro","|-start|p2a: Slowbro|move: Leech Seed","|move|p2a: Slowbro|Fire Blast|p1a: Ferrothorn","|-supereffective|p1a: Ferrothorn","|-damage|p1a: Ferrothorn|35/351","|","|-heal|p2a: Slowbro|394/394 par|[from] item: Leftovers","|-damage|p2a: Slowbro|345/394 par|[from] Leech Seed|[of] p1a: Ferrothorn","|-heal|p1a: Ferrothorn|84/351|[silent]","|turn|26","|","|switch|p2a: Latios|Latios, M|23/301 frz","|move|p1a: Ferrothorn|Stealth Rock|p2a: Latios","|-sidestart|p2: Crystal Blade64|move: Stealth Rock","|","|turn|27","|","|cant|p2a: Latios|frz","|move|p1a: Ferrothorn|Gyro Ball|p2a: Latios","|-damage|p2a: Latios|0 fnt","|faint|p2a: Latios","|","|","|switch|p2a: Hoopa-Unbound|Hoopa-Unbound|301/301","|-damage|p2a: Hoopa-Unbound|264/301|[from] Stealth Rock","|turn|28","|","|move|p2a: Hoopa-Unbound|Drain Punch|p1a: Ferrothorn","|-supereffective|p1a: Ferrothorn","|-damage|p1a: Ferrothorn|0 fnt","|-heal|p2a: Hoopa-Unbound|301/301|[from] drain|[of] p1a: Ferrothorn","|-damage|p2a: Hoopa-Unbound|264/301|[from] ability: Iron Barbs|[of] p1a: Ferrothorn","|-damage|p2a: Hoopa-Unbound|214/301|[from] item: Rocky Helmet|[of] p1a: Ferrothorn","|faint|p1a: Ferrothorn","|","|","|switch|p1a: Empoleon|Empoleon, M|371/371","|turn|29","|","|move|p2a: Hoopa-Unbound|Drain Punch|p1a: Empoleon","|-supereffective|p1a: Empoleon","|-damage|p1a: Empoleon|133/371","|-heal|p2a: Hoopa-Unbound|301/301|[from] drain|[of] p1a: Empoleon","|move|p1a: Empoleon|Scald|p2a: Hoopa-Unbound","|-damage|p2a: Hoopa-Unbound|132/301","|","|turn|30","|","|move|p2a: Hoopa-Unbound|Drain Punch|p1a: Empoleon","|-supereffective|p1a: Empoleon","|-damage|p1a: Empoleon|0 fnt","|-heal|p2a: Hoopa-Unbound|199/301|[from] drain|[of] p1a: Empoleon","|faint|p1a: Empoleon","|","|win|Crystal Blade64"],"p1rating":{"entryid":"7429437","serverid":"eos","formatid":"monotype","userid":"jake1079","username":"Jake1079","w":"37","l":52,"t":"0","gxe":44.1,"r":"1459.3464243066","rd":"41.121959493769","sigma":"0","rptime":"1439542800","rpr":1455.0799935385,"rprd":40.352290989573,"rpsigma":"0","acre":1074.5902966427,"lacre":1074.5902966427,"oldacre":"1088.4415971614"},"p2rating":{"entryid":"6391332","serverid":"eos","formatid":"monotype","userid":"crystalblade64","username":"Crystal Blade64","w":32,"l":"24","t":"0","gxe":57,"r":"1555.9568872703","rd":"50.563373317684","sigma":"0","rptime":"1439542800","rpr":1553.4250643974,"rprd":48.373486286725,"rpsigma":"0","acre":1252.4479364891,"lacre":1252.4479364891,"oldacre":"1237.5644607188"},"endType":"normal"}