{"seed":[59842,33495,30116,13215],"turns":81,"p1":"Misaka Laddering","p2":"Guard Wulf - ⓢⓐⓓ","p1team":[{"name":"Ferrothorn","species":"Ferrothorn","item":"leftovers","ability":"Iron Barbs","moves":["powerwhip","thunderwave","leechseed","protect"],"nature":"Impish","evs":{"hp":252,"atk":0,"def":180,"spa":0,"spd":76,"spe":0},"gender":"M","ivs":{"hp":31,"atk":31,"def":31,"spa":31,"spd":31,"spe":31}},{"name":"Bisharp","species":"Bisharp","item":"lumberry","ability":"Defiant","moves":["suckerpunch","swordsdance","ironhead","pursuit"],"nature":"Adamant","evs":{"hp":4,"atk":252,"def":0,"spa":0,"spd":0,"spe":252},"gender":"M","shiny":true,"ivs":{"hp":31,"atk":31,"def":31,"spa":31,"spd":31,"spe":31}},{"name":"Scizor","species":"Scizor","item":"scizorite","ability":"Technician","moves":["swordsdance","roost","bugbite","bulletpunch"],"nature":"Adamant","evs":{"hp":248,"atk":252,"def":0,"spa":0,"spd":0,"spe":8},"ivs":{"hp":31,"atk":31,"def":31,"spa":31,"spd":31,"spe":31}},{"name":"Excadrill","species":"Excadrill","item":"choicescarf","ability":"Mold Breaker","moves":["earthquake","ironhead","rockslide","xscissor"],"nature":"Jolly","evs":{"hp":0,"atk":252,"def":4,"spa":0,"spd":0,"spe":252},"gender":"M","ivs":{"hp":31,"atk":31,"def":31,"spa":31,"spd":31,"spe":31}},{"name":"Skarmory","species":"Skarmory","item":"rockyhelmet","ability":"Sturdy","moves":["bravebird","spikes","whirlwind","roost"],"nature":"Impish","evs":{"hp":248,"atk":0,"def":236,"spa":0,"spd":0,"spe":24},"gender":"M","ivs":{"hp":31,"atk":31,"def":31,"spa":31,"spd":31,"spe":31}},{"name":"Heatran","species":"Heatran","item":"airballoon","ability":"Flash Fire","moves":["lavaplume","toxic","earthpower","stealthrock"],"nature":"Calm","evs":{"hp":248,"atk":0,"def":0,"spa":0,"spd":228,"spe":32},"ivs":{"hp":31,"atk":31,"def":31,"spa":31,"spd":31,"spe":31}}],"p2team":[{"name":"Dragonite","species":"Dragonite","item":"choiceband","ability":"Multiscale","moves":["firepunch","earthquake","dragonclaw","extremespeed"],"nature":"Jolly","evs":{"hp":0,"atk":252,"def":0,"spa":0,"spd":4,"spe":252},"ivs":{"hp":31,"atk":31,"def":31,"spa":31,"spd":31,"spe":31}},{"name":"Pidgeot","species":"Pidgeot","item":"pidgeotite","ability":"Big Pecks","moves":["hurricane","heatwave","uturn","roost"],"nature":"Timid","evs":{"hp":0,"atk":0,"def":0,"spa":252,"spd":4,"spe":252},"ivs":{"hp":31,"atk":31,"def":31,"spa":31,"spd":31,"spe":31}},{"name":"Skarmory","species":"Skarmory","item":"leftovers","ability":"Sturdy","moves":["stealthrock","roost","ironhead","roar"],"nature":"Impish","evs":{"hp":252,"atk":0,"def":232,"spa":0,"spd":0,"spe":24},"ivs":{"hp":31,"atk":31,"def":31,"spa":31,"spd":31,"spe":31}},{"name":"Togekiss","species":"Togekiss","item":"leftovers","ability":"Serene Grace","moves":["thunderwave","roost","defog","airslash"],"nature":"Calm","evs":{"hp":252,"atk":0,"def":0,"spa":4,"spd":252,"spe":0},"ivs":{"hp":31,"atk":31,"def":31,"spa":31,"spd":31,"spe":31}},{"name":"Thundurus-Therian","species":"Thundurus-Therian","item":"choicescarf","ability":"Volt Absorb","moves":["thunderbolt","voltswitch","flashcannon","hiddenpowerice"],"nature":"Modest","evs":{"hp":0,"atk":0,"def":0,"spa":252,"spd":4,"spe":252},"ivs":{"hp":31,"atk":30,"def":30,"spa":31,"spd":31,"spe":31}},{"name":"Gliscor","species":"Gliscor","item":"toxicorb","ability":"Poison Heal","moves":["earthquake","knockoff","toxic","roost"],"nature":"Impish","evs":{"hp":248,"atk":0,"def":188,"spa":0,"spd":0,"spe":72},"ivs":{"hp":31,"atk":31,"def":31,"spa":31,"spd":31,"spe":31}}],"log":["|player|p1|Misaka Laddering|misakamikoto.png","|player|p2|Guard Wulf - ⓢⓐⓓ|163","|gametype|singles","|gen|6","|tier|Monotype","|rated","|rule|Baton Pass Clause: Limit one Baton Passer, can't pass Spe and other stats simultaneously","|rule|Swagger Clause: Swagger is banned","|rule|Same Type Clause: Pokémon in a team must share a type","|clearpoke","|poke|p1|Ferrothorn, M","|poke|p1|Bisharp, M, shiny","|poke|p1|Scizor, F","|poke|p1|Excadrill, M","|poke|p1|Skarmory, M","|poke|p1|Heatran, F","|poke|p2|Dragonite, M","|poke|p2|Pidgeot, F","|poke|p2|Skarmory, F","|poke|p2|Togekiss, F","|poke|p2|Thundurus-Therian, M","|poke|p2|Gliscor, F","|rule|Sleep Clause Mod: Limit one foe put to sleep","|rule|Species Clause: Limit one of each Pokémon","|rule|OHKO Clause: OHKO moves are banned","|rule|Moody Clause: Moody is banned","|rule|Evasion Moves Clause: Evasion moves are banned","|rule|Endless Battle Clause: Forcing endless battles is banned","|rule|HP Percentage Mod: HP is shown in percentages","|teampreview","|","|start","|switch|p1a: Heatran|Heatran, F|385/385","|switch|p2a: Thundurus-Therian|Thundurus-Therian, M|299/299","|-item|p1a: Heatran|Air Balloon","|turn|1","|","|move|p2a: Thundurus-Therian|Volt Switch|p1a: Heatran","|-damage|p1a: Heatran|289/385","|-enditem|p1a: Heatran|Air Balloon","|","|switch|p2a: Gliscor|Gliscor, F|353/353","|move|p1a: Heatran|Stealth Rock|p2a: Gliscor","|-sidestart|p2: Guard Wulf - ⓢⓐⓓ|move: Stealth Rock","|","|-status|p2a: Gliscor|tox|[from] item: Toxic Orb","|turn|2","|","|move|p2a: Gliscor|Earthquake|p1a: Heatran","|-supereffective|p1a: Heatran","|-damage|p1a: Heatran|0 fnt","|faint|p1a: Heatran","|","|","|switch|p1a: Skarmory|Skarmory, M|333/333","|turn|3","|","|switch|p2a: Togekiss|Togekiss, F|374/374","|-damage|p2a: Togekiss|281/374|[from] Stealth Rock","|move|p1a: Skarmory|Whirlwind|p2a: Togekiss","|drag|p2a: Dragonite|Dragonite, M|323/323","|-damage|p2a: Dragonite|243/323|[from] Stealth Rock","|","|turn|4","|","|move|p2a: Dragonite|Fire Punch|p1a: Skarmory","|-supereffective|p1a: Skarmory","|-damage|p1a: Skarmory|183/333","|-damage|p2a: Dragonite|190/323|[from] item: Rocky Helmet|[of] p1a: Skarmory","|move|p1a: Skarmory|Spikes|p2a: Dragonite","|-sidestart|p2: Guard Wulf - ⓢⓐⓓ|Spikes","|","|turn|5","|","|move|p2a: Dragonite|Fire Punch|p1a: Skarmory","|-supereffective|p1a: Skarmory","|-damage|p1a: Skarmory|37/333","|-damage|p2a: Dragonite|137/323|[from] item: Rocky Helmet|[of] p1a: Skarmory","|move|p1a: Skarmory|Roost|p1a: Skarmory","|-heal|p1a: Skarmory|204/333","|","|turn|6","|","|switch|p2a: Togekiss|Togekiss, F|281/374","|-damage|p2a: Togekiss|188/374|[from] Stealth Rock","|move|p1a: Skarmory|Whirlwind|p2a: Togekiss","|drag|p2a: Dragonite|Dragonite, M|137/323","|-damage|p2a: Dragonite|57/323|[from] Stealth Rock","|","|turn|7","|","|move|p2a: Dragonite|Fire Punch|p1a: Skarmory","|-supereffective|p1a: Skarmory","|-damage|p1a: Skarmory|54/333","|-damage|p2a: Dragonite|4/323|[from] item: Rocky Helmet|[of] p1a: Skarmory","|-status|p1a: Skarmory|brn","|move|p1a: Skarmory|Whirlwind|p2a: Dragonite","|drag|p2a: Thundurus-Therian|Thundurus-Therian, M|299/299","|-damage|p2a: Thundurus-Therian|225/299|[from] Stealth Rock","|","|-damage|p1a: Skarmory|13/333 brn|[from] brn","|turn|8","|","|switch|p2a: Togekiss|Togekiss, F|188/374","|-damage|p2a: Togekiss|95/374|[from] Stealth Rock","|switch|p1a: Excadrill|Excadrill, M|361/361","|-ability|p1a: Excadrill|Mold Breaker","|","|-heal|p2a: Togekiss|118/374|[from] item: Leftovers","|turn|9","|","|switch|p2a: Skarmory|Skarmory, F|334/334","|-damage|p2a: Skarmory|293/334|[from] Stealth Rock","|move|p1a: Excadrill|Rock Slide|p2a: Skarmory","|-damage|p2a: Skarmory|242/334","|","|-heal|p2a: Skarmory|262/334|[from] item: Leftovers","|turn|10","|","|switch|p1a: Skarmory|Skarmory, M|13/333 brn","|move|p2a: Skarmory|Roost|p2a: Skarmory","|-heal|p2a: Skarmory|334/334","|","|-damage|p1a: Skarmory|0 fnt|[from] brn","|faint|p1a: Skarmory","|","|switch|p1a: Ferrothorn|Ferrothorn, M|352/352","|turn|11","|","|switch|p2a: Togekiss|Togekiss, F|118/374","|-damage|p2a: Togekiss|25/374|[from] Stealth Rock","|move|p1a: Ferrothorn|Leech Seed|p2a: Togekiss","|-start|p2a: Togekiss|move: Leech Seed","|","|-heal|p2a: Togekiss|48/374|[from] item: Leftovers","|-damage|p2a: Togekiss|2/374|[from] Leech Seed|[of] p1a: Ferrothorn","|turn|12","|","|move|p1a: Ferrothorn|Protect|p1a: Ferrothorn","|-singleturn|p1a: Ferrothorn|Protect","|move|p2a: Togekiss|Roost|p2a: Togekiss","|-heal|p2a: Togekiss|189/374","|","|-heal|p2a: Togekiss|212/374|[from] item: Leftovers","|-damage|p2a: Togekiss|166/374|[from] Leech Seed|[of] p1a: Ferrothorn","|turn|13","|","|move|p2a: Togekiss|Defog|p1a: Ferrothorn","|-unboost|p1a: Ferrothorn|evasion|1","|-sideend|p2: Guard Wulf - ⓢⓐⓓ|Spikes|[from] move: Defog|[of] p2a: Togekiss","|-sideend|p2: Guard Wulf - ⓢⓐⓓ|Stealth Rock|[from] move: Defog|[of] p2a: Togekiss","|move|p1a: Ferrothorn|Thunder Wave|p2a: Togekiss","|-status|p2a: Togekiss|par","|","|-heal|p2a: Togekiss|189/374 par|[from] item: Leftovers","|-damage|p2a: Togekiss|143/374 par|[from] Leech Seed|[of] p1a: Ferrothorn","|turn|14","|","|switch|p1a: Excadrill|Excadrill, M|361/361","|-ability|p1a: Excadrill|Mold Breaker","|switch|p2a: Dragonite|Dragonite, M|4/323","|","|turn|15","|","|switch|p2a: Togekiss|Togekiss, F|143/374 par","|move|p1a: Excadrill|Iron Head|p2a: Togekiss","|-supereffective|p2a: Togekiss","|-damage|p2a: Togekiss|0 fnt","|faint|p2a: Togekiss","|","|","|switch|p2a: Gliscor|Gliscor, F|353/353 tox","|turn|16","|","|switch|p1a: Ferrothorn|Ferrothorn, M|352/352","|move|p2a: Gliscor|Knock Off|p1a: Ferrothorn","|-damage|p1a: Ferrothorn|305/352","|-damage|p2a: Gliscor|309/353 tox|[from] ability: Iron Barbs|[of] p1a: Ferrothorn","|-enditem|p1a: Ferrothorn|Leftovers|[from] move: Knock Off|[of] p2a: Gliscor","|","|-heal|p2a: Gliscor|353/353 tox|[from] ability: Poison Heal","|turn|17","|","|move|p2a: Gliscor|Earthquake|p1a: Ferrothorn","|-damage|p1a: Ferrothorn|232/352","|move|p1a: Ferrothorn|Leech Seed|p2a: Gliscor","|-start|p2a: Gliscor|move: Leech Seed","|","|-damage|p2a: Gliscor|309/353 tox|[from] Leech Seed|[of] p1a: Ferrothorn","|-heal|p1a: Ferrothorn|276/352|[silent]","|-heal|p2a: Gliscor|353/353 tox|[from] ability: Poison Heal","|turn|18","|","|switch|p2a: Pidgeot|Pidgeot, F|307/307","|move|p1a: Ferrothorn|Power Whip|p2a: Pidgeot","|-resisted|p2a: Pidgeot","|-damage|p2a: Pidgeot|229/307","|","|turn|19","|","|detailschange|p2a: Pidgeot|Pidgeot-Mega, F","|-mega|p2a: Pidgeot|Pidgeot|Pidgeotite","|move|p2a: Pidgeot|Heat Wave|p1a: Ferrothorn","|-supereffective|p1a: Ferrothorn","|-damage|p1a: Ferrothorn|0 fnt","|faint|p1a: Ferrothorn","|","|","|switch|p1a: Excadrill|Excadrill, M|361/361","|-ability|p1a: Excadrill|Mold Breaker","|turn|20","|","|switch|p2a: Skarmory|Skarmory, F|334/334","|move|p1a: Excadrill|Iron Head|p2a: Skarmory","|-resisted|p2a: Skarmory","|-damage|p2a: Skarmory|293/334","|","|-heal|p2a: Skarmory|313/334|[from] item: Leftovers","|turn|21","|","|switch|p1a: Scizor|Scizor, F|343/343","|move|p2a: Skarmory|Stealth Rock|p1a: Scizor","|-sidestart|p1: Misaka Laddering|move: Stealth Rock","|","|-heal|p2a: Skarmory|333/334|[from] item: Leftovers","|turn|22","|","|switch|p2a: Thundurus-Therian|Thundurus-Therian, M|225/299","|detailschange|p1a: Scizor|Scizor-Mega, F","|-mega|p1a: Scizor|Scizor|Scizorite","|move|p1a: Scizor|Swords Dance|p1a: Scizor","|-boost|p1a: Scizor|atk|2","|","|turn|23","|","|move|p2a: Thundurus-Therian|Thunderbolt|p1a: Scizor","|-damage|p1a: Scizor|150/343","|move|p1a: Scizor|Bug Bite|p2a: Thundurus-Therian","|-resisted|p2a: Thundurus-Therian","|-damage|p2a: Thundurus-Therian|0 fnt","|faint|p2a: Thundurus-Therian","|","|","|switch|p2a: Dragonite|Dragonite, M|4/323","|turn|24","|","|move|p2a: Dragonite|Extreme Speed|p1a: Scizor","|-resisted|p1a: Scizor","|-damage|p1a: Scizor|95/343","|move|p1a: Scizor|Bullet Punch|p2a: Dragonite","|-damage|p2a: Dragonite|0 fnt","|faint|p2a: Dragonite","|","|","|switch|p2a: Skarmory|Skarmory, F|333/334","|turn|25","|","|move|p1a: Scizor|Roost|p1a: Scizor","|-heal|p1a: Scizor|267/343","|move|p2a: Skarmory|Roar|p1a: Scizor","|drag|p1a: Excadrill|Excadrill, M|361/361","|-damage|p1a: Excadrill|350/361|[from] Stealth Rock","|-ability|p1a: Excadrill|Mold Breaker","|","|-heal|p2a: Skarmory|334/334|[from] item: Leftovers","|turn|26","|","|move|p1a: Excadrill|Rock Slide|p2a: Skarmory","|-damage|p2a: Skarmory|285/334","|move|p2a: Skarmory|Roar|p1a: Excadrill","|drag|p1a: Bisharp|Bisharp, M, shiny|272/272","|-damage|p1a: Bisharp|255/272|[from] Stealth Rock","|","|-heal|p2a: Skarmory|305/334|[from] item: Leftovers","|turn|27","|","|move|p1a: Bisharp|Pursuit|p2a: Skarmory","|-damage|p2a: Skarmory|260/334","|move|p2a: Skarmory|Roost|p2a: Skarmory","|-heal|p2a: Skarmory|334/334","|","|turn|28","|","|move|p1a: Bisharp|Swords Dance|p1a: Bisharp","|-boost|p1a: Bisharp|atk|2","|move|p2a: Skarmory|Roar|p1a: Bisharp","|drag|p1a: Excadrill|Excadrill, M|350/361","|-damage|p1a: Excadrill|339/361|[from] Stealth Rock","|-ability|p1a: Excadrill|Mold Breaker","|","|turn|29","|","|move|p1a: Excadrill|Rock Slide|p2a: Skarmory","|-damage|p2a: Skarmory|280/334","|move|p2a: Skarmory|Roar|p1a: Excadrill","|drag|p1a: Scizor|Scizor-Mega, F|267/343","|-damage|p1a: Scizor|225/343|[from] Stealth Rock","|","|-heal|p2a: Skarmory|300/334|[from] item: Leftovers","|turn|30","|","|move|p1a: Scizor|Roost|p1a: Scizor","|-heal|p1a: Scizor|343/343","|move|p2a: Skarmory|Roar|p1a: Scizor","|drag|p1a: Bisharp|Bisharp, M, shiny|255/272","|-damage|p1a: Bisharp|238/272|[from] Stealth Rock","|","|-heal|p2a: Skarmory|320/334|[from] item: Leftovers","|turn|31","|","|move|p1a: Bisharp|Pursuit|p2a: Skarmory","|-damage|p2a: Skarmory|274/334","|move|p2a: Skarmory|Roar|p1a: Bisharp","|drag|p1a: Excadrill|Excadrill, M|339/361","|-damage|p1a: Excadrill|328/361|[from] Stealth Rock","|-ability|p1a: Excadrill|Mold Breaker","|","|-heal|p2a: Skarmory|294/334|[from] item: Leftovers","|turn|32","|","|move|p1a: Excadrill|Rock Slide|p2a: Skarmory","|-damage|p2a: Skarmory|236/334","|move|p2a: Skarmory|Roar|p1a: Excadrill","|drag|p1a: Scizor|Scizor-Mega, F|343/343","|-damage|p1a: Scizor|301/343|[from] Stealth Rock","|","|-heal|p2a: Skarmory|256/334|[from] item: Leftovers","|turn|33","|","|move|p1a: Scizor|Bug Bite|p2a: Skarmory","|-resisted|p2a: Skarmory","|-damage|p2a: Skarmory|230/334","|move|p2a: Skarmory|Roar|p1a: Scizor","|drag|p1a: Bisharp|Bisharp, M, shiny|238/272","|-damage|p1a: Bisharp|221/272|[from] Stealth Rock","|","|-heal|p2a: Skarmory|250/334|[from] item: Leftovers","|turn|34","|","|move|p1a: Bisharp|Pursuit|p2a: Skarmory","|-crit|p2a: Skarmory","|-damage|p2a: Skarmory|186/334","|move|p2a: Skarmory|Roar|p1a: Bisharp","|drag|p1a: Excadrill|Excadrill, M|328/361","|-damage|p1a: Excadrill|317/361|[from] Stealth Rock","|-ability|p1a: Excadrill|Mold Breaker","|","|-heal|p2a: Skarmory|206/334|[from] item: Leftovers","|turn|35","|","|move|p1a: Excadrill|Rock Slide|p2a: Skarmory","|-damage|p2a: Skarmory|155/334","|move|p2a: Skarmory|Roost|p2a: Skarmory","|-heal|p2a: Skarmory|322/334","|","|-heal|p2a: Skarmory|334/334|[from] item: Leftovers","|turn|36","|","|switch|p2a: Gliscor|Gliscor, F|353/353 tox","|move|p1a: Excadrill|Rock Slide|p2a: Gliscor","|-damage|p2a: Gliscor|298/353 tox","|","|-heal|p2a: Gliscor|342/353 tox|[from] ability: Poison Heal","|turn|37","|","|switch|p1a: Scizor|Scizor-Mega, F|301/343","|-damage|p1a: Scizor|259/343|[from] Stealth Rock","|move|p2a: Gliscor|Earthquake|p1a: Scizor","|-damage|p1a: Scizor|166/343","|","|-heal|p2a: Gliscor|353/353 tox|[from] ability: Poison Heal","|turn|38","|","|move|p2a: Gliscor|Earthquake|p1a: Scizor","|-damage|p1a: Scizor|81/343","|move|p1a: Scizor|Roost|p1a: Scizor","|-heal|p1a: Scizor|253/343","|","|turn|39","|","|switch|p2a: Skarmory|Skarmory, F|334/334","|move|p1a: Scizor|Swords Dance|p1a: Scizor","|-boost|p1a: Scizor|atk|2","|","|turn|40","|","|move|p1a: Scizor|Bug Bite|p2a: Skarmory","|-resisted|p2a: Skarmory","|-damage|p2a: Skarmory|279/334","|move|p2a: Skarmory|Roar|p1a: Scizor","|drag|p1a: Excadrill|Excadrill, M|317/361","|-damage|p1a: Excadrill|306/361|[from] Stealth Rock","|-ability|p1a: Excadrill|Mold Breaker","|","|-heal|p2a: Skarmory|299/334|[from] item: Leftovers","|turn|41","|","|switch|p2a: Gliscor|Gliscor, F|353/353 tox","|move|p1a: Excadrill|Iron Head|p2a: Gliscor","|-damage|p2a: Gliscor|256/353 tox","|","|-heal|p2a: Gliscor|300/353 tox|[from] ability: Poison Heal","|turn|42","|","|switch|p1a: Scizor|Scizor-Mega, F|253/343","|-damage|p1a: Scizor|211/343|[from] Stealth Rock","|switch|p2a: Pidgeot|Pidgeot-Mega, F|229/307","|","|turn|43","|","|move|p1a: Scizor|Bullet Punch|p2a: Pidgeot","|-crit|p2a: Pidgeot","|-damage|p2a: Pidgeot|0 fnt","|faint|p2a: Pidgeot","|","|","|switch|p2a: Skarmory|Skarmory, F|299/334","|turn|44","|","|move|p1a: Scizor|Roost|p1a: Scizor","|-heal|p1a: Scizor|343/343","|move|p2a: Skarmory|Roar|p1a: Scizor","|drag|p1a: Bisharp|Bisharp, M, shiny|221/272","|-damage|p1a: Bisharp|204/272|[from] Stealth Rock","|","|-heal|p2a: Skarmory|319/334|[from] item: Leftovers","|turn|45","|","|move|p1a: Bisharp|Pursuit|p2a: Skarmory","|-damage|p2a: Skarmory|271/334","|move|p2a: Skarmory|Iron Head|p1a: Bisharp","|-resisted|p1a: Bisharp","|-damage|p1a: Bisharp|166/272","|","|-heal|p2a: Skarmory|291/334|[from] item: Leftovers","|turn|46","|","|move|p1a: Bisharp|Iron Head|p2a: Skarmory","|-crit|p2a: Skarmory","|-resisted|p2a: Skarmory","|-damage|p2a: Skarmory|225/334","|cant|p2a: Skarmory|flinch","|","|-heal|p2a: Skarmory|245/334|[from] item: Leftovers","|turn|47","|","|move|p1a: Bisharp|Iron Head|p2a: Skarmory","|-resisted|p2a: Skarmory","|-damage|p2a: Skarmory|198/334","|move|p2a: Skarmory|Iron Head|p1a: Bisharp","|-resisted|p1a: Bisharp","|-damage|p1a: Bisharp|127/272","|","|-heal|p2a: Skarmory|218/334|[from] item: Leftovers","|turn|48","|","|move|p1a: Bisharp|Iron Head|p2a: Skarmory","|-resisted|p2a: Skarmory","|-damage|p2a: Skarmory|177/334","|cant|p2a: Skarmory|flinch","|","|-heal|p2a: Skarmory|197/334|[from] item: Leftovers","|turn|49","|","|move|p1a: Bisharp|Iron Head|p2a: Skarmory","|-resisted|p2a: Skarmory","|-damage|p2a: Skarmory|153/334","|move|p2a: Skarmory|Roost|p2a: Skarmory","|-heal|p2a: Skarmory|320/334","|","|-heal|p2a: Skarmory|334/334|[from] item: Leftovers","|turn|50","|","|move|p1a: Bisharp|Swords Dance|p1a: Bisharp","|-boost|p1a: Bisharp|atk|2","|move|p2a: Skarmory|Iron Head|p1a: Bisharp","|-crit|p1a: Bisharp","|-resisted|p1a: Bisharp","|-damage|p1a: Bisharp|70/272","|","|turn|51","|","|move|p1a: Bisharp|Iron Head|p2a: Skarmory","|-resisted|p2a: Skarmory","|-damage|p2a: Skarmory|253/334","|move|p2a: Skarmory|Roar|p1a: Bisharp","|drag|p1a: Excadrill|Excadrill, M|306/361","|-damage|p1a: Excadrill|295/361|[from] Stealth Rock","|-ability|p1a: Excadrill|Mold Breaker","|","|-heal|p2a: Skarmory|273/334|[from] item: Leftovers","|turn|52","|","|move|p1a: Excadrill|Rock Slide|p2a: Skarmory","|-damage|p2a: Skarmory|222/334","|move|p2a: Skarmory|Roost|p2a: Skarmory","|-heal|p2a: Skarmory|334/334","|","|turn|53","|","|switch|p1a: Bisharp|Bisharp, M, shiny|70/272","|-damage|p1a: Bisharp|53/272|[from] Stealth Rock","|move|p2a: Skarmory|Iron Head|p1a: Bisharp","|-resisted|p1a: Bisharp","|-damage|p1a: Bisharp|11/272","|","|turn|54","|","|move|p1a: Bisharp|Sucker Punch|p2a: Skarmory","|-fail|p1a: Bisharp","|move|p2a: Skarmory|Roar|p1a: Bisharp","|drag|p1a: Scizor|Scizor-Mega, F|343/343","|-damage|p1a: Scizor|301/343|[from] Stealth Rock","|","|turn|55","|","|switch|p1a: Bisharp|Bisharp, M, shiny|11/272","|-damage|p1a: Bisharp|0 fnt|[from] Stealth Rock","|faint|p1a: Bisharp","|move|p2a: Skarmory|Iron Head|p1: Bisharp|[notarget]","|-notarget","|","|","|switch|p1a: Excadrill|Excadrill, M|295/361","|-damage|p1a: Excadrill|284/361|[from] Stealth Rock","|-ability|p1a: Excadrill|Mold Breaker","|turn|56","|","|move|p1a: Excadrill|Rock Slide|p2a: Skarmory","|-damage|p2a: Skarmory|278/334","|move|p2a: Skarmory|Iron Head|p1a: Excadrill","|-resisted|p1a: Excadrill","|-damage|p1a: Excadrill|227/361","|","|-heal|p2a: Skarmory|298/334|[from] item: Leftovers","|turn|57","|","|switch|p2a: Gliscor|Gliscor, F|300/353 tox","|move|p1a: Excadrill|Rock Slide|p2a: Gliscor","|-damage|p2a: Gliscor|238/353 tox","|","|-heal|p2a: Gliscor|282/353 tox|[from] ability: Poison Heal","|turn|58","|","|move|p1a: Excadrill|Rock Slide|p2a: Gliscor","|-damage|p2a: Gliscor|221/353 tox","|cant|p2a: Gliscor|flinch","|","|-heal|p2a: Gliscor|265/353 tox|[from] ability: Poison Heal","|turn|59","|","|move|p1a: Excadrill|Rock Slide|p2a: Gliscor","|-damage|p2a: Gliscor|206/353 tox","|move|p2a: Gliscor|Earthquake|p1a: Excadrill","|-supereffective|p1a: Excadrill","|-damage|p1a: Excadrill|0 fnt","|faint|p1a: Excadrill","|","|-heal|p2a: Gliscor|250/353 tox|[from] ability: Poison Heal","|","|switch|p1a: Scizor|Scizor-Mega, F|301/343","|-damage|p1a: Scizor|259/343|[from] Stealth Rock","|turn|60","|","|move|p2a: Gliscor|Earthquake|p1a: Scizor","|-damage|p1a: Scizor|174/343","|move|p1a: Scizor|Swords Dance|p1a: Scizor","|-boost|p1a: Scizor|atk|2","|","|-heal|p2a: Gliscor|294/353 tox|[from] ability: Poison Heal","|turn|61","|","|move|p2a: Gliscor|Earthquake|p1a: Scizor","|-damage|p1a: Scizor|83/343","|move|p1a: Scizor|Roost|p1a: Scizor","|-heal|p1a: Scizor|255/343","|","|-heal|p2a: Gliscor|338/353 tox|[from] ability: Poison Heal","|turn|62","|","|move|p2a: Gliscor|Earthquake|p1a: Scizor","|-damage|p1a: Scizor|168/343","|move|p1a: Scizor|Roost|p1a: Scizor","|-heal|p1a: Scizor|340/343","|","|-heal|p2a: Gliscor|353/353 tox|[from] ability: Poison Heal","|turn|63","|","|move|p2a: Gliscor|Earthquake|p1a: Scizor","|-crit|p1a: Scizor","|-damage|p1a: Scizor|208/343","|move|p1a: Scizor|Swords Dance|p1a: Scizor","|-boost|p1a: Scizor|atk|2","|","|turn|64","|","|move|p2a: Gliscor|Earthquake|p1a: Scizor","|-damage|p1a: Scizor|118/343","|move|p1a: Scizor|Roost|p1a: Scizor","|-heal|p1a: Scizor|290/343","|","|turn|65","|","|move|p2a: Gliscor|Earthquake|p1a: Scizor","|-damage|p1a: Scizor|202/343","|move|p1a: Scizor|Roost|p1a: Scizor","|-heal|p1a: Scizor|343/343","|","|turn|66","|","|move|p2a: Gliscor|Earthquake|p1a: Scizor","|-damage|p1a: Scizor|258/343","|move|p1a: Scizor|Swords Dance|p1a: Scizor","|-boost|p1a: Scizor|atk|2","|","|turn|67","|","|move|p1a: Scizor|Bullet Punch|p2a: Gliscor","|-damage|p2a: Gliscor|0 fnt","|faint|p2a: Gliscor","|","|","|switch|p2a: Skarmory|Skarmory, F|298/334","|turn|68","|","|move|p1a: Scizor|Bug Bite|p2a: Skarmory","|-resisted|p2a: Skarmory","|-damage|p2a: Skarmory|188/334","|move|p2a: Skarmory|Roost|p2a: Skarmory","|-heal|p2a: Skarmory|334/334","|","|turn|69","|","|move|p1a: Scizor|Bug Bite|p2a: Skarmory","|-resisted|p2a: Skarmory","|-damage|p2a: Skarmory|214/334","|move|p2a: Skarmory|Roost|p2a: Skarmory","|-heal|p2a: Skarmory|334/334","|","|turn|70","|","|move|p1a: Scizor|Bug Bite|p2a: Skarmory","|-resisted|p2a: Skarmory","|-damage|p2a: Skarmory|216/334","|move|p2a: Skarmory|Roost|p2a: Skarmory","|-heal|p2a: Skarmory|334/334","|","|turn|71","|","|move|p1a: Scizor|Bug Bite|p2a: Skarmory","|-resisted|p2a: Skarmory","|-damage|p2a: Skarmory|228/334","|move|p2a: Skarmory|Roost|p2a: Skarmory","|-heal|p2a: Skarmory|334/334","|","|turn|72","|","|move|p1a: Scizor|Bug Bite|p2a: Skarmory","|-resisted|p2a: Skarmory","|-damage|p2a: Skarmory|228/334","|move|p2a: Skarmory|Roost|p2a: Skarmory","|-heal|p2a: Skarmory|334/334","|","|turn|73","|","|move|p1a: Scizor|Bug Bite|p2a: Skarmory","|-resisted|p2a: Skarmory","|-damage|p2a: Skarmory|226/334","|move|p2a: Skarmory|Iron Head|p1a: Scizor","|-resisted|p1a: Scizor","|-damage|p1a: Scizor|229/343","|","|-heal|p2a: Skarmory|246/334|[from] item: Leftovers","|turn|74","|","|move|p1a: Scizor|Bug Bite|p2a: Skarmory","|-resisted|p2a: Skarmory","|-damage|p2a: Skarmory|140/334","|move|p2a: Skarmory|Iron Head|p1a: Scizor","|-crit|p1a: Scizor","|-resisted|p1a: Scizor","|-damage|p1a: Scizor|188/343","|","|-heal|p2a: Skarmory|160/334|[from] item: Leftovers","|turn|75","|","|move|p1a: Scizor|Bug Bite|p2a: Skarmory","|-resisted|p2a: Skarmory","|-damage|p2a: Skarmory|39/334","|move|p2a: Skarmory|Roost|p2a: Skarmory","|-heal|p2a: Skarmory|206/334","|","|-heal|p2a: Skarmory|226/334|[from] item: Leftovers","|turn|76","|","|move|p1a: Scizor|Bug Bite|p2a: Skarmory","|-crit|p2a: Skarmory","|-resisted|p2a: Skarmory","|-damage|p2a: Skarmory|59/334","|move|p2a: Skarmory|Roost|p2a: Skarmory","|-heal|p2a: Skarmory|226/334","|","|-heal|p2a: Skarmory|246/334|[from] item: Leftovers","|turn|77","|","|move|p1a: Scizor|Bug Bite|p2a: Skarmory","|-resisted|p2a: Skarmory","|-damage|p2a: Skarmory|128/334","|move|p2a: Skarmory|Roost|p2a: Skarmory","|-heal|p2a: Skarmory|295/334","|","|-heal|p2a: Skarmory|315/334|[from] item: Leftovers","|turn|78","|","|move|p1a: Scizor|Bug Bite|p2a: Skarmory","|-resisted|p2a: Skarmory","|-damage|p2a: Skarmory|206/334","|move|p2a: Skarmory|Iron Head|p1a: Scizor","|-resisted|p1a: Scizor","|-damage|p1a: Scizor|157/343","|","|-heal|p2a: Skarmory|226/334|[from] item: Leftovers","|turn|79","|","|move|p1a: Scizor|Roost|p1a: Scizor","|-heal|p1a: Scizor|329/343","|move|p2a: Skarmory|Iron Head|p1a: Scizor","|-resisted|p1a: Scizor","|-damage|p1a: Scizor|301/343","|","|-heal|p2a: Skarmory|246/334|[from] item: Leftovers","|turn|80","|","|move|p1a: Scizor|Bug Bite|p2a: Skarmory","|-crit|p2a: Skarmory","|-resisted|p2a: Skarmory","|-damage|p2a: Skarmory|66/334","|move|p2a: Skarmory|Iron Head|p1a: Scizor","|-resisted|p1a: Scizor","|-damage|p1a: Scizor|271/343","|","|-heal|p2a: Skarmory|86/334|[from] item: Leftovers","|turn|81","|","|move|p1a: Scizor|Bug Bite|p2a: Skarmory","|-resisted|p2a: Skarmory","|-damage|p2a: Skarmory|0 fnt","|faint|p2a: Skarmory","|","|win|Misaka Laddering"],"p1rating":{"entryid":"7636249","serverid":"eos","formatid":"monotype","userid":"misakaladdering","username":"Misaka Laddering","w":1,"l":"1","t":"0","gxe":51.2,"r":"1500","rd":"130","sigma":"0","rptime":"1439542800","rpr":1509.3611945974,"rprd":115.6945163742,"rpsigma":"0","acre":1067.6892406629,"lacre":1067.6892406629,"oldacre":"1000"},"p2rating":{"entryid":"7326062","serverid":"eos","formatid":"monotype","userid":"guardwulf","username":"Guard Wulf","w":"58","l":29,"t":"0","gxe":64,"r":"1612.6543994126","rd":"41.801224475511","sigma":"0","rptime":"1439542800","rpr":1609.041741904,"rprd":39.585489910561,"rpsigma":"0","acre":1253.7881449212,"lacre":1253.7881449212,"oldacre":"1296.0939203355"},"endType":"normal"}