{"seed":[24217,18476,42764,45995],"turns":19,"p1":"Rain Mistral","p2":"Jake1079","p1team":[{"name":"Reshi's Keys","species":"klefki","item":"lightclay","ability":"Prankster","moves":["reflect","lightscreen","thunderwave","foulplay"],"nature":"Bold","evs":{"hp":248,"atk":0,"def":252,"spa":0,"spd":8,"spe":0},"gender":"F","ivs":{"hp":31,"atk":31,"def":31,"spa":31,"spd":31,"spe":31}},{"name":"Reshi's Astra","species":"clefable","item":"leftovers","ability":"Magic Guard","moves":["softboiled","moonblast","calmmind","flamethrower"],"nature":"Bold","evs":{"hp":252,"atk":0,"def":252,"spa":4,"spd":0,"spe":0},"gender":"F","ivs":{"hp":31,"atk":31,"def":31,"spa":30,"spd":30,"spe":31},"shiny":true},{"name":"Reshi's Shiawase","species":"togekiss","item":"choicescarf","ability":"Serene Grace","moves":["airslash","aurasphere","flamethrower","dazzlinggleam"],"nature":"Timid","evs":{"hp":4,"atk":0,"def":0,"spa":252,"spd":0,"spe":252},"gender":"M","shiny":true,"ivs":{"hp":31,"atk":31,"def":31,"spa":31,"spd":31,"spe":31}},{"name":"Reshi's Bobbles","species":"mrmime","item":"weaknesspolicy","ability":"Filter","moves":["batonpass","calmmind","barrier","magiccoat"],"nature":"Bold","evs":{"hp":248,"atk":0,"def":252,"spa":0,"spd":8,"spe":0},"gender":"M","ivs":{"hp":31,"atk":31,"def":31,"spa":31,"spd":30,"spe":31},"shiny":true},{"name":"Reshi's Dots","species":"azumarill","item":"sitrusberry","ability":"Huge Power","moves":["aquajet","playrough","bellydrum","knockoff"],"nature":"Adamant","evs":{"hp":94,"atk":252,"def":0,"spa":0,"spd":4,"spe":158},"gender":"F","ivs":{"hp":31,"atk":31,"def":31,"spa":31,"spd":31,"spe":31}},{"name":"Reshi's Rosa","species":"gardevoir","item":"gardevoirite","ability":"Trace","moves":["hiddenpowerground","focusblast","thunderbolt","hypervoice"],"nature":"Timid","evs":{"hp":0,"atk":0,"def":0,"spa":252,"spd":4,"spe":252},"gender":"F","ivs":{"hp":31,"atk":31,"def":31,"spa":30,"spd":30,"spe":31}}],"p2team":[{"name":"Aggron","species":"Aggron","item":"aggronite","ability":"Sturdy","moves":["thunderwave","earthquake","ironhead","endeavor"],"nature":"Adamant","evs":{"hp":196,"atk":216,"def":0,"spa":0,"spd":96,"spe":0},"ivs":{"hp":31,"atk":31,"def":31,"spa":31,"spd":31,"spe":31}},{"name":"Ferrothorn","species":"Ferrothorn","item":"rockyhelmet","ability":"Iron Barbs","moves":["stealthrock","leechseed","protect","gyroball"],"nature":"Relaxed","evs":{"hp":248,"atk":8,"def":252,"spa":0,"spd":0,"spe":0},"ivs":{"hp":31,"atk":31,"def":31,"spa":31,"spd":31,"spe":0}},{"name":"Doublade","species":"Doublade","item":"eviolite","ability":"No Guard","moves":["shadowsneak","shadowclaw","sacredsword","swordsdance"],"nature":"Adamant","evs":{"hp":248,"atk":252,"def":0,"spa":0,"spd":8,"spe":0},"ivs":{"hp":31,"atk":31,"def":31,"spa":31,"spd":31,"spe":31}},{"name":"Empoleon","species":"Empoleon","item":"choicespecs","ability":"Torrent","moves":["scald","icebeam","hiddenpowerfire","flashcannon"],"nature":"Modest","evs":{"hp":248,"atk":0,"def":0,"spa":252,"spd":8,"spe":0},"ivs":{"hp":31,"atk":30,"def":31,"spa":30,"spd":31,"spe":30}},{"name":"Heatran","species":"Heatran","item":"airballoon","ability":"Flash Fire","moves":["earthpower","flashcannon","flamethrower","roar"],"nature":"Modest","evs":{"hp":248,"atk":0,"def":0,"spa":252,"spd":8,"spe":0},"ivs":{"hp":31,"atk":31,"def":31,"spa":31,"spd":31,"spe":31}},{"name":"Excadrill","species":"Excadrill","item":"choicescarf","ability":"Mold Breaker","moves":["earthquake","ironhead","xscissor","rockslide"],"nature":"Jolly","evs":{"hp":0,"atk":252,"def":0,"spa":0,"spd":4,"spe":252},"ivs":{"hp":31,"atk":31,"def":31,"spa":31,"spd":31,"spe":31}}],"log":["|player|p1|Rain Mistral|52","|player|p2|Jake1079|281","|gametype|singles","|gen|6","|tier|Monotype","|rated","|rule|Baton Pass Clause: Limit one Baton Passer, can't pass Spe and other stats simultaneously","|rule|Swagger Clause: Swagger is banned","|rule|Same Type Clause: Pokémon in a team must share a type","|clearpoke","|poke|p1|Klefki, F","|poke|p1|Clefable, F, shiny","|poke|p1|Togekiss, M, shiny","|poke|p1|Mr. Mime, M, shiny","|poke|p1|Azumarill, F","|poke|p1|Gardevoir, F","|poke|p2|Aggron, F","|poke|p2|Ferrothorn, F","|poke|p2|Doublade, F","|poke|p2|Empoleon, M","|poke|p2|Heatran, F","|poke|p2|Excadrill, F","|rule|Sleep Clause Mod: Limit one foe put to sleep","|rule|Species Clause: Limit one of each Pokémon","|rule|OHKO Clause: OHKO moves are banned","|rule|Moody Clause: Moody is banned","|rule|Evasion Moves Clause: Evasion moves are banned","|rule|Endless Battle Clause: Forcing endless battles is banned","|rule|HP Percentage Mod: HP is shown in percentages","|teampreview","|","|start","|switch|p1a: Reshi's Keys|Klefki, F|317/317","|switch|p2a: Aggron|Aggron, F|330/330","|turn|1","|","|detailschange|p2a: Aggron|Aggron-Mega, F","|-mega|p2a: Aggron|Aggron|Aggronite","|move|p1a: Reshi's Keys|Reflect|p1a: Reshi's Keys","|-sidestart|p1: Rain Mistral|Reflect","|move|p2a: Aggron|Thunder Wave|p1a: Reshi's Keys","|-status|p1a: Reshi's Keys|par","|","|turn|2","|","|move|p1a: Reshi's Keys|Thunder Wave|p2a: Aggron","|-status|p2a: Aggron|par","|move|p2a: Aggron|Earthquake|p1a: Reshi's Keys","|-supereffective|p1a: Reshi's Keys","|-damage|p1a: Reshi's Keys|211/317 par","|","|turn|3","|","|move|p1a: Reshi's Keys|Foul Play|p2a: Aggron","|-damage|p2a: Aggron|271/330 par","|move|p2a: Aggron|Earthquake|p1a: Reshi's Keys","|-supereffective|p1a: Reshi's Keys","|-damage|p1a: Reshi's Keys|116/317 par","|","|turn|4","|","|switch|p1a: Reshi's Shiawase|Togekiss, M, shiny|312/312","|move|p2a: Aggron|Iron Head|p1a: Reshi's Shiawase","|-supereffective|p1a: Reshi's Shiawase","|-damage|p1a: Reshi's Shiawase|156/312","|","|turn|5","|","|move|p1a: Reshi's Shiawase|Aura Sphere|p2a: Aggron","|-crit|p2a: Aggron","|-supereffective|p2a: Aggron","|-damage|p2a: Aggron|60/330 par","|move|p2a: Aggron|Iron Head|p1a: Reshi's Shiawase","|-supereffective|p1a: Reshi's Shiawase","|-damage|p1a: Reshi's Shiawase|0 fnt","|faint|p1a: Reshi's Shiawase","|","|","|switch|p1a: Reshi's Rosa|Gardevoir, F|277/277","|-ability|p1a: Reshi's Rosa|Filter|[from] ability: Trace|[of] p2a: Aggron","|turn|6","|","|detailschange|p1a: Reshi's Rosa|Gardevoir-Mega, F","|-mega|p1a: Reshi's Rosa|Gardevoir|Gardevoirite","|move|p1a: Reshi's Rosa|Thunderbolt|p2a: Aggron","|-damage|p2a: Aggron|0 fnt","|faint|p2a: Aggron","|","|","|switch|p2a: Excadrill|Excadrill, F|361/361","|-ability|p2a: Excadrill|Mold Breaker","|turn|7","|","|switch|p1a: Reshi's Keys|Klefki, F|116/317 par","|move|p2a: Excadrill|Iron Head|p1a: Reshi's Keys","|-damage|p1a: Reshi's Keys|55/317 par","|","|turn|8","|","|move|p1a: Reshi's Keys|Light Screen|p1a: Reshi's Keys","|-sidestart|p1: Rain Mistral|move: Light Screen","|move|p2a: Excadrill|Iron Head|p1a: Reshi's Keys","|-damage|p1a: Reshi's Keys|1/317 par","|","|-sideend|p1: Rain Mistral|Reflect","|turn|9","|","|move|p1a: Reshi's Keys|Reflect|p1a: Reshi's Keys","|-sidestart|p1: Rain Mistral|Reflect","|move|p2a: Excadrill|Iron Head|p1a: Reshi's Keys","|-damage|p1a: Reshi's Keys|0 fnt","|faint|p1a: Reshi's Keys","|","|","|switch|p1a: Reshi's Bobbles|Mr. Mime, M, shiny|283/283","|turn|10","|","|move|p2a: Excadrill|Iron Head|p1a: Reshi's Bobbles","|-supereffective|p1a: Reshi's Bobbles","|-damage|p1a: Reshi's Bobbles|138/283","|-enditem|p1a: Reshi's Bobbles|Weakness Policy","|-boost|p1a: Reshi's Bobbles|atk|2|[from] item: Weakness Policy","|-boost|p1a: Reshi's Bobbles|spa|2|[from] item: Weakness Policy","|move|p1a: Reshi's Bobbles|Barrier|p1a: Reshi's Bobbles","|-boost|p1a: Reshi's Bobbles|def|2","|","|turn|11","|","|move|p2a: Excadrill|Iron Head|p1a: Reshi's Bobbles","|-supereffective|p1a: Reshi's Bobbles","|-damage|p1a: Reshi's Bobbles|69/283","|move|p1a: Reshi's Bobbles|Baton Pass|p1a: Reshi's Bobbles","|","|switch|p1a: Reshi's Astra|Clefable, F, shiny|394/394","|","|turn|12","|","|move|p2a: Excadrill|Iron Head|p1a: Reshi's Astra","|-crit|p1a: Reshi's Astra","|-supereffective|p1a: Reshi's Astra","|-damage|p1a: Reshi's Astra|8/394","|move|p1a: Reshi's Astra|Flamethrower|p2a: Excadrill","|-supereffective|p2a: Excadrill","|-damage|p2a: Excadrill|7/361","|","|-heal|p1a: Reshi's Astra|32/394|[from] item: Leftovers","|turn|13","|","|move|p2a: Excadrill|Iron Head|p1a: Reshi's Astra","|-supereffective|p1a: Reshi's Astra","|-damage|p1a: Reshi's Astra|0 fnt","|faint|p1a: Reshi's Astra","|","|","|switch|p1a: Reshi's Dots|Azumarill, F|364/364","|turn|14","|","|move|p2a: Excadrill|Iron Head|p1a: Reshi's Dots","|-damage|p1a: Reshi's Dots|280/364","|move|p1a: Reshi's Dots|Knock Off|p2a: Excadrill","|-damage|p2a: Excadrill|0 fnt","|-enditem|p2a: Excadrill|Choice Scarf|[from] move: Knock Off|[of] p1a: Reshi's Dots","|faint|p2a: Excadrill","|","|","|switch|p2a: Ferrothorn|Ferrothorn, F|351/351","|turn|15","|","|move|p1a: Reshi's Dots|Knock Off|p2a: Ferrothorn","|-damage|p2a: Ferrothorn|273/351","|-damage|p1a: Reshi's Dots|235/364|[from] ability: Iron Barbs|[of] p2a: Ferrothorn","|-damage|p1a: Reshi's Dots|175/364|[from] item: Rocky Helmet|[of] p2a: Ferrothorn","|-enditem|p2a: Ferrothorn|Rocky Helmet|[from] move: Knock Off|[of] p1a: Reshi's Dots","|-enditem|p1a: Reshi's Dots|Sitrus Berry|[eat]","|-heal|p1a: Reshi's Dots|266/364|[from] item: Sitrus Berry","|move|p2a: Ferrothorn|Leech Seed|p1a: Reshi's Dots","|-start|p1a: Reshi's Dots|move: Leech Seed","|","|-damage|p1a: Reshi's Dots|221/364|[from] Leech Seed|[of] p2a: Ferrothorn","|-heal|p2a: Ferrothorn|318/351|[silent]","|-sideend|p1: Rain Mistral|move: Light Screen","|turn|16","|","|switch|p1a: Reshi's Bobbles|Mr. Mime, M, shiny|69/283","|move|p2a: Ferrothorn|Stealth Rock|p1a: Reshi's Bobbles","|-sidestart|p1: Rain Mistral|move: Stealth Rock","|","|-sideend|p1: Rain Mistral|Reflect","|turn|17","|","|move|p1a: Reshi's Bobbles|Calm Mind|p1a: Reshi's Bobbles","|-boost|p1a: Reshi's Bobbles|spa|1","|-boost|p1a: Reshi's Bobbles|spd|1","|move|p2a: Ferrothorn|Gyro Ball|p1a: Reshi's Bobbles","|-supereffective|p1a: Reshi's Bobbles","|-damage|p1a: Reshi's Bobbles|0 fnt","|faint|p1a: Reshi's Bobbles","|","|","|switch|p1a: Reshi's Rosa|Gardevoir-Mega, F|277/277","|-damage|p1a: Reshi's Rosa|243/277|[from] Stealth Rock","|turn|18","|","|move|p1a: Reshi's Rosa|Focus Blast|p2a: Ferrothorn|[miss]","|-miss|p1a: Reshi's Rosa|p2a: Ferrothorn","|move|p2a: Ferrothorn|Gyro Ball|p1a: Reshi's Rosa","|-supereffective|p1a: Reshi's Rosa","|-damage|p1a: Reshi's Rosa|0 fnt","|faint|p1a: Reshi's Rosa","|","|","|switch|p1a: Reshi's Dots|Azumarill, F|221/364","|-damage|p1a: Reshi's Dots|176/364|[from] Stealth Rock","|turn|19","|","|move|p1a: Reshi's Dots|Knock Off|p2a: Ferrothorn","|-damage|p2a: Ferrothorn|263/351","|-damage|p1a: Reshi's Dots|131/364|[from] ability: Iron Barbs|[of] p2a: Ferrothorn","|move|p2a: Ferrothorn|Gyro Ball|p1a: Reshi's Dots","|-damage|p1a: Reshi's Dots|0 fnt","|faint|p1a: Reshi's Dots","|","|win|Jake1079"],"p1rating":{"entryid":"7617331","serverid":"eos","formatid":"monotype","userid":"rainmistral","username":"Rain Mistral","w":"4","l":1,"t":"0","gxe":60.7,"r":"1606.9352302899","rd":"110.68433071099","sigma":"0","rptime":"1439542800","rpr":1585.1878344827,"rprd":102.58866676853,"rpsigma":"0","acre":1114.8503109531,"lacre":1114.8503109531,"oldacre":"1138.1498503536"},"p2rating":{"entryid":"7429437","serverid":"eos","formatid":"monotype","userid":"jake1079","username":"Jake1079","w":42,"l":"53","t":"0","gxe":46.4,"r":"1459.3464243066","rd":"41.121959493769","sigma":"0","rptime":"1439542800","rpr":1472.8935589915,"rprd":39.040287092716,"rpsigma":"0","acre":1185.1179567797,"lacre":1185.1179567797,"oldacre":"1161.8184173792"},"endType":"normal"}