{"seed":[60174,7671,7457,14556],"turns":24,"p1":"Emg_DemZii","p2":"Kre8noyz","p1team":[{"name":"Politoed","species":"Politoed","item":"choicespecs","ability":"Drizzle","moves":["hydropump","icebeam","focusblast","hiddenpowergrass"],"nature":"Modest","evs":{"hp":248,"atk":0,"def":0,"spa":252,"spd":8,"spe":0},"ivs":{"hp":31,"atk":30,"def":31,"spa":30,"spd":31,"spe":31}},{"name":"Manaphy","species":"Manaphy","item":"leftovers","ability":"Hydration","moves":["tailglow","rest","scald","ancientpower"],"nature":"Modest","evs":{"hp":252,"atk":0,"def":0,"spa":252,"spd":4,"spe":0},"ivs":{"hp":31,"atk":31,"def":31,"spa":31,"spd":31,"spe":31}},{"name":"Slowking","species":"Slowking","item":"leftovers","ability":"Regenerator","moves":["psychic","calmmind","thunderwave","signalbeam"],"nature":"Bold","evs":{"hp":252,"atk":0,"def":4,"spa":244,"spd":0,"spe":0},"ivs":{"hp":31,"atk":31,"def":31,"spa":31,"spd":31,"spe":31}},{"name":"Swampert","species":"Swampert","item":"swampertite","ability":"Torrent","moves":["waterfall","hammerarm","icepunch","earthquake"],"nature":"Adamant","evs":{"hp":248,"atk":252,"def":0,"spa":0,"spd":8,"spe":0},"ivs":{"hp":31,"atk":31,"def":31,"spa":31,"spd":31,"spe":31}},{"name":"Azumarill","species":"Azumarill","item":"choiceband","ability":"Sap Sipper","moves":["aquajet","playrough","bulldoze","icepunch"],"nature":"Adamant","evs":{"hp":248,"atk":252,"def":0,"spa":0,"spd":8,"spe":0},"ivs":{"hp":31,"atk":31,"def":31,"spa":31,"spd":31,"spe":31}},{"name":"Tentacruel","species":"Tentacruel","item":"blacksludge","ability":"Liquid Ooze","moves":["rapidspin","acidspray","sludgebomb","surf"],"nature":"Bold","evs":{"hp":0,"atk":0,"def":248,"spa":8,"spd":252,"spe":0},"ivs":{"hp":31,"atk":31,"def":31,"spa":31,"spd":31,"spe":31}}],"p2team":[{"name":"Leafeon","species":"Leafeon","item":"leftovers","ability":"Leaf Guard","moves":["leafblade","xscissor","protect","wish"],"nature":"","evs":{"hp":0,"atk":0,"def":0,"spa":0,"spd":0,"spe":0},"ivs":{"hp":31,"atk":31,"def":31,"spa":31,"spd":31,"spe":31}},{"name":"Venusaur","species":"Venusaur","item":"venusaurite","ability":"Chlorophyll","moves":["sludgebomb","hiddenpowerrock","gigadrain","toxic"],"nature":"Mild","evs":{"hp":0,"atk":4,"def":0,"spa":252,"spd":0,"spe":252},"ivs":{"hp":31,"atk":31,"def":30,"spa":31,"spd":30,"spe":30}},{"name":"Celebi","species":"Celebi","item":"leftovers","ability":"Natural Cure","moves":["aerialace","psychic","recover","suckerpunch"],"nature":"Lonely","evs":{"hp":220,"atk":252,"def":0,"spa":0,"spd":0,"spe":36},"ivs":{"hp":31,"atk":31,"def":31,"spa":31,"spd":31,"spe":31}},{"name":"Ludicolo","species":"Ludicolo","item":"leftovers","ability":"Own Tempo","moves":["fakeout","icebeam","synthesis","scald"],"nature":"Adamant","evs":{"hp":248,"atk":252,"def":0,"spa":0,"spd":8,"spe":0},"ivs":{"hp":31,"atk":31,"def":31,"spa":31,"spd":31,"spe":31}},{"name":"Trevenant","species":"Trevenant","item":"sitrusberry","ability":"Harvest","moves":["hornleech","drainpunch","leechseed","phantomforce"],"nature":"Adamant","evs":{"hp":248,"atk":252,"def":0,"spa":0,"spd":8,"spe":0},"ivs":{"hp":31,"atk":31,"def":31,"spa":31,"spd":31,"spe":31}},{"name":"Virizion","species":"Virizion","item":"expertbelt","ability":"Justified","moves":["xscissor","zenheadbutt","sacredsword","synthesis"],"nature":"Jolly","evs":{"hp":0,"atk":252,"def":0,"spa":0,"spd":4,"spe":252},"ivs":{"hp":31,"atk":31,"def":31,"spa":31,"spd":31,"spe":31}}],"log":["|player|p1|Emg_DemZii|274","|player|p2|Kre8noyz|257","|gametype|singles","|gen|6","|tier|Monotype","|rated","|rule|Baton Pass Clause: Limit one Baton Passer, can't pass Spe and other stats simultaneously","|rule|Swagger Clause: Swagger is banned","|rule|Same Type Clause: Pokémon in a team must share a type","|clearpoke","|poke|p1|Politoed, F","|poke|p1|Manaphy","|poke|p1|Slowking, F","|poke|p1|Swampert, M","|poke|p1|Azumarill, F","|poke|p1|Tentacruel, F","|poke|p2|Leafeon, F","|poke|p2|Venusaur, M","|poke|p2|Celebi","|poke|p2|Ludicolo, F","|poke|p2|Trevenant, M","|poke|p2|Virizion","|rule|Sleep Clause Mod: Limit one foe put to sleep","|rule|Species Clause: Limit one of each Pokémon","|rule|OHKO Clause: OHKO moves are banned","|rule|Moody Clause: Moody is banned","|rule|Evasion Moves Clause: Evasion moves are banned","|rule|Endless Battle Clause: Forcing endless battles is banned","|rule|HP Percentage Mod: HP is shown in percentages","|teampreview","|","|start","|switch|p1a: Politoed|Politoed, F|383/383","|switch|p2a: Trevenant|Trevenant, M|373/373","|-weather|RainDance","|turn|1","|","|move|p1a: Politoed|Ice Beam|p2a: Trevenant","|-supereffective|p2a: Trevenant","|-damage|p2a: Trevenant|63/373","|-enditem|p2a: Trevenant|Sitrus Berry|[eat]","|-heal|p2a: Trevenant|156/373|[from] item: Sitrus Berry","|move|p2a: Trevenant|Horn Leech|p1a: Politoed","|-supereffective|p1a: Politoed","|-damage|p1a: Politoed|35/383","|-heal|p2a: Trevenant|330/373|[from] drain|[of] p1a: Politoed","|","|-weather|RainDance|[upkeep]","|-item|p2a: Trevenant|Sitrus Berry|[from] ability: Harvest","|turn|2","|","|switch|p2a: Ludicolo|Ludicolo, F|363/363","|move|p1a: Politoed|Ice Beam|p2a: Ludicolo","|-damage|p2a: Ludicolo|236/363","|","|-weather|RainDance|[upkeep]","|-heal|p2a: Ludicolo|258/363|[from] item: Leftovers","|turn|3","|","|switch|p1a: Tentacruel|Tentacruel, F|301/301","|move|p2a: Ludicolo|Fake Out|p1a: Tentacruel","|-damage|p1a: Tentacruel|265/301","|","|-weather|RainDance|[upkeep]","|-heal|p1a: Tentacruel|283/301|[from] item: Black Sludge","|-heal|p2a: Ludicolo|280/363|[from] item: Leftovers","|turn|4","|","|move|p1a: Tentacruel|Sludge Bomb|p2a: Ludicolo","|-supereffective|p2a: Ludicolo","|-damage|p2a: Ludicolo|106/363","|-status|p2a: Ludicolo|psn","|move|p2a: Ludicolo|Scald|p1a: Tentacruel","|-resisted|p1a: Tentacruel","|-damage|p1a: Tentacruel|240/301","|","|-weather|RainDance|[upkeep]","|-heal|p1a: Tentacruel|258/301|[from] item: Black Sludge","|-heal|p2a: Ludicolo|128/363 psn|[from] item: Leftovers","|-damage|p2a: Ludicolo|83/363 psn|[from] psn","|turn|5","|","|move|p1a: Tentacruel|Surf|p2a: Ludicolo","|-resisted|p2a: Ludicolo","|-damage|p2a: Ludicolo|49/363 psn","|move|p2a: Ludicolo|Synthesis|p2a: Ludicolo","|-heal|p2a: Ludicolo|140/363 psn","|","|-weather|none","|-heal|p1a: Tentacruel|276/301|[from] item: Black Sludge","|-heal|p2a: Ludicolo|162/363 psn|[from] item: Leftovers","|-damage|p2a: Ludicolo|117/363 psn|[from] psn","|turn|6","|","|move|p1a: Tentacruel|Sludge Bomb|p2a: Ludicolo","|-supereffective|p2a: Ludicolo","|-damage|p2a: Ludicolo|0 fnt","|faint|p2a: Ludicolo","|","|-heal|p1a: Tentacruel|294/301|[from] item: Black Sludge","|","|switch|p2a: Celebi|Celebi|396/396","|turn|7","|","|switch|p1a: Politoed|Politoed, F|35/383","|-weather|RainDance","|move|p2a: Celebi|Psychic|p1a: Politoed","|-damage|p1a: Politoed|0 fnt","|faint|p1a: Politoed","|","|-weather|RainDance|[upkeep]","|","|switch|p1a: Slowking|Slowking, F|394/394","|turn|8","|","|move|p2a: Celebi|Sucker Punch|p1a: Slowking","|-fail|p2a: Celebi","|move|p1a: Slowking|Calm Mind|p1a: Slowking","|-boost|p1a: Slowking|spa|1","|-boost|p1a: Slowking|spd|1","|","|-weather|RainDance|[upkeep]","|turn|9","|","|move|p2a: Celebi|Aerial Ace|p1a: Slowking","|-damage|p1a: Slowking|320/394","|move|p1a: Slowking|Calm Mind|p1a: Slowking","|-boost|p1a: Slowking|spa|1","|-boost|p1a: Slowking|spd|1","|","|-weather|RainDance|[upkeep]","|-heal|p1a: Slowking|344/394|[from] item: Leftovers","|turn|10","|","|switch|p2a: Trevenant|Trevenant, M|330/373","|move|p1a: Slowking|Calm Mind|p1a: Slowking","|-boost|p1a: Slowking|spa|1","|-boost|p1a: Slowking|spd|1","|","|-weather|RainDance|[upkeep]","|-heal|p1a: Slowking|368/394|[from] item: Leftovers","|turn|11","|","|move|p2a: Trevenant|Leech Seed|p1a: Slowking","|-start|p1a: Slowking|move: Leech Seed","|move|p1a: Slowking|Psychic|p2a: Trevenant","|-damage|p2a: Trevenant|0 fnt","|faint|p2a: Trevenant","|","|-weather|none","|-heal|p1a: Slowking|392/394|[from] item: Leftovers","|","|switch|p2a: Leafeon|Leafeon, F|271/271","|turn|12","|","|move|p2a: Leafeon|Protect|p2a: Leafeon","|-singleturn|p2a: Leafeon|Protect","|move|p1a: Slowking|Signal Beam|p2a: Leafeon","|-activate|p2a: Leafeon|Protect","|","|-heal|p1a: Slowking|394/394|[from] item: Leftovers","|-damage|p1a: Slowking|345/394|[from] Leech Seed|[of] p2a: Leafeon","|turn|13","|","|move|p2a: Leafeon|Leaf Blade|p1a: Slowking","|-supereffective|p1a: Slowking","|-damage|p1a: Slowking|85/394","|move|p1a: Slowking|Signal Beam|p2a: Leafeon","|-supereffective|p2a: Leafeon","|-damage|p2a: Leafeon|0 fnt","|faint|p2a: Leafeon","|","|-heal|p1a: Slowking|109/394|[from] item: Leftovers","|","|switch|p2a: Virizion|Virizion|323/323","|turn|14","|","|move|p2a: Virizion|X-Scissor|p1a: Slowking","|-supereffective|p1a: Slowking","|-damage|p1a: Slowking|0 fnt","|faint|p1a: Slowking","|","|","|switch|p1a: Tentacruel|Tentacruel, F|294/301","|turn|15","|","|move|p2a: Virizion|Zen Headbutt|p1a: Tentacruel","|-supereffective|p1a: Tentacruel","|-damage|p1a: Tentacruel|121/301","|cant|p1a: Tentacruel|flinch","|","|-heal|p1a: Tentacruel|139/301|[from] item: Black Sludge","|turn|16","|","|move|p2a: Virizion|Zen Headbutt|p1a: Tentacruel","|-supereffective|p1a: Tentacruel","|-damage|p1a: Tentacruel|0 fnt","|faint|p1a: Tentacruel","|","|","|switch|p1a: Azumarill|Azumarill, F|403/403","|turn|17","|","|move|p2a: Virizion|Zen Headbutt|p1a: Azumarill","|-damage|p1a: Azumarill|311/403","|move|p1a: Azumarill|Ice Punch|p2a: Virizion","|-supereffective|p2a: Virizion","|-damage|p2a: Virizion|127/323","|","|turn|18","|","|move|p2a: Virizion|Zen Headbutt|p1a: Azumarill","|-crit|p1a: Azumarill","|-damage|p1a: Azumarill|187/403","|cant|p1a: Azumarill|flinch","|","|turn|19","|","|move|p2a: Virizion|Zen Headbutt|p1a: Azumarill","|-damage|p1a: Azumarill|99/403","|move|p1a: Azumarill|Ice Punch|p2a: Virizion","|-crit|p2a: Virizion","|-supereffective|p2a: Virizion","|-damage|p2a: Virizion|0 fnt","|faint|p2a: Virizion","|","|","|switch|p2a: Venusaur|Venusaur, M|301/301","|turn|20","|","|switch|p1a: Manaphy|Manaphy|404/404","|detailschange|p2a: Venusaur|Venusaur-Mega, M","|-mega|p2a: Venusaur|Venusaur|Venusaurite","|move|p2a: Venusaur|Sludge Bomb|p1a: Manaphy","|-damage|p1a: Manaphy|226/404","|","|-heal|p1a: Manaphy|251/404|[from] item: Leftovers","|turn|21","|","|move|p2a: Venusaur|Toxic|p1a: Manaphy","|-status|p1a: Manaphy|tox","|move|p1a: Manaphy|Tail Glow|p1a: Manaphy","|-boost|p1a: Manaphy|spa|3","|","|-heal|p1a: Manaphy|276/404 tox|[from] item: Leftovers","|-damage|p1a: Manaphy|251/404 tox|[from] psn","|turn|22","|","|move|p2a: Venusaur|Giga Drain|p1a: Manaphy","|-supereffective|p1a: Manaphy","|-damage|p1a: Manaphy|0 fnt","|faint|p1a: Manaphy","|","|","|switch|p1a: Azumarill|Azumarill, F|99/403","|turn|23","|","|move|p2a: Venusaur|Sludge Bomb|p1a: Azumarill","|-supereffective|p1a: Azumarill","|-damage|p1a: Azumarill|0 fnt","|faint|p1a: Azumarill","|","|","|switch|p1a: Swampert|Swampert, M|403/403","|turn|24","|","|win|Kre8noyz"],"p1rating":{"entryid":"7361210","serverid":"eos","formatid":"monotype","userid":"emgdemzii","username":"Emg_DemZii","w":"7","l":25,"t":"0","gxe":25.3,"r":"1315.6169445176","rd":"63.384925941765","sigma":"0","rptime":"1439542800","rpr":1293.1639697602,"rprd":60.414288421878,"rpsigma":"0","acre":1000,"lacre":1000,"oldacre":"1000"},"p2rating":{"entryid":"6510480","serverid":"eos","formatid":"monotype","userid":"kre8noyz","username":"Kre8noyz","w":46,"l":"64","t":"0","gxe":41.9,"r":1435.7843575521,"rd":37.965658646252,"sigma":"0","rptime":1439542800,"rpr":1438.4951896452,"rprd":37.772533696745,"rpsigma":"0","acre":1095.3289602034,"lacre":1095.3289602034,"oldacre":"1072.1187163854"},"endType":"forfeit"}