{"seed":[43379,10279,14086,36472],"turns":25,"p1":"Raiteri","p2":"Crystal Blade64","p1team":[{"name":"Quagsire","species":"Quagsire","item":"leftovers","ability":"Water Absorb","moves":["curse","waterfall","earthquake","bodyslam"],"nature":"Adamant","evs":{"hp":252,"atk":252,"def":0,"spa":0,"spd":4,"spe":0},"ivs":{"hp":31,"atk":31,"def":31,"spa":31,"spd":31,"spe":31}},{"name":"Camerupt","species":"Camerupt","item":"cameruptite","ability":"Solid Rock","moves":["earthpower","eruption","hiddenpowergrass","stockpile"],"nature":"Modest","evs":{"hp":248,"atk":0,"def":0,"spa":252,"spd":8,"spe":0},"ivs":{"hp":31,"atk":30,"def":31,"spa":30,"spd":31,"spe":31}},{"name":"Landorus-Therian","species":"Landorus-Therian","item":"lifeorb","ability":"Intimidate","moves":["earthquake","uturn","outrage","smackdown"],"nature":"Jolly","evs":{"hp":0,"atk":252,"def":0,"spa":0,"spd":4,"spe":252},"ivs":{"hp":31,"atk":31,"def":31,"spa":31,"spd":31,"spe":31}},{"name":"Flygon","species":"Flygon","item":"assaultvest","ability":"Levitate","moves":["earthquake","outrage","roost","bodyslam"],"nature":"Adamant","evs":{"hp":248,"atk":252,"def":0,"spa":0,"spd":8,"spe":0},"ivs":{"hp":31,"atk":31,"def":31,"spa":31,"spd":31,"spe":31}},{"name":"Diggersby","species":"Diggersby","item":"lifeorb","ability":"Huge Power","moves":["earthquake","foulplay","quickattack","icepunch"],"nature":"Jolly","evs":{"hp":0,"atk":252,"def":0,"spa":0,"spd":4,"spe":252},"ivs":{"hp":31,"atk":31,"def":31,"spa":31,"spd":31,"spe":31}},{"name":"Mamoswine","species":"Mamoswine","item":"leftovers","ability":"Thick Fat","moves":["iceshard","reflect","stealthrock","bulldoze"],"nature":"Adamant","evs":{"hp":252,"atk":252,"def":0,"spa":0,"spd":4,"spe":0},"ivs":{"hp":31,"atk":31,"def":31,"spa":31,"spd":31,"spe":31}}],"p2team":[{"name":"Mew","species":"Mew","item":"leftovers","ability":"Synchronize","moves":["roost","willowisp","defog","knockoff"],"nature":"Careful","evs":{"hp":252,"atk":0,"def":4,"spa":0,"spd":252,"spe":0},"ivs":{"hp":31,"atk":31,"def":31,"spa":31,"spd":31,"spe":31}},{"name":"Medicham","species":"Medicham","item":"medichamite","ability":"Pure Power","moves":["fakeout","psychocut","highjumpkick","icepunch"],"nature":"Jolly","evs":{"hp":0,"atk":252,"def":0,"spa":0,"spd":4,"spe":252},"ivs":{"hp":31,"atk":31,"def":31,"spa":31,"spd":31,"spe":31}},{"name":"Hoopa-Unbound","species":"Hoopa-Unbound","item":"choicescarf","ability":"Magician","moves":["drainpunch","hyperspacefury","gunkshot","zenheadbutt"],"nature":"Jolly","evs":{"hp":0,"atk":252,"def":0,"spa":0,"spd":4,"spe":252},"ivs":{"hp":31,"atk":31,"def":31,"spa":31,"spd":31,"spe":31}},{"name":"Latios","species":"Latios","item":"choicescarf","ability":"Levitate","moves":["dracometeor","psyshock","energyball","thunderbolt"],"nature":"Timid","evs":{"hp":0,"atk":0,"def":0,"spa":252,"spd":4,"spe":252},"ivs":{"hp":31,"atk":31,"def":31,"spa":31,"spd":31,"spe":31}},{"name":"Victini","species":"Victini","item":"choicescarf","ability":"Victory Star","moves":["vcreate","boltstrike","zenheadbutt","uturn"],"nature":"Jolly","evs":{"hp":0,"atk":252,"def":0,"spa":0,"spd":4,"spe":252},"ivs":{"hp":31,"atk":31,"def":31,"spa":31,"spd":31,"spe":31}},{"name":"Slowbro","species":"Slowbro","item":"leftovers","ability":"Regenerator","moves":["thunderwave","scald","slackoff","fireblast"],"nature":"Bold","evs":{"hp":252,"atk":0,"def":252,"spa":4,"spd":0,"spe":0},"ivs":{"hp":31,"atk":31,"def":31,"spa":31,"spd":31,"spe":31}}],"log":["|player|p1|Raiteri|7","|player|p2|Crystal Blade64|165","|gametype|singles","|gen|6","|tier|Monotype","|rated","|rule|Baton Pass Clause: Limit one Baton Passer, can't pass Spe and other stats simultaneously","|rule|Swagger Clause: Swagger is banned","|rule|Same Type Clause: Pokémon in a team must share a type","|clearpoke","|poke|p1|Quagsire, M","|poke|p1|Camerupt, F","|poke|p1|Landorus-Therian, M","|poke|p1|Flygon, F","|poke|p1|Diggersby, F","|poke|p1|Mamoswine, M","|poke|p2|Mew","|poke|p2|Medicham, M","|poke|p2|Hoopa-Unbound","|poke|p2|Latios, M","|poke|p2|Victini","|poke|p2|Slowbro, M","|rule|Sleep Clause Mod: Limit one foe put to sleep","|rule|Species Clause: Limit one of each Pokémon","|rule|OHKO Clause: OHKO moves are banned","|rule|Moody Clause: Moody is banned","|rule|Evasion Moves Clause: Evasion moves are banned","|rule|Endless Battle Clause: Forcing endless battles is banned","|rule|HP Percentage Mod: HP is shown in percentages","|teampreview","|","|start","|switch|p1a: Quagsire|Quagsire, M|394/394","|switch|p2a: Medicham|Medicham, M|261/261","|turn|1","|","|detailschange|p2a: Medicham|Medicham-Mega, M","|-mega|p2a: Medicham|Medicham|Medichamite","|move|p2a: Medicham|Fake Out|p1a: Quagsire","|-damage|p1a: Quagsire|297/394","|cant|p1a: Quagsire|flinch","|","|-heal|p1a: Quagsire|321/394|[from] item: Leftovers","|turn|2","|","|switch|p2a: Mew|Mew|404/404","|move|p1a: Quagsire|Curse|p1a: Quagsire","|-unboost|p1a: Quagsire|spe|1","|-boost|p1a: Quagsire|atk|1","|-boost|p1a: Quagsire|def|1","|","|-heal|p1a: Quagsire|345/394|[from] item: Leftovers","|turn|3","|","|move|p2a: Mew|Knock Off|p1a: Quagsire","|-damage|p1a: Quagsire|285/394","|-enditem|p1a: Quagsire|Leftovers|[from] move: Knock Off|[of] p2a: Mew","|move|p1a: Quagsire|Curse|p1a: Quagsire","|-unboost|p1a: Quagsire|spe|1","|-boost|p1a: Quagsire|atk|1","|-boost|p1a: Quagsire|def|1","|","|turn|4","|","|move|p2a: Mew|Will-O-Wisp|p1a: Quagsire","|-status|p1a: Quagsire|brn","|move|p1a: Quagsire|Waterfall|p2a: Mew","|-damage|p2a: Mew|278/404","|","|-heal|p2a: Mew|303/404|[from] item: Leftovers","|-damage|p1a: Quagsire|236/394 brn|[from] brn","|turn|5","|","|switch|p2a: Slowbro|Slowbro, M|394/394","|move|p1a: Quagsire|Body Slam|p2a: Slowbro","|-damage|p2a: Slowbro|338/394","|","|-heal|p2a: Slowbro|362/394|[from] item: Leftovers","|-damage|p1a: Quagsire|187/394 brn|[from] brn","|turn|6","|","|move|p2a: Slowbro|Scald|p1a: Quagsire","|-heal|p1a: Quagsire|285/394 brn|[from] ability: Water Absorb|[of] p2a: Slowbro","|move|p1a: Quagsire|Body Slam|p2a: Slowbro","|-damage|p2a: Slowbro|305/394","|","|-heal|p2a: Slowbro|329/394|[from] item: Leftovers","|-damage|p1a: Quagsire|236/394 brn|[from] brn","|turn|7","|","|switch|p2a: Latios|Latios, M|301/301","|move|p1a: Quagsire|Body Slam|p2a: Latios","|-damage|p2a: Latios|199/301","|","|-damage|p1a: Quagsire|187/394 brn|[from] brn","|turn|8","|","|move|p2a: Latios|Energy Ball|p1a: Quagsire","|-supereffective|p1a: Quagsire","|-damage|p1a: Quagsire|0 fnt","|faint|p1a: Quagsire","|","|","|switch|p1a: Landorus-Therian|Landorus-Therian, M|319/319","|-ability|p1a: Landorus-Therian|Intimidate","|-unboost|p2a: Latios|atk|1","|turn|9","|","|switch|p2a: Mew|Mew|303/404","|move|p1a: Landorus-Therian|Outrage|p2a: Mew","|-damage|p2a: Mew|107/404","|-damage|p1a: Landorus-Therian|288/319|[from] item: Life Orb","|","|-heal|p2a: Mew|132/404|[from] item: Leftovers","|turn|10","|","|switch|p2a: Slowbro|Slowbro, M|394/394","|move|p1a: Landorus-Therian|Outrage|p2a: Slowbro|[from]lockedmove","|-damage|p2a: Slowbro|264/394","|-damage|p1a: Landorus-Therian|257/319|[from] item: Life Orb","|","|-heal|p2a: Slowbro|288/394|[from] item: Leftovers","|turn|11","|","|move|p1a: Landorus-Therian|Outrage|p2a: Slowbro|[from]lockedmove","|-crit|p2a: Slowbro","|-damage|p2a: Slowbro|80/394","|-damage|p1a: Landorus-Therian|226/319|[from] item: Life Orb","|-start|p1a: Landorus-Therian|confusion|[fatigue]","|move|p2a: Slowbro|Scald|p1a: Landorus-Therian","|-supereffective|p1a: Landorus-Therian","|-damage|p1a: Landorus-Therian|16/319","|","|-heal|p2a: Slowbro|104/394|[from] item: Leftovers","|turn|12","|","|switch|p2a: Mew|Mew|132/404","|-activate|p1a: Landorus-Therian|confusion","|-damage|p1a: Landorus-Therian|0 fnt|[from] confusion","|faint|p1a: Landorus-Therian","|","|-heal|p2a: Mew|157/404|[from] item: Leftovers","|","|switch|p1a: Diggersby|Diggersby, F|311/311","|turn|13","|","|move|p1a: Diggersby|Foul Play|p2a: Mew","|-supereffective|p2a: Mew","|-damage|p2a: Mew|0 fnt","|-damage|p1a: Diggersby|280/311|[from] item: Life Orb","|faint|p2a: Mew","|","|","|switch|p2a: Latios|Latios, M|199/301","|turn|14","|","|move|p2a: Latios|Energy Ball|p1a: Diggersby","|-supereffective|p1a: Diggersby","|-damage|p1a: Diggersby|0 fnt","|faint|p1a: Diggersby","|","|","|switch|p1a: Mamoswine|Mamoswine, M|424/424","|turn|15","|","|move|p1a: Mamoswine|Ice Shard|p2a: Latios","|-supereffective|p2a: Latios","|-damage|p2a: Latios|1/301","|move|p2a: Latios|Energy Ball|p1a: Mamoswine","|-supereffective|p1a: Mamoswine","|-damage|p1a: Mamoswine|130/424","|","|-heal|p1a: Mamoswine|156/424|[from] item: Leftovers","|turn|16","|","|switch|p2a: Slowbro|Slowbro, M|235/394","|move|p1a: Mamoswine|Ice Shard|p2a: Slowbro","|-resisted|p2a: Slowbro","|-damage|p2a: Slowbro|209/394","|","|-heal|p1a: Mamoswine|182/424|[from] item: Leftovers","|-heal|p2a: Slowbro|233/394|[from] item: Leftovers","|turn|17","|","|move|p1a: Mamoswine|Stealth Rock|p2a: Slowbro","|-sidestart|p2: Crystal Blade64|move: Stealth Rock","|move|p2a: Slowbro|Slack Off|p2a: Slowbro","|-heal|p2a: Slowbro|394/394","|","|-heal|p1a: Mamoswine|208/424|[from] item: Leftovers","|turn|18","|","|move|p1a: Mamoswine|Reflect|p1a: Mamoswine","|-sidestart|p1: Raiteri|Reflect","|move|p2a: Slowbro|Scald|p1a: Mamoswine","|-supereffective|p1a: Mamoswine","|-damage|p1a: Mamoswine|0 fnt","|faint|p1a: Mamoswine","|","|","|switch|p1a: Flygon|Flygon, F|363/363","|turn|19","|","|move|p1a: Flygon|Body Slam|p2a: Slowbro","|-damage|p2a: Slowbro|326/394","|move|p2a: Slowbro|Scald|p1a: Flygon","|-damage|p1a: Flygon|288/363","|-status|p1a: Flygon|brn","|","|-heal|p2a: Slowbro|350/394|[from] item: Leftovers","|-damage|p1a: Flygon|243/363 brn|[from] brn","|turn|20","|","|switch|p1a: Camerupt|Camerupt, F|343/343","|switch|p2a: Medicham|Medicham-Mega, M|261/261","|-damage|p2a: Medicham|245/261|[from] Stealth Rock","|","|turn|21","|","|detailschange|p1a: Camerupt|Camerupt-Mega, F","|-mega|p1a: Camerupt|Camerupt|Cameruptite","|move|p2a: Medicham|Fake Out|p1a: Camerupt","|-damage|p1a: Camerupt|302/343","|cant|p1a: Camerupt|flinch","|","|turn|22","|","|switch|p2a: Slowbro|Slowbro, M|394/394","|-damage|p2a: Slowbro|345/394|[from] Stealth Rock","|move|p1a: Camerupt|Stockpile|p1a: Camerupt","|-start|p1a: Camerupt|stockpile1","|-boost|p1a: Camerupt|def|1","|-boost|p1a: Camerupt|spd|1","|","|-heal|p2a: Slowbro|369/394|[from] item: Leftovers","|-sideend|p1: Raiteri|Reflect","|turn|23","|","|move|p2a: Slowbro|Scald|p1a: Camerupt","|-supereffective|p1a: Camerupt","|-damage|p1a: Camerupt|50/343","|move|p1a: Camerupt|Hidden Power|p2a: Slowbro","|-supereffective|p2a: Slowbro","|-damage|p2a: Slowbro|175/394","|","|-heal|p2a: Slowbro|199/394|[from] item: Leftovers","|turn|24","|","|move|p2a: Slowbro|Scald|p1a: Camerupt","|-supereffective|p1a: Camerupt","|-damage|p1a: Camerupt|0 fnt","|faint|p1a: Camerupt","|","|-heal|p2a: Slowbro|223/394|[from] item: Leftovers","|","|switch|p1a: Flygon|Flygon, F|243/363 brn","|turn|25","|","|win|Crystal Blade64"],"p1rating":{"entryid":"7623429","serverid":"eos","formatid":"monotype","userid":"raiteri","username":"Raiteri","w":"2","l":3,"t":"0","gxe":45.5,"r":"1500","rd":"130","sigma":"0","rptime":"1439542800","rpr":1464.3117489432,"rprd":101.93281686697,"rpsigma":"0","acre":1061.2114919521,"lacre":1061.2114919521,"oldacre":"1070.1134299987"},"p2rating":{"entryid":"6391332","serverid":"eos","formatid":"monotype","userid":"crystalblade64","username":"Crystal Blade64","w":31,"l":"22","t":"0","gxe":58.6,"r":"1555.9568872703","rd":"50.563373317684","sigma":"0","rptime":"1439542800","rpr":1566.1705826018,"rprd":49.686607382483,"rpsigma":"0","acre":1303.9422173016,"lacre":1303.9422173016,"oldacre":"1293.0951980549"},"endType":"forfeit"}