{"seed":[8219,55484,19503,9021],"turns":20,"p1":"SWL Jyph","p2":"Rain ☆ Kitsune","p1team":[{"name":"Mienshao","species":"Mienshao","item":"lifeorb","ability":"Regenerator","moves":["fakeout","hiddenpowerice","highjumpkick","uturn"],"nature":"Hasty","evs":{"hp":0,"atk":252,"def":0,"spa":4,"spd":0,"spe":252},"ivs":{"hp":31,"atk":30,"def":30,"spa":31,"spd":31,"spe":31}},{"name":"Breloom","species":"Breloom","item":"focussash","ability":"Technician","moves":["spore","rocktomb","bulletseed","machpunch"],"nature":"Jolly","evs":{"hp":0,"atk":252,"def":0,"spa":0,"spd":4,"spe":252},"ivs":{"hp":31,"atk":31,"def":31,"spa":31,"spd":31,"spe":31}},{"name":"Cobalion","species":"Cobalion","item":"leftovers","ability":"Justified","moves":["taunt","voltswitch","flashcannon","stealthrock"],"nature":"Timid","evs":{"hp":252,"atk":0,"def":0,"spa":4,"spd":0,"spe":252},"ivs":{"hp":31,"atk":31,"def":31,"spa":31,"spd":31,"spe":31}},{"name":"Keldeo","species":"Keldeo","item":"leftovers","ability":"Justified","moves":["substitute","calmmind","scald","secretsword"],"nature":"Timid","evs":{"hp":0,"atk":0,"def":0,"spa":252,"spd":4,"spe":252},"ivs":{"hp":31,"atk":31,"def":31,"spa":31,"spd":31,"spe":31}},{"name":"Terrakion","species":"Terrakion","item":"choicescarf","ability":"Justified","moves":["closecombat","earthquake","stoneedge","ironhead"],"nature":"Jolly","evs":{"hp":0,"atk":252,"def":0,"spa":0,"spd":4,"spe":252},"ivs":{"hp":31,"atk":31,"def":31,"spa":31,"spd":31,"spe":31}},{"name":"Gallade","species":"Gallade","item":"galladite","ability":"Justified","moves":["swordsdance","shadowsneak","knockoff","closecombat"],"nature":"Jolly","evs":{"hp":0,"atk":252,"def":0,"spa":0,"spd":4,"spe":252},"ivs":{"hp":31,"atk":31,"def":31,"spa":31,"spd":31,"spe":31}}],"p2team":[{"name":"Ampharos","species":"Ampharos","item":"ampharosite","ability":"Static","moves":["thunderbolt","voltswitch","dragonpulse","focusblast"],"nature":"Modest","evs":{"hp":248,"atk":0,"def":0,"spa":252,"spd":8,"spe":0},"gender":"F","shiny":true,"ivs":{"hp":31,"atk":31,"def":31,"spa":31,"spd":31,"spe":31}},{"name":"Raikou","species":"Raikou","item":"leftovers","ability":"Pressure","moves":["calmmind","substitute","thunderbolt","aurasphere"],"nature":"Rash","evs":{"hp":0,"atk":0,"def":0,"spa":252,"spd":4,"spe":252},"shiny":true,"ivs":{"hp":31,"atk":31,"def":31,"spa":31,"spd":31,"spe":31}},{"name":"Rotom-Wash","species":"Rotom-Wash","item":"leftovers","ability":"Levitate","moves":["willowisp","hydropump","thunder","voltswitch"],"nature":"Calm","evs":{"hp":252,"atk":0,"def":0,"spa":4,"spd":252,"spe":0},"shiny":true,"ivs":{"hp":31,"atk":31,"def":31,"spa":31,"spd":31,"spe":31}},{"name":"Thundurus","species":"Thundurus","item":"choicescarf","ability":"Defiant","moves":["knockoff","superpower","wildcharge","uturn"],"nature":"Jolly","evs":{"hp":0,"atk":252,"def":0,"spa":0,"spd":4,"spe":252},"shiny":true,"ivs":{"hp":31,"atk":31,"def":31,"spa":31,"spd":31,"spe":31}},{"name":"Galvantula","species":"Galvantula","item":"focussash","ability":"Compound Eyes","moves":["stickyweb","thunder","bugbuzz","voltswitch"],"nature":"Timid","evs":{"hp":0,"atk":0,"def":0,"spa":252,"spd":4,"spe":252},"gender":"F","shiny":true,"ivs":{"hp":31,"atk":31,"def":31,"spa":31,"spd":31,"spe":31}},{"name":"Eelektross","species":"Eelektross","item":"choiceband","ability":"Levitate","moves":["uturn","wildcharge","dragonclaw","firepunch"],"nature":"Adamant","evs":{"hp":248,"atk":252,"def":0,"spa":0,"spd":8,"spe":0},"gender":"F","ivs":{"hp":31,"atk":31,"def":31,"spa":31,"spd":31,"spe":31}}],"log":["|player|p1|SWL Jyph|swljyph.png","|player|p2|Rain ☆ Kitsune|rainkitsune.png","|gametype|singles","|gen|6","|tier|Monotype","|rated","|rule|Baton Pass Clause: Limit one Baton Passer, can't pass Spe and other stats simultaneously","|rule|Swagger Clause: Swagger is banned","|rule|Same Type Clause: Pokémon in a team must share a type","|clearpoke","|poke|p1|Mienshao, M","|poke|p1|Breloom, F","|poke|p1|Cobalion","|poke|p1|Keldeo","|poke|p1|Terrakion","|poke|p1|Gallade, M","|poke|p2|Ampharos, F, shiny","|poke|p2|Raikou, shiny","|poke|p2|Rotom-Wash, shiny","|poke|p2|Thundurus, M, shiny","|poke|p2|Galvantula, F, shiny","|poke|p2|Eelektross, F","|rule|Sleep Clause Mod: Limit one foe put to sleep","|rule|Species Clause: Limit one of each Pokémon","|rule|OHKO Clause: OHKO moves are banned","|rule|Moody Clause: Moody is banned","|rule|Evasion Moves Clause: Evasion moves are banned","|rule|Endless Battle Clause: Forcing endless battles is banned","|rule|HP Percentage Mod: HP is shown in percentages","|teampreview","|","|start","|switch|p1a: Cobalion|Cobalion|386/386","|switch|p2a: Galvantula|Galvantula, F, shiny|281/281","|turn|1","|","|move|p2a: Galvantula|Thunder|p1a: Cobalion","|-damage|p1a: Cobalion|169/386","|-status|p1a: Cobalion|par","|cant|p1a: Cobalion|par","|","|-heal|p1a: Cobalion|193/386 par|[from] item: Leftovers","|turn|2","|","|move|p2a: Galvantula|Sticky Web|p1a: Cobalion","|-sidestart|p1: SWL Jyph|move: Sticky Web","|cant|p1a: Cobalion|par","|","|-heal|p1a: Cobalion|217/386 par|[from] item: Leftovers","|turn|3","|","|move|p2a: Galvantula|Thunder|p1a: Cobalion","|-damage|p1a: Cobalion|19/386 par","|move|p1a: Cobalion|Stealth Rock|p2a: Galvantula","|-sidestart|p2: Rain ☆ Kitsune|move: Stealth Rock","|","|-heal|p1a: Cobalion|43/386 par|[from] item: Leftovers","|turn|4","|","|move|p2a: Galvantula|Thunder|p1a: Cobalion","|-damage|p1a: Cobalion|0 fnt","|faint|p1a: Cobalion","|","|","|switch|p1a: Breloom|Breloom, F|261/261","|-activate|p1a: Breloom|move: Sticky Web","|-unboost|p1a: Breloom|spe|1","|turn|5","|","|move|p2a: Galvantula|Bug Buzz|p1a: Breloom","|-damage|p1a: Breloom|60/261","|move|p1a: Breloom|Spore|p2a: Galvantula","|-status|p2a: Galvantula|slp","|","|turn|6","|","|switch|p2a: Rotom-Wash|Rotom-Wash, shiny|304/304","|-damage|p2a: Rotom-Wash|266/304|[from] Stealth Rock","|move|p1a: Breloom|Rock Tomb|p2a: Rotom-Wash","|-damage|p2a: Rotom-Wash|166/304","|-unboost|p2a: Rotom-Wash|spe|1","|","|-heal|p2a: Rotom-Wash|185/304|[from] item: Leftovers","|turn|7","|","|move|p1a: Breloom|Bullet Seed|p2a: Rotom-Wash","|-supereffective|p2a: Rotom-Wash","|-damage|p2a: Rotom-Wash|53/304","|-supereffective|p2a: Rotom-Wash","|-damage|p2a: Rotom-Wash|0 fnt","|-hitcount|p2a: Rotom-Wash|2","|faint|p2a: Rotom-Wash","|","|","|switch|p2a: Thundurus|Thundurus, M, shiny|299/299","|-damage|p2a: Thundurus|225/299|[from] Stealth Rock","|turn|8","|","|move|p2a: Thundurus|U-turn|p1a: Breloom","|-damage|p1a: Breloom|0 fnt","|faint|p1a: Breloom","|","|switch|p2a: Raikou|Raikou, shiny|321/321","|-damage|p2a: Raikou|281/321|[from] Stealth Rock","|-ability|p2a: Raikou|Pressure","|","|-heal|p2a: Raikou|301/321|[from] item: Leftovers","|","|switch|p1a: Gallade|Gallade, M|277/277","|-activate|p1a: Gallade|move: Sticky Web","|-unboost|p1a: Gallade|spe|1","|turn|9","|","|detailschange|p1a: Gallade|Gallade-Mega, M","|-mega|p1a: Gallade|Gallade|Galladite","|move|p2a: Raikou|Substitute|p2a: Raikou","|-start|p2a: Raikou|Substitute","|-damage|p2a: Raikou|221/321","|move|p1a: Gallade|Close Combat|p2a: Raikou","|-end|p2a: Raikou|Substitute","|-unboost|p1a: Gallade|def|1","|-unboost|p1a: Gallade|spd|1","|","|-heal|p2a: Raikou|241/321|[from] item: Leftovers","|turn|10","|","|move|p2a: Raikou|Substitute|p2a: Raikou","|-start|p2a: Raikou|Substitute","|-damage|p2a: Raikou|161/321","|move|p1a: Gallade|Knock Off|p2a: Raikou","|-end|p2a: Raikou|Substitute","|","|-heal|p2a: Raikou|181/321|[from] item: Leftovers","|turn|11","|","|move|p2a: Raikou|Thunderbolt|p1a: Gallade","|-damage|p1a: Gallade|72/277","|move|p1a: Gallade|Knock Off|p2a: Raikou","|-damage|p2a: Raikou|11/321","|-enditem|p2a: Raikou|Leftovers|[from] move: Knock Off|[of] p1a: Gallade","|","|turn|12","|","|move|p1a: Gallade|Shadow Sneak|p2a: Raikou","|-damage|p2a: Raikou|0 fnt","|faint|p2a: Raikou","|","|","|switch|p2a: Ampharos|Ampharos, F, shiny|383/383","|-damage|p2a: Ampharos|336/383|[from] Stealth Rock","|turn|13","|","|switch|p1a: Keldeo|Keldeo|323/323","|-activate|p1a: Keldeo|move: Sticky Web","|-unboost|p1a: Keldeo|spe|1","|detailschange|p2a: Ampharos|Ampharos-Mega, F, shiny","|-mega|p2a: Ampharos|Ampharos|Ampharosite","|-ability|p2a: Ampharos|Mold Breaker","|move|p2a: Ampharos|Volt Switch|p1a: Keldeo","|-supereffective|p1a: Keldeo","|-damage|p1a: Keldeo|0 fnt","|faint|p1a: Keldeo","|","|switch|p2a: Thundurus|Thundurus, M, shiny|225/299","|-damage|p2a: Thundurus|151/299|[from] Stealth Rock","|","|","|switch|p1a: Mienshao|Mienshao, M|271/271","|-activate|p1a: Mienshao|move: Sticky Web","|-unboost|p1a: Mienshao|spe|1","|turn|14","|","|move|p1a: Mienshao|Fake Out|p2a: Thundurus","|-damage|p2a: Thundurus|65/299","|-damage|p1a: Mienshao|244/271|[from] item: Life Orb","|cant|p2a: Thundurus|flinch","|","|turn|15","|","|move|p2a: Thundurus|Wild Charge|p1a: Mienshao","|-damage|p1a: Mienshao|0 fnt","|-damage|p2a: Thundurus|4/299|[from] recoil|[of] p1a: Mienshao","|faint|p1a: Mienshao","|","|","|switch|p1a: Gallade|Gallade-Mega, M|72/277","|-activate|p1a: Gallade|move: Sticky Web","|-unboost|p1a: Gallade|spe|1","|turn|16","|","|move|p1a: Gallade|Shadow Sneak|p2a: Thundurus","|-damage|p2a: Thundurus|0 fnt","|faint|p2a: Thundurus","|","|","|switch|p2a: Eelektross|Eelektross, F|373/373","|-damage|p2a: Eelektross|327/373|[from] Stealth Rock","|turn|17","|","|move|p1a: Gallade|Close Combat|p2a: Eelektross","|-damage|p2a: Eelektross|32/373","|-unboost|p1a: Gallade|def|1","|-unboost|p1a: Gallade|spd|1","|move|p2a: Eelektross|U-turn|p1a: Gallade","|-damage|p1a: Gallade|0 fnt","|faint|p1a: Gallade","|","|switch|p2a: Ampharos|Ampharos-Mega, F, shiny|336/383","|-damage|p2a: Ampharos|289/383|[from] Stealth Rock","|-ability|p2a: Ampharos|Mold Breaker","|","|","|switch|p1a: Terrakion|Terrakion|323/323","|-activate|p1a: Terrakion|move: Sticky Web","|-unboost|p1a: Terrakion|spe|1","|turn|18","|","|switch|p2a: Galvantula|Galvantula, F, shiny|281/281 slp","|-damage|p2a: Galvantula|211/281 slp|[from] Stealth Rock","|move|p1a: Terrakion|Close Combat|p2a: Galvantula","|-resisted|p2a: Galvantula","|-damage|p2a: Galvantula|55/281 slp","|-unboost|p1a: Terrakion|def|1","|-unboost|p1a: Terrakion|spd|1","|","|turn|19","|","|cant|p2a: Galvantula|slp","|move|p1a: Terrakion|Close Combat|p2a: Galvantula","|-resisted|p2a: Galvantula","|-damage|p2a: Galvantula|0 fnt","|-unboost|p1a: Terrakion|def|1","|-unboost|p1a: Terrakion|spd|1","|faint|p2a: Galvantula","|","|","|switch|p2a: Eelektross|Eelektross, F|32/373","|-damage|p2a: Eelektross|0 fnt|[from] Stealth Rock","|faint|p2a: Eelektross","|","|switch|p2a: Ampharos|Ampharos-Mega, F, shiny|289/383","|-damage|p2a: Ampharos|242/383|[from] Stealth Rock","|-ability|p2a: Ampharos|Mold Breaker","|turn|20","|","|move|p1a: Terrakion|Close Combat|p2a: Ampharos","|-damage|p2a: Ampharos|37/383","|-unboost|p1a: Terrakion|def|1","|-unboost|p1a: Terrakion|spd|1","|move|p2a: Ampharos|Thunderbolt|p1a: Terrakion","|-damage|p1a: Terrakion|0 fnt","|faint|p1a: Terrakion","|","|win|Rain ☆ Kitsune"],"p1rating":{"entryid":"7479706","serverid":"eos","formatid":"monotype","userid":"swljyph","username":"SWL Jyph","w":"8","l":3,"t":"0","gxe":61.8,"r":"1590.8809375019","rd":"93.230374543131","sigma":"0","rptime":"1439542800","rpr":1592.9290418683,"rprd":85.742275774041,"rpsigma":"0","acre":1154.3613105016,"lacre":1154.3613105016,"oldacre":"1184.665785489"},"p2rating":{"entryid":"5694082","serverid":"eos","formatid":"monotype","userid":"rainkitsune","username":"Rain ☆ Kitsune","w":21,"l":"20","t":"0","gxe":51.2,"r":1492.1985904122,"rd":70.869251848004,"sigma":"0","rptime":1439542800,"rpr":1509.1425720784,"rprd":69.642024211065,"rpsigma":"0","acre":1140.1145795186,"lacre":1140.1145795186,"oldacre":"1109.8101045312"},"endType":"normal"}