{"seed":[64955,4708,64163,12771],"turns":25,"p1":"Sereana","p2":"Crystal Blade64","p1team":[{"name":"Mew","species":"Mew","item":"leftovers","ability":"Synchronize","moves":["swordsdance","suckerpunch","knockoff","zenheadbutt"],"nature":"Jolly","evs":{"hp":0,"atk":252,"def":0,"spa":0,"spd":4,"spe":252},"ivs":{"hp":31,"atk":31,"def":31,"spa":31,"spd":31,"spe":31}},{"name":"Reuniclus","species":"Reuniclus","item":"lifeorb","ability":"Magic Guard","moves":["futuresight","focusblast","flashcannon","psyshock"],"nature":"Modest","evs":{"hp":248,"atk":0,"def":0,"spa":252,"spd":8,"spe":0},"ivs":{"hp":31,"atk":31,"def":31,"spa":31,"spd":31,"spe":31}},{"name":"Latias","species":"Latias","item":"latiasite","ability":"Levitate","moves":["storedpower","calmmind","dragonpulse","roost"],"nature":"Timid","evs":{"hp":0,"atk":0,"def":252,"spa":0,"spd":0,"spe":252},"ivs":{"hp":31,"atk":31,"def":31,"spa":31,"spd":31,"spe":31}},{"name":"Victini","species":"Victini","item":"choicescarf","ability":"Victory Star","moves":["finalgambit","vcreate"],"nature":"Jolly","evs":{"hp":252,"atk":4,"def":0,"spa":0,"spd":0,"spe":252},"ivs":{"hp":31,"atk":31,"def":31,"spa":31,"spd":31,"spe":31}},{"name":"Jirachi","species":"Jirachi","item":"choiceband","ability":"Serene Grace","moves":["ironhead","zenheadbutt","icepunch","uturn"],"nature":"Jolly","evs":{"hp":0,"atk":252,"def":0,"spa":0,"spd":4,"spe":252},"ivs":{"hp":31,"atk":31,"def":31,"spa":31,"spd":31,"spe":31}},{"name":"Girafarig","species":"Girafarig","item":"focussash","ability":"Early Bird","moves":["batonpass","agility","hypervoice","dazzlinggleam"],"nature":"Timid","evs":{"hp":0,"atk":0,"def":0,"spa":252,"spd":4,"spe":252},"ivs":{"hp":31,"atk":31,"def":31,"spa":31,"spd":31,"spe":31}}],"p2team":[{"name":"Azoomarill","species":"azumarill","item":"sitrusberry","ability":"Huge Power","moves":["bellydrum","aquajet","knockoff","playrough"],"nature":"Adamant","evs":{"hp":252,"atk":252,"def":0,"spa":0,"spd":4,"spe":0},"ivs":{"hp":31,"atk":31,"def":31,"spa":31,"spd":31,"spe":31}},{"name":"I call HAX!!!","species":"togekiss","item":"leftovers","ability":"Serene Grace","moves":["airslash","thunderwave","roost","flamethrower"],"nature":"Timid","evs":{"hp":252,"atk":0,"def":0,"spa":4,"spd":0,"spe":252},"ivs":{"hp":31,"atk":31,"def":31,"spa":31,"spd":31,"spe":31}},{"name":"Magical","species":"clefable","item":"lifeorb","ability":"Magic Guard","moves":["cosmicpower","chargebeam","moonblast","softboiled"],"nature":"Calm","evs":{"hp":248,"atk":0,"def":0,"spa":8,"spd":252,"spe":0},"ivs":{"hp":31,"atk":31,"def":31,"spa":31,"spd":31,"spe":31}},{"name":"PieceO'Cake","species":"slurpuff","item":"sitrusberry","ability":"Unburden","moves":["bellydrum","drainpunch","playrough","return"],"nature":"Adamant","evs":{"hp":4,"atk":252,"def":0,"spa":0,"spd":0,"spe":252},"ivs":{"hp":31,"atk":31,"def":31,"spa":31,"spd":31,"spe":31}},{"name":"The Key to Victory","species":"klefki","item":"leftovers","ability":"Prankster","moves":["thunderwave","spikes","foulplay","reflect"],"nature":"Bold","evs":{"hp":248,"atk":0,"def":252,"spa":0,"spd":8,"spe":0},"ivs":{"hp":31,"atk":31,"def":31,"spa":31,"spd":31,"spe":31}},{"name":"Dis Dress","species":"gardevoir","item":"choicescarf","ability":"Trace","moves":["moonblast","psyshock","focusblast","healingwish"],"nature":"Timid","evs":{"hp":0,"atk":0,"def":0,"spa":252,"spd":4,"spe":252},"ivs":{"hp":31,"atk":31,"def":31,"spa":31,"spd":31,"spe":31}}],"log":["|player|p1|Sereana|mashumashu.png","|player|p2|Crystal Blade64|165","|gametype|singles","|gen|6","|tier|Monotype","|rated","|rule|Baton Pass Clause: Limit one Baton Passer, can't pass Spe and other stats simultaneously","|rule|Swagger Clause: Swagger is banned","|rule|Same Type Clause: Pokémon in a team must share a type","|clearpoke","|poke|p1|Mew","|poke|p1|Reuniclus, M","|poke|p1|Latias, F","|poke|p1|Victini","|poke|p1|Jirachi","|poke|p1|Girafarig, M","|poke|p2|Azumarill, F","|poke|p2|Togekiss, F","|poke|p2|Clefable, M","|poke|p2|Slurpuff, F","|poke|p2|Klefki, M","|poke|p2|Gardevoir, M","|rule|Sleep Clause Mod: Limit one foe put to sleep","|rule|Species Clause: Limit one of each Pokémon","|rule|OHKO Clause: OHKO moves are banned","|rule|Moody Clause: Moody is banned","|rule|Evasion Moves Clause: Evasion moves are banned","|rule|Endless Battle Clause: Forcing endless battles is banned","|rule|HP Percentage Mod: HP is shown in percentages","|teampreview","|","|start","|switch|p1a: Jirachi|Jirachi|341/341","|switch|p2a: The Key to Victory|Klefki, M|317/317","|turn|1","|player|p2","|player|p2|Crystal Blade64|165","|","|switch|p1a: Victini|Victini|404/404","|move|p2a: The Key to Victory|Thunder Wave|p1a: Victini","|-status|p1a: Victini|par","|","|turn|2","|","|move|p2a: The Key to Victory|Foul Play|p1a: Victini","|-supereffective|p1a: Victini","|-damage|p1a: Victini|244/404 par","|move|p1a: Victini|Final Gambit|p2a: The Key to Victory","|-damage|p2a: The Key to Victory|73/317","|faint|p1a: Victini","|","|-heal|p2a: The Key to Victory|92/317|[from] item: Leftovers","|","|switch|p1a: Reuniclus|Reuniclus, M|423/423","|turn|3","|","|move|p2a: The Key to Victory|Thunder Wave|p1a: Reuniclus","|-status|p1a: Reuniclus|par","|cant|p1a: Reuniclus|par","|","|-heal|p2a: The Key to Victory|111/317|[from] item: Leftovers","|turn|4","|","|move|p2a: The Key to Victory|Foul Play|p1a: Reuniclus","|-supereffective|p1a: Reuniclus","|-damage|p1a: Reuniclus|305/423 par","|cant|p1a: Reuniclus|par","|","|-heal|p2a: The Key to Victory|130/317|[from] item: Leftovers","|turn|5","|","|move|p2a: The Key to Victory|Foul Play|p1a: Reuniclus","|-supereffective|p1a: Reuniclus","|-damage|p1a: Reuniclus|175/423 par","|move|p1a: Reuniclus|Flash Cannon|p2a: The Key to Victory","|-damage|p2a: The Key to Victory|0 fnt","|faint|p2a: The Key to Victory","|","|","|switch|p2a: Dis Dress|Gardevoir, M|277/277","|-ability|p2a: Dis Dress|Magic Guard|[from] ability: Trace|[of] p1a: Reuniclus","|turn|6","|","|move|p2a: Dis Dress|Moonblast|p1a: Reuniclus","|-damage|p1a: Reuniclus|0 fnt","|faint|p1a: Reuniclus","|","|","|switch|p1a: Mew|Mew|341/341","|turn|7","|","|move|p2a: Dis Dress|Moonblast|p1a: Mew","|-damage|p1a: Mew|176/341","|move|p1a: Mew|Knock Off|p2a: Dis Dress","|-damage|p2a: Dis Dress|137/277","|-enditem|p2a: Dis Dress|Choice Scarf|[from] move: Knock Off|[of] p1a: Mew","|","|-heal|p1a: Mew|197/341|[from] item: Leftovers","|turn|8","|","|move|p1a: Mew|Sucker Punch|p2a: Dis Dress","|-damage|p2a: Dis Dress|32/277","|move|p2a: Dis Dress|Moonblast|p1a: Mew","|-damage|p1a: Mew|19/341","|","|-heal|p1a: Mew|40/341|[from] item: Leftovers","|turn|9","|","|switch|p2a: Azoomarill|Azumarill, F|404/404","|move|p1a: Mew|Knock Off|p2a: Azoomarill","|-resisted|p2a: Azoomarill","|-damage|p2a: Azoomarill|350/404","|-enditem|p2a: Azoomarill|Sitrus Berry|[from] move: Knock Off|[of] p1a: Mew","|","|-heal|p1a: Mew|61/341|[from] item: Leftovers","|turn|10","|","|move|p2a: Azoomarill|Aqua Jet|p1a: Mew","|-damage|p1a: Mew|0 fnt","|faint|p1a: Mew","|","|","|switch|p1a: Girafarig|Girafarig, M|281/281","|turn|11","|","|move|p1a: Girafarig|Hyper Voice|p2a: Azoomarill","|-damage|p2a: Azoomarill|205/404","|move|p2a: Azoomarill|Belly Drum|p2a: Azoomarill","|-damage|p2a: Azoomarill|3/404","|-setboost|p2a: Azoomarill|atk|6|[from] move: Belly Drum","|","|turn|12","|","|move|p2a: Azoomarill|Aqua Jet|p1a: Girafarig","|-enditem|p1a: Girafarig|Focus Sash","|-damage|p1a: Girafarig|1/281","|move|p1a: Girafarig|Hyper Voice|p2a: Azoomarill","|-crit|p2a: Azoomarill","|-damage|p2a: Azoomarill|0 fnt","|faint|p2a: Azoomarill","|","|","|switch|p2a: Dis Dress|Gardevoir, M|32/277","|-ability|p2a: Dis Dress|Early Bird|[from] ability: Trace|[of] p1a: Girafarig","|turn|13","|","|move|p1a: Girafarig|Hyper Voice|p2a: Dis Dress","|-damage|p2a: Dis Dress|0 fnt","|faint|p2a: Dis Dress","|","|","|switch|p2a: PieceO'Cake|Slurpuff, F|306/306","|turn|14","|","|move|p1a: Girafarig|Agility|p1a: Girafarig","|-boost|p1a: Girafarig|spe|2","|move|p2a: PieceO'Cake|Belly Drum|p2a: PieceO'Cake","|-damage|p2a: PieceO'Cake|153/306","|-setboost|p2a: PieceO'Cake|atk|6|[from] move: Belly Drum","|-enditem|p2a: PieceO'Cake|Sitrus Berry|[eat]","|-heal|p2a: PieceO'Cake|229/306|[from] item: Sitrus Berry","|","|turn|15","|","|move|p1a: Girafarig|Baton Pass|p1a: Girafarig","|","|switch|p1a: Jirachi|Jirachi|341/341","|move|p2a: PieceO'Cake|Drain Punch|p1a: Jirachi","|-damage|p1a: Jirachi|49/341","|-heal|p2a: PieceO'Cake|306/306|[from] drain|[of] p1a: Jirachi","|","|turn|16","|","|move|p1a: Jirachi|Iron Head|p2a: PieceO'Cake","|-supereffective|p2a: PieceO'Cake","|-damage|p2a: PieceO'Cake|0 fnt","|faint|p2a: PieceO'Cake","|","|","|switch|p2a: I call HAX!!!|Togekiss, F|374/374","|turn|17","|","|move|p1a: Jirachi|Iron Head|p2a: I call HAX!!!","|-supereffective|p2a: I call HAX!!!","|-damage|p2a: I call HAX!!!|20/374","|move|p2a: I call HAX!!!|Flamethrower|p1a: Jirachi","|-supereffective|p1a: Jirachi","|-damage|p1a: Jirachi|0 fnt","|faint|p1a: Jirachi","|","|-heal|p2a: I call HAX!!!|43/374|[from] item: Leftovers","|","|switch|p1a: Latias|Latias, F|301/301","|turn|18","|","|detailschange|p1a: Latias|Latias-Mega, F","|-mega|p1a: Latias|Latias|Latiasite","|move|p1a: Latias|Calm Mind|p1a: Latias","|-boost|p1a: Latias|spa|1","|-boost|p1a: Latias|spd|1","|move|p2a: I call HAX!!!|Thunder Wave|p1a: Latias","|-status|p1a: Latias|par","|","|-heal|p2a: I call HAX!!!|66/374|[from] item: Leftovers","|turn|19","|","|move|p2a: I call HAX!!!|Roost|p2a: I call HAX!!!","|-heal|p2a: I call HAX!!!|253/374","|move|p1a: Latias|Calm Mind|p1a: Latias","|-boost|p1a: Latias|spa|1","|-boost|p1a: Latias|spd|1","|","|-heal|p2a: I call HAX!!!|276/374|[from] item: Leftovers","|turn|20","|","|move|p2a: I call HAX!!!|Air Slash|p1a: Latias","|-damage|p1a: Latias|267/301 par","|move|p1a: Latias|Calm Mind|p1a: Latias","|-boost|p1a: Latias|spa|1","|-boost|p1a: Latias|spd|1","|","|-heal|p2a: I call HAX!!!|299/374|[from] item: Leftovers","|turn|21","|","|move|p2a: I call HAX!!!|Air Slash|p1a: Latias|[miss]","|-miss|p2a: I call HAX!!!|p1a: Latias","|move|p1a: Latias|Calm Mind|p1a: Latias","|-boost|p1a: Latias|spa|1","|-boost|p1a: Latias|spd|1","|","|-heal|p2a: I call HAX!!!|322/374|[from] item: Leftovers","|turn|22","|","|move|p2a: I call HAX!!!|Air Slash|p1a: Latias","|-damage|p1a: Latias|242/301 par","|cant|p1a: Latias|par","|","|-heal|p2a: I call HAX!!!|345/374|[from] item: Leftovers","|turn|23","|","|move|p2a: I call HAX!!!|Air Slash|p1a: Latias","|-damage|p1a: Latias|215/301 par","|cant|p1a: Latias|flinch","|","|-heal|p2a: I call HAX!!!|368/374|[from] item: Leftovers","|turn|24","|","|move|p2a: I call HAX!!!|Air Slash|p1a: Latias","|-damage|p1a: Latias|190/301 par","|move|p1a: Latias|Stored Power|p2a: I call HAX!!!","|-damage|p2a: I call HAX!!!|0 fnt","|faint|p2a: I call HAX!!!","|","|","|switch|p2a: Magical|Clefable, M|393/393","|turn|25","|","|move|p2a: Magical|Moonblast|p1a: Latias","|-supereffective|p1a: Latias","|-damage|p1a: Latias|117/301 par","|move|p1a: Latias|Stored Power|p2a: Magical","|-damage|p2a: Magical|0 fnt","|faint|p2a: Magical","|","|win|Sereana"],"p1rating":{"entryid":"7004134","serverid":"eos","formatid":"monotype","userid":"sereana","username":"Sereana","w":10,"l":"7","t":"0","gxe":56.6,"r":"1484.5309758966","rd":"87.121043254934","sigma":"0","rptime":"1439542800","rpr":1550.7243785822,"rprd":75.608471664707,"rpsigma":"0","acre":1181.5374239979,"lacre":1181.5374239979,"oldacre":"1159.1176136274"},"p2rating":{"entryid":"6391332","serverid":"eos","formatid":"monotype","userid":"crystalblade64","username":"Crystal Blade64","w":"33","l":30,"t":"0","gxe":52.8,"r":"1555.9568872703","rd":"50.563373317684","sigma":"0","rptime":"1439542800","rpr":1520.8823772435,"rprd":45.597815095995,"rpsigma":"0","acre":1100.7116780914,"lacre":1100.7116780914,"oldacre":"1123.1314884619"},"endType":"normal"}