{"seed":[51707,17254,3063,7266],"turns":25,"p1":"Emg_DemZii","p2":"Guard Wulf - ⓢⓐⓓ","p1team":[{"name":"Politoed","species":"Politoed","item":"choicespecs","ability":"Drizzle","moves":["hydropump","icebeam","focusblast","hiddenpowergrass"],"nature":"Modest","evs":{"hp":248,"atk":0,"def":0,"spa":252,"spd":8,"spe":0},"ivs":{"hp":31,"atk":30,"def":31,"spa":30,"spd":31,"spe":31}},{"name":"Manaphy","species":"Manaphy","item":"leftovers","ability":"Hydration","moves":["tailglow","rest","scald","ancientpower"],"nature":"Modest","evs":{"hp":252,"atk":0,"def":0,"spa":252,"spd":4,"spe":0},"ivs":{"hp":31,"atk":31,"def":31,"spa":31,"spd":31,"spe":31}},{"name":"Slowking","species":"Slowking","item":"leftovers","ability":"Regenerator","moves":["psychic","calmmind","thunderwave","signalbeam"],"nature":"Bold","evs":{"hp":252,"atk":0,"def":4,"spa":244,"spd":0,"spe":0},"ivs":{"hp":31,"atk":31,"def":31,"spa":31,"spd":31,"spe":31}},{"name":"Swampert","species":"Swampert","item":"swampertite","ability":"Torrent","moves":["waterfall","hammerarm","icepunch","earthquake"],"nature":"Adamant","evs":{"hp":248,"atk":252,"def":0,"spa":0,"spd":8,"spe":0},"ivs":{"hp":31,"atk":31,"def":31,"spa":31,"spd":31,"spe":31}},{"name":"Azumarill","species":"Azumarill","item":"choiceband","ability":"Sap Sipper","moves":["aquajet","playrough","bulldoze","icepunch"],"nature":"Adamant","evs":{"hp":248,"atk":252,"def":0,"spa":0,"spd":8,"spe":0},"ivs":{"hp":31,"atk":31,"def":31,"spa":31,"spd":31,"spe":31}},{"name":"Tentacruel","species":"Tentacruel","item":"blacksludge","ability":"Liquid Ooze","moves":["rapidspin","acidspray","sludgebomb","surf"],"nature":"Bold","evs":{"hp":0,"atk":0,"def":248,"spa":8,"spd":252,"spe":0},"ivs":{"hp":31,"atk":31,"def":31,"spa":31,"spd":31,"spe":31}}],"p2team":[{"name":"Dragonite","species":"Dragonite","item":"choiceband","ability":"Multiscale","moves":["firepunch","earthquake","dragonclaw","extremespeed"],"nature":"Jolly","evs":{"hp":0,"atk":252,"def":0,"spa":0,"spd":4,"spe":252},"ivs":{"hp":31,"atk":31,"def":31,"spa":31,"spd":31,"spe":31}},{"name":"Pidgeot","species":"Pidgeot","item":"pidgeotite","ability":"Big Pecks","moves":["hurricane","heatwave","uturn","roost"],"nature":"Timid","evs":{"hp":0,"atk":0,"def":0,"spa":252,"spd":4,"spe":252},"ivs":{"hp":31,"atk":31,"def":31,"spa":31,"spd":31,"spe":31}},{"name":"Skarmory","species":"Skarmory","item":"leftovers","ability":"Sturdy","moves":["stealthrock","roost","ironhead","roar"],"nature":"Impish","evs":{"hp":252,"atk":0,"def":232,"spa":0,"spd":0,"spe":24},"ivs":{"hp":31,"atk":31,"def":31,"spa":31,"spd":31,"spe":31}},{"name":"Togekiss","species":"Togekiss","item":"leftovers","ability":"Serene Grace","moves":["thunderwave","roost","defog","airslash"],"nature":"Calm","evs":{"hp":252,"atk":0,"def":0,"spa":4,"spd":252,"spe":0},"ivs":{"hp":31,"atk":31,"def":31,"spa":31,"spd":31,"spe":31}},{"name":"Thundurus-Therian","species":"Thundurus-Therian","item":"choicescarf","ability":"Volt Absorb","moves":["thunderbolt","voltswitch","flashcannon","hiddenpowerice"],"nature":"Modest","evs":{"hp":0,"atk":0,"def":0,"spa":252,"spd":4,"spe":252},"ivs":{"hp":31,"atk":30,"def":30,"spa":31,"spd":31,"spe":31}},{"name":"Gliscor","species":"Gliscor","item":"toxicorb","ability":"Poison Heal","moves":["earthquake","knockoff","toxic","roost"],"nature":"Impish","evs":{"hp":240,"atk":8,"def":188,"spa":0,"spd":0,"spe":72},"ivs":{"hp":31,"atk":31,"def":31,"spa":31,"spd":31,"spe":31}}],"log":["|player|p1|Emg_DemZii|274","|player|p2|Guard Wulf - ⓢⓐⓓ|163","|gametype|singles","|gen|6","|tier|Monotype","|rated","|rule|Baton Pass Clause: Limit one Baton Passer, can't pass Spe and other stats simultaneously","|rule|Swagger Clause: Swagger is banned","|rule|Same Type Clause: Pokémon in a team must share a type","|clearpoke","|poke|p1|Politoed, F","|poke|p1|Manaphy","|poke|p1|Slowking, M","|poke|p1|Swampert, M","|poke|p1|Azumarill, M","|poke|p1|Tentacruel, F","|poke|p2|Dragonite, F","|poke|p2|Pidgeot, F","|poke|p2|Skarmory, M","|poke|p2|Togekiss, F","|poke|p2|Thundurus-Therian, M","|poke|p2|Gliscor, M","|rule|Sleep Clause Mod: Limit one foe put to sleep","|rule|Species Clause: Limit one of each Pokémon","|rule|OHKO Clause: OHKO moves are banned","|rule|Moody Clause: Moody is banned","|rule|Evasion Moves Clause: Evasion moves are banned","|rule|Endless Battle Clause: Forcing endless battles is banned","|rule|HP Percentage Mod: HP is shown in percentages","|teampreview","|","|start","|switch|p1a: Politoed|Politoed, F|383/383","|switch|p2a: Togekiss|Togekiss, F|374/374","|-weather|RainDance","|turn|1","|","|move|p2a: Togekiss|Thunder Wave|p1a: Politoed","|-status|p1a: Politoed|par","|move|p1a: Politoed|Ice Beam|p2a: Togekiss","|-supereffective|p2a: Togekiss","|-damage|p2a: Togekiss|188/374","|-status|p2a: Togekiss|frz","|","|-weather|RainDance|[upkeep]","|-heal|p2a: Togekiss|211/374 frz|[from] item: Leftovers","|turn|2","|","|cant|p2a: Togekiss|frz","|move|p1a: Politoed|Ice Beam|p2a: Togekiss","|-supereffective|p2a: Togekiss","|-damage|p2a: Togekiss|29/374 frz","|","|-weather|RainDance|[upkeep]","|-heal|p2a: Togekiss|52/374 frz|[from] item: Leftovers","|turn|3","|","|cant|p2a: Togekiss|frz","|move|p1a: Politoed|Ice Beam|p2a: Togekiss","|-supereffective|p2a: Togekiss","|-damage|p2a: Togekiss|0 fnt","|faint|p2a: Togekiss","|","|-weather|RainDance|[upkeep]","|","|switch|p2a: Pidgeot|Pidgeot, F|307/307","|turn|4","|","|detailschange|p2a: Pidgeot|Pidgeot-Mega, F","|-mega|p2a: Pidgeot|Pidgeot|Pidgeotite","|move|p2a: Pidgeot|U-turn|p1a: Politoed","|-damage|p1a: Politoed|330/383 par","|","|switch|p2a: Gliscor|Gliscor, M|351/351","|move|p1a: Politoed|Ice Beam|p2a: Gliscor","|-supereffective|p2a: Gliscor","|-damage|p2a: Gliscor|0 fnt","|faint|p2a: Gliscor","|","|-weather|RainDance|[upkeep]","|","|switch|p2a: Pidgeot|Pidgeot-Mega, F|307/307","|turn|5","|","|move|p2a: Pidgeot|Hurricane|p1a: Politoed","|-damage|p1a: Politoed|135/383 par","|-start|p1a: Politoed|confusion","|-activate|p1a: Politoed|confusion","|-damage|p1a: Politoed|108/383 par|[from] confusion","|","|-weather|none","|turn|6","|","|switch|p1a: Tentacruel|Tentacruel, F|301/301","|move|p2a: Pidgeot|Hurricane|p1a: Tentacruel","|-damage|p1a: Tentacruel|154/301","|","|-heal|p1a: Tentacruel|172/301|[from] item: Black Sludge","|turn|7","|","|move|p2a: Pidgeot|Hurricane|p1a: Tentacruel","|-damage|p1a: Tentacruel|37/301","|-start|p1a: Tentacruel|confusion","|-activate|p1a: Tentacruel|confusion","|-damage|p1a: Tentacruel|15/301|[from] confusion","|","|-heal|p1a: Tentacruel|33/301|[from] item: Black Sludge","|turn|8","|","|move|p2a: Pidgeot|Hurricane|p1a: Tentacruel","|-damage|p1a: Tentacruel|0 fnt","|faint|p1a: Tentacruel","|","|","|switch|p1a: Politoed|Politoed, F|108/383 par","|-weather|RainDance","|turn|9","|","|switch|p1a: Slowking|Slowking, M|394/394","|move|p2a: Pidgeot|Hurricane|p1a: Slowking","|-damage|p1a: Slowking|213/394","|-start|p1a: Slowking|confusion","|","|-weather|RainDance|[upkeep]","|-heal|p1a: Slowking|237/394|[from] item: Leftovers","|turn|10","|","|move|p2a: Pidgeot|Hurricane|p1a: Slowking","|-damage|p1a: Slowking|39/394","|-activate|p1a: Slowking|confusion","|-damage|p1a: Slowking|13/394|[from] confusion","|","|-weather|RainDance|[upkeep]","|-heal|p1a: Slowking|37/394|[from] item: Leftovers","|turn|11","|","|move|p2a: Pidgeot|Hurricane|p1a: Slowking","|-damage|p1a: Slowking|0 fnt","|faint|p1a: Slowking","|","|-weather|RainDance|[upkeep]","|","|switch|p1a: Manaphy|Manaphy|404/404","|turn|12","|","|move|p2a: Pidgeot|Hurricane|p1a: Manaphy","|-damage|p1a: Manaphy|215/404","|move|p1a: Manaphy|Ancient Power|p2a: Pidgeot","|-supereffective|p2a: Pidgeot","|-damage|p2a: Pidgeot|141/307","|","|-weather|RainDance|[upkeep]","|-heal|p1a: Manaphy|240/404|[from] item: Leftovers","|turn|13","|","|move|p2a: Pidgeot|Hurricane|p1a: Manaphy","|-damage|p1a: Manaphy|27/404","|move|p1a: Manaphy|Ancient Power|p2a: Pidgeot","|-supereffective|p2a: Pidgeot","|-damage|p2a: Pidgeot|0 fnt","|faint|p2a: Pidgeot","|","|-weather|none","|-heal|p1a: Manaphy|52/404|[from] item: Leftovers","|","|switch|p2a: Dragonite|Dragonite, F|323/323","|turn|14","|","|switch|p1a: Politoed|Politoed, F|108/383 par","|-weather|RainDance","|move|p2a: Dragonite|Extreme Speed|p1a: Politoed","|-crit|p1a: Politoed","|-damage|p1a: Politoed|0 fnt","|faint|p1a: Politoed","|","|-weather|RainDance|[upkeep]","|","|switch|p1a: Manaphy|Manaphy|52/404","|turn|15","|","|move|p2a: Dragonite|Extreme Speed|p1a: Manaphy","|-damage|p1a: Manaphy|0 fnt","|faint|p1a: Manaphy","|","|-weather|RainDance|[upkeep]","|","|switch|p1a: Swampert|Swampert, M|403/403","|turn|16","|","|switch|p2a: Skarmory|Skarmory, M|334/334","|detailschange|p1a: Swampert|Swampert-Mega, M","|-mega|p1a: Swampert|Swampert|Swampertite","|move|p1a: Swampert|Ice Punch|p2a: Skarmory","|-damage|p2a: Skarmory|268/334","|-status|p2a: Skarmory|frz","|","|-weather|RainDance|[upkeep]","|-heal|p2a: Skarmory|288/334 frz|[from] item: Leftovers","|turn|17","|","|move|p1a: Swampert|Waterfall|p2a: Skarmory","|-damage|p2a: Skarmory|131/334 frz","|cant|p2a: Skarmory|frz","|","|-weather|RainDance|[upkeep]","|-heal|p2a: Skarmory|151/334 frz|[from] item: Leftovers","|turn|18","|","|move|p1a: Swampert|Waterfall|p2a: Skarmory","|-damage|p2a: Skarmory|4/334 frz","|cant|p2a: Skarmory|frz","|","|-weather|none","|-heal|p2a: Skarmory|24/334 frz|[from] item: Leftovers","|turn|19","|","|cant|p2a: Skarmory|frz","|move|p1a: Swampert|Waterfall|p2a: Skarmory","|-damage|p2a: Skarmory|0 fnt","|faint|p2a: Skarmory","|","|","|switch|p2a: Dragonite|Dragonite, F|323/323","|turn|20","|","|switch|p1a: Azumarill|Azumarill, M|403/403","|move|p2a: Dragonite|Earthquake|p1a: Azumarill","|-damage|p1a: Azumarill|171/403","|","|turn|21","|","|move|p2a: Dragonite|Earthquake|p1a: Azumarill","|-damage|p1a: Azumarill|0 fnt","|faint|p1a: Azumarill","|","|","|switch|p1a: Swampert|Swampert-Mega, M|403/403","|turn|22","|","|move|p2a: Dragonite|Earthquake|p1a: Swampert","|-damage|p1a: Swampert|236/403","|move|p1a: Swampert|Ice Punch|p2a: Dragonite","|-supereffective|p2a: Dragonite","|-damage|p2a: Dragonite|75/323","|","|turn|23","|","|move|p2a: Dragonite|Earthquake|p1a: Swampert","|-damage|p1a: Swampert|64/403","|move|p1a: Swampert|Ice Punch|p2a: Dragonite","|-crit|p2a: Dragonite","|-supereffective|p2a: Dragonite","|-damage|p2a: Dragonite|0 fnt","|faint|p2a: Dragonite","|","|","|switch|p2a: Thundurus-Therian|Thundurus-Therian, M|299/299","|turn|24","|","|move|p2a: Thundurus-Therian|Flash Cannon|p1a: Swampert","|-resisted|p1a: Swampert","|-damage|p1a: Swampert|9/403","|-unboost|p1a: Swampert|spd|1","|move|p1a: Swampert|Ice Punch|p2a: Thundurus-Therian","|-supereffective|p2a: Thundurus-Therian","|-damage|p2a: Thundurus-Therian|5/299","|","|turn|25","|","|move|p2a: Thundurus-Therian|Flash Cannon|p1a: Swampert","|-resisted|p1a: Swampert","|-damage|p1a: Swampert|0 fnt","|faint|p1a: Swampert","|","|win|Guard Wulf - ⓢⓐⓓ"],"p1rating":{"entryid":"7361210","serverid":"eos","formatid":"monotype","userid":"emgdemzii","username":"Emg_DemZii","w":"7","l":24,"t":"0","gxe":26,"r":"1315.6169445176","rd":"63.384925941765","sigma":"0","rptime":"1439542800","rpr":1299.8663372779,"rprd":61.240731483683,"rpsigma":"0","acre":1000,"lacre":1000,"oldacre":"1000"},"p2rating":{"entryid":"7326062","serverid":"eos","formatid":"monotype","userid":"guardwulf","username":"Guard Wulf","w":61,"l":"31","t":"0","gxe":63.8,"r":"1612.6543994126","rd":"41.801224475511","sigma":"0","rptime":"1439542800","rpr":1606.971577529,"rprd":38.591197160099,"rpsigma":"0","acre":1238.6336486574,"lacre":1238.6336486574,"oldacre":"1228.0315020652"},"endType":"normal"}