{"seed":[12059,36287,48001,64102],"turns":31,"p1":"Crystal Blade64","p2":"Jake1079","p1team":[{"name":"Darmanitan","species":"Darmanitan","item":"lifeorb","ability":"Sheer Force","moves":["flareblitz","earthquake","rockslide","superpower"],"nature":"Jolly","evs":{"hp":4,"atk":252,"def":0,"spa":0,"spd":0,"spe":252},"ivs":{"hp":31,"atk":31,"def":31,"spa":31,"spd":31,"spe":31}},{"name":"Arcanine","species":"Arcanine","item":"leftovers","ability":"Intimidate","moves":["extremespeed","morningsun","willowisp","protect"],"nature":"Careful","evs":{"hp":252,"atk":4,"def":0,"spa":0,"spd":252,"spe":0},"ivs":{"hp":31,"atk":31,"def":31,"spa":31,"spd":31,"spe":31}},{"name":"Rotom-Heat","species":"Rotom-Heat","item":"lightclay","ability":"Levitate","moves":["lightscreen","reflect","painsplit","voltswitch"],"nature":"Calm","evs":{"hp":248,"atk":0,"def":0,"spa":8,"spd":252,"spe":0},"ivs":{"hp":31,"atk":31,"def":31,"spa":31,"spd":31,"spe":31}},{"name":"Combusken","species":"Combusken","item":"eviolite","ability":"Speed Boost","moves":["substitute","protect","batonpass","willowisp"],"nature":"Timid","evs":{"hp":248,"atk":0,"def":0,"spa":0,"spd":8,"spe":252},"ivs":{"hp":31,"atk":31,"def":31,"spa":31,"spd":31,"spe":31}},{"name":"Infernape","species":"Infernape","item":"focussash","ability":"Blaze","moves":["machpunch","taunt","stealthrock","overheat"],"nature":"Hasty","evs":{"hp":0,"atk":128,"def":0,"spa":128,"spd":0,"spe":252},"ivs":{"hp":31,"atk":31,"def":31,"spa":31,"spd":31,"spe":31}},{"name":"Charizard","species":"Charizard","item":"charizarditex","ability":"Blaze","moves":["dragondance","flareblitz","roost","outrage"],"nature":"Adamant","evs":{"hp":0,"atk":252,"def":0,"spa":0,"spd":4,"spe":252},"ivs":{"hp":31,"atk":31,"def":31,"spa":31,"spd":31,"spe":31}}],"p2team":[{"name":"Altaria","species":"Altaria","item":"altarianite","ability":"Natural Cure","moves":["dragonclaw","dragondance","earthquake","return"],"nature":"Adamant","evs":{"hp":0,"atk":252,"def":0,"spa":0,"spd":4,"spe":252},"ivs":{"hp":31,"atk":31,"def":31,"spa":31,"spd":31,"spe":31}},{"name":"Druddigon","species":"Druddigon","item":"rockyhelmet","ability":"Rough Skin","moves":["dragontail","stealthrock","glare","gunkshot"],"nature":"Impish","evs":{"hp":252,"atk":0,"def":252,"spa":0,"spd":4,"spe":0},"ivs":{"hp":31,"atk":31,"def":31,"spa":31,"spd":31,"spe":31}},{"name":"Goodra","species":"Goodra","item":"assaultvest","ability":"Gooey","moves":["dracometeor","fireblast","blizzard","sludgewave"],"nature":"Modest","evs":{"hp":248,"atk":0,"def":0,"spa":252,"spd":8,"spe":0},"ivs":{"hp":31,"atk":31,"def":31,"spa":31,"spd":31,"spe":31}},{"name":"Dragonite","species":"Dragonite","item":"weaknesspolicy","ability":"Multiscale","moves":["dragonclaw","extremespeed","ironhead","dragondance"],"nature":"Adamant","evs":{"hp":0,"atk":252,"def":0,"spa":0,"spd":4,"spe":252},"ivs":{"hp":31,"atk":31,"def":31,"spa":31,"spd":31,"spe":31}},{"name":"Hydreigon","species":"Hydreigon","item":"choicescarf","ability":"Levitate","moves":["dracometeor","darkpulse","fireblast","uturn"],"nature":"Timid","evs":{"hp":0,"atk":0,"def":0,"spa":252,"spd":4,"spe":252},"ivs":{"hp":31,"atk":31,"def":31,"spa":31,"spd":31,"spe":31}},{"name":"Latias","species":"Latias","item":"leftovers","ability":"Levitate","moves":["defog","psyshock","icebeam","recover"],"nature":"Modest","evs":{"hp":252,"atk":0,"def":0,"spa":252,"spd":4,"spe":0},"ivs":{"hp":31,"atk":31,"def":31,"spa":31,"spd":31,"spe":31}}],"log":["|player|p1|Crystal Blade64|165","|player|p2|Jake1079|281","|gametype|singles","|gen|6","|tier|Monotype","|rated","|rule|Baton Pass Clause: Limit one Baton Passer, can't pass Spe and other stats simultaneously","|rule|Swagger Clause: Swagger is banned","|rule|Same Type Clause: Pokémon in a team must share a type","|clearpoke","|poke|p1|Darmanitan, M","|poke|p1|Arcanine, F","|poke|p1|Rotom-Heat","|poke|p1|Combusken, M","|poke|p1|Infernape, M","|poke|p1|Charizard, F","|poke|p2|Altaria, F","|poke|p2|Druddigon, M","|poke|p2|Goodra, F","|poke|p2|Dragonite, M","|poke|p2|Hydreigon, M","|poke|p2|Latias, F","|rule|Sleep Clause Mod: Limit one foe put to sleep","|rule|Species Clause: Limit one of each Pokémon","|rule|OHKO Clause: OHKO moves are banned","|rule|Moody Clause: Moody is banned","|rule|Evasion Moves Clause: Evasion moves are banned","|rule|Endless Battle Clause: Forcing endless battles is banned","|rule|HP Percentage Mod: HP is shown in percentages","|teampreview","|","|start","|switch|p1a: Infernape|Infernape, M|293/293","|switch|p2a: Druddigon|Druddigon, M|358/358","|turn|1","|","|move|p1a: Infernape|Taunt|p2a: Druddigon","|-start|p2a: Druddigon|move: Taunt","|cant|p2a: Druddigon|move: Taunt|Stealth Rock","|","|turn|2","|","|move|p1a: Infernape|Stealth Rock|p2a: Druddigon","|-sidestart|p2: Jake1079|move: Stealth Rock","|move|p2a: Druddigon|Dragon Tail|p1a: Infernape","|-damage|p1a: Infernape|179/293","|drag|p1a: Darmanitan|Darmanitan, M|352/352","|","|turn|3","|","|move|p1a: Darmanitan|Earthquake|p2a: Druddigon","|-crit|p2a: Druddigon","|-damage|p2a: Druddigon|167/358","|-damage|p1a: Darmanitan|317/352|[from] item: Life Orb","|move|p2a: Druddigon|Dragon Tail|p1a: Darmanitan","|-damage|p1a: Darmanitan|181/352","|drag|p1a: Charizard|Charizard, F|297/297","|","|-end|p2a: Druddigon|move: Taunt","|turn|4","|","|detailschange|p1a: Charizard|Charizard-Mega-X, F","|-mega|p1a: Charizard|Charizard|Charizardite X","|move|p1a: Charizard|Outrage|p2a: Druddigon","|-supereffective|p2a: Druddigon","|-damage|p2a: Druddigon|0 fnt","|-damage|p1a: Charizard|260/297|[from] ability: Rough Skin|[of] p2a: Druddigon","|-damage|p1a: Charizard|211/297|[from] item: Rocky Helmet|[of] p2a: Druddigon","|faint|p2a: Druddigon","|","|","|switch|p2a: Altaria|Altaria, F|291/291","|-damage|p2a: Altaria|219/291|[from] Stealth Rock","|turn|5","|","|detailschange|p2a: Altaria|Altaria-Mega, F","|-mega|p2a: Altaria|Altaria|Altarianite","|move|p1a: Charizard|Outrage|p2a: Altaria|[from]lockedmove","|-immune|p2a: Altaria|[msg]","|-start|p1a: Charizard|confusion|[fatigue]","|move|p2a: Altaria|Dragon Dance|p2a: Altaria","|-boost|p2a: Altaria|atk|1","|-boost|p2a: Altaria|spe|1","|","|turn|6","|","|switch|p1a: Arcanine|Arcanine, F|384/384","|-ability|p1a: Arcanine|Intimidate","|-unboost|p2a: Altaria|atk|1","|move|p2a: Altaria|Dragon Claw|p1a: Arcanine","|-damage|p1a: Arcanine|206/384","|","|-heal|p1a: Arcanine|230/384|[from] item: Leftovers","|turn|7","|","|move|p2a: Altaria|Return|p1a: Arcanine","|-resisted|p1a: Arcanine","|-damage|p1a: Arcanine|100/384","|move|p1a: Arcanine|Will-O-Wisp|p2a: Altaria","|-status|p2a: Altaria|brn","|","|-heal|p1a: Arcanine|124/384|[from] item: Leftovers","|-damage|p2a: Altaria|183/291 brn|[from] brn","|turn|8","|","|move|p1a: Arcanine|Protect|p1a: Arcanine","|-singleturn|p1a: Arcanine|Protect","|move|p2a: Altaria|Dragon Claw|p1a: Arcanine","|-activate|p1a: Arcanine|Protect","|","|-heal|p1a: Arcanine|148/384|[from] item: Leftovers","|-damage|p2a: Altaria|147/291 brn|[from] brn","|turn|9","|","|move|p2a: Altaria|Dragon Dance|p2a: Altaria","|-boost|p2a: Altaria|atk|1","|-boost|p2a: Altaria|spe|1","|move|p1a: Arcanine|Morning Sun|p1a: Arcanine","|-heal|p1a: Arcanine|340/384","|","|-heal|p1a: Arcanine|364/384|[from] item: Leftovers","|-damage|p2a: Altaria|111/291 brn|[from] brn","|turn|10","|","|move|p1a: Arcanine|Protect|p1a: Arcanine","|-singleturn|p1a: Arcanine|Protect","|move|p2a: Altaria|Dragon Dance|p2a: Altaria","|-boost|p2a: Altaria|atk|1","|-boost|p2a: Altaria|spe|1","|","|-heal|p1a: Arcanine|384/384|[from] item: Leftovers","|-damage|p2a: Altaria|75/291 brn|[from] brn","|turn|11","|","|move|p1a: Arcanine|Extreme Speed|p2a: Altaria","|-damage|p2a: Altaria|12/291 brn","|move|p2a: Altaria|Earthquake|p1a: Arcanine","|-supereffective|p1a: Arcanine","|-damage|p1a: Arcanine|98/384","|","|-heal|p1a: Arcanine|122/384|[from] item: Leftovers","|-damage|p2a: Altaria|0 fnt|[from] brn","|faint|p2a: Altaria","|","|switch|p2a: Hydreigon|Hydreigon, M|325/325","|-damage|p2a: Hydreigon|285/325|[from] Stealth Rock","|turn|12","|","|move|p1a: Arcanine|Protect|p1a: Arcanine","|-singleturn|p1a: Arcanine|Protect","|move|p2a: Hydreigon|Draco Meteor|p1a: Arcanine","|-activate|p1a: Arcanine|Protect","|","|-heal|p1a: Arcanine|146/384|[from] item: Leftovers","|turn|13","|","|move|p1a: Arcanine|Extreme Speed|p2a: Hydreigon","|-damage|p2a: Hydreigon|217/325","|move|p2a: Hydreigon|Draco Meteor|p1a: Arcanine","|-damage|p1a: Arcanine|0 fnt","|-unboost|p2a: Hydreigon|spa|2","|faint|p1a: Arcanine","|","|","|switch|p1a: Infernape|Infernape, M|179/293","|turn|14","|","|move|p1a: Infernape|Mach Punch|p2a: Hydreigon","|-supereffective|p2a: Hydreigon","|-damage|p2a: Hydreigon|91/325","|move|p2a: Hydreigon|Draco Meteor|p1a: Infernape","|-damage|p1a: Infernape|25/293","|-unboost|p2a: Hydreigon|spa|2","|","|turn|15","|","|move|p2a: Hydreigon|Draco Meteor|p1a: Infernape","|-damage|p1a: Infernape|0 fnt","|-unboost|p2a: Hydreigon|spa|2","|faint|p1a: Infernape","|","|","|switch|p1a: Combusken|Combusken, M|323/323","|turn|16","|","|switch|p2a: Latias|Latias, F|364/364","|-damage|p2a: Latias|319/364|[from] Stealth Rock","|move|p1a: Combusken|Protect|p1a: Combusken","|-fail|p1a: Combusken","|","|-heal|p2a: Latias|341/364|[from] item: Leftovers","|-boost|p1a: Combusken|spe|1|[from] ability: Speed Boost","|turn|17","|","|move|p1a: Combusken|Protect|p1a: Combusken","|-singleturn|p1a: Combusken|Protect","|move|p2a: Latias|Defog|p1a: Combusken","|-activate|p1a: Combusken|Protect","|","|-heal|p2a: Latias|363/364|[from] item: Leftovers","|-boost|p1a: Combusken|spe|1|[from] ability: Speed Boost","|turn|18","|","|move|p1a: Combusken|Substitute|p1a: Combusken","|-start|p1a: Combusken|Substitute","|-damage|p1a: Combusken|243/323","|move|p2a: Latias|Psyshock|p1a: Combusken","|-supereffective|p1a: Combusken","|-end|p1a: Combusken|Substitute","|","|-heal|p2a: Latias|364/364|[from] item: Leftovers","|-boost|p1a: Combusken|spe|1|[from] ability: Speed Boost","|turn|19","|","|move|p1a: Combusken|Substitute|p1a: Combusken","|-start|p1a: Combusken|Substitute","|-damage|p1a: Combusken|163/323","|move|p2a: Latias|Psyshock|p1a: Combusken","|-supereffective|p1a: Combusken","|-end|p1a: Combusken|Substitute","|","|-boost|p1a: Combusken|spe|1|[from] ability: Speed Boost","|turn|20","|","|move|p1a: Combusken|Protect|p1a: Combusken","|-singleturn|p1a: Combusken|Protect","|move|p2a: Latias|Psyshock|p1a: Combusken","|-activate|p1a: Combusken|Protect","|","|-boost|p1a: Combusken|spe|1|[from] ability: Speed Boost","|turn|21","|","|move|p1a: Combusken|Substitute|p1a: Combusken","|-start|p1a: Combusken|Substitute","|-damage|p1a: Combusken|83/323","|move|p2a: Latias|Psyshock|p1a: Combusken","|-supereffective|p1a: Combusken","|-end|p1a: Combusken|Substitute","|","|-boost|p1a: Combusken|spe|1|[from] ability: Speed Boost","|turn|22","|","|move|p1a: Combusken|Baton Pass|p1a: Combusken","|","|switch|p1a: Charizard|Charizard-Mega-X, F|211/297","|move|p2a: Latias|Psyshock|p1a: Charizard","|-damage|p1a: Charizard|78/297","|","|turn|23","|","|move|p1a: Charizard|Outrage|p2a: Latias","|-supereffective|p2a: Latias","|-damage|p2a: Latias|0 fnt","|faint|p2a: Latias","|","|","|switch|p2a: Dragonite|Dragonite, M|323/323","|-damage|p2a: Dragonite|243/323|[from] Stealth Rock","|turn|24","|","|move|p2a: Dragonite|Extreme Speed|p1a: Charizard","|-damage|p1a: Charizard|0 fnt","|faint|p1a: Charizard","|","|","|switch|p1a: Combusken|Combusken, M|83/323","|turn|25","|","|move|p2a: Dragonite|Extreme Speed|p1a: Combusken","|-damage|p1a: Combusken|0 fnt","|faint|p1a: Combusken","|","|","|switch|p1a: Rotom-Heat|Rotom-Heat|303/303","|turn|26","|","|move|p2a: Dragonite|Dragon Dance|p2a: Dragonite","|-boost|p2a: Dragonite|atk|1","|-boost|p2a: Dragonite|spe|1","|move|p1a: Rotom-Heat|Reflect|p1a: Rotom-Heat","|-sidestart|p1: Crystal Blade64|Reflect","|","|turn|27","|","|move|p2a: Dragonite|Dragon Dance|p2a: Dragonite","|-boost|p2a: Dragonite|atk|1","|-boost|p2a: Dragonite|spe|1","|move|p1a: Rotom-Heat|Pain Split|p2a: Dragonite","|-sethp|p2a: Dragonite|273/323|p1a: Rotom-Heat|273/303|[from] move: Pain Split","|","|turn|28","|","|move|p2a: Dragonite|Dragon Dance|p2a: Dragonite","|-boost|p2a: Dragonite|atk|1","|-boost|p2a: Dragonite|spe|1","|move|p1a: Rotom-Heat|Volt Switch|p2a: Dragonite","|-damage|p2a: Dragonite|186/323","|","|switch|p1a: Darmanitan|Darmanitan, M|181/352","|","|turn|29","|","|move|p2a: Dragonite|Extreme Speed|p1a: Darmanitan","|-damage|p1a: Darmanitan|0 fnt","|faint|p1a: Darmanitan","|","|","|switch|p1a: Rotom-Heat|Rotom-Heat|273/303","|turn|30","|","|move|p2a: Dragonite|Dragon Claw|p1a: Rotom-Heat","|-damage|p1a: Rotom-Heat|94/303","|move|p1a: Rotom-Heat|Volt Switch|p2a: Dragonite","|-damage|p2a: Dragonite|104/323","|","|turn|31","|","|move|p2a: Dragonite|Dragon Claw|p1a: Rotom-Heat","|-damage|p1a: Rotom-Heat|0 fnt","|faint|p1a: Rotom-Heat","|","|win|Jake1079"],"p1rating":{"entryid":"6391332","serverid":"eos","formatid":"monotype","userid":"crystalblade64","username":"Crystal Blade64","w":"33","l":27,"t":"0","gxe":55.1,"r":"1555.9568872703","rd":"50.563373317684","sigma":"0","rptime":"1439542800","rpr":1539.209424323,"rprd":46.73154528664,"rpsigma":"0","acre":1172.5720681566,"lacre":1172.5720681566,"oldacre":"1205.1967395818"},"p2rating":{"entryid":"7429437","serverid":"eos","formatid":"monotype","userid":"jake1079","username":"Jake1079","w":44,"l":"56","t":"0","gxe":45.9,"r":"1459.3464243066","rd":"41.121959493769","sigma":"0","rptime":"1439542800","rpr":1468.7630650162,"rprd":38.042333974705,"rpsigma":"0","acre":1129.2078000258,"lacre":1129.2078000258,"oldacre":"1095.7514914223"},"endType":"normal"}