{"seed":[29404,45495,14173,63178],"turns":33,"p1":"Carnie Marx","p2":"Rain ☆ sidious","p1team":[{"name":"Abomasnow","species":"Abomasnow","item":"focussash","ability":"Snow Warning","moves":["blizzard","gigadrain","iceshard","shadowball"],"nature":"Mild","evs":{"hp":248,"atk":8,"def":0,"spa":252,"spd":0,"spe":0},"ivs":{"hp":31,"atk":31,"def":31,"spa":31,"spd":31,"spe":31}},{"name":"Froslass","species":"Froslass","item":"focussash","ability":"Cursed Body","moves":["destinybond","icebeam","taunt","shadowball"],"nature":"Timid","evs":{"hp":0,"atk":0,"def":0,"spa":252,"spd":4,"spe":252},"ivs":{"hp":31,"atk":31,"def":31,"spa":31,"spd":31,"spe":31}},{"name":"Ice Age","species":"mamoswine","item":"choicescarf","ability":"Thick Fat","moves":["superpower","earthquake","iciclecrash","stoneedge"],"nature":"Jolly","evs":{"hp":0,"atk":252,"def":0,"spa":0,"spd":4,"spe":252},"gender":"M","shiny":true,"ivs":{"hp":31,"atk":31,"def":31,"spa":31,"spd":31,"spe":31}},{"name":"The Titanic","species":"avalugg","item":"rockyhelmet","ability":"Sturdy","moves":["rapidspin","toxic","recover","avalanche"],"nature":"Bold","evs":{"hp":248,"atk":0,"def":252,"spa":0,"spd":8,"spe":0},"gender":"M","shiny":true,"ivs":{"hp":31,"atk":31,"def":31,"spa":31,"spd":31,"spe":31}},{"name":"Kyurem","species":"Kyurem","item":"choicespecs","ability":"Pressure","moves":["dragonpulse","icebeam","shadowball","earthpower"],"nature":"Modest","evs":{"hp":248,"atk":0,"def":0,"spa":252,"spd":8,"spe":0},"ivs":{"hp":31,"atk":31,"def":31,"spa":31,"spd":31,"spe":31}},{"name":"King Kold","species":"rotomfrost","item":"leftovers","ability":"Levitate","moves":["discharge","willowisp","painsplit","charge"],"nature":"Calm","evs":{"hp":248,"atk":0,"def":0,"spa":252,"spd":8,"spe":0},"shiny":true,"ivs":{"hp":31,"atk":31,"def":31,"spa":31,"spd":31,"spe":31}}],"p2team":[{"name":"Gardevoir","species":"Gardevoir","item":"gardevoirite","ability":"Synchronize","moves":["hypervoice","wish","willowisp","protect"],"nature":"Bold","evs":{"hp":108,"atk":0,"def":244,"spa":144,"spd":0,"spe":12},"ivs":{"hp":31,"atk":31,"def":31,"spa":31,"spd":31,"spe":31}},{"name":"Latias","species":"Latias","item":"leftovers","ability":"Levitate","moves":["tailwind","dragonpulse","psyshock","defog"],"nature":"Calm","evs":{"hp":252,"atk":0,"def":0,"spa":0,"spd":252,"spe":4},"ivs":{"hp":31,"atk":31,"def":31,"spa":31,"spd":31,"spe":31}},{"name":"Victini","species":"Victini","item":"choicescarf","ability":"Victory Star","moves":["boltstrike","flareblitz","uturn","zenheadbutt"],"nature":"Jolly","evs":{"hp":0,"atk":252,"def":0,"spa":0,"spd":4,"spe":252},"ivs":{"hp":31,"atk":31,"def":31,"spa":31,"spd":31,"spe":31}},{"name":"Jirachi","species":"Jirachi","item":"leftovers","ability":"Serene Grace","moves":["ironhead","thunderwave","stealthrock","firepunch"],"nature":"Impish","evs":{"hp":252,"atk":4,"def":252,"spa":0,"spd":0,"spe":0},"ivs":{"hp":31,"atk":31,"def":31,"spa":31,"spd":31,"spe":31}},{"name":"Reuniclus","species":"Reuniclus","item":"leftovers","ability":"Magic Guard","moves":["calmmind","psyshock","recover","shadowball"],"nature":"Bold","evs":{"hp":96,"atk":0,"def":160,"spa":252,"spd":0,"spe":0},"ivs":{"hp":31,"atk":31,"def":31,"spa":31,"spd":31,"spe":31}},{"name":"Alakazam","species":"Alakazam","item":"lifeorb","ability":"Magic Guard","moves":["dazzlinggleam","psychic","shadowball","hiddenpowerfire"],"nature":"Timid","evs":{"hp":0,"atk":0,"def":0,"spa":252,"spd":4,"spe":252},"ivs":{"hp":31,"atk":30,"def":31,"spa":30,"spd":31,"spe":30}}],"log":["|player|p1|Carnie Marx|238","|player|p2|Rain ☆ sidious|291","|gametype|singles","|gen|6","|tier|Monotype","|rated","|rule|Baton Pass Clause: Limit one Baton Passer, can't pass Spe and other stats simultaneously","|rule|Swagger Clause: Swagger is banned","|rule|Same Type Clause: Pokémon in a team must share a type","|clearpoke","|poke|p1|Abomasnow, F","|poke|p1|Froslass, F","|poke|p1|Mamoswine, M, shiny","|poke|p1|Avalugg, M, shiny","|poke|p1|Kyurem","|poke|p1|Rotom-Frost, shiny","|poke|p2|Gardevoir, F","|poke|p2|Latias, F","|poke|p2|Victini","|poke|p2|Jirachi","|poke|p2|Reuniclus, F","|poke|p2|Alakazam, M","|rule|Sleep Clause Mod: Limit one foe put to sleep","|rule|Species Clause: Limit one of each Pokémon","|rule|OHKO Clause: OHKO moves are banned","|rule|Moody Clause: Moody is banned","|rule|Evasion Moves Clause: Evasion moves are banned","|rule|Endless Battle Clause: Forcing endless battles is banned","|rule|HP Percentage Mod: HP is shown in percentages","|teampreview","|","|start","|switch|p1a: Kyurem|Kyurem|453/453","|switch|p2a: Gardevoir|Gardevoir, F|304/304","|-ability|p1a: Kyurem|Pressure","|turn|1","|","|detailschange|p2a: Gardevoir|Gardevoir-Mega, F","|-mega|p2a: Gardevoir|Gardevoir|Gardevoirite","|move|p1a: Kyurem|Ice Beam|p2a: Gardevoir","|-damage|p2a: Gardevoir|117/304","|move|p2a: Gardevoir|Hyper Voice|p1a: Kyurem","|-supereffective|p1a: Kyurem","|-damage|p1a: Kyurem|0 fnt","|faint|p1a: Kyurem","|","|","|switch|p1a: Ice Age|Mamoswine, M, shiny|361/361","|turn|2","|","|move|p1a: Ice Age|Icicle Crash|p2a: Gardevoir","|-crit|p2a: Gardevoir","|-damage|p2a: Gardevoir|0 fnt","|faint|p2a: Gardevoir","|","|","|switch|p2a: Jirachi|Jirachi|404/404","|turn|3","|","|switch|p1a: The Titanic|Avalugg, M, shiny|393/393","|move|p2a: Jirachi|Iron Head|p1a: The Titanic","|-supereffective|p1a: The Titanic","|-damage|p1a: The Titanic|301/393","|-damage|p2a: Jirachi|337/404|[from] item: Rocky Helmet|[of] p1a: The Titanic","|","|-heal|p2a: Jirachi|362/404|[from] item: Leftovers","|turn|4","|","|move|p2a: Jirachi|Thunder Wave|p1a: The Titanic","|-status|p1a: The Titanic|par","|move|p1a: The Titanic|Recover|p1a: The Titanic","|-heal|p1a: The Titanic|393/393 par","|","|-heal|p2a: Jirachi|387/404|[from] item: Leftovers","|turn|5","|","|switch|p1a: Froslass|Froslass, F|281/281","|move|p2a: Jirachi|Stealth Rock|p1a: Froslass","|-sidestart|p1: Carnie Marx|move: Stealth Rock","|","|-heal|p2a: Jirachi|404/404|[from] item: Leftovers","|turn|6","|","|move|p1a: Froslass|Shadow Ball|p2a: Jirachi","|-supereffective|p2a: Jirachi","|-damage|p2a: Jirachi|188/404","|-unboost|p2a: Jirachi|spd|1","|move|p2a: Jirachi|Thunder Wave|p1a: Froslass","|-status|p1a: Froslass|par","|","|-heal|p2a: Jirachi|213/404|[from] item: Leftovers","|turn|7","|","|move|p2a: Jirachi|Iron Head|p1a: Froslass","|-supereffective|p1a: Froslass","|-damage|p1a: Froslass|45/281 par","|-start|p2a: Jirachi|Disable|Iron Head","|cant|p1a: Froslass|flinch","|","|-heal|p2a: Jirachi|238/404|[from] item: Leftovers","|turn|8","|","|move|p2a: Jirachi|Fire Punch|p1a: Froslass","|-supereffective|p1a: Froslass","|-damage|p1a: Froslass|0 fnt","|faint|p1a: Froslass","|","|-heal|p2a: Jirachi|263/404|[from] item: Leftovers","|","|switch|p1a: Ice Age|Mamoswine, M, shiny|361/361","|-damage|p1a: Ice Age|316/361|[from] Stealth Rock","|turn|9","|","|switch|p2a: Latias|Latias, F|364/364","|move|p1a: Ice Age|Earthquake|p2a: Latias","|-immune|p2a: Latias|[msg]","|","|turn|10","|","|switch|p1a: King Kold|Rotom-Frost, shiny|303/303","|-damage|p1a: King Kold|228/303|[from] Stealth Rock","|move|p2a: Latias|Psyshock|p1a: King Kold","|-damage|p1a: King Kold|123/303","|","|-heal|p1a: King Kold|141/303|[from] item: Leftovers","|turn|11","|","|switch|p2a: Reuniclus|Reuniclus, F|385/385","|move|p1a: King Kold|Pain Split|p2a: Reuniclus","|-sethp|p2a: Reuniclus|263/385|p1a: King Kold|263/303|[from] move: Pain Split","|","|-heal|p1a: King Kold|281/303|[from] item: Leftovers","|-heal|p2a: Reuniclus|287/385|[from] item: Leftovers","|turn|12","|","|move|p1a: King Kold|Will-O-Wisp|p2a: Reuniclus","|-status|p2a: Reuniclus|brn","|move|p2a: Reuniclus|Calm Mind|p2a: Reuniclus","|-boost|p2a: Reuniclus|spa|1","|-boost|p2a: Reuniclus|spd|1","|","|-heal|p1a: King Kold|299/303|[from] item: Leftovers","|-heal|p2a: Reuniclus|311/385 brn|[from] item: Leftovers","|turn|13","|","|move|p1a: King Kold|Charge|p1a: King Kold","|-boost|p1a: King Kold|spd|1","|-activate|p1a: King Kold|move: Charge","|move|p2a: Reuniclus|Calm Mind|p2a: Reuniclus","|-boost|p2a: Reuniclus|spa|1","|-boost|p2a: Reuniclus|spd|1","|","|-heal|p1a: King Kold|303/303|[from] item: Leftovers","|-heal|p2a: Reuniclus|335/385 brn|[from] item: Leftovers","|turn|14","|","|move|p1a: King Kold|Discharge|p2a: Reuniclus","|-damage|p2a: Reuniclus|190/385 brn","|move|p2a: Reuniclus|Psyshock|p1a: King Kold","|-damage|p1a: King Kold|35/303","|","|-heal|p1a: King Kold|53/303|[from] item: Leftovers","|-heal|p2a: Reuniclus|214/385 brn|[from] item: Leftovers","|turn|15","|","|move|p1a: King Kold|Pain Split|p2a: Reuniclus","|-sethp|p2a: Reuniclus|133/385 brn|p1a: King Kold|133/303|[from] move: Pain Split","|move|p2a: Reuniclus|Psyshock|p1a: King Kold","|-damage|p1a: King Kold|0 fnt","|faint|p1a: King Kold","|","|-heal|p2a: Reuniclus|157/385 brn|[from] item: Leftovers","|","|switch|p1a: Ice Age|Mamoswine, M, shiny|316/361","|-damage|p1a: Ice Age|271/361|[from] Stealth Rock","|turn|16","|","|move|p1a: Ice Age|Icicle Crash|p2a: Reuniclus","|-damage|p2a: Reuniclus|22/385 brn","|move|p2a: Reuniclus|Recover|p2a: Reuniclus","|-heal|p2a: Reuniclus|215/385 brn","|","|-heal|p2a: Reuniclus|239/385 brn|[from] item: Leftovers","|turn|17","|","|move|p1a: Ice Age|Icicle Crash|p2a: Reuniclus","|-damage|p2a: Reuniclus|88/385 brn","|cant|p2a: Reuniclus|flinch","|","|-heal|p2a: Reuniclus|112/385 brn|[from] item: Leftovers","|turn|18","|","|switch|p2a: Jirachi|Jirachi|263/404","|move|p1a: Ice Age|Icicle Crash|p2a: Jirachi","|-resisted|p2a: Jirachi","|-damage|p2a: Jirachi|209/404","|","|-heal|p2a: Jirachi|234/404|[from] item: Leftovers","|turn|19","|","|switch|p1a: The Titanic|Avalugg, M, shiny|393/393 par","|-damage|p1a: The Titanic|295/393 par|[from] Stealth Rock","|move|p2a: Jirachi|Iron Head|p1a: The Titanic","|-supereffective|p1a: The Titanic","|-damage|p1a: The Titanic|205/393 par","|-damage|p2a: Jirachi|167/404|[from] item: Rocky Helmet|[of] p1a: The Titanic","|","|-heal|p2a: Jirachi|192/404|[from] item: Leftovers","|turn|20","|","|switch|p2a: Reuniclus|Reuniclus, F|112/385 brn","|cant|p1a: The Titanic|par","|","|-heal|p2a: Reuniclus|136/385 brn|[from] item: Leftovers","|turn|21","|","|move|p2a: Reuniclus|Recover|p2a: Reuniclus","|-heal|p2a: Reuniclus|329/385 brn","|cant|p1a: The Titanic|par","|","|-heal|p2a: Reuniclus|353/385 brn|[from] item: Leftovers","|turn|22","|","|move|p2a: Reuniclus|Calm Mind|p2a: Reuniclus","|-boost|p2a: Reuniclus|spa|1","|-boost|p2a: Reuniclus|spd|1","|move|p1a: The Titanic|Recover|p1a: The Titanic","|-heal|p1a: The Titanic|393/393 par","|","|-heal|p2a: Reuniclus|377/385 brn|[from] item: Leftovers","|turn|23","|","|move|p2a: Reuniclus|Calm Mind|p2a: Reuniclus","|-boost|p2a: Reuniclus|spa|1","|-boost|p2a: Reuniclus|spd|1","|cant|p1a: The Titanic|par","|","|-heal|p2a: Reuniclus|385/385 brn|[from] item: Leftovers","|turn|24","|","|move|p2a: Reuniclus|Calm Mind|p2a: Reuniclus","|-boost|p2a: Reuniclus|spa|1","|-boost|p2a: Reuniclus|spd|1","|move|p1a: The Titanic|Rapid Spin|p2a: Reuniclus","|-damage|p2a: Reuniclus|369/385 brn","|-sideend|p1: Carnie Marx|Stealth Rock|[from] move: Rapid Spin|[of] p1a: The Titanic","|","|-heal|p2a: Reuniclus|385/385 brn|[from] item: Leftovers","|turn|25","|","|move|p2a: Reuniclus|Calm Mind|p2a: Reuniclus","|-boost|p2a: Reuniclus|spa|1","|-boost|p2a: Reuniclus|spd|1","|move|p1a: The Titanic|Avalanche|p2a: Reuniclus","|-damage|p2a: Reuniclus|309/385 brn","|","|-heal|p2a: Reuniclus|333/385 brn|[from] item: Leftovers","|turn|26","|","|switch|p1a: Abomasnow|Abomasnow, F|383/383","|-weather|Hail","|move|p2a: Reuniclus|Shadow Ball|p1a: Abomasnow","|-damage|p1a: Abomasnow|78/383","|","|-weather|Hail|[upkeep]","|-heal|p2a: Reuniclus|357/385 brn|[from] item: Leftovers","|turn|27","|","|move|p1a: Abomasnow|Ice Shard|p2a: Reuniclus","|-damage|p2a: Reuniclus|311/385 brn","|move|p2a: Reuniclus|Psyshock|p1a: Abomasnow","|-damage|p1a: Abomasnow|0 fnt","|faint|p1a: Abomasnow","|","|-weather|Hail|[upkeep]","|-heal|p2a: Reuniclus|335/385 brn|[from] item: Leftovers","|","|switch|p1a: Ice Age|Mamoswine, M, shiny|271/361","|turn|28","|","|move|p1a: Ice Age|Icicle Crash|p2a: Reuniclus","|-damage|p2a: Reuniclus|199/385 brn","|cant|p2a: Reuniclus|flinch","|","|-weather|Hail|[upkeep]","|-heal|p2a: Reuniclus|223/385 brn|[from] item: Leftovers","|turn|29","|","|move|p1a: Ice Age|Icicle Crash|p2a: Reuniclus","|-damage|p2a: Reuniclus|87/385 brn","|move|p2a: Reuniclus|Psyshock|p1a: Ice Age","|-damage|p1a: Ice Age|0 fnt","|faint|p1a: Ice Age","|","|-weather|Hail|[upkeep]","|-heal|p2a: Reuniclus|111/385 brn|[from] item: Leftovers","|","|switch|p1a: The Titanic|Avalugg, M, shiny|393/393 par","|turn|30","|","|move|p2a: Reuniclus|Recover|p2a: Reuniclus","|-heal|p2a: Reuniclus|304/385 brn","|move|p1a: The Titanic|Avalanche|p2a: Reuniclus","|-damage|p2a: Reuniclus|238/385 brn","|","|-weather|none","|-heal|p2a: Reuniclus|262/385 brn|[from] item: Leftovers","|turn|31","|","|move|p2a: Reuniclus|Recover|p2a: Reuniclus","|-heal|p2a: Reuniclus|385/385 brn","|move|p1a: The Titanic|Avalanche|p2a: Reuniclus","|-damage|p2a: Reuniclus|315/385 brn","|","|-heal|p2a: Reuniclus|339/385 brn|[from] item: Leftovers","|turn|32","|","|move|p2a: Reuniclus|Psyshock|p1a: The Titanic","|-damage|p1a: The Titanic|189/393 par","|move|p1a: The Titanic|Avalanche|p2a: Reuniclus","|-damage|p2a: Reuniclus|200/385 brn","|","|-heal|p2a: Reuniclus|224/385 brn|[from] item: Leftovers","|turn|33","|","|move|p2a: Reuniclus|Shadow Ball|p1a: The Titanic","|-damage|p1a: The Titanic|0 fnt","|faint|p1a: The Titanic","|","|win|Rain ☆ sidious"],"p1rating":{"entryid":"5821777","serverid":"eos","formatid":"monotype","userid":"carniemarx","username":"Carnie Marx","w":"76","l":105,"t":"0","gxe":41.2,"r":"1431.9417676655","rd":"32.227740419568","sigma":"0","rptime":"1439542800","rpr":1432.5617227486,"rprd":31.981294152807,"rpsigma":"0","acre":1128.2366257205,"lacre":1128.2366257205,"oldacre":"1156.6788191181"},"p2rating":{"entryid":"6395890","serverid":"eos","formatid":"monotype","userid":"rainsidious","username":"Rain ☆ sidious","w":56,"l":"70","t":"0","gxe":46.1,"r":1466.1627236215,"rd":39.759650480436,"sigma":"0","rptime":1439542800,"rpr":1470.195237026,"rprd":39.506889786195,"rpsigma":"0","acre":1136.9776070529,"lacre":1136.9776070529,"oldacre":"1108.5354136553"},"endType":"normal"}