{"seed":[52192,39607,39215,16114],"turns":28,"p1":"Guard Wulf","p2":"Void Who","p1team":[{"name":"Skarmory","species":"Skarmory","item":"leftovers","ability":"Sturdy","moves":["bravebird","whirlwind","roost","stealthrock"],"nature":"Impish","evs":{"hp":252,"atk":0,"def":232,"spa":0,"spd":0,"spe":24},"ivs":{"hp":31,"atk":31,"def":31,"spa":31,"spd":31,"spe":31}},{"name":"Heatran","species":"Heatran","item":"airballoon","ability":"Flash Fire","moves":["willowisp","lavaplume","earthpower","ancientpower"],"nature":"Calm","evs":{"hp":248,"atk":0,"def":0,"spa":8,"spd":252,"spe":0},"ivs":{"hp":31,"atk":31,"def":31,"spa":31,"spd":31,"spe":31}},{"name":"Ferrothorn","species":"Ferrothorn","item":"leftovers","ability":"Iron Barbs","moves":["leechseed","protect","spikes","seedbomb"],"nature":"Impish","evs":{"hp":208,"atk":0,"def":200,"spa":0,"spd":100,"spe":0},"ivs":{"hp":31,"atk":31,"def":31,"spa":31,"spd":31,"spe":31}},{"name":"Bisharp","species":"Bisharp","item":"lifeorb","ability":"Defiant","moves":["swordsdance","suckerpunch","knockoff","ironhead"],"nature":"Jolly","evs":{"hp":0,"atk":252,"def":0,"spa":0,"spd":4,"spe":252},"ivs":{"hp":31,"atk":31,"def":31,"spa":31,"spd":31,"spe":31}},{"name":"Scizor","species":"Scizor","item":"scizorite","ability":"Technician","moves":["swordsdance","bulletpunch","bugbite","superpower"],"nature":"Adamant","evs":{"hp":248,"atk":252,"def":0,"spa":0,"spd":8,"spe":0},"ivs":{"hp":31,"atk":31,"def":31,"spa":31,"spd":31,"spe":31}},{"name":"Magnezone","species":"Magnezone","item":"choicescarf","ability":"Magnet Pull","moves":["flashcannon","thunderbolt","hiddenpowergrass","voltswitch"],"nature":"Timid","evs":{"hp":0,"atk":0,"def":0,"spa":252,"spd":4,"spe":252},"ivs":{"hp":31,"atk":30,"def":31,"spa":30,"spd":31,"spe":31}}],"p2team":[{"name":"Coke Sniffer","species":"landorus","item":"lifeorb","ability":"Sheer Force","moves":["sludgewave","earthpower","gravity","psychic"],"nature":"Timid","evs":{"hp":0,"atk":0,"def":0,"spa":252,"spd":4,"spe":252},"ivs":{"hp":31,"atk":31,"def":31,"spa":31,"spd":31,"spe":31}},{"name":"Bertha","species":"hippowdon","item":"leftovers","ability":"Sand Stream","moves":["toxic","stealthrock","earthquake","slackoff"],"nature":"Impish","evs":{"hp":252,"atk":4,"def":252,"spa":0,"spd":0,"spe":0},"gender":"F","ivs":{"hp":31,"atk":31,"def":31,"spa":31,"spd":31,"spe":31}},{"name":"R.I.P Smooth Stone","species":"excadrill","item":"choiceband","ability":"Sand Rush","moves":["earthquake","rockslide","rapidspin","ironhead"],"nature":"","evs":{"hp":0,"atk":0,"def":0,"spa":0,"spd":0,"spe":0},"ivs":{"hp":31,"atk":31,"def":31,"spa":31,"spd":31,"spe":31}},{"name":"Staph","species":"garchomp","item":"rockyhelmet","ability":"Rough Skin","moves":["stealthrock","dragontail","flamethrower","earthquake"],"nature":"Sassy","evs":{"hp":252,"atk":0,"def":252,"spa":4,"spd":0,"spe":0},"ivs":{"hp":31,"atk":31,"def":31,"spa":31,"spd":31,"spe":31}},{"name":"The Swine!","species":"mamoswine","item":"focussash","ability":"Thick Fat","moves":["earthquake","iceshard","endeavor","superpower"],"nature":"","evs":{"hp":0,"atk":0,"def":0,"spa":0,"spd":0,"spe":0},"ivs":{"hp":31,"atk":31,"def":31,"spa":31,"spd":31,"spe":31}},{"name":"Meek Mill","species":"seismitoad","item":"leftovers","ability":"Water Absorb","moves":["earthpower","scald","grassknot","protect"],"nature":"Bold","evs":{"hp":252,"atk":0,"def":252,"spa":4,"spd":0,"spe":0},"ivs":{"hp":31,"atk":31,"def":31,"spa":31,"spd":31,"spe":31}}],"log":["|player|p1|Guard Wulf|163","|player|p2|Void Who|voidwho.gif","|gametype|singles","|gen|6","|tier|Monotype","|rated","|rule|Baton Pass Clause: Limit one Baton Passer, can't pass Spe and other stats simultaneously","|rule|Swagger Clause: Swagger is banned","|rule|Same Type Clause: Pokémon in a team must share a type","|clearpoke","|poke|p1|Skarmory, M","|poke|p1|Heatran, F","|poke|p1|Ferrothorn, M","|poke|p1|Bisharp, F","|poke|p1|Scizor, M","|poke|p1|Magnezone","|poke|p2|Landorus, M","|poke|p2|Hippowdon, F","|poke|p2|Excadrill, M","|poke|p2|Garchomp, F","|poke|p2|Mamoswine, F","|poke|p2|Seismitoad, M","|rule|Sleep Clause Mod: Limit one foe put to sleep","|rule|Species Clause: Limit one of each Pokémon","|rule|OHKO Clause: OHKO moves are banned","|rule|Moody Clause: Moody is banned","|rule|Evasion Moves Clause: Evasion moves are banned","|rule|Endless Battle Clause: Forcing endless battles is banned","|rule|HP Percentage Mod: HP is shown in percentages","|teampreview","|","|start","|switch|p1a: Ferrothorn|Ferrothorn, M|341/341","|switch|p2a: Bertha|Hippowdon, F|420/420","|-weather|Sandstorm","|turn|1","|","|move|p2a: Bertha|Stealth Rock|p1a: Ferrothorn","|-sidestart|p1: Guard Wulf|move: Stealth Rock","|move|p1a: Ferrothorn|Spikes|p2a: Bertha","|-sidestart|p2: Void Who|Spikes","|","|-weather|Sandstorm|[upkeep]","|turn|2","|","|switch|p2a: Staph|Garchomp, F|420/420","|-damage|p2a: Staph|368/420|[from] Spikes","|move|p1a: Ferrothorn|Spikes|p2a: Staph","|-sidestart|p2: Void Who|Spikes","|","|-weather|Sandstorm|[upkeep]","|turn|3","|","|switch|p1a: Heatran|Heatran, F|385/385","|-damage|p1a: Heatran|337/385|[from] Stealth Rock","|-item|p1a: Heatran|Air Balloon","|move|p2a: Staph|Dragon Tail|p1a: Heatran|[miss]","|-miss|p2a: Staph|p1a: Heatran","|","|-weather|Sandstorm|[upkeep]","|turn|4","|","|move|p1a: Heatran|Will-O-Wisp|p2a: Staph","|-status|p2a: Staph|brn","|move|p2a: Staph|Dragon Tail|p1a: Heatran|[miss]","|-miss|p2a: Staph|p1a: Heatran","|","|-weather|Sandstorm|[upkeep]","|-damage|p2a: Staph|316/420 brn|[from] brn","|turn|5","|","|switch|p1a: Ferrothorn|Ferrothorn, M|341/341","|-damage|p1a: Ferrothorn|320/341|[from] Stealth Rock","|move|p2a: Staph|Dragon Tail|p1a: Ferrothorn","|-resisted|p1a: Ferrothorn","|-damage|p1a: Ferrothorn|307/341","|-damage|p2a: Staph|264/420 brn|[from] ability: Iron Barbs|[of] p1a: Ferrothorn","|drag|p1a: Skarmory|Skarmory, M|334/334","|-damage|p1a: Skarmory|293/334|[from] Stealth Rock","|","|-weather|none","|-heal|p1a: Skarmory|313/334|[from] item: Leftovers","|-damage|p2a: Staph|212/420 brn|[from] brn","|turn|6","|","|move|p2a: Staph|Flamethrower|p1a: Skarmory","|-supereffective|p1a: Skarmory","|-damage|p1a: Skarmory|167/334","|move|p1a: Skarmory|Stealth Rock|p2a: Staph","|-sidestart|p2: Void Who|move: Stealth Rock","|","|-heal|p1a: Skarmory|187/334|[from] item: Leftovers","|-damage|p2a: Staph|160/420 brn|[from] brn","|turn|7","|","|move|p1a: Skarmory|Roost|p1a: Skarmory","|-heal|p1a: Skarmory|334/334","|move|p2a: Staph|Dragon Tail|p1a: Skarmory","|-resisted|p1a: Skarmory","|-damage|p1a: Skarmory|322/334","|drag|p1a: Scizor|Scizor, M|343/343","|-damage|p1a: Scizor|301/343|[from] Stealth Rock","|","|-damage|p2a: Staph|108/420 brn|[from] brn","|turn|8","|","|switch|p1a: Magnezone|Magnezone|281/281","|-damage|p1a: Magnezone|264/281|[from] Stealth Rock","|move|p2a: Staph|Flamethrower|p1a: Magnezone","|-supereffective|p1a: Magnezone","|-damage|p1a: Magnezone|130/281","|","|-damage|p2a: Staph|56/420 brn|[from] brn","|turn|9","|","|move|p1a: Magnezone|Flash Cannon|p2a: Staph","|-damage|p2a: Staph|0 fnt","|faint|p2a: Staph","|","|","|switch|p2a: R.I.P Smooth Stone|Excadrill, M|361/361","|-damage|p2a: R.I.P Smooth Stone|301/361|[from] Spikes","|-damage|p2a: R.I.P Smooth Stone|290/361|[from] Stealth Rock","|turn|10","|","|move|p1a: Magnezone|Flash Cannon|p2a: R.I.P Smooth Stone","|-resisted|p2a: R.I.P Smooth Stone","|-damage|p2a: R.I.P Smooth Stone|181/361","|move|p2a: R.I.P Smooth Stone|Rapid Spin|p1a: Magnezone","|-resisted|p1a: Magnezone","|-damage|p1a: Magnezone|116/281","|-sideend|p2: Void Who|Spikes|[from] move: Rapid Spin|[of] p2a: R.I.P Smooth Stone","|-sideend|p2: Void Who|Stealth Rock|[from] move: Rapid Spin|[of] p2a: R.I.P Smooth Stone","|","|turn|11","|","|move|p1a: Magnezone|Flash Cannon|p2a: R.I.P Smooth Stone","|-resisted|p2a: R.I.P Smooth Stone","|-damage|p2a: R.I.P Smooth Stone|80/361","|-unboost|p2a: R.I.P Smooth Stone|spd|1","|move|p2a: R.I.P Smooth Stone|Rapid Spin|p1a: Magnezone","|-resisted|p1a: Magnezone","|-damage|p1a: Magnezone|102/281","|","|turn|12","|","|move|p1a: Magnezone|Flash Cannon|p2a: R.I.P Smooth Stone","|-resisted|p2a: R.I.P Smooth Stone","|-damage|p2a: R.I.P Smooth Stone|0 fnt","|faint|p2a: R.I.P Smooth Stone","|","|","|switch|p2a: Coke Sniffer|Landorus, M|319/319","|turn|13","|","|move|p1a: Magnezone|Flash Cannon|p2a: Coke Sniffer","|-damage|p2a: Coke Sniffer|159/319","|move|p2a: Coke Sniffer|Gravity|p2a: Coke Sniffer","|-fieldstart|move: Gravity","|","|turn|14","|","|switch|p2a: Bertha|Hippowdon, F|420/420","|-weather|Sandstorm","|move|p1a: Magnezone|Flash Cannon|p2a: Bertha","|-damage|p2a: Bertha|225/420","|","|-weather|Sandstorm|[upkeep]","|-heal|p2a: Bertha|251/420|[from] item: Leftovers","|turn|15","|","|move|p1a: Magnezone|Flash Cannon|p2a: Bertha","|-crit|p2a: Bertha","|-damage|p2a: Bertha|0 fnt","|faint|p2a: Bertha","|","|-weather|Sandstorm|[upkeep]","|","|switch|p2a: Meek Mill|Seismitoad, M|414/414","|turn|16","|","|switch|p1a: Ferrothorn|Ferrothorn, M|307/341","|-damage|p1a: Ferrothorn|286/341|[from] Stealth Rock","|move|p2a: Meek Mill|Earth Power|p1a: Ferrothorn","|-crit|p1a: Ferrothorn","|-damage|p1a: Ferrothorn|177/341","|","|-weather|Sandstorm|[upkeep]","|-heal|p1a: Ferrothorn|198/341|[from] item: Leftovers","|turn|17","|","|switch|p2a: Coke Sniffer|Landorus, M|159/319","|move|p1a: Ferrothorn|Spikes|p2a: Coke Sniffer","|-sidestart|p2: Void Who|Spikes","|","|-weather|Sandstorm|[upkeep]","|-heal|p1a: Ferrothorn|219/341|[from] item: Leftovers","|-fieldend|move: Gravity","|turn|18","|","|move|p2a: Coke Sniffer|Earth Power|p1a: Ferrothorn","|-damage|p1a: Ferrothorn|15/341","|move|p1a: Ferrothorn|Leech Seed|p2a: Coke Sniffer","|-start|p2a: Coke Sniffer|move: Leech Seed","|","|-weather|none","|-heal|p1a: Ferrothorn|36/341|[from] item: Leftovers","|-damage|p2a: Coke Sniffer|120/319|[from] Leech Seed|[of] p1a: Ferrothorn","|-heal|p1a: Ferrothorn|75/341|[silent]","|turn|19","|","|switch|p2a: The Swine!|Mamoswine, F|361/361","|-damage|p2a: The Swine!|316/361|[from] Spikes","|move|p1a: Ferrothorn|Protect|p1a: Ferrothorn","|-fail|p1a: Ferrothorn","|","|-heal|p1a: Ferrothorn|96/341|[from] item: Leftovers","|turn|20","|","|move|p1a: Ferrothorn|Protect|p1a: Ferrothorn","|-singleturn|p1a: Ferrothorn|Protect","|move|p2a: The Swine!|Earthquake|p1a: Ferrothorn","|-activate|p1a: Ferrothorn|Protect","|","|-heal|p1a: Ferrothorn|117/341|[from] item: Leftovers","|turn|21","|","|move|p2a: The Swine!|Earthquake|p1a: Ferrothorn","|-damage|p1a: Ferrothorn|30/341","|move|p1a: Ferrothorn|Seed Bomb|p2a: The Swine!","|-supereffective|p2a: The Swine!","|-damage|p2a: The Swine!|88/361","|","|-heal|p1a: Ferrothorn|51/341|[from] item: Leftovers","|turn|22","|","|move|p1a: Ferrothorn|Protect|p1a: Ferrothorn","|-singleturn|p1a: Ferrothorn|Protect","|move|p2a: The Swine!|Earthquake|p1a: Ferrothorn","|-activate|p1a: Ferrothorn|Protect","|","|-heal|p1a: Ferrothorn|72/341|[from] item: Leftovers","|turn|23","|","|move|p2a: The Swine!|Earthquake|p1a: Ferrothorn","|-damage|p1a: Ferrothorn|0 fnt","|faint|p1a: Ferrothorn","|","|","|switch|p1a: Scizor|Scizor, M|301/343","|-damage|p1a: Scizor|259/343|[from] Stealth Rock","|turn|24","|","|detailschange|p1a: Scizor|Scizor-Mega, M","|-mega|p1a: Scizor|Scizor|Scizorite","|move|p2a: The Swine!|Endeavor|p1a: Scizor","|-damage|p1a: Scizor|88/343","|move|p1a: Scizor|Swords Dance|p1a: Scizor","|-boost|p1a: Scizor|atk|2","|","|turn|25","|","|move|p2a: The Swine!|Ice Shard|p1a: Scizor","|-resisted|p1a: Scizor","|-damage|p1a: Scizor|64/343","|move|p1a: Scizor|Bullet Punch|p2a: The Swine!","|-supereffective|p2a: The Swine!","|-damage|p2a: The Swine!|0 fnt","|faint|p2a: The Swine!","|","|","|switch|p2a: Meek Mill|Seismitoad, M|414/414","|-damage|p2a: Meek Mill|363/414|[from] Spikes","|turn|26","|","|move|p1a: Scizor|Bullet Punch|p2a: Meek Mill","|-resisted|p2a: Meek Mill","|-damage|p2a: Meek Mill|244/414","|move|p2a: Meek Mill|Scald|p1a: Scizor","|-crit|p1a: Scizor","|-damage|p1a: Scizor|0 fnt","|faint|p1a: Scizor","|","|-heal|p2a: Meek Mill|269/414|[from] item: Leftovers","|","|switch|p1a: Magnezone|Magnezone|102/281","|-damage|p1a: Magnezone|85/281|[from] Stealth Rock","|turn|27","|","|move|p1a: Magnezone|Hidden Power|p2a: Meek Mill","|-supereffective|p2a: Meek Mill","|-damage|p2a: Meek Mill|0 fnt","|faint|p2a: Meek Mill","|","|","|switch|p2a: Coke Sniffer|Landorus, M|120/319","|turn|28","|","|move|p1a: Magnezone|Hidden Power|p2a: Coke Sniffer","|-crit|p2a: Coke Sniffer","|-damage|p2a: Coke Sniffer|0 fnt","|faint|p2a: Coke Sniffer","|","|win|Guard Wulf"],"p1rating":{"entryid":"7326062","serverid":"eos","formatid":"monotype","userid":"guardwulf","username":"Guard Wulf","w":53,"l":"26","t":"0","gxe":64.2,"r":"1612.6543994126","rd":"41.801224475511","sigma":"0","rptime":"1439542800","rpr":1610.6389695915,"rprd":41.271425465526,"rpsigma":"0","acre":1272.747018034,"lacre":1272.747018034,"oldacre":"1255.3542413959"},"p2rating":{"entryid":"6866008","serverid":"eos","formatid":"monotype","userid":"voidwho","username":"Void Who","w":"40","l":25,"t":"0","gxe":58.9,"r":"1574.735436221","rd":"50.021410314965","sigma":"0","rptime":"1439542800","rpr":1568.4913588554,"rprd":49.525343275848,"rpsigma":"0","acre":1128.7835052603,"lacre":1128.7835052603,"oldacre":"1146.1762818984"},"endType":"normal"}