{"seed":[13516,45086,7190,61297],"turns":26,"p1":"Shining Yin","p2":"Void Chrono","p1team":[{"name":"Aegislash","species":"Aegislash","item":"weaknesspolicy","ability":"Stance Change","moves":["kingsshield","swordsdance","shadowsneak","ironhead"],"nature":"Adamant","evs":{"hp":248,"atk":252,"def":0,"spa":0,"spd":8,"spe":0},"ivs":{"hp":31,"atk":31,"def":31,"spa":31,"spd":31,"spe":31}},{"name":"Sableye","species":"Sableye","item":"sablenite","ability":"Prankster","moves":["willowisp","recover","calmmind","snarl"],"nature":"Calm","evs":{"hp":252,"atk":0,"def":160,"spa":0,"spd":96,"spe":0},"ivs":{"hp":31,"atk":0,"def":31,"spa":31,"spd":31,"spe":31}},{"name":"Golurk","species":"Golurk","item":"focussash","ability":"No Guard","moves":["stealthrock","stoneedge","dynamicpunch","earthquake"],"nature":"Adamant","evs":{"hp":0,"atk":252,"def":0,"spa":0,"spd":4,"spe":252},"ivs":{"hp":31,"atk":31,"def":31,"spa":31,"spd":31,"spe":31}},{"name":"Jellicent","species":"Jellicent","item":"leftovers","ability":"Water Absorb","moves":["acidarmor","toxic","recover","scald"],"nature":"Calm","evs":{"hp":252,"atk":0,"def":4,"spa":0,"spd":252,"spe":0},"gender":"M","ivs":{"hp":31,"atk":0,"def":31,"spa":31,"spd":31,"spe":31}},{"name":"Chandelure","species":"Chandelure","item":"choicescarf","ability":"Flash Fire","moves":["flamethrower","shadowball","energyball","trick"],"nature":"Timid","evs":{"hp":0,"atk":0,"def":4,"spa":252,"spd":0,"spe":252},"ivs":{"hp":31,"atk":30,"def":30,"spa":31,"spd":31,"spe":31}},{"name":"Gengar","species":"Gengar","item":"focussash","ability":"Levitate","moves":["destinybond","shadowball","icywind","sludgewave"],"nature":"Timid","evs":{"hp":0,"atk":0,"def":0,"spa":252,"spd":4,"spe":252},"ivs":{"hp":31,"atk":0,"def":31,"spa":31,"spd":31,"spe":31}}],"p2team":[{"name":"Skarmory","species":"Skarmory","item":"leftovers","ability":"Sturdy","moves":["skydrop","toxic","roost","taunt"],"nature":"Impish","evs":{"hp":252,"atk":0,"def":252,"spa":0,"spd":0,"spe":4},"ivs":{"hp":31,"atk":31,"def":31,"spa":31,"spd":31,"spe":31}},{"name":"Charizard","species":"Charizard","item":"charizarditex","ability":"Blaze","moves":["willowisp","roost","skydrop","firepunch"],"nature":"Careful","evs":{"hp":248,"atk":8,"def":64,"spa":0,"spd":188,"spe":0},"ivs":{"hp":31,"atk":31,"def":31,"spa":31,"spd":31,"spe":31}},{"name":"Dragonite","species":"Dragonite","item":"leftovers","ability":"Multiscale","moves":["roost","dragondance","outrage","extremespeed"],"nature":"Jolly","evs":{"hp":128,"atk":128,"def":0,"spa":0,"spd":0,"spe":252},"ivs":{"hp":31,"atk":31,"def":31,"spa":31,"spd":31,"spe":31}},{"name":"Rotom-Fan","species":"Rotom-Fan","item":"leftovers","ability":"Levitate","moves":["foulplay","willowisp","voltswitch","painsplit"],"nature":"Calm","evs":{"hp":248,"atk":0,"def":8,"spa":0,"spd":252,"spe":0},"ivs":{"hp":31,"atk":31,"def":31,"spa":31,"spd":31,"spe":31}},{"name":"Togekiss","species":"Togekiss","item":"leftovers","ability":"Serene Grace","moves":["healbell","airslash","roost","defog"],"nature":"Calm","evs":{"hp":248,"atk":0,"def":8,"spa":0,"spd":252,"spe":0},"ivs":{"hp":31,"atk":31,"def":31,"spa":31,"spd":31,"spe":31}},{"name":"Gliscor","species":"Gliscor","item":"toxicorb","ability":"Poison Heal","moves":["toxic","protect","taunt","earthquake"],"nature":"Impish","evs":{"hp":248,"atk":0,"def":188,"spa":0,"spd":0,"spe":72},"ivs":{"hp":31,"atk":31,"def":31,"spa":31,"spd":31,"spe":31}}],"log":["|player|p1|Shining Yin|206","|player|p2|Void Chrono|voidchrono.png","|gametype|singles","|gen|6","|tier|Monotype","|rated","|rule|Baton Pass Clause: Limit one Baton Passer, can't pass Spe and other stats simultaneously","|rule|Swagger Clause: Swagger is banned","|rule|Same Type Clause: Pokémon in a team must share a type","|clearpoke","|poke|p1|Aegislash, M","|poke|p1|Sableye, M","|poke|p1|Golurk","|poke|p1|Jellicent, M","|poke|p1|Chandelure, F","|poke|p1|Gengar, M","|poke|p2|Skarmory, M","|poke|p2|Charizard, F","|poke|p2|Dragonite, M","|poke|p2|Rotom-Fan","|poke|p2|Togekiss, F","|poke|p2|Gliscor, F","|rule|Sleep Clause Mod: Limit one foe put to sleep","|rule|Species Clause: Limit one of each Pokémon","|rule|OHKO Clause: OHKO moves are banned","|rule|Moody Clause: Moody is banned","|rule|Evasion Moves Clause: Evasion moves are banned","|rule|Endless Battle Clause: Forcing endless battles is banned","|rule|HP Percentage Mod: HP is shown in percentages","|teampreview","|","|start","|switch|p1a: Golurk|Golurk|319/319","|switch|p2a: Charizard|Charizard, F|359/359","|turn|1","|","|detailschange|p2a: Charizard|Charizard-Mega-X, F","|-mega|p2a: Charizard|Charizard|Charizardite X","|move|p2a: Charizard|Will-O-Wisp|p1a: Golurk","|-status|p1a: Golurk|brn","|move|p1a: Golurk|Stone Edge|p2a: Charizard","|-supereffective|p2a: Charizard","|-damage|p2a: Charizard|247/359","|","|-damage|p1a: Golurk|280/319 brn|[from] brn","|turn|2","|","|switch|p2a: Togekiss|Togekiss, F|373/373","|move|p1a: Golurk|Dynamic Punch|p2a: Togekiss","|-resisted|p2a: Togekiss","|-damage|p2a: Togekiss|356/373","|-start|p2a: Togekiss|confusion","|","|-heal|p2a: Togekiss|373/373|[from] item: Leftovers","|-damage|p1a: Golurk|241/319 brn|[from] brn","|turn|3","|","|switch|p2a: Gliscor|Gliscor, F|353/353","|move|p1a: Golurk|Stealth Rock|p2a: Gliscor","|-sidestart|p2: Void Chrono|move: Stealth Rock","|","|-damage|p1a: Golurk|202/319 brn|[from] brn","|-status|p2a: Gliscor|tox|[from] item: Toxic Orb","|turn|4","|","|switch|p1a: Gengar|Gengar, M|261/261","|move|p2a: Gliscor|Protect|p2a: Gliscor","|-fail|p2a: Gliscor","|","|turn|5","|","|switch|p2a: Togekiss|Togekiss, F|373/373","|-damage|p2a: Togekiss|280/373|[from] Stealth Rock","|move|p1a: Gengar|Shadow Ball|p2a: Togekiss","|-damage|p2a: Togekiss|183/373","|-unboost|p2a: Togekiss|spd|1","|","|-heal|p2a: Togekiss|206/373|[from] item: Leftovers","|turn|6","|","|move|p1a: Gengar|Sludge Wave|p2a: Togekiss","|-supereffective|p2a: Togekiss","|-damage|p2a: Togekiss|0 fnt","|faint|p2a: Togekiss","|","|","|switch|p2a: Rotom-Fan|Rotom-Fan|303/303","|-damage|p2a: Rotom-Fan|228/303|[from] Stealth Rock","|turn|7","|","|switch|p1a: Golurk|Golurk|202/319 brn","|move|p2a: Rotom-Fan|Foul Play|p1a: Golurk","|-supereffective|p1a: Golurk","|-damage|p1a: Golurk|0 fnt","|faint|p1a: Golurk","|","|-heal|p2a: Rotom-Fan|246/303|[from] item: Leftovers","|","|switch|p1a: Sableye|Sableye, M|304/304","|turn|8","|","|switch|p1a: Chandelure|Chandelure, F|261/261","|move|p2a: Rotom-Fan|Volt Switch|p1a: Chandelure","|-damage|p1a: Chandelure|171/261","|","|switch|p2a: Dragonite|Dragonite, M|355/355","|-damage|p2a: Dragonite|267/355|[from] Stealth Rock","|","|-heal|p2a: Dragonite|289/355|[from] item: Leftovers","|turn|9","|","|switch|p1a: Jellicent|Jellicent, M|404/404","|move|p2a: Dragonite|Dragon Dance|p2a: Dragonite","|-boost|p2a: Dragonite|atk|1","|-boost|p2a: Dragonite|spe|1","|","|-heal|p2a: Dragonite|311/355|[from] item: Leftovers","|turn|10","|","|move|p2a: Dragonite|Outrage|p1a: Jellicent","|-damage|p1a: Jellicent|0 fnt","|faint|p1a: Jellicent","|","|-heal|p2a: Dragonite|333/355|[from] item: Leftovers","|","|switch|p1a: Aegislash|Aegislash, M|323/323","|turn|11","|","|move|p2a: Dragonite|Outrage|p1a: Aegislash|[from]lockedmove","|-resisted|p1a: Aegislash","|-damage|p1a: Aegislash|209/323","|-start|p2a: Dragonite|confusion|[fatigue]","|-formechange|p1a: Aegislash|Aegislash-Blade","|move|p1a: Aegislash|Iron Head|p2a: Dragonite","|-damage|p2a: Dragonite|152/355","|","|-heal|p2a: Dragonite|174/355|[from] item: Leftovers","|turn|12","|","|switch|p2a: Skarmory|Skarmory, M|334/334","|-damage|p2a: Skarmory|293/334|[from] Stealth Rock","|switch|p1a: Chandelure|Chandelure, F|171/261","|","|-heal|p2a: Skarmory|313/334|[from] item: Leftovers","|turn|13","|","|switch|p2a: Rotom-Fan|Rotom-Fan|246/303","|-damage|p2a: Rotom-Fan|171/303|[from] Stealth Rock","|move|p1a: Chandelure|Flamethrower|p2a: Rotom-Fan","|-damage|p2a: Rotom-Fan|62/303","|","|-heal|p2a: Rotom-Fan|80/303|[from] item: Leftovers","|turn|14","|","|move|p1a: Chandelure|Flamethrower|p2a: Rotom-Fan","|-damage|p2a: Rotom-Fan|0 fnt","|faint|p2a: Rotom-Fan","|","|","|switch|p2a: Dragonite|Dragonite, M|174/355","|-damage|p2a: Dragonite|86/355|[from] Stealth Rock","|turn|15","|","|switch|p1a: Aegislash|Aegislash, M|209/323","|move|p2a: Dragonite|Roost|p2a: Dragonite","|-heal|p2a: Dragonite|264/355","|","|-heal|p2a: Dragonite|286/355|[from] item: Leftovers","|turn|16","|","|switch|p2a: Skarmory|Skarmory, M|313/334","|-damage|p2a: Skarmory|272/334|[from] Stealth Rock","|switch|p1a: Gengar|Gengar, M|261/261","|","|-heal|p2a: Skarmory|292/334|[from] item: Leftovers","|turn|17","|","|move|p1a: Gengar|Shadow Ball|p2a: Skarmory","|-damage|p2a: Skarmory|103/334","|move|p2a: Skarmory|Sky Drop|p1a: Gengar|[still]","|-prepare|p2a: Skarmory|Sky Drop|p1a: Gengar","|","|-heal|p2a: Skarmory|123/334|[from] item: Leftovers","|turn|18","|","|move|p2a: Skarmory|Sky Drop|p1a: Gengar|[from]lockedmove","|-damage|p1a: Gengar|177/261","|-end|p1a: Gengar|Sky Drop","|","|-heal|p2a: Skarmory|143/334|[from] item: Leftovers","|turn|19","|","|move|p1a: Gengar|Shadow Ball|p2a: Skarmory","|-damage|p2a: Skarmory|0 fnt","|faint|p2a: Skarmory","|","|","|switch|p2a: Dragonite|Dragonite, M|286/355","|-damage|p2a: Dragonite|198/355|[from] Stealth Rock","|turn|20","|","|move|p1a: Gengar|Icy Wind|p2a: Dragonite","|-supereffective|p2a: Dragonite","|-damage|p2a: Dragonite|0 fnt","|faint|p2a: Dragonite","|","|","|switch|p2a: Charizard|Charizard-Mega-X, F|247/359","|-damage|p2a: Charizard|158/359|[from] Stealth Rock","|turn|21","|","|move|p1a: Gengar|Sludge Wave|p2a: Charizard","|-damage|p2a: Charizard|8/359","|move|p2a: Charizard|Roost|p2a: Charizard","|-heal|p2a: Charizard|188/359","|","|turn|22","|","|switch|p1a: Chandelure|Chandelure, F|171/261","|move|p2a: Charizard|Fire Punch|p1a: Chandelure","|-start|p1a: Chandelure|ability: Flash Fire","|","|turn|23","|","|move|p1a: Chandelure|Shadow Ball|p2a: Charizard","|-damage|p2a: Charizard|58/359","|-unboost|p2a: Charizard|spd|1","|move|p2a: Charizard|Roost|p2a: Charizard","|-heal|p2a: Charizard|238/359","|","|turn|24","|","|move|p1a: Chandelure|Shadow Ball|p2a: Charizard","|-damage|p2a: Charizard|57/359","|move|p2a: Charizard|Sky Drop|p1a: Chandelure|[still]","|-prepare|p2a: Charizard|Sky Drop|p1a: Chandelure","|","|turn|25","|","|move|p2a: Charizard|Sky Drop|p1a: Chandelure|[from]lockedmove","|-damage|p1a: Chandelure|80/261","|-end|p1a: Chandelure|Sky Drop","|","|turn|26","|","|move|p1a: Chandelure|Shadow Ball|p2a: Charizard","|-damage|p2a: Charizard|0 fnt","|faint|p2a: Charizard","|","|","|win|Shining Yin"],"p1rating":{"entryid":"7208708","serverid":"eos","formatid":"monotype","userid":"shiningyin","username":"Shining Yin","w":54,"l":"20","t":"0","gxe":71.6,"r":"1666.3760884825","rd":"43.629422801919","sigma":"0","rptime":"1439542800","rpr":1674.9956886374,"rprd":42.993375109373,"rpsigma":"0","acre":1392.5935134082,"lacre":1392.5935134082,"oldacre":"1379.6243800201"},"p2rating":{"entryid":"5810362","serverid":"eos","formatid":"monotype","userid":"voidchrono","username":"Void Chrono ת_תת_ת","w":"136","l":75,"t":"0","gxe":64,"r":"1611.2226912623","rd":"32.671005913625","sigma":"0","rptime":"1439542800","rpr":1608.6756936714,"rprd":32.533595359086,"rpsigma":"0","acre":1235.8333583148,"lacre":1235.8333583148,"oldacre":"1252.0447750499"},"endType":"forfeit"}