{"seed":[52665,23037,32057,23216],"turns":18,"p1":"Listen91","p2":"Rain <☆》《☆> Aurem","p1team":[{"name":"Illumise","moves":["uturn","thunderwave","tailwind","thunderbolt"],"ability":"Prankster","evs":{"hp":81,"atk":85,"def":85,"spa":89,"spd":85,"spe":85},"ivs":{"hp":31,"atk":31,"def":31,"spa":31,"spd":31,"spe":31},"item":"Focus Sash","level":83,"shiny":false},{"name":"Watchog","moves":["return","substitute","hypnosis","superfang"],"ability":"Analytic","evs":{"hp":85,"atk":85,"def":85,"spa":85,"spd":85,"spe":85},"ivs":{"hp":31,"atk":31,"def":31,"spa":31,"spd":31,"spe":31},"item":"Leftovers","level":83,"shiny":false},{"name":"Wigglytuff","moves":["protect","wish","stealthrock","dazzlinggleam"],"ability":"Competitive","evs":{"hp":85,"atk":85,"def":85,"spa":85,"spd":85,"spe":85},"ivs":{"hp":31,"atk":31,"def":31,"spa":31,"spd":31,"spe":31},"item":"Leftovers","level":83,"shiny":false},{"name":"Lucario","moves":["darkpulse","closecombat","bulletpunch","flashcannon"],"ability":"Justified","evs":{"hp":85,"atk":85,"def":85,"spa":85,"spd":85,"spe":85},"ivs":{"hp":31,"atk":31,"def":31,"spa":31,"spd":31,"spe":31},"item":"Lucarionite","level":74,"shiny":false},{"name":"Spiritomb","moves":["suckerpunch","painsplit","pursuit","shadowsneak"],"ability":"Infiltrator","evs":{"hp":85,"atk":85,"def":85,"spa":85,"spd":85,"spe":85},"ivs":{"hp":31,"atk":31,"def":31,"spa":31,"spd":31,"spe":31},"item":"Life Orb","level":79,"shiny":false},{"name":"Entei","moves":["flareblitz","stoneedge","extremespeed","bulldoze"],"ability":"Flash Fire","evs":{"hp":81,"atk":89,"def":85,"spa":85,"spd":85,"spe":85},"ivs":{"hp":31,"atk":31,"def":31,"spa":31,"spd":31,"spe":31},"item":"Choice Band","level":77,"shiny":false}],"p2team":[{"name":"Wormadam-Trash","moves":["toxic","stealthrock","protect","gyroball"],"ability":"Overcoat","evs":{"hp":85,"atk":170,"def":85,"spa":85,"spd":85,"spe":0},"ivs":{"hp":31,"atk":31,"def":31,"spa":31,"spd":31,"spe":0},"item":"Leftovers","level":83,"shiny":false},{"name":"Meloetta","moves":["return","relicsong","knockoff","closecombat"],"ability":"Serene Grace","evs":{"hp":85,"atk":85,"def":85,"spa":85,"spd":85,"spe":85},"ivs":{"hp":31,"atk":31,"def":31,"spa":31,"spd":31,"spe":31},"item":"Life Orb","level":79,"shiny":false},{"name":"Lanturn","moves":["thunderwave","thunderbolt","hydropump","healbell"],"ability":"Volt Absorb","evs":{"hp":85,"atk":85,"def":85,"spa":85,"spd":85,"spe":85},"ivs":{"hp":31,"atk":31,"def":31,"spa":31,"spd":31,"spe":31},"item":"Air Balloon","level":81,"shiny":false},{"name":"Manectric","moves":["hiddenpowergrass","overheat","voltswitch","thunderbolt"],"ability":"Lightning Rod","evs":{"hp":85,"atk":85,"def":85,"spa":85,"spd":85,"spe":85},"ivs":{"hp":31,"atk":30,"def":31,"spa":30,"spd":31,"spe":31},"item":"Manectite","level":75,"shiny":false},{"name":"Deoxys","moves":["extremespeed","taunt","superpower","psychoboost"],"ability":"Pressure","evs":{"hp":85,"atk":85,"def":85,"spa":85,"spd":85,"spe":85},"ivs":{"hp":31,"atk":31,"def":31,"spa":31,"spd":31,"spe":31},"item":"Life Orb","level":73,"shiny":false},{"name":"Beautifly","moves":["psychic","aircutter","gigadrain","quiverdance"],"ability":"Swarm","evs":{"hp":85,"atk":85,"def":85,"spa":85,"spd":85,"spe":85},"ivs":{"hp":31,"atk":31,"def":31,"spa":31,"spd":31,"spe":31},"item":"Life Orb","level":83,"shiny":false}],"log":["|player|p1|Listen91|168","|player|p2|Rain <☆》《☆> Aurem|54","|gametype|singles","|gen|6","|tier|Random Battle","|rated","|rule|Sleep Clause Mod: Limit one foe put to sleep","|rule|HP Percentage Mod: HP is shown in percentages","|","|start","|switch|p1a: Illumise|Illumise, L83, F|243/243","|switch|p2a: Wormadam-Trash|Wormadam-Trash, L83, F|235/235","|turn|1","|","|move|p1a: Illumise|U-turn|p2a: Wormadam-Trash","|-resisted|p2a: Wormadam-Trash","|-damage|p2a: Wormadam-Trash|215/235","|","|switch|p1a: Watchog|Watchog, L83, M|235/235","|move|p2a: Wormadam-Trash|Stealth Rock|p1a: Watchog","|-sidestart|p1: Listen91|move: Stealth Rock","|","|-heal|p2a: Wormadam-Trash|229/235|[from] item: Leftovers","|turn|2","|","|move|p1a: Watchog|Substitute|p1a: Watchog","|-start|p1a: Watchog|Substitute","|-damage|p1a: Watchog|177/235","|move|p2a: Wormadam-Trash|Gyro Ball|p1a: Watchog","|-end|p1a: Watchog|Substitute","|","|-heal|p1a: Watchog|191/235|[from] item: Leftovers","|-heal|p2a: Wormadam-Trash|235/235|[from] item: Leftovers","|turn|3","|","|move|p1a: Watchog|Hypnosis|p2a: Wormadam-Trash","|-status|p2a: Wormadam-Trash|slp","|cant|p2a: Wormadam-Trash|slp","|","|-heal|p1a: Watchog|205/235|[from] item: Leftovers","|turn|4","|","|switch|p2a: Manectric|Manectric, L75, F|229/229","|move|p1a: Watchog|Super Fang|p2a: Manectric","|-damage|p2a: Manectric|115/229","|","|-heal|p1a: Watchog|219/235|[from] item: Leftovers","|turn|5","|","|move|p2a: Manectric|Volt Switch|p1a: Watchog","|-damage|p1a: Watchog|147/235","|","|switch|p2a: Deoxys|Deoxys, L73|193/193","|-ability|p2a: Deoxys|Pressure","|move|p1a: Watchog|Return|p2a: Deoxys","|-damage|p2a: Deoxys|0 fnt","|faint|p2a: Deoxys","|","|-heal|p1a: Watchog|161/235|[from] item: Leftovers","|","|switch|p2a: Meloetta|Meloetta, L79|288/288","|turn|6","|","|move|p2a: Meloetta|Relic Song|p1a: Watchog","|-damage|p1a: Watchog|12/235","|-damage|p2a: Meloetta|260/288|[from] item: Life Orb","|-formechange|p2a: Meloetta|Meloetta-Pirouette|[msg]","|move|p1a: Watchog|Super Fang|p2a: Meloetta","|-damage|p2a: Meloetta|130/288","|","|-heal|p1a: Watchog|26/235|[from] item: Leftovers","|turn|7","|","|move|p2a: Meloetta|Return|p1a: Watchog","|-damage|p1a: Watchog|0 fnt","|-damage|p2a: Meloetta|102/288|[from] item: Life Orb","|faint|p1a: Watchog","|","|","|switch|p1a: Lucario|Lucario, L74, F|226/226","|-damage|p1a: Lucario|219/226|[from] Stealth Rock","|turn|8","|","|detailschange|p1a: Lucario|Lucario-Mega, L74, F","|-mega|p1a: Lucario|Lucario|Lucarionite","|move|p1a: Lucario|Bullet Punch|p2a: Meloetta","|-damage|p2a: Meloetta|36/288","|move|p2a: Meloetta|Close Combat|p1a: Lucario","|-supereffective|p1a: Lucario","|-damage|p1a: Lucario|0 fnt","|-unboost|p2a: Meloetta|def|1","|-unboost|p2a: Meloetta|spd|1","|-damage|p2a: Meloetta|8/288|[from] item: Life Orb","|faint|p1a: Lucario","|","|","|switch|p1a: Wigglytuff|Wigglytuff, L83, F|368/368","|-damage|p1a: Wigglytuff|322/368|[from] Stealth Rock","|turn|9","|","|move|p2a: Meloetta|Close Combat|p1a: Wigglytuff","|-damage|p1a: Wigglytuff|56/368","|-unboost|p2a: Meloetta|def|1","|-unboost|p2a: Meloetta|spd|1","|-damage|p2a: Meloetta|0 fnt|[from] item: Life Orb","|faint|p2a: Meloetta","|move|p1a: Wigglytuff|Stealth Rock|p2: Meloetta","|-sidestart|p2: Rain <☆》《☆> Aurem|move: Stealth Rock","|","|-heal|p1a: Wigglytuff|79/368|[from] item: Leftovers","|","|switch|p2a: Manectric|Manectric, L75, F|115/229","|-damage|p2a: Manectric|87/229|[from] Stealth Rock","|turn|10","|","|detailschange|p2a: Manectric|Manectric-Mega, L75, F","|-mega|p2a: Manectric|Manectric|Manectite","|-ability|p2a: Manectric|Intimidate","|-unboost|p1a: Wigglytuff|atk|1","|-boost|p1a: Wigglytuff|spa|2|[from] ability: Competitive","|move|p1a: Wigglytuff|Protect|p1a: Wigglytuff","|-singleturn|p1a: Wigglytuff|Protect","|move|p2a: Manectric|Thunderbolt|p1a: Wigglytuff","|-activate|p1a: Wigglytuff|Protect","|","|-heal|p1a: Wigglytuff|102/368|[from] item: Leftovers","|turn|11","|","|move|p2a: Manectric|Thunderbolt|p1a: Wigglytuff","|-damage|p1a: Wigglytuff|0 fnt","|faint|p1a: Wigglytuff","|","|","|switch|p1a: Illumise|Illumise, L83, F|243/243","|-damage|p1a: Illumise|183/243|[from] Stealth Rock","|turn|12","|","|move|p1a: Illumise|Tailwind|p1a: Illumise","|-sidestart|p1: Listen91|move: Tailwind","|move|p2a: Manectric|Overheat|p1a: Illumise","|-supereffective|p1a: Illumise","|-damage|p1a: Illumise|0 fnt","|-unboost|p2a: Manectric|spa|2","|faint|p1a: Illumise","|","|","|switch|p1a: Entei|Entei, L77|303/303","|-damage|p1a: Entei|228/303|[from] Stealth Rock","|turn|13","|","|switch|p2a: Lanturn|Lanturn, L81, M|335/335","|-damage|p2a: Lanturn|294/335|[from] Stealth Rock","|-item|p2a: Lanturn|Air Balloon","|move|p1a: Entei|Flare Blitz|p2a: Lanturn","|-crit|p2a: Lanturn","|-resisted|p2a: Lanturn","|-damage|p2a: Lanturn|96/335","|-enditem|p2a: Lanturn|Air Balloon","|-damage|p1a: Entei|163/303|[from] recoil|[of] p2a: Lanturn","|","|turn|14","|","|switch|p2a: Wormadam-Trash|Wormadam-Trash, L83, F|235/235 slp","|-damage|p2a: Wormadam-Trash|206/235 slp|[from] Stealth Rock","|move|p1a: Entei|Flare Blitz|p2a: Wormadam-Trash","|-supereffective|p2a: Wormadam-Trash","|-damage|p2a: Wormadam-Trash|0 fnt","|-damage|p1a: Entei|95/303|[from] recoil|[of] p2a: Wormadam-Trash","|faint|p2a: Wormadam-Trash","|","|","|switch|p2a: Manectric|Manectric-Mega, L75, F|87/229","|-damage|p2a: Manectric|59/229|[from] Stealth Rock","|-ability|p2a: Manectric|Intimidate","|-unboost|p1a: Entei|atk|1","|turn|15","|","|switch|p2a: Beautifly|Beautifly, L83, F|235/235","|-damage|p2a: Beautifly|118/235|[from] Stealth Rock","|move|p1a: Entei|Flare Blitz|p2a: Beautifly","|-supereffective|p2a: Beautifly","|-damage|p2a: Beautifly|0 fnt","|-damage|p1a: Entei|56/303|[from] recoil|[of] p2a: Beautifly","|faint|p2a: Beautifly","|","|-sideend|p1: Listen91|move: Tailwind","|","|switch|p2a: Manectric|Manectric-Mega, L75, F|59/229","|-damage|p2a: Manectric|31/229|[from] Stealth Rock","|-ability|p2a: Manectric|Intimidate","|-unboost|p1a: Entei|atk|1","|turn|16","|","|move|p2a: Manectric|Thunderbolt|p1a: Entei","|-damage|p1a: Entei|0 fnt","|faint|p1a: Entei","|","|","|switch|p1a: Spiritomb|Spiritomb, L79, F|209/209","|-damage|p1a: Spiritomb|183/209|[from] Stealth Rock","|turn|17","|","|move|p1a: Spiritomb|Shadow Sneak|p2a: Manectric","|-damage|p2a: Manectric|0 fnt","|-damage|p1a: Spiritomb|163/209|[from] item: Life Orb","|faint|p2a: Manectric","|","|","|switch|p2a: Lanturn|Lanturn, L81, M|96/335","|-damage|p2a: Lanturn|55/335|[from] Stealth Rock","|turn|18","|","|move|p1a: Spiritomb|Shadow Sneak|p2a: Lanturn","|-damage|p2a: Lanturn|0 fnt","|-damage|p1a: Spiritomb|143/209|[from] item: Life Orb","|faint|p2a: Lanturn","|","|win|Listen91"],"p1rating":{"entryid":"7340412","serverid":"eos","formatid":"randombattle","userid":"listen91","username":"Listen91","w":2,"l":"0","t":"0","gxe":61.5,"r":"1500","rd":"130","sigma":"0","rptime":"1438506000","rpr":1593.3025424114,"rprd":117.28348828691,"rpsigma":"0","acre":1094.1287550193,"lacre":1094.1287550193,"oldacre":"1044.584930701"},"p2rating":{"entryid":"6444477","serverid":"eos","formatid":"randombattle","userid":"rainaurem","username":"Rain ☆ Aurem","w":"44","l":16,"t":"0","gxe":70,"r":"1670.4180191119","rd":"49.600119767071","sigma":"0","rptime":"1438506000","rpr":1661.2235185695,"rprd":49.24985693637,"rpsigma":"0","acre":1192.3971375488,"lacre":1192.3971375488,"oldacre":"1229.5785114116"},"endType":"normal"}