{"seed":[25907,36704,3991,61745],"turns":17,"p1":"Wаrden Arguѕ","p2":"Liquid Stranger","p1team":[{"name":"Stantler","moves":["jumpkick","doubleedge","earthquake","suckerpunch"],"ability":"Sap Sipper","evs":{"hp":85,"atk":85,"def":85,"spa":85,"spd":85,"spe":85},"ivs":{"hp":31,"atk":31,"def":31,"spa":31,"spd":31,"spe":31},"item":"Life Orb","level":83,"shiny":false},{"name":"Darkrai","moves":["darkvoid","focusblast","darkpulse","nastyplot"],"ability":"Bad Dreams","evs":{"hp":85,"atk":85,"def":85,"spa":85,"spd":85,"spe":85},"ivs":{"hp":31,"atk":31,"def":31,"spa":31,"spd":31,"spe":31},"item":"Leftovers","level":73,"shiny":false},{"name":"Mismagius","moves":["shadowball","dazzlinggleam","taunt","nastyplot"],"ability":"Levitate","evs":{"hp":85,"atk":85,"def":85,"spa":85,"spd":85,"spe":85},"ivs":{"hp":31,"atk":31,"def":31,"spa":31,"spd":31,"spe":31},"item":"Leftovers","level":81,"shiny":false},{"name":"Aurorus","moves":["thunderwave","thunderbolt","ancientpower","hypervoice"],"ability":"Refrigerate","evs":{"hp":81,"atk":85,"def":85,"spa":89,"spd":85,"spe":85},"ivs":{"hp":31,"atk":31,"def":31,"spa":31,"spd":31,"spe":31},"item":"Leftovers","level":83,"shiny":false},{"name":"Manectric","moves":["hiddenpowerice","overheat","thunderbolt","voltswitch"],"ability":"Lightning Rod","evs":{"hp":85,"atk":85,"def":85,"spa":85,"spd":85,"spe":85},"ivs":{"hp":31,"atk":30,"def":30,"spa":31,"spd":31,"spe":31},"item":"Manectite","level":75,"shiny":false},{"name":"Aggron","moves":["aquatail","headsmash","earthquake","lowkick"],"ability":"Rock Head","evs":{"hp":85,"atk":85,"def":85,"spa":85,"spd":85,"spe":85},"ivs":{"hp":31,"atk":31,"def":31,"spa":31,"spd":31,"spe":31},"item":"Choice Band","level":79,"shiny":false}],"p2team":[{"name":"Shedinja","moves":["willowisp","shadowclaw","swordsdance","xscissor"],"ability":"Wonder Guard","evs":{"hp":0,"atk":255,"def":0,"spa":85,"spd":0,"spe":85},"ivs":{"hp":31,"atk":31,"def":31,"spa":31,"spd":31,"spe":31},"item":"Focus Sash","level":83,"shiny":false},{"name":"Samurott","moves":["waterfall","swordsdance","megahorn","superpower"],"ability":"Torrent","evs":{"hp":85,"atk":85,"def":85,"spa":85,"spd":85,"spe":85},"ivs":{"hp":31,"atk":31,"def":31,"spa":31,"spd":31,"spe":31},"item":"Life Orb","level":81,"shiny":false},{"name":"Kyurem-Black","moves":["icebeam","outrage","roost","substitute"],"ability":"Teravolt","evs":{"hp":85,"atk":85,"def":85,"spa":85,"spd":85,"spe":85},"ivs":{"hp":31,"atk":31,"def":31,"spa":31,"spd":31,"spe":31},"item":"Leftovers","level":75,"shiny":false},{"name":"Xerneas","moves":["thunderbolt","psyshock","geomancy","moonblast"],"ability":"Fairy Aura","evs":{"hp":85,"atk":85,"def":85,"spa":85,"spd":85,"spe":85},"ivs":{"hp":31,"atk":31,"def":31,"spa":31,"spd":31,"spe":31},"item":"Power Herb","level":71,"shiny":false},{"name":"Dusknoir","moves":["earthquake","willowisp","painsplit","shadowsneak"],"ability":"Pressure","evs":{"hp":85,"atk":85,"def":85,"spa":85,"spd":85,"spe":85},"ivs":{"hp":31,"atk":31,"def":31,"spa":31,"spd":31,"spe":31},"item":"Leftovers","level":83,"shiny":false},{"name":"Liepard","moves":["copycat","suckerpunch","darkpulse","substitute"],"ability":"Prankster","evs":{"hp":85,"atk":85,"def":85,"spa":85,"spd":85,"spe":85},"ivs":{"hp":31,"atk":31,"def":31,"spa":31,"spd":31,"spe":31},"item":"Leftovers","level":81,"shiny":false}],"log":["|player|p1|Wаrden Arguѕ|144","|player|p2|Liquid Stranger|115","|gametype|singles","|gen|6","|tier|Random Battle","|rated","|rule|Sleep Clause Mod: Limit one foe put to sleep","|rule|HP Percentage Mod: HP is shown in percentages","|","|start","|switch|p1a: Stantler|Stantler, L83, F|257/257","|switch|p2a: Shedinja|Shedinja, L83|1/1","|turn|1","|","|move|p1a: Stantler|Sucker Punch|p2a: Shedinja","|-fail|p1a: Stantler","|move|p2a: Shedinja|Will-O-Wisp|p1a: Stantler|[miss]","|-miss|p2a: Shedinja|p1a: Stantler","|","|turn|2","|","|switch|p1a: Mismagius|Mismagius, L81, M|230/230","|move|p2a: Shedinja|Will-O-Wisp|p1a: Mismagius","|-status|p1a: Mismagius|brn","|","|-damage|p1a: Mismagius|202/230 brn|[from] brn","|turn|3","|","|switch|p2a: Liepard|Liepard, L81, F|236/236","|move|p1a: Mismagius|Shadow Ball|p2a: Liepard","|-resisted|p2a: Liepard","|-damage|p2a: Liepard|169/236","|","|-heal|p2a: Liepard|183/236|[from] item: Leftovers","|-heal|p1a: Mismagius|216/230 brn|[from] item: Leftovers","|-damage|p1a: Mismagius|188/230 brn|[from] brn","|turn|4","|","|move|p2a: Liepard|Copycat|p2a: Liepard","|move|p2a: Liepard|Shadow Ball|p1a: Mismagius|[from]Copycat","|-supereffective|p1a: Mismagius","|-damage|p1a: Mismagius|94/230 brn","|-unboost|p1a: Mismagius|spd|1","|move|p1a: Mismagius|Dazzling Gleam|p2a: Liepard","|-supereffective|p2a: Liepard","|-damage|p2a: Liepard|0 fnt","|faint|p2a: Liepard","|","|-heal|p1a: Mismagius|108/230 brn|[from] item: Leftovers","|-damage|p1a: Mismagius|80/230 brn|[from] brn","|","|switch|p2a: Dusknoir|Dusknoir, L83, M|210/210","|-ability|p2a: Dusknoir|Pressure","|turn|5","|","|move|p2a: Dusknoir|Shadow Sneak|p1a: Mismagius","|-supereffective|p1a: Mismagius","|-damage|p1a: Mismagius|0 fnt","|faint|p1a: Mismagius","|","|","|switch|p1a: Darkrai|Darkrai, L73|223/223","|turn|6","|","|move|p1a: Darkrai|Dark Void|p2a: Dusknoir","|-status|p2a: Dusknoir|slp","|cant|p2a: Dusknoir|slp","|","|-damage|p2a: Dusknoir|184/210 slp|[from] ability: Bad Dreams","|turn|7","|","|switch|p2a: Xerneas|Xerneas, L71|296/296","|-ability|p2a: Xerneas|Fairy Aura","|move|p1a: Darkrai|Nasty Plot|p1a: Darkrai","|-boost|p1a: Darkrai|spa|2","|","|turn|8","|","|switch|p1a: Aggron|Aggron, L79, M|240/240","|move|p2a: Xerneas|Moonblast|p1a: Aggron","|-resisted|p1a: Aggron","|-damage|p1a: Aggron|156/240","|","|turn|9","|","|switch|p2a: Samurott|Samurott, L81, M|287/287","|move|p1a: Aggron|Head Smash|p2a: Samurott","|-crit|p2a: Samurott","|-damage|p2a: Samurott|0 fnt","|faint|p2a: Samurott","|","|","|switch|p2a: Dusknoir|Dusknoir, L83, M|184/210 slp","|-ability|p2a: Dusknoir|Pressure","|turn|10","|","|switch|p2a: Shedinja|Shedinja, L83|1/1","|move|p1a: Aggron|Head Smash|p2a: Shedinja","|-supereffective|p2a: Shedinja","|-enditem|p2a: Shedinja|Focus Sash","|-damage|p2a: Shedinja|1/1","|","|turn|11","|","|move|p1a: Aggron|Head Smash|p2a: Shedinja","|-supereffective|p2a: Shedinja","|-damage|p2a: Shedinja|0 fnt","|faint|p2a: Shedinja","|","|","|switch|p2a: Kyurem-Black|Kyurem-Black, L75|311/311","|-ability|p2a: Kyurem-Black|Teravolt","|turn|12","|","|move|p2a: Kyurem-Black|Ice Beam|p1a: Aggron","|-resisted|p1a: Aggron","|-damage|p1a: Aggron|92/240","|move|p1a: Aggron|Head Smash|p2a: Kyurem-Black","|-supereffective|p2a: Kyurem-Black","|-damage|p2a: Kyurem-Black|0 fnt","|faint|p2a: Kyurem-Black","|","|","|switch|p2a: Dusknoir|Dusknoir, L83, M|184/210 slp","|-ability|p2a: Dusknoir|Pressure","|turn|13","|","|move|p1a: Aggron|Head Smash|p2a: Dusknoir","|-damage|p2a: Dusknoir|13/210 slp","|-curestatus|p2a: Dusknoir|slp","|move|p2a: Dusknoir|Earthquake|p1a: Aggron","|-supereffective|p1a: Aggron","|-damage|p1a: Aggron|0 fnt","|faint|p1a: Aggron","|","|-heal|p2a: Dusknoir|26/210|[from] item: Leftovers","|","|switch|p1a: Manectric|Manectric, L75, F|229/229","|turn|14","|","|detailschange|p1a: Manectric|Manectric-Mega, L75, F","|-mega|p1a: Manectric|Manectric|Manectite","|-ability|p1a: Manectric|Intimidate","|-unboost|p2a: Dusknoir|atk|1","|move|p1a: Manectric|Thunderbolt|p2a: Dusknoir","|-damage|p2a: Dusknoir|0 fnt","|faint|p2a: Dusknoir","|","|","|switch|p2a: Xerneas|Xerneas, L71|296/296","|-ability|p2a: Xerneas|Fairy Aura","|turn|15","|","|move|p1a: Manectric|Thunderbolt|p2a: Xerneas","|-damage|p2a: Xerneas|185/296","|-status|p2a: Xerneas|par","|move|p2a: Xerneas|Geomancy|p2a: Xerneas|[still]","|-prepare|p2a: Xerneas|Geomancy|p2a: Xerneas","|-enditem|p2a: Xerneas|Power Herb","|-anim|p2a: Xerneas|Geomancy|p2a: Xerneas","|-boost|p2a: Xerneas|spa|2","|-boost|p2a: Xerneas|spd|2","|-boost|p2a: Xerneas|spe|2","|","|turn|16","|","|move|p1a: Manectric|Thunderbolt|p2a: Xerneas","|-damage|p2a: Xerneas|130/296 par","|move|p2a: Xerneas|Moonblast|p1a: Manectric","|-damage|p1a: Manectric|0 fnt","|faint|p1a: Manectric","|","|","|switch|p1a: Stantler|Stantler, L83, F|257/257","|turn|17","|","|move|p1a: Stantler|Double-Edge|p2a: Xerneas","|-damage|p2a: Xerneas|0 fnt","|-damage|p1a: Stantler|214/257|[from] recoil|[of] p2a: Xerneas","|-damage|p1a: Stantler|189/257|[from] item: Life Orb","|faint|p2a: Xerneas","|","|win|Wаrden Arguѕ"],"p1rating":{"entryid":7351326,"formatid":"randombattle","userid":"wrdenargu","username":"Wаrden Arguѕ","r":1500,"rd":130,"sigma":0,"rpr":1546.6635997955,"rprd":122.13729143366,"rpsigma":0,"rptime":1438506000,"w":1,"l":0,"t":0,"gxe":55.8,"acre":1053.8949187709,"lacre":1053.8949187709,"oldacre":1000},"p2rating":{"entryid":"7128950","serverid":"eos","formatid":"randombattle","userid":"liquidstranger","username":"Liquid Stranger","w":"15","l":13,"t":"0","gxe":53.5,"r":"1538.7454561522","rd":"63.794411369541","sigma":"0","rptime":"1438506000","rpr":1527.1358644986,"rprd":62.904129949833,"rpsigma":"0","acre":1092.2447848863,"lacre":1092.2447848863,"oldacre":"1125.9291091181"},"endType":"normal"}