{"seed":[21689,41534,49949,9785],"turns":21,"p1":"Heartless Nobody","p2":"koreangurl4u :","p1team":[{"name":"Entei","moves":["stoneedge","bulldoze","extremespeed","sacredfire"],"ability":"Flash Fire","evs":{"hp":81,"atk":89,"def":85,"spa":85,"spd":85,"spe":85},"ivs":{"hp":31,"atk":31,"def":31,"spa":31,"spd":31,"spe":31},"item":"Choice Band","level":77,"shiny":false},{"name":"Smeargle","moves":["stealthrock","destinybond","whirlwind","stickyweb"],"ability":"Technician","evs":{"hp":85,"atk":85,"def":85,"spa":85,"spd":85,"spe":85},"ivs":{"hp":31,"atk":31,"def":31,"spa":31,"spd":31,"spe":31},"item":"Leftovers","level":76,"shiny":false},{"name":"Jynx","moves":["icebeam","lovelykiss","trick","psychic"],"ability":"Dry Skin","evs":{"hp":85,"atk":85,"def":85,"spa":85,"spd":85,"spe":85},"ivs":{"hp":31,"atk":31,"def":31,"spa":31,"spd":31,"spe":31},"item":"Choice Scarf","level":81,"shiny":false},{"name":"Bisharp","moves":["knockoff","suckerpunch","ironhead","substitute"],"ability":"Defiant","evs":{"hp":85,"atk":85,"def":85,"spa":85,"spd":85,"spe":85},"ivs":{"hp":31,"atk":31,"def":31,"spa":31,"spd":31,"spe":31},"item":"Leftovers","level":75,"shiny":false},{"name":"Relicanth","moves":["earthquake","headsmash","doubleedge","toxic"],"ability":"Rock Head","evs":{"hp":85,"atk":85,"def":85,"spa":85,"spd":85,"spe":85},"ivs":{"hp":31,"atk":31,"def":31,"spa":31,"spd":31,"spe":31},"item":"Leftovers","level":83,"shiny":false},{"name":"Thundurus-Therian","moves":["focusblast","thunderbolt","voltswitch","hiddenpowerice"],"ability":"Volt Absorb","evs":{"hp":85,"atk":85,"def":85,"spa":85,"spd":85,"spe":85},"ivs":{"hp":31,"atk":30,"def":30,"spa":31,"spd":31,"spe":31},"item":"Choice Scarf","level":76,"shiny":false}],"p2team":[{"name":"Butterfree","moves":["bugbuzz","sleeppowder","quiverdance","psychic"],"ability":"Compound Eyes","evs":{"hp":85,"atk":85,"def":85,"spa":85,"spd":85,"spe":85},"ivs":{"hp":31,"atk":31,"def":31,"spa":31,"spd":31,"spe":31},"item":"Focus Sash","level":83,"shiny":false},{"name":"Chatot","moves":["nastyplot","heatwave","substitute","chatter"],"ability":"Tangled Feet","evs":{"hp":85,"atk":85,"def":85,"spa":85,"spd":85,"spe":85},"ivs":{"hp":31,"atk":31,"def":31,"spa":31,"spd":31,"spe":31},"item":"Leftovers","level":83,"shiny":false},{"name":"Typhlosion","moves":["eruption","extrasensory","focusblast","fireblast"],"ability":"Flash Fire","evs":{"hp":81,"atk":85,"def":85,"spa":89,"spd":85,"spe":85},"ivs":{"hp":31,"atk":31,"def":31,"spa":31,"spd":31,"spe":31},"item":"Choice Scarf","level":80,"shiny":false},{"name":"Garchomp","moves":["swordsdance","outrage","stoneedge","dracometeor"],"ability":"Rough Skin","evs":{"hp":85,"atk":85,"def":85,"spa":85,"spd":85,"spe":85},"ivs":{"hp":31,"atk":31,"def":31,"spa":31,"spd":31,"spe":31},"item":"Garchompite","level":75,"shiny":false},{"name":"Zekrom","moves":["boltstrike","honeclaws","dracometeor","dragonclaw"],"ability":"Teravolt","evs":{"hp":85,"atk":85,"def":85,"spa":85,"spd":85,"spe":85},"ivs":{"hp":31,"atk":31,"def":31,"spa":31,"spd":31,"spe":31},"item":"Leftovers","level":73,"shiny":false},{"name":"Chandelure","moves":["fireblast","hiddenpowerground","substitute","energyball"],"ability":"Flash Fire","evs":{"hp":85,"atk":85,"def":85,"spa":85,"spd":85,"spe":85},"ivs":{"hp":31,"atk":31,"def":31,"spa":30,"spd":30,"spe":31},"item":"Leftovers","level":77,"shiny":false}],"log":["|player|p1|Heartless Nobody|heartlessnobody.png","|player|p2|koreangurl4u :|102","|gametype|singles","|gen|6","|tier|Random Battle","|rated","|rule|Sleep Clause Mod: Limit one foe put to sleep","|rule|HP Percentage Mod: HP is shown in percentages","|","|start","|switch|p1a: Entei|Entei, L77|303/303","|switch|p2a: Butterfree|Butterfree, L83, F|235/235","|turn|1","|","|switch|p2a: Typhlosion|Typhlosion, L80, M|255/255","|move|p1a: Entei|Sacred Fire|p2a: Typhlosion","|-start|p2a: Typhlosion|ability: Flash Fire","|","|turn|2","|","|switch|p1a: Relicanth|Relicanth, L83, M|302/302","|move|p2a: Typhlosion|Focus Blast|p1a: Relicanth","|-supereffective|p1a: Relicanth","|-damage|p1a: Relicanth|94/302","|","|-heal|p1a: Relicanth|112/302|[from] item: Leftovers","|turn|3","|","|-end|p2a: Typhlosion|ability: Flash Fire|[silent]","|switch|p2a: Zekrom|Zekrom, L73|266/266","|-ability|p2a: Zekrom|Teravolt","|move|p1a: Relicanth|Head Smash|p2a: Zekrom","|-damage|p2a: Zekrom|145/266","|","|-heal|p2a: Zekrom|161/266|[from] item: Leftovers","|-heal|p1a: Relicanth|130/302|[from] item: Leftovers","|turn|4","|player|p1","|player|p1|Heartless Nobody|heartlessnobody.png","|","|move|p2a: Zekrom|Bolt Strike|p1a: Relicanth","|-supereffective|p1a: Relicanth","|-damage|p1a: Relicanth|0 fnt","|faint|p1a: Relicanth","|","|-heal|p2a: Zekrom|177/266|[from] item: Leftovers","|","|switch|p1a: Smeargle|Smeargle, L76, F|209/209","|turn|5","|","|move|p2a: Zekrom|Draco Meteor|p1a: Smeargle","|-damage|p1a: Smeargle|4/209","|-unboost|p2a: Zekrom|spa|2","|move|p1a: Smeargle|Sticky Web|p2a: Zekrom","|-sidestart|p2: koreangurl4u :|move: Sticky Web","|","|-heal|p2a: Zekrom|193/266|[from] item: Leftovers","|-heal|p1a: Smeargle|17/209|[from] item: Leftovers","|turn|6","|","|move|p2a: Zekrom|Dragon Claw|p1a: Smeargle","|-damage|p1a: Smeargle|0 fnt","|faint|p1a: Smeargle","|","|-heal|p2a: Zekrom|209/266|[from] item: Leftovers","|","|switch|p1a: Bisharp|Bisharp, L75, F|221/221","|turn|7","|","|switch|p2a: Butterfree|Butterfree, L83, F|235/235","|move|p1a: Bisharp|Substitute|p1a: Bisharp","|-start|p1a: Bisharp|Substitute","|-damage|p1a: Bisharp|166/221","|","|-heal|p1a: Bisharp|179/221|[from] item: Leftovers","|turn|8","|","|move|p2a: Butterfree|Bug Buzz|p1a: Bisharp","|-damage|p1a: Bisharp|56/221","|move|p1a: Bisharp|Knock Off|p2a: Butterfree","|-damage|p2a: Butterfree|72/235","|-enditem|p2a: Butterfree|Focus Sash|[from] move: Knock Off|[of] p1a: Bisharp","|","|-heal|p1a: Bisharp|69/221|[from] item: Leftovers","|turn|9","|","|move|p1a: Bisharp|Sucker Punch|p2a: Butterfree","|-damage|p2a: Butterfree|0 fnt","|faint|p2a: Butterfree","|","|-heal|p1a: Bisharp|82/221|[from] item: Leftovers","|","|switch|p2a: Typhlosion|Typhlosion, L80, M|255/255","|-activate|p2a: Typhlosion|move: Sticky Web","|-unboost|p2a: Typhlosion|spe|1","|turn|10","|","|move|p2a: Typhlosion|Focus Blast|p1a: Bisharp","|-supereffective|p1a: Bisharp","|-end|p1a: Bisharp|Substitute","|move|p1a: Bisharp|Knock Off|p2a: Typhlosion","|-damage|p2a: Typhlosion|128/255","|-enditem|p2a: Typhlosion|Choice Scarf|[from] move: Knock Off|[of] p1a: Bisharp","|","|-heal|p1a: Bisharp|95/221|[from] item: Leftovers","|turn|11","|","|move|p1a: Bisharp|Sucker Punch|p2a: Typhlosion","|-damage|p2a: Typhlosion|26/255","|move|p2a: Typhlosion|Fire Blast|p1a: Bisharp","|-crit|p1a: Bisharp","|-supereffective|p1a: Bisharp","|-damage|p1a: Bisharp|0 fnt","|faint|p1a: Bisharp","|","|","|switch|p1a: Thundurus-Therian|Thundurus-Therian, L76, M|245/245","|turn|12","|","|move|p1a: Thundurus-Therian|Thunderbolt|p2a: Typhlosion","|-damage|p2a: Typhlosion|0 fnt","|faint|p2a: Typhlosion","|","|","|switch|p2a: Zekrom|Zekrom, L73|209/266","|-activate|p2a: Zekrom|move: Sticky Web","|-unboost|p2a: Zekrom|spe|1","|-ability|p2a: Zekrom|Teravolt","|turn|13","|","|switch|p1a: Entei|Entei, L77|303/303","|move|p2a: Zekrom|Draco Meteor|p1a: Entei|[miss]","|-miss|p2a: Zekrom|p1a: Entei","|","|-heal|p2a: Zekrom|225/266|[from] item: Leftovers","|turn|14","|","|move|p1a: Entei|Bulldoze|p2a: Zekrom","|-supereffective|p2a: Zekrom","|-damage|p2a: Zekrom|121/266","|-unboost|p2a: Zekrom|spe|1","|move|p2a: Zekrom|Draco Meteor|p1a: Entei","|-damage|p1a: Entei|137/303","|-unboost|p2a: Zekrom|spa|2","|","|-heal|p2a: Zekrom|137/266|[from] item: Leftovers","|turn|15","|","|switch|p2a: Garchomp|Garchomp, L75, M|286/286","|-activate|p2a: Garchomp|move: Sticky Web","|-unboost|p2a: Garchomp|spe|1","|move|p1a: Entei|Bulldoze|p2a: Garchomp","|-damage|p2a: Garchomp|227/286","|-unboost|p2a: Garchomp|spe|1","|","|turn|16","|","|switch|p1a: Thundurus-Therian|Thundurus-Therian, L76, M|245/245","|detailschange|p2a: Garchomp|Garchomp-Mega, L75, M","|-mega|p2a: Garchomp|Garchomp|Garchompite","|move|p2a: Garchomp|Draco Meteor|p1a: Thundurus-Therian","|-damage|p1a: Thundurus-Therian|89/245","|-unboost|p2a: Garchomp|spa|2","|","|turn|17","|","|switch|p2a: Chandelure|Chandelure, L77, F|219/219","|-activate|p2a: Chandelure|move: Sticky Web","|-unboost|p2a: Chandelure|spe|1","|move|p1a: Thundurus-Therian|Hidden Power|p2a: Chandelure","|-resisted|p2a: Chandelure","|-damage|p2a: Chandelure|192/219","|","|-heal|p2a: Chandelure|205/219|[from] item: Leftovers","|turn|18","|","|switch|p1a: Entei|Entei, L77|137/303","|move|p2a: Chandelure|Substitute|p2a: Chandelure","|-start|p2a: Chandelure|Substitute","|-damage|p2a: Chandelure|151/219","|","|-heal|p2a: Chandelure|164/219|[from] item: Leftovers","|turn|19","|","|move|p1a: Entei|Bulldoze|p2a: Chandelure","|-supereffective|p2a: Chandelure","|-end|p2a: Chandelure|Substitute","|move|p2a: Chandelure|Hidden Power|p1a: Entei","|-supereffective|p1a: Entei","|-damage|p1a: Entei|9/303","|","|-heal|p2a: Chandelure|177/219|[from] item: Leftovers","|turn|20","|","|switch|p2a: Chatot|Chatot, L83, M|262/262","|move|p1a: Entei|Bulldoze|p2a: Chatot","|-immune|p2a: Chatot|[msg]","|","|turn|21","|player|p1","|","|win|koreangurl4u :"],"p1rating":{"entryid":"6894701","serverid":"eos","formatid":"randombattle","userid":"heartlessnobody","username":"Heartless Nobody","w":"1","l":2,"t":"0","gxe":45,"r":"1494.332230896","rd":"119.67826472473","sigma":"0","rptime":"1438506000","rpr":1460.2530156495,"rprd":114.0376961865,"rpsigma":"0","acre":1024.558552004,"lacre":1024.558552004,"oldacre":"1043.0434933659"},"p2rating":{"entryid":7348713,"formatid":"randombattle","userid":"koreangurl4u","username":"koreangurl4u :","r":1500,"rd":130,"sigma":0,"rpr":1539.8985667588,"rprd":122.71122982281,"rpsigma":0,"rptime":1438506000,"w":1,"l":0,"t":0,"gxe":55,"acre":1044.9303664768,"lacre":1044.9303664768,"oldacre":1000},"endType":"forfeit"}