{"seed":[22807,26504,2911,50397],"turns":30,"p1":"Hamstery","p2":"venomextreme980","p1team":[{"name":"Lugia","moves":["whirlwind","roost","substitute","aeroblast"],"ability":"Multiscale","evs":{"hp":85,"atk":85,"def":85,"spa":85,"spd":85,"spe":85},"ivs":{"hp":31,"atk":31,"def":31,"spa":31,"spd":31,"spe":31},"item":"Leftovers","level":73,"shiny":false},{"name":"Manaphy","moves":["energyball","surf","psychic","icebeam"],"ability":"Hydration","evs":{"hp":85,"atk":85,"def":85,"spa":85,"spd":85,"spe":85},"ivs":{"hp":31,"atk":31,"def":31,"spa":31,"spd":31,"spe":31},"item":"Choice Specs","level":75,"shiny":false},{"name":"Swanna","moves":["roost","scald","hurricane","defog"],"ability":"Hydration","evs":{"hp":81,"atk":85,"def":85,"spa":89,"spd":85,"spe":85},"ivs":{"hp":31,"atk":31,"def":31,"spa":31,"spd":31,"spe":31},"item":"Leftovers","level":83,"shiny":false},{"name":"Minun","moves":["hiddenpowerice","encore","thunderbolt","nastyplot"],"ability":"Volt Absorb","evs":{"hp":85,"atk":85,"def":85,"spa":85,"spd":85,"spe":85},"ivs":{"hp":31,"atk":30,"def":30,"spa":31,"spd":31,"spe":31},"item":"Air Balloon","level":83,"shiny":false},{"name":"Latias","moves":["dragonpulse","calmmind","substitute","psyshock"],"ability":"Levitate","evs":{"hp":85,"atk":85,"def":85,"spa":85,"spd":85,"spe":85},"ivs":{"hp":31,"atk":31,"def":31,"spa":31,"spd":31,"spe":31},"item":"Latiasite","level":75,"shiny":false},{"name":"Victreebel","moves":["knockoff","growth","powerwhip","gigadrain"],"ability":"Chlorophyll","evs":{"hp":85,"atk":85,"def":85,"spa":85,"spd":85,"spe":85},"ivs":{"hp":31,"atk":31,"def":31,"spa":31,"spd":31,"spe":31},"item":"Life Orb","level":82,"shiny":false}],"p2team":[{"name":"Jumpluff","moves":["seedbomb","uturn","sleeppowder","encore"],"ability":"Infiltrator","evs":{"hp":81,"atk":89,"def":85,"spa":85,"spd":85,"spe":85},"ivs":{"hp":31,"atk":31,"def":31,"spa":31,"spd":31,"spe":31},"item":"Focus Sash","level":83,"shiny":false},{"name":"Swampert","moves":["icepunch","earthquake","raindance","superpower"],"ability":"Torrent","evs":{"hp":85,"atk":85,"def":85,"spa":85,"spd":85,"spe":85},"ivs":{"hp":31,"atk":31,"def":31,"spa":31,"spd":31,"spe":31},"item":"Swampertite","level":77,"shiny":false},{"name":"Sandslash","moves":["toxic","earthquake","stealthrock","rapidspin"],"ability":"Sand Rush","evs":{"hp":85,"atk":85,"def":85,"spa":85,"spd":85,"spe":85},"ivs":{"hp":31,"atk":31,"def":31,"spa":31,"spd":31,"spe":31},"item":"Leftovers","level":81,"shiny":false},{"name":"Wormadam-Trash","moves":["gyroball","toxic","protect","stealthrock"],"ability":"Overcoat","evs":{"hp":85,"atk":170,"def":85,"spa":85,"spd":85,"spe":0},"ivs":{"hp":31,"atk":31,"def":31,"spa":31,"spd":31,"spe":0},"item":"Leftovers","level":83,"shiny":false},{"name":"Alomomola","moves":["scald","knockoff","protect","toxic"],"ability":"Regenerator","evs":{"hp":85,"atk":85,"def":85,"spa":85,"spd":85,"spe":85},"ivs":{"hp":31,"atk":31,"def":31,"spa":31,"spd":31,"spe":31},"item":"Leftovers","level":79,"shiny":false},{"name":"Granbull","moves":["thunderwave","playrough","earthquake","healbell"],"ability":"Intimidate","evs":{"hp":85,"atk":85,"def":85,"spa":85,"spd":85,"spe":85},"ivs":{"hp":31,"atk":31,"def":31,"spa":31,"spd":31,"spe":31},"item":"Leftovers","level":81,"shiny":false}],"log":["|player|p1|Hamstery|4","|player|p2|venomextreme980|169","|gametype|singles","|gen|6","|tier|Random Battle","|rated","|rule|Sleep Clause Mod: Limit one foe put to sleep","|rule|HP Percentage Mod: HP is shown in percentages","|","|start","|switch|p1a: Lugia|Lugia, L73|275/275","|switch|p2a: Jumpluff|Jumpluff, L83, M|259/259","|turn|1","|","|move|p2a: Jumpluff|Sleep Powder|p1a: Lugia","|-status|p1a: Lugia|slp","|cant|p1a: Lugia|slp","|","|turn|2","|","|switch|p1a: Minun|Minun, L83, F|235/235","|-item|p1a: Minun|Air Balloon","|move|p2a: Jumpluff|Seed Bomb|p1a: Minun","|-damage|p1a: Minun|145/235","|-enditem|p1a: Minun|Air Balloon","|","|turn|3","|","|move|p2a: Jumpluff|Seed Bomb|p1a: Minun","|-damage|p1a: Minun|60/235","|move|p1a: Minun|Hidden Power|p2a: Jumpluff","|-supereffective|p2a: Jumpluff","|-damage|p2a: Jumpluff|123/259","|","|turn|4","|","|switch|p1a: Victreebel|Victreebel, L82, F|265/265","|move|p2a: Jumpluff|Seed Bomb|p1a: Victreebel","|-resisted|p1a: Victreebel","|-damage|p1a: Victreebel|248/265","|","|turn|5","|","|move|p2a: Jumpluff|U-turn|p1a: Victreebel","|-damage|p1a: Victreebel|205/265","|","|switch|p2a: Granbull|Granbull, L81, M|278/278","|-ability|p2a: Granbull|Intimidate","|-unboost|p1a: Victreebel|atk|1","|move|p1a: Victreebel|Knock Off|p2a: Granbull","|-resisted|p2a: Granbull","|-damage|p2a: Granbull|242/278","|-enditem|p2a: Granbull|Leftovers|[from] move: Knock Off|[of] p1a: Victreebel","|-damage|p1a: Victreebel|179/265|[from] item: Life Orb","|","|turn|6","|","|switch|p1a: Lugia|Lugia, L73|275/275 slp","|move|p2a: Granbull|Thunder Wave|p1a: Lugia","|-fail|p1a: Lugia","|","|turn|7","|","|switch|p2a: Jumpluff|Jumpluff, L83, M|123/259","|cant|p1a: Lugia|slp","|","|turn|8","|","|move|p2a: Jumpluff|Seed Bomb|p1a: Lugia","|-resisted|p1a: Lugia","|-damage|p1a: Lugia|263/275 slp","|-curestatus|p1a: Lugia|slp","|move|p1a: Lugia|Aeroblast|p2a: Jumpluff","|-supereffective|p2a: Jumpluff","|-damage|p2a: Jumpluff|0 fnt","|faint|p2a: Jumpluff","|","|-heal|p1a: Lugia|275/275|[from] item: Leftovers","|","|switch|p2a: Wormadam-Trash|Wormadam-Trash, L83, F|235/235","|turn|9","|","|move|p1a: Lugia|Substitute|p1a: Lugia","|-start|p1a: Lugia|Substitute","|-damage|p1a: Lugia|207/275","|move|p2a: Wormadam-Trash|Toxic|p1a: Lugia","|-fail|p1a: Lugia","|","|-heal|p1a: Lugia|224/275|[from] item: Leftovers","|turn|10","|","|move|p2a: Wormadam-Trash|Gyro Ball|p1a: Lugia","|-activate|p1a: Lugia|Substitute|[damage]","|move|p1a: Lugia|Whirlwind|p2a: Wormadam-Trash","|drag|p2a: Sandslash|Sandslash, L81, F|254/254","|","|-heal|p1a: Lugia|241/275|[from] item: Leftovers","|turn|11","|","|move|p1a: Lugia|Aeroblast|p2a: Sandslash","|-damage|p2a: Sandslash|140/254","|move|p2a: Sandslash|Earthquake|p1a: Lugia","|-immune|p1a: Lugia|[msg]","|","|-heal|p1a: Lugia|258/275|[from] item: Leftovers","|-heal|p2a: Sandslash|155/254|[from] item: Leftovers","|turn|12","|","|move|p1a: Lugia|Aeroblast|p2a: Sandslash","|-damage|p2a: Sandslash|47/254","|move|p2a: Sandslash|Rapid Spin|p1a: Lugia","|-end|p1a: Lugia|Substitute","|","|-heal|p1a: Lugia|275/275|[from] item: Leftovers","|-heal|p2a: Sandslash|62/254|[from] item: Leftovers","|turn|13","|","|move|p1a: Lugia|Aeroblast|p2a: Sandslash","|-damage|p2a: Sandslash|0 fnt","|faint|p2a: Sandslash","|","|","|switch|p2a: Wormadam-Trash|Wormadam-Trash, L83, F|235/235","|turn|14","|","|move|p1a: Lugia|Substitute|p1a: Lugia","|-start|p1a: Lugia|Substitute","|-damage|p1a: Lugia|207/275","|move|p2a: Wormadam-Trash|Toxic|p1a: Lugia","|-fail|p1a: Lugia","|","|-heal|p1a: Lugia|224/275|[from] item: Leftovers","|turn|15","|","|switch|p2a: Granbull|Granbull, L81, M|242/278","|-ability|p2a: Granbull|Intimidate","|-activate|p1a: Lugia|Substitute|ability: Intimidate|[of] p2a: Granbull","|move|p1a: Lugia|Whirlwind|p2a: Granbull","|drag|p2a: Alomomola|Alomomola, L79, M|390/390","|","|-heal|p1a: Lugia|241/275|[from] item: Leftovers","|turn|16","|","|switch|p2a: Wormadam-Trash|Wormadam-Trash, L83, F|235/235","|move|p1a: Lugia|Aeroblast|p2a: Wormadam-Trash","|-damage|p2a: Wormadam-Trash|166/235","|","|-heal|p1a: Lugia|258/275|[from] item: Leftovers","|-heal|p2a: Wormadam-Trash|180/235|[from] item: Leftovers","|turn|17","|","|switch|p2a: Granbull|Granbull, L81, M|242/278","|-ability|p2a: Granbull|Intimidate","|-activate|p1a: Lugia|Substitute|ability: Intimidate|[of] p2a: Granbull","|move|p1a: Lugia|Whirlwind|p2a: Granbull","|drag|p2a: Wormadam-Trash|Wormadam-Trash, L83, F|180/235","|","|-heal|p1a: Lugia|275/275|[from] item: Leftovers","|-heal|p2a: Wormadam-Trash|194/235|[from] item: Leftovers","|turn|18","|","|switch|p2a: Granbull|Granbull, L81, M|242/278","|-ability|p2a: Granbull|Intimidate","|-activate|p1a: Lugia|Substitute|ability: Intimidate|[of] p2a: Granbull","|move|p1a: Lugia|Whirlwind|p2a: Granbull","|drag|p2a: Swampert|Swampert, L77, M|281/281","|","|turn|19","|","|switch|p2a: Granbull|Granbull, L81, M|242/278","|-ability|p2a: Granbull|Intimidate","|-activate|p1a: Lugia|Substitute|ability: Intimidate|[of] p2a: Granbull","|move|p1a: Lugia|Whirlwind|p2a: Granbull","|drag|p2a: Alomomola|Alomomola, L79, M|390/390","|","|turn|20","|","|switch|p1a: Manaphy|Manaphy, L75|274/274","|switch|p2a: Granbull|Granbull, L81, M|242/278","|-ability|p2a: Granbull|Intimidate","|-unboost|p1a: Manaphy|atk|1","|","|turn|21","|","|move|p1a: Manaphy|Surf|p2a: Granbull","|-damage|p2a: Granbull|65/278","|move|p2a: Granbull|Thunder Wave|p1a: Manaphy","|-status|p1a: Manaphy|par","|","|turn|22","|","|move|p2a: Granbull|Play Rough|p1a: Manaphy","|-damage|p1a: Manaphy|169/274 par","|cant|p1a: Manaphy|par","|","|turn|23","|","|switch|p1a: Lugia|Lugia, L73|275/275","|move|p2a: Granbull|Play Rough|p1a: Lugia","|-damage|p1a: Lugia|232/275","|","|-heal|p1a: Lugia|249/275|[from] item: Leftovers","|turn|24","|","|move|p1a: Lugia|Aeroblast|p2a: Granbull","|-damage|p2a: Granbull|0 fnt","|faint|p2a: Granbull","|","|-heal|p1a: Lugia|266/275|[from] item: Leftovers","|","|switch|p2a: Swampert|Swampert, L77, M|281/281","|turn|25","|","|switch|p1a: Manaphy|Manaphy, L75|169/274 par","|detailschange|p2a: Swampert|Swampert-Mega, L77, M","|-mega|p2a: Swampert|Swampert|Swampertite","|move|p2a: Swampert|Rain Dance|p2a: Swampert","|-weather|RainDance","|","|-weather|RainDance|[upkeep]","|-curestatus|p1a: Manaphy|par","|turn|26","|","|move|p2a: Swampert|Ice Punch|p1a: Manaphy","|-resisted|p1a: Manaphy","|-damage|p1a: Manaphy|135/274","|move|p1a: Manaphy|Energy Ball|p2a: Swampert","|-supereffective|p2a: Swampert","|-damage|p2a: Swampert|0 fnt","|faint|p2a: Swampert","|","|-weather|RainDance|[upkeep]","|","|switch|p2a: Alomomola|Alomomola, L79, M|390/390","|turn|27","|","|move|p1a: Manaphy|Energy Ball|p2a: Alomomola","|-crit|p2a: Alomomola","|-supereffective|p2a: Alomomola","|-damage|p2a: Alomomola|0 fnt","|faint|p2a: Alomomola","|","|-weather|RainDance|[upkeep]","|","|switch|p2a: Wormadam-Trash|Wormadam-Trash, L83, F|194/235","|turn|28","|","|switch|p1a: Victreebel|Victreebel, L82, F|179/265","|move|p2a: Wormadam-Trash|Protect|p2a: Wormadam-Trash","|-fail|p2a: Wormadam-Trash","|","|-weather|RainDance|[upkeep]","|-heal|p2a: Wormadam-Trash|208/235|[from] item: Leftovers","|turn|29","|","|move|p1a: Victreebel|Growth|p1a: Victreebel","|-boost|p1a: Victreebel|atk|1","|-boost|p1a: Victreebel|spa|1","|move|p2a: Wormadam-Trash|Gyro Ball|p1a: Victreebel","|-damage|p1a: Victreebel|107/265","|","|-weather|none","|-heal|p2a: Wormadam-Trash|222/235|[from] item: Leftovers","|turn|30","|","|win|Hamstery"],"p1rating":{"entryid":7337162,"formatid":"randombattle","userid":"hamstery","username":"Hamstery","r":1500,"rd":130,"sigma":0,"rpr":1540.1606143388,"rprd":122.8583080769,"rpsigma":0,"rptime":1438506000,"w":1,"l":0,"t":0,"gxe":55,"acre":1040,"lacre":1040,"oldacre":1000},"p2rating":{"entryid":7337163,"formatid":"randombattle","userid":"venomextreme980","username":"venomextreme980","r":1500,"rd":130,"sigma":0,"rpr":1459.8393856612,"rprd":122.8583080769,"rpsigma":0,"rptime":1438506000,"w":0,"l":1,"t":0,"gxe":45,"acre":1000,"lacre":1000,"oldacre":1000},"endType":"forfeit"}