{"seed":[19858,60090,39962,40268],"turns":19,"p1":"Guard Torterra","p2":"xmaycolx","p1team":[{"name":"Slowbro","moves":["slackoff","fireblast","psychic","calmmind"],"ability":"Regenerator","evs":{"hp":85,"atk":85,"def":85,"spa":85,"spd":85,"spe":85},"ivs":{"hp":31,"atk":31,"def":31,"spa":31,"spd":31,"spe":31},"item":"Slowbronite","level":75,"shiny":false},{"name":"Cloyster","moves":["rockblast","hydropump","shellsmash","iceshard"],"ability":"Skill Link","evs":{"hp":81,"atk":89,"def":85,"spa":85,"spd":85,"spe":85},"ivs":{"hp":31,"atk":31,"def":31,"spa":31,"spd":31,"spe":31},"item":"White Herb","level":77,"shiny":false},{"name":"Gengar","moves":["focusblast","painsplit","shadowball","willowisp"],"ability":"Levitate","evs":{"hp":85,"atk":85,"def":85,"spa":85,"spd":85,"spe":85},"ivs":{"hp":31,"atk":31,"def":31,"spa":31,"spd":31,"spe":31},"item":"Black Sludge","level":75,"shiny":false},{"name":"Weezing","moves":["willowisp","sludgebomb","fireblast","toxicspikes"],"ability":"Levitate","evs":{"hp":85,"atk":85,"def":85,"spa":85,"spd":85,"spe":85},"ivs":{"hp":31,"atk":31,"def":31,"spa":31,"spd":31,"spe":31},"item":"Black Sludge","level":81,"shiny":false},{"name":"Pachirisu","moves":["superfang","uturn","toxic","thunderbolt"],"ability":"Volt Absorb","evs":{"hp":85,"atk":85,"def":85,"spa":85,"spd":85,"spe":85},"ivs":{"hp":31,"atk":31,"def":31,"spa":31,"spd":31,"spe":31},"item":"Air Balloon","level":83,"shiny":false},{"name":"Accelgor","moves":["spikes","yawn","bugbuzz","encore"],"ability":"Hydration","evs":{"hp":81,"atk":85,"def":85,"spa":89,"spd":85,"spe":85},"ivs":{"hp":31,"atk":31,"def":31,"spa":31,"spd":31,"spe":31},"item":"Leftovers","level":79,"shiny":false}],"p2team":[{"name":"Honchkrow","moves":["pursuit","suckerpunch","superpower","roost"],"ability":"Moxie","evs":{"hp":85,"atk":85,"def":85,"spa":85,"spd":85,"spe":85},"ivs":{"hp":31,"atk":31,"def":31,"spa":31,"spd":31,"spe":31},"item":"Life Orb","level":77,"shiny":false},{"name":"Staraptor","moves":["uturn","closecombat","doubleedge","roost"],"ability":"Reckless","evs":{"hp":85,"atk":85,"def":85,"spa":85,"spd":85,"spe":85},"ivs":{"hp":31,"atk":31,"def":31,"spa":31,"spd":31,"spe":31},"item":"Life Orb","level":76,"shiny":false},{"name":"Kyogre","moves":["originpulse","sleeptalk","rest","icebeam"],"ability":"Drizzle","evs":{"hp":85,"atk":85,"def":85,"spa":85,"spd":85,"spe":85},"ivs":{"hp":31,"atk":31,"def":31,"spa":31,"spd":31,"spe":31},"item":"Blue Orb","level":73,"shiny":false},{"name":"Primeape","moves":["stoneedge","earthquake","encore","closecombat"],"ability":"Defiant","evs":{"hp":85,"atk":85,"def":85,"spa":85,"spd":85,"spe":85},"ivs":{"hp":31,"atk":31,"def":31,"spa":31,"spd":31,"spe":31},"item":"Life Orb","level":81,"shiny":false},{"name":"Gengar","moves":["focusblast","destinybond","disable","sludgewave"],"ability":"Levitate","evs":{"hp":85,"atk":85,"def":85,"spa":85,"spd":85,"spe":85},"ivs":{"hp":31,"atk":31,"def":31,"spa":31,"spd":31,"spe":31},"item":"Gengarite","level":73,"shiny":false},{"name":"Mightyena","moves":["irontail","firefang","playrough","crunch"],"ability":"Moxie","evs":{"hp":85,"atk":85,"def":85,"spa":85,"spd":85,"spe":85},"ivs":{"hp":31,"atk":31,"def":31,"spa":31,"spd":31,"spe":31},"item":"Choice Band","level":83,"shiny":false}],"log":["|player|p1|Guard Torterra|75","|player|p2|xmaycolx|265","|gametype|singles","|gen|6","|tier|Random Battle","|rated","|rule|Sleep Clause Mod: Limit one foe put to sleep","|rule|HP Percentage Mod: HP is shown in percentages","|","|start","|switch|p1a: Slowbro|Slowbro, L75, F|266/266","|switch|p2a: Honchkrow|Honchkrow, L77, F|281/281","|turn|1","|","|move|p2a: Honchkrow|Pursuit|p1a: Slowbro|[from]Pursuit","|-supereffective|p1a: Slowbro","|-damage|p1a: Slowbro|53/266","|-damage|p2a: Honchkrow|253/281|[from] item: Life Orb","|switch|p1a: Weezing|Weezing, L81, F|238/238","|","|turn|2","|","|switch|p2a: Gengar|Gengar, L73, M|208/208","|move|p1a: Weezing|Will-O-Wisp|p2a: Gengar","|-status|p2a: Gengar|brn","|","|-damage|p2a: Gengar|182/208 brn|[from] brn","|turn|3","|","|detailschange|p2a: Gengar|Gengar-Mega, L73, M","|-mega|p2a: Gengar|Gengar|Gengarite","|move|p2a: Gengar|Focus Blast|p1a: Weezing|[miss]","|-miss|p2a: Gengar|p1a: Weezing","|move|p1a: Weezing|Fire Blast|p2a: Gengar","|-crit|p2a: Gengar","|-damage|p2a: Gengar|75/208 brn","|","|-damage|p2a: Gengar|49/208 brn|[from] brn","|turn|4","|","|move|p2a: Gengar|Destiny Bond|p2a: Gengar","|-singlemove|p2a: Gengar|Destiny Bond","|move|p1a: Weezing|Fire Blast|p2a: Gengar","|-damage|p2a: Gengar|0 fnt","|faint|p2a: Gengar","|-activate|p2a: Gengar|Destiny Bond","|faint|p1a: Weezing","|","|","|switch|p1a: Pachirisu|Pachirisu, L83, M|235/235","|switch|p2a: Kyogre|Kyogre, L73|266/266","|-item|p1a: Pachirisu|Air Balloon","|detailschange|p2a: Kyogre|Kyogre-Primal, L73","|message|Kyogre's Primal Reversion! It reverted to its primal form!","|-weather|PrimordialSea","|turn|5","|","|-weather|none","|switch|p2a: Mightyena|Mightyena, L83, M|252/252","|move|p1a: Pachirisu|Thunderbolt|p2a: Mightyena","|-damage|p2a: Mightyena|185/252","|","|turn|6","|","|move|p1a: Pachirisu|U-turn|p2a: Mightyena","|-supereffective|p2a: Mightyena","|-damage|p2a: Mightyena|119/252","|","|switch|p1a: Cloyster|Cloyster, L77, M|203/203","|move|p2a: Mightyena|Crunch|p1a: Cloyster","|-damage|p1a: Cloyster|133/203","|","|turn|7","|","|switch|p2a: Primeape|Primeape, L81, F|238/238","|move|p1a: Cloyster|Shell Smash|p1a: Cloyster","|-unboost|p1a: Cloyster|def|1","|-unboost|p1a: Cloyster|spd|1","|-boost|p1a: Cloyster|atk|2","|-boost|p1a: Cloyster|spa|2","|-boost|p1a: Cloyster|spe|2","|-enditem|p1a: Cloyster|White Herb","|-restoreboost|p1a: Cloyster|[silent]","|","|turn|8","|","|move|p1a: Cloyster|Hydro Pump|p2a: Primeape","|-damage|p2a: Primeape|12/238","|move|p2a: Primeape|Close Combat|p1a: Cloyster","|-supereffective|p1a: Cloyster","|-damage|p1a: Cloyster|0 fnt","|-unboost|p2a: Primeape|def|1","|-unboost|p2a: Primeape|spd|1","|-damage|p2a: Primeape|0 fnt|[from] item: Life Orb","|faint|p1a: Cloyster","|faint|p2a: Primeape","|","|","|switch|p2a: Mightyena|Mightyena, L83, M|119/252","|switch|p1a: Slowbro|Slowbro, L75, F|141/266","|turn|9","|","|detailschange|p1a: Slowbro|Slowbro-Mega, L75, F","|-mega|p1a: Slowbro|Slowbro|Slowbronite","|move|p2a: Mightyena|Crunch|p1a: Slowbro","|-supereffective|p1a: Slowbro","|-damage|p1a: Slowbro|0 fnt","|faint|p1a: Slowbro","|-boost|p2a: Mightyena|atk|1|[from] ability: Moxie","|","|","|switch|p1a: Accelgor|Accelgor, L79, M|255/255","|turn|10","|","|switch|p2a: Staraptor|Staraptor, L76, M|254/254","|move|p1a: Accelgor|Bug Buzz|p2a: Staraptor","|-resisted|p2a: Staraptor","|-damage|p2a: Staraptor|192/254","|","|turn|11","|","|move|p1a: Accelgor|Yawn|p2a: Staraptor","|-start|p2a: Staraptor|move: Yawn|[of] p1a: Accelgor","|move|p2a: Staraptor|Roost|p2a: Staraptor","|-heal|p2a: Staraptor|254/254","|","|turn|12","|","|switch|p2a: Kyogre|Kyogre-Primal, L73|266/266","|-weather|PrimordialSea","|move|p1a: Accelgor|Spikes|p2a: Kyogre","|-sidestart|p2: xmaycolx|Spikes","|","|-weather|PrimordialSea|[upkeep]","|turn|13","|","|move|p1a: Accelgor|Spikes|p2a: Kyogre","|-sidestart|p2: xmaycolx|Spikes","|move|p2a: Kyogre|Origin Pulse|p1a: Accelgor","|-damage|p1a: Accelgor|0 fnt","|faint|p1a: Accelgor","|","|-weather|PrimordialSea|[upkeep]","|","|switch|p1a: Pachirisu|Pachirisu, L83, M|235/235","|-item|p1a: Pachirisu|Air Balloon","|turn|14","|","|-weather|none","|switch|p2a: Mightyena|Mightyena, L83, M|119/252","|-damage|p2a: Mightyena|77/252|[from] Spikes","|move|p1a: Pachirisu|Super Fang|p2a: Mightyena","|-damage|p2a: Mightyena|39/252","|","|turn|15","|","|move|p1a: Pachirisu|U-turn|p2a: Mightyena","|-crit|p2a: Mightyena","|-supereffective|p2a: Mightyena","|-damage|p2a: Mightyena|0 fnt","|faint|p2a: Mightyena","|","|switch|p1a: Gengar|Gengar, L75, F|214/214","|","|","|switch|p2a: Honchkrow|Honchkrow, L77, F|253/281","|turn|16","|","|move|p1a: Gengar|Will-O-Wisp|p2a: Honchkrow","|-status|p2a: Honchkrow|brn","|move|p2a: Honchkrow|Pursuit|p1a: Gengar","|-supereffective|p1a: Gengar","|-damage|p1a: Gengar|135/214","|-damage|p2a: Honchkrow|225/281 brn|[from] item: Life Orb","|","|-heal|p1a: Gengar|148/214|[from] item: Black Sludge","|-damage|p2a: Honchkrow|190/281 brn|[from] brn","|turn|17","|","|move|p2a: Honchkrow|Sucker Punch|p1a: Gengar","|-supereffective|p1a: Gengar","|-damage|p1a: Gengar|0 fnt","|-damage|p2a: Honchkrow|162/281 brn|[from] item: Life Orb","|faint|p1a: Gengar","|-boost|p2a: Honchkrow|atk|1|[from] ability: Moxie","|","|-damage|p2a: Honchkrow|127/281 brn|[from] brn","|","|switch|p1a: Pachirisu|Pachirisu, L83, M|235/235","|-item|p1a: Pachirisu|Air Balloon","|turn|18","|","|move|p2a: Honchkrow|Sucker Punch|p1a: Pachirisu","|-damage|p1a: Pachirisu|135/235","|-enditem|p1a: Pachirisu|Air Balloon","|-damage|p2a: Honchkrow|99/281 brn|[from] item: Life Orb","|move|p1a: Pachirisu|Thunderbolt|p2a: Honchkrow","|-crit|p2a: Honchkrow","|-supereffective|p2a: Honchkrow","|-damage|p2a: Honchkrow|0 fnt","|faint|p2a: Honchkrow","|","|","|switch|p2a: Staraptor|Staraptor, L76, M|254/254","|turn|19","|","|move|p1a: Pachirisu|Thunderbolt|p2a: Staraptor","|-supereffective|p2a: Staraptor","|-damage|p2a: Staraptor|92/254","|move|p2a: Staraptor|Double-Edge|p1a: Pachirisu","|-damage|p1a: Pachirisu|0 fnt","|-damage|p2a: Staraptor|47/254|[from] recoil|[of] p1a: Pachirisu","|-damage|p2a: Staraptor|22/254|[from] item: Life Orb","|faint|p1a: Pachirisu","|","|win|xmaycolx"],"p1rating":{"entryid":"6844843","serverid":"eos","formatid":"randombattle","userid":"guardtorterra","username":"Guard Torterra","w":"2","l":3,"t":"0","gxe":47.5,"r":"1476.7431176603","rd":"115.9062832713","sigma":"0","rptime":"1438506000","rpr":1480.4573311595,"rprd":106.27431249055,"rpsigma":"0","acre":1032.0314699763,"lacre":1032.0314699763,"oldacre":"1052.6121227826"},"p2rating":{"entryid":7344946,"formatid":"randombattle","userid":"xmaycolx","username":"xmaycolx","r":1500,"rd":130,"sigma":0,"rpr":1538.1065412015,"rprd":122.68348830015,"rpsigma":0,"rptime":1438506000,"w":1,"l":0,"t":0,"gxe":54.8,"acre":1046.011316069,"lacre":1046.011316069,"oldacre":1000},"endType":"normal"}