{"seed":[52903,56588,20266,57996],"turns":18,"p1":"Manu5693","p2":"Emg Met Sheep","p1team":[{"name":"Virizion","moves":["substitute","swordsdance","stoneedge","closecombat"],"ability":"Justified","evs":{"hp":85,"atk":85,"def":85,"spa":85,"spd":85,"spe":85},"ivs":{"hp":31,"atk":31,"def":31,"spa":31,"spd":31,"spe":31},"item":"Leftovers","level":79,"shiny":false},{"name":"Raticate","moves":["swordsdance","flamewheel","facade","suckerpunch"],"ability":"Guts","evs":{"hp":85,"atk":85,"def":85,"spa":85,"spd":85,"spe":85},"ivs":{"hp":31,"atk":31,"def":31,"spa":31,"spd":31,"spe":31},"item":"Toxic Orb","level":83,"shiny":false},{"name":"Azumarill","moves":["waterfall","superpower","playrough","aquajet"],"ability":"Huge Power","evs":{"hp":85,"atk":85,"def":85,"spa":85,"spd":85,"spe":85},"ivs":{"hp":31,"atk":31,"def":31,"spa":31,"spd":31,"spe":31},"item":"Choice Band","level":75,"shiny":false},{"name":"Manectric","moves":["hiddenpowergrass","overheat","voltswitch","thunderbolt"],"ability":"Lightning Rod","evs":{"hp":85,"atk":85,"def":85,"spa":85,"spd":85,"spe":85},"ivs":{"hp":31,"atk":30,"def":31,"spa":30,"spd":31,"spe":31},"item":"Manectite","level":75,"shiny":false},{"name":"Lilligant","moves":["petaldance","quiverdance","hiddenpowerfire","sleeppowder"],"ability":"Own Tempo","evs":{"hp":85,"atk":85,"def":85,"spa":85,"spd":85,"spe":85},"ivs":{"hp":31,"atk":30,"def":31,"spa":30,"spd":31,"spe":30},"item":"Leftovers","level":81,"shiny":false},{"name":"Mandibuzz","moves":["taunt","defog","whirlwind","bravebird"],"ability":"Overcoat","evs":{"hp":81,"atk":89,"def":85,"spa":85,"spd":85,"spe":85},"ivs":{"hp":31,"atk":31,"def":31,"spa":31,"spd":31,"spe":31},"item":"Leftovers","level":77,"shiny":false}],"p2team":[{"name":"Torkoal","moves":["shellsmash","fireblast","hiddenpowergrass","earthpower"],"ability":"White Smoke","evs":{"hp":81,"atk":85,"def":85,"spa":89,"spd":85,"spe":85},"ivs":{"hp":31,"atk":30,"def":31,"spa":30,"spd":31,"spe":31},"item":"White Herb","level":83,"shiny":false},{"name":"Cresselia","moves":["moonblast","toxic","psychic","substitute"],"ability":"Levitate","evs":{"hp":85,"atk":85,"def":85,"spa":85,"spd":85,"spe":85},"ivs":{"hp":31,"atk":31,"def":31,"spa":31,"spd":31,"spe":31},"item":"Leftovers","level":77,"shiny":false},{"name":"Cryogonal","moves":["rapidspin","haze","freezedry","recover"],"ability":"Levitate","evs":{"hp":85,"atk":85,"def":85,"spa":85,"spd":85,"spe":85},"ivs":{"hp":31,"atk":31,"def":31,"spa":31,"spd":31,"spe":31},"item":"Leftovers","level":81,"shiny":false},{"name":"Azumarill","moves":["waterfall","aquajet","playrough","bellydrum"],"ability":"Huge Power","evs":{"hp":85,"atk":85,"def":85,"spa":85,"spd":85,"spe":85},"ivs":{"hp":31,"atk":31,"def":31,"spa":31,"spd":31,"spe":31},"item":"Sitrus Berry","level":75,"shiny":false},{"name":"Jynx","moves":["trick","icebeam","focusblast","psychic"],"ability":"Dry Skin","evs":{"hp":85,"atk":85,"def":85,"spa":85,"spd":85,"spe":85},"ivs":{"hp":31,"atk":31,"def":31,"spa":31,"spd":31,"spe":31},"item":"Choice Specs","level":81,"shiny":false},{"name":"Purugly","moves":["suckerpunch","quickattack","fakeout","return"],"ability":"Thick Fat","evs":{"hp":85,"atk":85,"def":85,"spa":85,"spd":85,"spe":85},"ivs":{"hp":31,"atk":31,"def":31,"spa":31,"spd":31,"spe":31},"item":"Life Orb","level":83,"shiny":false}],"log":["|player|p1|Manu5693|121","|player|p2|Emg Met Sheep|183","|gametype|singles","|gen|6","|tier|Random Battle","|rated","|rule|Sleep Clause Mod: Limit one foe put to sleep","|rule|HP Percentage Mod: HP is shown in percentages","|","|start","|switch|p1a: Virizion|Virizion, L79|273/273","|switch|p2a: Torkoal|Torkoal, L83, F|251/251","|turn|1","|","|switch|p1a: Azumarill|Azumarill, L75, F|274/274","|move|p2a: Torkoal|Shell Smash|p2a: Torkoal","|-unboost|p2a: Torkoal|def|1","|-unboost|p2a: Torkoal|spd|1","|-boost|p2a: Torkoal|atk|2","|-boost|p2a: Torkoal|spa|2","|-boost|p2a: Torkoal|spe|2","|-enditem|p2a: Torkoal|White Herb","|-restoreboost|p2a: Torkoal|[silent]","|","|turn|2","|","|move|p2a: Torkoal|Hidden Power|p1a: Azumarill","|-supereffective|p1a: Azumarill","|-damage|p1a: Azumarill|84/274","|move|p1a: Azumarill|Waterfall|p2a: Torkoal","|-supereffective|p2a: Torkoal","|-damage|p2a: Torkoal|77/251","|","|turn|3","|","|move|p2a: Torkoal|Hidden Power|p1a: Azumarill","|-supereffective|p1a: Azumarill","|-damage|p1a: Azumarill|0 fnt","|faint|p1a: Azumarill","|","|","|switch|p1a: Manectric|Manectric, L75, F|229/229","|turn|4","|","|detailschange|p1a: Manectric|Manectric-Mega, L75, F","|-mega|p1a: Manectric|Manectric|Manectite","|-ability|p1a: Manectric|Intimidate","|-fail|p2a: Torkoal|unboost|[from] ability: White Smoke|[of] p2a: Torkoal","|move|p1a: Manectric|Volt Switch|p2a: Torkoal","|-damage|p2a: Torkoal|0 fnt","|faint|p2a: Torkoal","|","|switch|p1a: Virizion|Virizion, L79|273/273","|","|","|switch|p2a: Cresselia|Cresselia, L77, F|311/311","|turn|5","|","|switch|p1a: Lilligant|Lilligant, L81, F|246/246","|move|p2a: Cresselia|Substitute|p2a: Cresselia","|-start|p2a: Cresselia|Substitute","|-damage|p2a: Cresselia|234/311","|","|-heal|p2a: Cresselia|253/311|[from] item: Leftovers","|turn|6","|","|move|p1a: Lilligant|Quiver Dance|p1a: Lilligant","|-boost|p1a: Lilligant|spa|1","|-boost|p1a: Lilligant|spd|1","|-boost|p1a: Lilligant|spe|1","|move|p2a: Cresselia|Toxic|p1a: Lilligant","|-status|p1a: Lilligant|tox","|","|-heal|p2a: Cresselia|272/311|[from] item: Leftovers","|-damage|p1a: Lilligant|231/246 tox|[from] psn","|turn|7","|","|move|p1a: Lilligant|Petal Dance|p2a: Cresselia","|-end|p2a: Cresselia|Substitute","|move|p2a: Cresselia|Psychic|p1a: Lilligant","|-damage|p1a: Lilligant|182/246 tox","|","|-heal|p1a: Lilligant|197/246 tox|[from] item: Leftovers","|-heal|p2a: Cresselia|291/311|[from] item: Leftovers","|-damage|p1a: Lilligant|167/246 tox|[from] psn","|turn|8","|","|move|p1a: Lilligant|Petal Dance|p2a: Cresselia|[from]lockedmove","|-damage|p2a: Cresselia|128/311","|move|p2a: Cresselia|Psychic|p1a: Lilligant","|-damage|p1a: Lilligant|116/246 tox","|-unboost|p1a: Lilligant|spd|1","|","|-heal|p1a: Lilligant|131/246 tox|[from] item: Leftovers","|-heal|p2a: Cresselia|147/311|[from] item: Leftovers","|-damage|p1a: Lilligant|86/246 tox|[from] psn","|turn|9","|","|move|p1a: Lilligant|Petal Dance|p2a: Cresselia|[from]lockedmove","|-damage|p2a: Cresselia|0 fnt","|-immune|p1a: Lilligant|confusion","|faint|p2a: Cresselia","|","|-heal|p1a: Lilligant|101/246 tox|[from] item: Leftovers","|-damage|p1a: Lilligant|41/246 tox|[from] psn","|","|switch|p2a: Purugly|Purugly, L83, M|254/254","|turn|10","|","|move|p2a: Purugly|Fake Out|p1a: Lilligant","|-damage|p1a: Lilligant|0 fnt","|-damage|p2a: Purugly|229/254|[from] item: Life Orb","|faint|p1a: Lilligant","|","|","|switch|p1a: Virizion|Virizion, L79|273/273","|turn|11","|","|move|p2a: Purugly|Return|p1a: Virizion","|-damage|p1a: Virizion|131/273","|-damage|p2a: Purugly|204/254|[from] item: Life Orb","|move|p1a: Virizion|Close Combat|p2a: Purugly","|-supereffective|p2a: Purugly","|-damage|p2a: Purugly|0 fnt","|-unboost|p1a: Virizion|def|1","|-unboost|p1a: Virizion|spd|1","|faint|p2a: Purugly","|","|-heal|p1a: Virizion|148/273|[from] item: Leftovers","|","|switch|p2a: Jynx|Jynx, L81, F|238/238","|turn|12","|","|move|p1a: Virizion|Stone Edge|p2a: Jynx","|-supereffective|p2a: Jynx","|-damage|p2a: Jynx|16/238","|move|p2a: Jynx|Psychic|p1a: Virizion","|-supereffective|p1a: Virizion","|-damage|p1a: Virizion|0 fnt","|faint|p1a: Virizion","|","|","|switch|p1a: Raticate|Raticate, L83, F|227/227","|turn|13","|","|move|p1a: Raticate|Flame Wheel|p2a: Jynx","|-supereffective|p2a: Jynx","|-damage|p2a: Jynx|0 fnt","|faint|p2a: Jynx","|","|-status|p1a: Raticate|tox|[from] item: Toxic Orb","|","|switch|p2a: Cryogonal|Cryogonal, L81|246/246","|turn|14","|","|move|p2a: Cryogonal|Freeze-Dry|p1a: Raticate","|-damage|p1a: Raticate|151/227 tox","|move|p1a: Raticate|Flame Wheel|p2a: Cryogonal","|-supereffective|p2a: Cryogonal","|-damage|p2a: Cryogonal|10/246","|","|-heal|p2a: Cryogonal|25/246|[from] item: Leftovers","|-damage|p1a: Raticate|137/227 tox|[from] psn","|turn|15","|","|move|p1a: Raticate|Sucker Punch|p2a: Cryogonal","|-damage|p2a: Cryogonal|0 fnt","|faint|p2a: Cryogonal","|","|-damage|p1a: Raticate|109/227 tox|[from] psn","|","|switch|p2a: Azumarill|Azumarill, L75, M|274/274","|turn|16","|","|move|p1a: Raticate|Facade|p2a: Azumarill","|-damage|p2a: Azumarill|49/274","|-enditem|p2a: Azumarill|Sitrus Berry|[eat]","|-heal|p2a: Azumarill|117/274|[from] item: Sitrus Berry","|move|p2a: Azumarill|Belly Drum|p2a: Azumarill","|-fail|p2a: Azumarill","|","|-damage|p1a: Raticate|67/227 tox|[from] psn","|turn|17","|","|move|p2a: Azumarill|Aqua Jet|p1a: Raticate","|-crit|p1a: Raticate","|-damage|p1a: Raticate|0 fnt","|faint|p1a: Raticate","|","|","|switch|p1a: Manectric|Manectric-Mega, L75, F|229/229","|-ability|p1a: Manectric|Intimidate","|-unboost|p2a: Azumarill|atk|1","|turn|18","|","|move|p2a: Azumarill|Aqua Jet|p1a: Manectric","|-damage|p1a: Manectric|196/229","|move|p1a: Manectric|Thunderbolt|p2a: Azumarill","|-supereffective|p2a: Azumarill","|-damage|p2a: Azumarill|0 fnt","|faint|p2a: Azumarill","|","|win|Manu5693"],"p1rating":{"entryid":7383840,"formatid":"randombattle","userid":"manu5693","username":"Manu5693","r":1500,"rd":130,"sigma":0,"rpr":1540.1606143388,"rprd":122.8583080769,"rpsigma":0,"rptime":1438592400,"w":1,"l":0,"t":0,"gxe":55,"acre":1040,"lacre":1040,"oldacre":1000},"p2rating":{"entryid":7383841,"formatid":"randombattle","userid":"emgmetsheep","username":"Emg Met Sheep","r":1500,"rd":130,"sigma":0,"rpr":1459.8393856612,"rprd":122.8583080769,"rpsigma":0,"rptime":1438592400,"w":0,"l":1,"t":0,"gxe":45,"acre":1000,"lacre":1000,"oldacre":1000},"endType":"normal"}