{"seed":[64751,9057,38215,19140],"turns":15,"p1":"IV Jackker","p2":"DownSyndromeDMOC","p1team":[{"name":"Plusle","moves":["nastyplot","substitute","thunderbolt","hiddenpowerice"],"ability":"Lightning Rod","evs":{"hp":85,"atk":85,"def":85,"spa":85,"spd":85,"spe":85},"ivs":{"hp":31,"atk":30,"def":30,"spa":31,"spd":31,"spe":31},"item":"Leftovers","level":83,"shiny":false},{"name":"Accelgor","moves":["encore","yawn","spikes","bugbuzz"],"ability":"Hydration","evs":{"hp":81,"atk":85,"def":85,"spa":89,"spd":85,"spe":85},"ivs":{"hp":31,"atk":31,"def":31,"spa":31,"spd":31,"spe":31},"item":"Leftovers","level":79,"shiny":false},{"name":"Rotom-Fan","moves":["airslash","thunderbolt","voltswitch","willowisp"],"ability":"Levitate","evs":{"hp":85,"atk":85,"def":85,"spa":85,"spd":85,"spe":85},"ivs":{"hp":31,"atk":31,"def":31,"spa":31,"spd":31,"spe":31},"item":"Air Balloon","level":81,"shiny":false},{"name":"Hoopa-Unbound","moves":["focusblast","icepunch","zenheadbutt","hyperspacefury"],"ability":"Magician","evs":{"hp":85,"atk":85,"def":85,"spa":85,"spd":85,"spe":85},"ivs":{"hp":31,"atk":31,"def":31,"spa":31,"spd":31,"spe":31},"item":"Assault Vest","level":75,"shiny":false},{"name":"Darkrai","moves":["darkpulse","nastyplot","substitute","sludgebomb"],"ability":"Bad Dreams","evs":{"hp":85,"atk":85,"def":85,"spa":85,"spd":85,"spe":85},"ivs":{"hp":31,"atk":31,"def":31,"spa":31,"spd":31,"spe":31},"item":"Leftovers","level":73,"shiny":false},{"name":"Torkoal","moves":["shellsmash","hiddenpowergrass","fireblast","yawn"],"ability":"White Smoke","evs":{"hp":81,"atk":85,"def":85,"spa":89,"spd":85,"spe":85},"ivs":{"hp":31,"atk":30,"def":31,"spa":30,"spd":31,"spe":31},"item":"White Herb","level":83,"shiny":false}],"p2team":[{"name":"Beautifly","moves":["psychic","bugbuzz","hiddenpowerrock","gigadrain"],"ability":"Swarm","evs":{"hp":85,"atk":85,"def":85,"spa":85,"spd":85,"spe":85},"ivs":{"hp":31,"atk":31,"def":30,"spa":31,"spd":30,"spe":30},"item":"Choice Specs","level":83,"shiny":false},{"name":"Gogoat","moves":["milkdrink","hornleech","leechseed","earthquake"],"ability":"Sap Sipper","evs":{"hp":85,"atk":85,"def":85,"spa":85,"spd":85,"spe":85},"ivs":{"hp":31,"atk":31,"def":31,"spa":31,"spd":31,"spe":31},"item":"Leftovers","level":83,"shiny":false},{"name":"Toxicroak","moves":["substitute","gunkshot","swordsdance","suckerpunch"],"ability":"Dry Skin","evs":{"hp":85,"atk":85,"def":85,"spa":85,"spd":85,"spe":85},"ivs":{"hp":31,"atk":31,"def":31,"spa":31,"spd":31,"spe":31},"item":"Black Sludge","level":77,"shiny":false},{"name":"Hoopa-Unbound","moves":["darkpulse","nastyplot","psyshock","focusblast"],"ability":"Magician","evs":{"hp":85,"atk":85,"def":85,"spa":85,"spd":85,"spe":85},"ivs":{"hp":31,"atk":31,"def":31,"spa":31,"spd":31,"spe":31},"item":"Life Orb","level":75,"shiny":false},{"name":"Breloom","moves":["machpunch","bulletseed","rocktomb","swordsdance"],"ability":"Technician","evs":{"hp":85,"atk":85,"def":85,"spa":85,"spd":85,"spe":85},"ivs":{"hp":31,"atk":31,"def":31,"spa":31,"spd":31,"spe":31},"item":"Life Orb","level":75,"shiny":false},{"name":"Galvantula","moves":["thunder","stickyweb","gigadrain","bugbuzz"],"ability":"Compound Eyes","evs":{"hp":85,"atk":85,"def":85,"spa":85,"spd":85,"spe":85},"ivs":{"hp":31,"atk":31,"def":31,"spa":31,"spd":31,"spe":31},"item":"Life Orb","level":77,"shiny":false}],"log":["|player|p1|IV Jackker|196","|player|p2|DownSyndromeDMOC|1","|gametype|singles","|gen|6","|tier|Random Battle","|rated","|rule|Sleep Clause Mod: Limit one foe put to sleep","|rule|HP Percentage Mod: HP is shown in percentages","|","|start","|switch|p1a: Plusle|Plusle, L83, F|235/235","|switch|p2a: Beautifly|Beautifly, L83, F|235/235","|turn|1","|","|switch|p2a: Gogoat|Gogoat, L83, M|340/340","|move|p1a: Plusle|Substitute|p1a: Plusle","|-start|p1a: Plusle|Substitute","|-damage|p1a: Plusle|177/235","|","|-heal|p1a: Plusle|191/235|[from] item: Leftovers","|turn|2","|","|move|p1a: Plusle|Nasty Plot|p1a: Plusle","|-boost|p1a: Plusle|spa|2","|move|p2a: Gogoat|Earthquake|p1a: Plusle","|-supereffective|p1a: Plusle","|-end|p1a: Plusle|Substitute","|","|-heal|p1a: Plusle|205/235|[from] item: Leftovers","|turn|3","|","|switch|p1a: Rotom-Fan|Rotom-Fan, L81|214/214","|-item|p1a: Rotom-Fan|Air Balloon","|move|p2a: Gogoat|Leech Seed|p1a: Rotom-Fan","|-start|p1a: Rotom-Fan|move: Leech Seed","|","|-damage|p1a: Rotom-Fan|188/214|[from] Leech Seed|[of] p2a: Gogoat","|turn|4","|","|switch|p2a: Galvantula|Galvantula, L77, F|234/234","|move|p1a: Rotom-Fan|Will-O-Wisp|p2a: Galvantula","|-status|p2a: Galvantula|brn","|","|-damage|p1a: Rotom-Fan|162/214|[from] Leech Seed|[of] p2a: Galvantula","|-damage|p2a: Galvantula|205/234 brn|[from] brn","|turn|5","|","|move|p2a: Galvantula|Sticky Web|p1a: Rotom-Fan","|-sidestart|p1: IV Jackker|move: Sticky Web","|move|p1a: Rotom-Fan|Volt Switch|p2a: Galvantula","|-resisted|p2a: Galvantula","|-damage|p2a: Galvantula|154/234 brn","|","|switch|p1a: Accelgor|Accelgor, L79, F|255/255","|-activate|p1a: Accelgor|move: Sticky Web","|-unboost|p1a: Accelgor|spe|1","|","|-damage|p2a: Galvantula|125/234 brn|[from] brn","|turn|6","|","|move|p2a: Galvantula|Thunder|p1a: Accelgor","|-damage|p1a: Accelgor|72/255","|-damage|p2a: Galvantula|102/234 brn|[from] item: Life Orb","|move|p1a: Accelgor|Spikes|p2a: Galvantula","|-sidestart|p2: DownSyndromeDMOC|Spikes","|","|-heal|p1a: Accelgor|87/255|[from] item: Leftovers","|-damage|p2a: Galvantula|73/234 brn|[from] brn","|turn|7","|","|move|p2a: Galvantula|Bug Buzz|p1a: Accelgor","|-damage|p1a: Accelgor|0 fnt","|-damage|p2a: Galvantula|50/234 brn|[from] item: Life Orb","|faint|p1a: Accelgor","|","|-damage|p2a: Galvantula|21/234 brn|[from] brn","|","|switch|p1a: Rotom-Fan|Rotom-Fan, L81|162/214","|-item|p1a: Rotom-Fan|Air Balloon","|turn|8","|","|move|p2a: Galvantula|Thunder|p1a: Rotom-Fan","|-damage|p1a: Rotom-Fan|49/214","|-enditem|p1a: Rotom-Fan|Air Balloon","|-damage|p2a: Galvantula|0 fnt|[from] item: Life Orb","|faint|p2a: Galvantula","|move|p1a: Rotom-Fan|Thunderbolt|p2: Galvantula|[notarget]","|-notarget","|","|","|switch|p2a: Hoopa-Unbound|Hoopa-Unbound, L75|244/244","|-damage|p2a: Hoopa-Unbound|214/244|[from] Spikes","|turn|9","|","|move|p1a: Rotom-Fan|Will-O-Wisp|p2a: Hoopa-Unbound","|-status|p2a: Hoopa-Unbound|brn","|move|p2a: Hoopa-Unbound|Dark Pulse|p1a: Rotom-Fan","|-damage|p1a: Rotom-Fan|0 fnt","|-damage|p2a: Hoopa-Unbound|190/244 brn|[from] item: Life Orb","|faint|p1a: Rotom-Fan","|","|-damage|p2a: Hoopa-Unbound|160/244 brn|[from] brn","|","|switch|p1a: Darkrai|Darkrai, L73|223/223","|-activate|p1a: Darkrai|move: Sticky Web","|-unboost|p1a: Darkrai|spe|1","|turn|10","|","|move|p2a: Hoopa-Unbound|Focus Blast|p1a: Darkrai","|-supereffective|p1a: Darkrai","|-damage|p1a: Darkrai|0 fnt","|-damage|p2a: Hoopa-Unbound|136/244 brn|[from] item: Life Orb","|faint|p1a: Darkrai","|","|-damage|p2a: Hoopa-Unbound|106/244 brn|[from] brn","|","|switch|p1a: Plusle|Plusle, L83, F|205/235","|-activate|p1a: Plusle|move: Sticky Web","|-unboost|p1a: Plusle|spe|1","|turn|11","|","|move|p2a: Hoopa-Unbound|Psyshock|p1a: Plusle","|-damage|p1a: Plusle|0 fnt","|-damage|p2a: Hoopa-Unbound|82/244 brn|[from] item: Life Orb","|faint|p1a: Plusle","|","|-damage|p2a: Hoopa-Unbound|52/244 brn|[from] brn","|","|switch|p1a: Torkoal|Torkoal, L83, F|251/251","|-activate|p1a: Torkoal|move: Sticky Web","|-fail|p1a: Torkoal|unboost|[from] ability: White Smoke|[of] p1a: Torkoal","|turn|12","|","|move|p2a: Hoopa-Unbound|Dark Pulse|p1a: Torkoal","|-damage|p1a: Torkoal|66/251","|-damage|p2a: Hoopa-Unbound|28/244 brn|[from] item: Life Orb","|move|p1a: Torkoal|Fire Blast|p2a: Hoopa-Unbound","|-damage|p2a: Hoopa-Unbound|0 fnt","|faint|p2a: Hoopa-Unbound","|","|","|switch|p2a: Breloom|Breloom, L75, F|214/214","|-damage|p2a: Breloom|188/214|[from] Spikes","|turn|13","|","|move|p2a: Breloom|Rock Tomb|p1a: Torkoal","|-supereffective|p1a: Torkoal","|-damage|p1a: Torkoal|0 fnt","|-damage|p2a: Breloom|167/214|[from] item: Life Orb","|faint|p1a: Torkoal","|","|","|switch|p1a: Hoopa-Unbound|Hoopa-Unbound, L75|244/244","|-activate|p1a: Hoopa-Unbound|move: Sticky Web","|-unboost|p1a: Hoopa-Unbound|spe|1","|turn|14","|","|move|p2a: Breloom|Bullet Seed|p1a: Hoopa-Unbound","|-damage|p1a: Hoopa-Unbound|170/244","|-damage|p1a: Hoopa-Unbound|96/244","|-damage|p1a: Hoopa-Unbound|18/244","|-hitcount|p1a: Hoopa-Unbound|3","|-damage|p2a: Breloom|146/214|[from] item: Life Orb","|move|p1a: Hoopa-Unbound|Zen Headbutt|p2a: Breloom","|-supereffective|p2a: Breloom","|-damage|p2a: Breloom|0 fnt","|faint|p2a: Breloom","|","|","|switch|p2a: Beautifly|Beautifly, L83, F|235/235","|turn|15","|","|move|p2a: Beautifly|Bug Buzz|p1a: Hoopa-Unbound","|-supereffective|p1a: Hoopa-Unbound","|-damage|p1a: Hoopa-Unbound|0 fnt","|faint|p1a: Hoopa-Unbound","|","|win|DownSyndromeDMOC"],"p1rating":{"entryid":"7400598","serverid":"eos","formatid":"randombattle","userid":"ivjackker","username":"IV Jackker","w":"1","l":1,"t":"0","gxe":50,"r":"1500","rd":"130","sigma":"0","rptime":"1438678800","rpr":1500,"rprd":116.77753930647,"rpsigma":"0","acre":1022.1660277196,"lacre":1022.1660277196,"oldacre":"1040"},"p2rating":{"entryid":7401046,"formatid":"randombattle","userid":"downsyndromedmoc","username":"DownSyndromeDMOC","r":1500,"rd":130,"sigma":0,"rpr":1540.1606143388,"rprd":122.8583080769,"rpsigma":0,"rptime":1438678800,"w":1,"l":0,"t":0,"gxe":55,"acre":1044.584930701,"lacre":1044.584930701,"oldacre":1000},"endType":"normal"}