{"seed":[47872,8021,42585,49013],"turns":22,"p1":"Trainer.Valerie","p2":"jorvi 2","p1team":[{"name":"Latios","moves":["dracometeor","defog","roost","psyshock"],"ability":"Levitate","evs":{"hp":85,"atk":85,"def":85,"spa":85,"spd":85,"spe":85},"ivs":{"hp":31,"atk":31,"def":31,"spa":31,"spd":31,"spe":31},"item":"Latiosite","level":75,"shiny":false},{"name":"Sylveon","moves":["shadowball","calmmind","wish","hypervoice"],"ability":"Pixilate","evs":{"hp":85,"atk":85,"def":85,"spa":85,"spd":85,"spe":85},"ivs":{"hp":31,"atk":31,"def":31,"spa":31,"spd":31,"spe":31},"item":"Leftovers","level":75,"shiny":false},{"name":"Virizion","moves":["focusblast","stoneedge","substitute","gigadrain"],"ability":"Justified","evs":{"hp":85,"atk":85,"def":85,"spa":85,"spd":85,"spe":85},"ivs":{"hp":31,"atk":31,"def":31,"spa":31,"spd":31,"spe":31},"item":"Leftovers","level":79,"shiny":false},{"name":"Walrein","moves":["icebeam","roar","protect","substitute"],"ability":"Thick Fat","evs":{"hp":85,"atk":85,"def":85,"spa":85,"spd":85,"spe":85},"ivs":{"hp":31,"atk":31,"def":31,"spa":31,"spd":31,"spe":31},"item":"Leftovers","level":83,"shiny":false},{"name":"Lugia","moves":["dragontail","roost","aeroblast","substitute"],"ability":"Multiscale","evs":{"hp":85,"atk":85,"def":85,"spa":85,"spd":85,"spe":85},"ivs":{"hp":31,"atk":31,"def":31,"spa":31,"spd":31,"spe":31},"item":"Leftovers","level":73,"shiny":false},{"name":"Dusknoir","moves":["earthquake","shadowsneak","icepunch","willowisp"],"ability":"Pressure","evs":{"hp":85,"atk":85,"def":85,"spa":85,"spd":85,"spe":85},"ivs":{"hp":31,"atk":31,"def":31,"spa":31,"spd":31,"spe":31},"item":"Leftovers","level":83,"shiny":false}],"p2team":[{"name":"Heatmor","moves":["suckerpunch","focusblast","fireblast","knockoff"],"ability":"Flash Fire","evs":{"hp":85,"atk":85,"def":85,"spa":85,"spd":85,"spe":85},"ivs":{"hp":31,"atk":31,"def":31,"spa":31,"spd":31,"spe":31},"item":"Life Orb","level":83,"shiny":false},{"name":"Sandslash","moves":["knockoff","swordsdance","earthquake","rapidspin"],"ability":"Sand Rush","evs":{"hp":85,"atk":85,"def":85,"spa":85,"spd":85,"spe":85},"ivs":{"hp":31,"atk":31,"def":31,"spa":31,"spd":31,"spe":31},"item":"Life Orb","level":81,"shiny":false},{"name":"Shedinja","moves":["xscissor","willowisp","shadowclaw","swordsdance"],"ability":"Wonder Guard","evs":{"hp":0,"atk":255,"def":0,"spa":85,"spd":0,"spe":85},"ivs":{"hp":31,"atk":31,"def":31,"spa":31,"spd":31,"spe":31},"item":"Focus Sash","level":83,"shiny":false},{"name":"Houndoom","moves":["fireblast","nastyplot","darkpulse","taunt"],"ability":"Early Bird","evs":{"hp":85,"atk":85,"def":85,"spa":85,"spd":85,"spe":85},"ivs":{"hp":31,"atk":31,"def":31,"spa":31,"spd":31,"spe":31},"item":"Houndoominite","level":78,"shiny":false},{"name":"Durant","moves":["xscissor","ironhead","superpower","honeclaws"],"ability":"Hustle","evs":{"hp":85,"atk":85,"def":85,"spa":85,"spd":85,"spe":85},"ivs":{"hp":31,"atk":31,"def":31,"spa":31,"spd":31,"spe":31},"item":"Life Orb","level":79,"shiny":false},{"name":"Absol","moves":["superpower","swordsdance","suckerpunch","playrough"],"ability":"Justified","evs":{"hp":85,"atk":85,"def":85,"spa":85,"spd":85,"spe":85},"ivs":{"hp":31,"atk":31,"def":31,"spa":31,"spd":31,"spe":31},"item":"Life Orb","level":77,"shiny":false}],"log":["|player|p1|Trainer.Valerie|101","|player|p2|jorvi 2|jorvi2.png","|gametype|singles","|gen|6","|tier|Random Battle","|rated","|rule|Sleep Clause Mod: Limit one foe put to sleep","|rule|HP Percentage Mod: HP is shown in percentages","|","|start","|switch|p1a: Latios|Latios, L75, M|244/244","|switch|p2a: Heatmor|Heatmor, L83, F|277/277","|turn|1","|","|detailschange|p1a: Latios|Latios-Mega, L75, M","|-mega|p1a: Latios|Latios|Latiosite","|move|p2a: Heatmor|Sucker Punch|p1a: Latios","|-supereffective|p1a: Latios","|-damage|p1a: Latios|96/244","|-damage|p2a: Heatmor|250/277|[from] item: Life Orb","|move|p1a: Latios|Psyshock|p2a: Heatmor","|-damage|p2a: Heatmor|117/277","|","|turn|2","|","|switch|p1a: Sylveon|Sylveon, L75, M|266/266","|move|p2a: Heatmor|Sucker Punch|p1a: Sylveon","|-fail|p2a: Heatmor","|","|turn|3","|","|move|p2a: Heatmor|Fire Blast|p1a: Sylveon","|-damage|p1a: Sylveon|141/266","|-damage|p2a: Heatmor|90/277|[from] item: Life Orb","|move|p1a: Sylveon|Calm Mind|p1a: Sylveon","|-boost|p1a: Sylveon|spa|1","|-boost|p1a: Sylveon|spd|1","|","|-heal|p1a: Sylveon|157/266|[from] item: Leftovers","|turn|4","|","|move|p2a: Heatmor|Fire Blast|p1a: Sylveon","|-damage|p1a: Sylveon|70/266","|-damage|p2a: Heatmor|63/277|[from] item: Life Orb","|move|p1a: Sylveon|Calm Mind|p1a: Sylveon","|-boost|p1a: Sylveon|spa|1","|-boost|p1a: Sylveon|spd|1","|","|-heal|p1a: Sylveon|86/266|[from] item: Leftovers","|turn|5","|","|move|p2a: Heatmor|Fire Blast|p1a: Sylveon","|-damage|p1a: Sylveon|24/266","|-damage|p2a: Heatmor|36/277|[from] item: Life Orb","|move|p1a: Sylveon|Wish|p1a: Sylveon","|","|-heal|p1a: Sylveon|40/266|[from] item: Leftovers","|turn|6","|","|move|p2a: Heatmor|Fire Blast|p1a: Sylveon","|-damage|p1a: Sylveon|0 fnt","|-damage|p2a: Heatmor|9/277|[from] item: Life Orb","|faint|p1a: Sylveon","|","|","|switch|p1a: Latios|Latios-Mega, L75, M|96/244","|turn|7","|","|move|p2a: Heatmor|Sucker Punch|p1a: Latios","|-fail|p2a: Heatmor","|move|p1a: Latios|Roost|p1a: Latios","|-heal|p1a: Latios|218/244","|","|turn|8","|","|switch|p1a: Dusknoir|Dusknoir, L83, M|210/210","|-ability|p1a: Dusknoir|Pressure","|move|p2a: Heatmor|Sucker Punch|p1a: Dusknoir","|-fail|p2a: Heatmor","|","|turn|9","|","|move|p2a: Heatmor|Sucker Punch|p1a: Dusknoir","|-supereffective|p1a: Dusknoir","|-damage|p1a: Dusknoir|109/210","|-damage|p2a: Heatmor|0 fnt|[from] item: Life Orb","|faint|p2a: Heatmor","|move|p1a: Dusknoir|Shadow Sneak|p2: Heatmor|[notarget]","|-notarget","|","|-heal|p1a: Dusknoir|122/210|[from] item: Leftovers","|","|switch|p2a: Houndoom|Houndoom, L78, F|245/245","|turn|10","|","|switch|p1a: Virizion|Virizion, L79|273/273","|detailschange|p2a: Houndoom|Houndoom-Mega, L78, F","|-mega|p2a: Houndoom|Houndoom|Houndoominite","|move|p2a: Houndoom|Dark Pulse|p1a: Virizion","|-resisted|p1a: Virizion","|-damage|p1a: Virizion|232/273","|-boost|p1a: Virizion|atk|1|[from] ability: Justified","|","|-heal|p1a: Virizion|249/273|[from] item: Leftovers","|turn|11","|","|move|p2a: Houndoom|Fire Blast|p1a: Virizion","|-supereffective|p1a: Virizion","|-damage|p1a: Virizion|51/273","|move|p1a: Virizion|Focus Blast|p2a: Houndoom","|-supereffective|p2a: Houndoom","|-damage|p2a: Houndoom|0 fnt","|faint|p2a: Houndoom","|","|-heal|p1a: Virizion|68/273|[from] item: Leftovers","|","|switch|p2a: Shedinja|Shedinja, L83|1/1","|turn|12","|","|move|p1a: Virizion|Stone Edge|p2a: Shedinja","|-supereffective|p2a: Shedinja","|-enditem|p2a: Shedinja|Focus Sash","|-damage|p2a: Shedinja|1/1","|move|p2a: Shedinja|Will-O-Wisp|p1a: Virizion","|-status|p1a: Virizion|brn","|","|-heal|p1a: Virizion|85/273 brn|[from] item: Leftovers","|-damage|p1a: Virizion|51/273 brn|[from] brn","|turn|13","|","|move|p1a: Virizion|Stone Edge|p2a: Shedinja","|-supereffective|p2a: Shedinja","|-damage|p2a: Shedinja|0 fnt","|faint|p2a: Shedinja","|","|-heal|p1a: Virizion|68/273 brn|[from] item: Leftovers","|-damage|p1a: Virizion|34/273 brn|[from] brn","|","|switch|p2a: Durant|Durant, L79, M|221/221","|turn|14","|","|move|p2a: Durant|X-Scissor|p1a: Virizion","|-crit|p1a: Virizion","|-damage|p1a: Virizion|0 fnt","|-damage|p2a: Durant|199/221|[from] item: Life Orb","|faint|p1a: Virizion","|","|","|switch|p1a: Dusknoir|Dusknoir, L83, M|122/210","|-ability|p1a: Dusknoir|Pressure","|turn|15","|","|move|p2a: Durant|Hone Claws|p2a: Durant","|-boost|p2a: Durant|atk|1","|-boost|p2a: Durant|accuracy|1","|move|p1a: Dusknoir|Will-O-Wisp|p2a: Durant","|-status|p2a: Durant|brn","|","|-heal|p1a: Dusknoir|135/210|[from] item: Leftovers","|-damage|p2a: Durant|172/221 brn|[from] brn","|turn|16","|","|move|p2a: Durant|X-Scissor|p1a: Dusknoir","|-resisted|p1a: Dusknoir","|-damage|p1a: Dusknoir|95/210","|-damage|p2a: Durant|150/221 brn|[from] item: Life Orb","|move|p1a: Dusknoir|Earthquake|p2a: Durant","|-damage|p2a: Durant|87/221 brn","|","|-heal|p1a: Dusknoir|108/210|[from] item: Leftovers","|-damage|p2a: Durant|60/221 brn|[from] brn","|turn|17","|","|move|p1a: Dusknoir|Shadow Sneak|p2a: Durant","|-damage|p2a: Durant|20/221 brn","|move|p2a: Durant|Iron Head|p1a: Dusknoir","|-damage|p1a: Dusknoir|26/210","|-damage|p2a: Durant|0 fnt|[from] item: Life Orb","|faint|p2a: Durant","|","|-heal|p1a: Dusknoir|39/210|[from] item: Leftovers","|","|switch|p2a: Absol|Absol, L77, F|227/227","|turn|18","|","|move|p2a: Absol|Sucker Punch|p1a: Dusknoir","|-fail|p2a: Absol","|move|p1a: Dusknoir|Will-O-Wisp|p2a: Absol","|-status|p2a: Absol|brn","|","|-heal|p1a: Dusknoir|52/210|[from] item: Leftovers","|-damage|p2a: Absol|199/227 brn|[from] brn","|turn|19","|","|switch|p1a: Walrein|Walrein, L83, F|318/318","|move|p2a: Absol|Sucker Punch|p1a: Walrein","|-fail|p2a: Absol","|","|-damage|p2a: Absol|171/227 brn|[from] brn","|turn|20","|","|move|p2a: Absol|Superpower|p1a: Walrein","|-supereffective|p1a: Walrein","|-damage|p1a: Walrein|210/318","|-unboost|p2a: Absol|atk|1","|-unboost|p2a: Absol|def|1","|-damage|p2a: Absol|149/227 brn|[from] item: Life Orb","|move|p1a: Walrein|Substitute|p1a: Walrein","|-start|p1a: Walrein|Substitute","|-damage|p1a: Walrein|131/318","|","|-heal|p1a: Walrein|150/318|[from] item: Leftovers","|-damage|p2a: Absol|121/227 brn|[from] brn","|turn|21","|","|move|p1a: Walrein|Protect|p1a: Walrein","|-singleturn|p1a: Walrein|Protect","|move|p2a: Absol|Play Rough|p1a: Walrein","|-activate|p1a: Walrein|Protect","|","|-heal|p1a: Walrein|169/318|[from] item: Leftovers","|-damage|p2a: Absol|93/227 brn|[from] brn","|turn|22","|","|win|Trainer.Valerie"],"p1rating":{"entryid":"6427721","serverid":"eos","formatid":"randombattle","userid":"trainervalerie","username":"Trainer.Valerie","w":4,"l":"1","t":"0","gxe":62.6,"r":"1577.3053778054","rd":"123.72135689213","sigma":"0","rptime":"1438678800","rpr":1601.6215835617,"rprd":107.69507990275,"rpsigma":"0","acre":1100.1266122099,"lacre":1100.1266122099,"oldacre":"1078.0935721366"},"p2rating":{"entryid":7398035,"formatid":"randombattle","userid":"jorvi2","username":"jorvi 2","r":1500,"rd":130,"sigma":0,"rpr":1467.7208344467,"rprd":123.04497987163,"rpsigma":0,"rptime":1438678800,"w":0,"l":1,"t":0,"gxe":46,"acre":1000,"lacre":1000,"oldacre":1000},"endType":"forfeit"}