{"seed":[4377,34721,4037,49782],"turns":31,"p1":"gucciguilty","p2":"johnny gimmicky","p1team":[{"name":"Masquerain","moves":["bugbuzz","hydropump","roost","quiverdance"],"ability":"Intimidate","evs":{"hp":81,"atk":85,"def":85,"spa":89,"spd":85,"spe":85},"ivs":{"hp":31,"atk":31,"def":31,"spa":31,"spd":31,"spe":31},"item":"Focus Sash","level":83,"shiny":false},{"name":"Gengar","moves":["protect","perishsong","sludgewave","focusblast"],"ability":"Levitate","evs":{"hp":85,"atk":85,"def":85,"spa":85,"spd":85,"spe":85},"ivs":{"hp":31,"atk":31,"def":31,"spa":31,"spd":31,"spe":31},"item":"Gengarite","level":73,"shiny":false},{"name":"Rotom","moves":["substitute","hiddenpowerice","willowisp","thunderbolt"],"ability":"Levitate","evs":{"hp":85,"atk":85,"def":85,"spa":85,"spd":85,"spe":85},"ivs":{"hp":31,"atk":30,"def":30,"spa":31,"spd":31,"spe":31},"item":"Leftovers","level":81,"shiny":false},{"name":"Steelix","moves":["toxic","stealthrock","rockslide","earthquake"],"ability":"Sheer Force","evs":{"hp":85,"atk":85,"def":85,"spa":85,"spd":85,"spe":85},"ivs":{"hp":31,"atk":31,"def":31,"spa":31,"spd":31,"spe":31},"item":"Life Orb","level":79,"shiny":false},{"name":"Girafarig","moves":["hypervoice","psyshock","thunderbolt","substitute"],"ability":"Sap Sipper","evs":{"hp":85,"atk":85,"def":85,"spa":85,"spd":85,"spe":85},"ivs":{"hp":31,"atk":31,"def":31,"spa":31,"spd":31,"spe":31},"item":"Leftovers","level":83,"shiny":false},{"name":"Shaymin-Sky","moves":["airslash","healingwish","seedflare","leechseed"],"ability":"Serene Grace","evs":{"hp":85,"atk":85,"def":85,"spa":85,"spd":85,"spe":85},"ivs":{"hp":31,"atk":31,"def":31,"spa":31,"spd":31,"spe":31},"item":"Leftovers","level":73,"shiny":false}],"p2team":[{"name":"Keldeo","moves":["substitute","hiddenpowerelectric","scald","secretsword"],"ability":"Justified","evs":{"hp":85,"atk":85,"def":85,"spa":85,"spd":85,"spe":85},"ivs":{"hp":31,"atk":31,"def":31,"spa":30,"spd":31,"spe":31},"item":"Leftovers","level":75,"shiny":false},{"name":"Gourgeist","moves":["shadowsneak","substitute","leechseed","synthesis"],"ability":"Insomnia","evs":{"hp":85,"atk":85,"def":85,"spa":85,"spd":85,"spe":85},"ivs":{"hp":31,"atk":31,"def":31,"spa":31,"spd":31,"spe":31},"item":"Leftovers","level":83,"shiny":false},{"name":"Mesprit","moves":["calmmind","icebeam","energyball","psyshock"],"ability":"Levitate","evs":{"hp":85,"atk":85,"def":85,"spa":85,"spd":85,"spe":85},"ivs":{"hp":31,"atk":31,"def":31,"spa":31,"spd":31,"spe":31},"item":"Leftovers","level":81,"shiny":false},{"name":"Shiftry","moves":["lowkick","leafstorm","swordsdance","suckerpunch"],"ability":"Early Bird","evs":{"hp":85,"atk":85,"def":85,"spa":85,"spd":85,"spe":85},"ivs":{"hp":31,"atk":31,"def":31,"spa":31,"spd":31,"spe":31},"item":"Life Orb","level":79,"shiny":false},{"name":"Rotom-Fan","moves":["trick","willowisp","thunderbolt","voltswitch"],"ability":"Levitate","evs":{"hp":85,"atk":85,"def":85,"spa":85,"spd":85,"spe":85},"ivs":{"hp":31,"atk":31,"def":31,"spa":31,"spd":31,"spe":31},"item":"Air Balloon","level":81,"shiny":false},{"name":"Pinsir","moves":["closecombat","swordsdance","earthquake","quickattack"],"ability":"Mold Breaker","evs":{"hp":81,"atk":89,"def":85,"spa":85,"spd":85,"spe":85},"ivs":{"hp":31,"atk":31,"def":31,"spa":31,"spd":31,"spe":31},"item":"Pinsirite","level":76,"shiny":false}],"log":["|player|p1|gucciguilty|1","|player|p2|johnny gimmicky|47","|gametype|singles","|gen|6","|tier|Random Battle","|rated","|rule|Sleep Clause Mod: Limit one foe put to sleep","|rule|HP Percentage Mod: HP is shown in percentages","|","|start","|switch|p1a: Masquerain|Masquerain, L83, M|251/251","|switch|p2a: Keldeo|Keldeo, L75|260/260","|-ability|p1a: Masquerain|Intimidate","|-unboost|p2a: Keldeo|atk|1","|turn|1","|","|switch|p1a: Rotom|Rotom, L81|214/214","|move|p2a: Keldeo|Scald|p1a: Rotom","|-damage|p1a: Rotom|115/214","|","|-heal|p1a: Rotom|128/214|[from] item: Leftovers","|turn|2","|","|move|p2a: Keldeo|Scald|p1a: Rotom","|-damage|p1a: Rotom|32/214","|-status|p1a: Rotom|brn","|move|p1a: Rotom|Substitute|p1a: Rotom","|-fail|p1a: Rotom|move: Substitute|[weak]","|","|-heal|p1a: Rotom|45/214 brn|[from] item: Leftovers","|-damage|p1a: Rotom|19/214 brn|[from] brn","|turn|3","|","|move|p2a: Keldeo|Scald|p1a: Rotom","|-damage|p1a: Rotom|0 fnt","|faint|p1a: Rotom","|","|","|switch|p1a: Girafarig|Girafarig, L83, M|252/252","|turn|4","|","|move|p2a: Keldeo|Secret Sword|p1a: Girafarig","|-damage|p1a: Girafarig|146/252","|move|p1a: Girafarig|Thunderbolt|p2a: Keldeo","|-supereffective|p2a: Keldeo","|-damage|p2a: Keldeo|120/260","|-status|p2a: Keldeo|par","|","|-heal|p1a: Girafarig|161/252|[from] item: Leftovers","|-heal|p2a: Keldeo|136/260 par|[from] item: Leftovers","|turn|5","|","|move|p1a: Girafarig|Thunderbolt|p2a: Keldeo","|-supereffective|p2a: Keldeo","|-damage|p2a: Keldeo|10/260 par","|move|p2a: Keldeo|Scald|p1a: Girafarig","|-damage|p1a: Girafarig|47/252","|","|-heal|p1a: Girafarig|62/252|[from] item: Leftovers","|-heal|p2a: Keldeo|26/260 par|[from] item: Leftovers","|turn|6","|","|move|p1a: Girafarig|Hyper Voice|p2a: Keldeo","|-damage|p2a: Keldeo|0 fnt","|faint|p2a: Keldeo","|","|-heal|p1a: Girafarig|77/252|[from] item: Leftovers","|","|switch|p2a: Shiftry|Shiftry, L79, F|272/272","|turn|7","|","|move|p2a: Shiftry|Sucker Punch|p1a: Girafarig","|-supereffective|p1a: Girafarig","|-damage|p1a: Girafarig|0 fnt","|-damage|p2a: Shiftry|245/272|[from] item: Life Orb","|faint|p1a: Girafarig","|","|","|switch|p1a: Masquerain|Masquerain, L83, M|251/251","|-ability|p1a: Masquerain|Intimidate","|-unboost|p2a: Shiftry|atk|1","|turn|8","|","|switch|p2a: Rotom-Fan|Rotom-Fan, L81|214/214","|-item|p2a: Rotom-Fan|Air Balloon","|move|p1a: Masquerain|Quiver Dance|p1a: Masquerain","|-boost|p1a: Masquerain|spa|1","|-boost|p1a: Masquerain|spd|1","|-boost|p1a: Masquerain|spe|1","|","|turn|9","|","|move|p1a: Masquerain|Quiver Dance|p1a: Masquerain","|-boost|p1a: Masquerain|spa|1","|-boost|p1a: Masquerain|spd|1","|-boost|p1a: Masquerain|spe|1","|move|p2a: Rotom-Fan|Thunderbolt|p1a: Masquerain","|-supereffective|p1a: Masquerain","|-damage|p1a: Masquerain|143/251","|","|turn|10","|","|move|p1a: Masquerain|Quiver Dance|p1a: Masquerain","|-boost|p1a: Masquerain|spa|1","|-boost|p1a: Masquerain|spd|1","|-boost|p1a: Masquerain|spe|1","|move|p2a: Rotom-Fan|Thunderbolt|p1a: Masquerain","|-supereffective|p1a: Masquerain","|-damage|p1a: Masquerain|53/251","|","|turn|11","|","|move|p1a: Masquerain|Roost|p1a: Masquerain","|-heal|p1a: Masquerain|179/251","|move|p2a: Rotom-Fan|Thunderbolt|p1a: Masquerain","|-damage|p1a: Masquerain|136/251","|","|turn|12","|","|move|p1a: Masquerain|Quiver Dance|p1a: Masquerain","|-boost|p1a: Masquerain|spa|1","|-boost|p1a: Masquerain|spd|1","|-boost|p1a: Masquerain|spe|1","|move|p2a: Rotom-Fan|Thunderbolt|p1a: Masquerain","|-supereffective|p1a: Masquerain","|-damage|p1a: Masquerain|68/251","|","|turn|13","|","|move|p1a: Masquerain|Roost|p1a: Masquerain","|-heal|p1a: Masquerain|194/251","|move|p2a: Rotom-Fan|Thunderbolt|p1a: Masquerain","|-damage|p1a: Masquerain|161/251","|","|turn|14","|","|move|p1a: Masquerain|Quiver Dance|p1a: Masquerain","|-boost|p1a: Masquerain|spa|1","|-boost|p1a: Masquerain|spd|1","|-boost|p1a: Masquerain|spe|1","|move|p2a: Rotom-Fan|Volt Switch|p1a: Masquerain","|-supereffective|p1a: Masquerain","|-damage|p1a: Masquerain|111/251","|","|switch|p2a: Pinsir|Pinsir, L76, F|223/223","|-ability|p2a: Pinsir|Mold Breaker","|","|turn|15","|","|detailschange|p2a: Pinsir|Pinsir-Mega, L76, F","|-mega|p2a: Pinsir|Pinsir|Pinsirite","|move|p2a: Pinsir|Quick Attack|p1a: Masquerain","|-supereffective|p1a: Masquerain","|-damage|p1a: Masquerain|0 fnt","|faint|p1a: Masquerain","|","|","|switch|p1a: Steelix|Steelix, L79, F|248/248","|turn|16","|","|switch|p2a: Gourgeist|Gourgeist, L83, F|244/244","|move|p1a: Steelix|Toxic|p2a: Gourgeist","|-status|p2a: Gourgeist|tox","|","|-damage|p2a: Gourgeist|229/244 tox|[from] psn","|turn|17","|","|switch|p1a: Gengar|Gengar, L73, M|208/208","|move|p2a: Gourgeist|Leech Seed|p1a: Gengar","|-start|p1a: Gengar|move: Leech Seed","|","|-heal|p2a: Gourgeist|244/244 tox|[from] item: Leftovers","|-damage|p1a: Gengar|182/208|[from] Leech Seed|[of] p2a: Gourgeist","|-damage|p2a: Gourgeist|214/244 tox|[from] psn","|turn|18","|","|detailschange|p1a: Gengar|Gengar-Mega, L73, M","|-mega|p1a: Gengar|Gengar|Gengarite","|move|p2a: Gourgeist|Shadow Sneak|p1a: Gengar","|-supereffective|p1a: Gengar","|-damage|p1a: Gengar|78/208","|move|p1a: Gengar|Sludge Wave|p2a: Gourgeist","|-damage|p2a: Gourgeist|85/244 tox","|","|-heal|p2a: Gourgeist|100/244 tox|[from] item: Leftovers","|-damage|p1a: Gengar|52/208|[from] Leech Seed|[of] p2a: Gourgeist","|-heal|p2a: Gourgeist|126/244 tox|[silent]","|-damage|p2a: Gourgeist|81/244 tox|[from] psn","|turn|19","|","|switch|p1a: Shaymin-Sky|Shaymin-Sky, L73|266/266","|move|p2a: Gourgeist|Synthesis|p2a: Gourgeist","|-heal|p2a: Gourgeist|203/244 tox","|","|-heal|p2a: Gourgeist|218/244 tox|[from] item: Leftovers","|-damage|p2a: Gourgeist|158/244 tox|[from] psn","|turn|20","|","|switch|p2a: Rotom-Fan|Rotom-Fan, L81|214/214","|-item|p2a: Rotom-Fan|Air Balloon","|move|p1a: Shaymin-Sky|Leech Seed|p2a: Rotom-Fan|[miss]","|-miss|p1a: Shaymin-Sky|p2a: Rotom-Fan","|","|turn|21","|","|move|p1a: Shaymin-Sky|Leech Seed|p2a: Rotom-Fan","|-start|p2a: Rotom-Fan|move: Leech Seed","|move|p2a: Rotom-Fan|Volt Switch|p1a: Shaymin-Sky","|-damage|p1a: Shaymin-Sky|170/266","|","|switch|p2a: Pinsir|Pinsir-Mega, L76, F|223/223","|","|-heal|p1a: Shaymin-Sky|186/266|[from] item: Leftovers","|turn|22","|","|move|p2a: Pinsir|Quick Attack|p1a: Shaymin-Sky","|-supereffective|p1a: Shaymin-Sky","|-damage|p1a: Shaymin-Sky|6/266","|move|p1a: Shaymin-Sky|Air Slash|p2a: Pinsir","|-supereffective|p2a: Pinsir","|-damage|p2a: Pinsir|67/223","|","|-heal|p1a: Shaymin-Sky|22/266|[from] item: Leftovers","|turn|23","|","|move|p1a: Shaymin-Sky|Healing Wish|p1a: Shaymin-Sky","|faint|p1a: Shaymin-Sky","|move|p2a: Pinsir|Swords Dance|p2a: Pinsir","|-boost|p2a: Pinsir|atk|2","|","|","|switch|p1a: Gengar|Gengar-Mega, L73, M|52/208","|-heal|p1a: Gengar|208/208|[from] move: Healing Wish","|turn|24","|","|move|p2a: Pinsir|Quick Attack|p1a: Gengar","|-damage|p1a: Gengar|34/208","|move|p1a: Gengar|Sludge Wave|p2a: Pinsir","|-damage|p2a: Pinsir|0 fnt","|faint|p2a: Pinsir","|","|","|switch|p2a: Gourgeist|Gourgeist, L83, F|158/244 tox","|turn|25","|","|move|p1a: Gengar|Protect|p1a: Gengar","|-singleturn|p1a: Gengar|Protect","|move|p2a: Gourgeist|Leech Seed|p1a: Gengar","|-activate|p1a: Gengar|Protect","|","|-heal|p2a: Gourgeist|173/244 tox|[from] item: Leftovers","|-damage|p2a: Gourgeist|158/244 tox|[from] psn","|turn|26","|","|switch|p1a: Steelix|Steelix, L79, F|248/248","|move|p2a: Gourgeist|Shadow Sneak|p1a: Steelix","|-damage|p1a: Steelix|224/248","|","|-heal|p2a: Gourgeist|173/244 tox|[from] item: Leftovers","|-damage|p2a: Gourgeist|143/244 tox|[from] psn","|turn|27","|","|move|p2a: Gourgeist|Leech Seed|p1a: Steelix","|-start|p1a: Steelix|move: Leech Seed","|move|p1a: Steelix|Stealth Rock|p2a: Gourgeist","|-sidestart|p2: johnny gimmicky|move: Stealth Rock","|","|-heal|p2a: Gourgeist|158/244 tox|[from] item: Leftovers","|-damage|p1a: Steelix|193/248|[from] Leech Seed|[of] p2a: Gourgeist","|-heal|p2a: Gourgeist|189/244 tox|[silent]","|-damage|p2a: Gourgeist|144/244 tox|[from] psn","|turn|28","|","|switch|p2a: Shiftry|Shiftry, L79, F|245/272","|-damage|p2a: Shiftry|211/272|[from] Stealth Rock","|move|p1a: Steelix|Rock Slide|p2a: Shiftry","|-damage|p2a: Shiftry|106/272","|","|-damage|p1a: Steelix|162/248|[from] Leech Seed|[of] p2a: Shiftry","|-heal|p2a: Shiftry|137/272|[silent]","|turn|29","|","|switch|p1a: Gengar|Gengar-Mega, L73, M|34/208","|move|p2a: Shiftry|Leaf Storm|p1a: Gengar","|-resisted|p1a: Gengar","|-damage|p1a: Gengar|0 fnt","|-unboost|p2a: Shiftry|spa|2","|-damage|p2a: Shiftry|110/272|[from] item: Life Orb","|faint|p1a: Gengar","|","|","|switch|p1a: Steelix|Steelix, L79, F|162/248","|turn|30","|","|move|p2a: Shiftry|Leaf Storm|p1a: Steelix","|-damage|p1a: Steelix|59/248","|-unboost|p2a: Shiftry|spa|2","|-damage|p2a: Shiftry|83/272|[from] item: Life Orb","|move|p1a: Steelix|Rock Slide|p2a: Shiftry","|-damage|p2a: Shiftry|0 fnt","|faint|p2a: Shiftry","|","|","|switch|p2a: Mesprit|Mesprit, L81|262/262","|-damage|p2a: Mesprit|230/262|[from] Stealth Rock","|turn|31","|","|move|p2a: Mesprit|Energy Ball|p1a: Steelix","|-damage|p1a: Steelix|0 fnt","|faint|p1a: Steelix","|","|win|johnny gimmicky"],"p1rating":{"entryid":7401901,"formatid":"randombattle","userid":"gucciguilty","username":"gucciguilty","r":1500,"rd":130,"sigma":0,"rpr":1459.8393856612,"rprd":122.8583080769,"rpsigma":0,"rptime":1438678800,"w":0,"l":1,"t":0,"gxe":45,"acre":1000,"lacre":1000,"oldacre":1000},"p2rating":{"entryid":"7401809","serverid":"eos","formatid":"randombattle","userid":"johnnygimmicky","username":"johnny gimmicky","w":2,"l":"0","t":"0","gxe":59,"r":"1500","rd":"130","sigma":"0","rptime":"1438678800","rpr":1572.5671258289,"rprd":116.77753930647,"rpsigma":"0","acre":1070.1028089042,"lacre":1070.1028089042,"oldacre":"1040"},"endType":"normal"}