{"seed":[40075,3674,37312,32192],"turns":17,"p1":"allpro","p2":"yanl","p1team":[{"name":"Cinccino","moves":["knockoff","uturn","tailslap","bulletseed"],"ability":"Technician","evs":{"hp":85,"atk":85,"def":85,"spa":85,"spd":85,"spe":85},"ivs":{"hp":31,"atk":31,"def":31,"spa":31,"spd":31,"spe":31},"item":"Choice Band","level":79,"shiny":false},{"name":"Wobbuffet","moves":["encore","counter","mirrorcoat","destinybond"],"ability":"Shadow Tag","evs":{"hp":85,"atk":85,"def":85,"spa":85,"spd":85,"spe":85},"ivs":{"hp":31,"atk":31,"def":31,"spa":31,"spd":31,"spe":31},"item":"Leftovers","level":79,"shiny":false},{"name":"Magcargo","moves":["hiddenpowergrass","shellsmash","fireblast","toxic"],"ability":"Flame Body","evs":{"hp":85,"atk":85,"def":85,"spa":85,"spd":85,"spe":85},"ivs":{"hp":31,"atk":30,"def":31,"spa":30,"spd":31,"spe":31},"item":"White Herb","level":83,"shiny":false},{"name":"Ferrothorn","moves":["leechseed","thunderwave","stealthrock","powerwhip"],"ability":"Iron Barbs","evs":{"hp":85,"atk":85,"def":85,"spa":85,"spd":85,"spe":85},"ivs":{"hp":31,"atk":31,"def":31,"spa":31,"spd":31,"spe":31},"item":"Rocky Helmet","level":75,"shiny":false},{"name":"Suicune","moves":["icebeam","scald","hiddenpowergrass","calmmind"],"ability":"Water Absorb","evs":{"hp":85,"atk":85,"def":85,"spa":85,"spd":85,"spe":85},"ivs":{"hp":31,"atk":30,"def":31,"spa":30,"spd":31,"spe":31},"item":"Leftovers","level":77,"shiny":false},{"name":"Golurk","moves":["icepunch","earthquake","stealthrock","shadowpunch"],"ability":"Iron Fist","evs":{"hp":85,"atk":85,"def":85,"spa":85,"spd":85,"spe":85},"ivs":{"hp":31,"atk":31,"def":31,"spa":31,"spd":31,"spe":31},"item":"Life Orb","level":81,"shiny":false}],"p2team":[{"name":"Lunatone","moves":["psychic","hiddenpowerrock","toxic","icebeam"],"ability":"Levitate","evs":{"hp":85,"atk":85,"def":85,"spa":85,"spd":85,"spe":85},"ivs":{"hp":31,"atk":31,"def":30,"spa":31,"spd":30,"spe":30},"item":"Life Orb","level":83,"shiny":false},{"name":"Claydol","moves":["toxic","icebeam","stealthrock","earthquake"],"ability":"Levitate","evs":{"hp":85,"atk":85,"def":85,"spa":85,"spd":85,"spe":85},"ivs":{"hp":31,"atk":31,"def":31,"spa":31,"spd":31,"spe":31},"item":"Leftovers","level":81,"shiny":false},{"name":"Diancie","moves":["psyshock","diamondstorm","moonblast","hiddenpowerfire"],"ability":"Clear Body","evs":{"hp":85,"atk":85,"def":85,"spa":85,"spd":85,"spe":85},"ivs":{"hp":31,"atk":30,"def":31,"spa":30,"spd":31,"spe":30},"item":"Diancite","level":75,"shiny":false},{"name":"Magcargo","moves":["toxic","stealthrock","earthpower","fireblast"],"ability":"Flame Body","evs":{"hp":85,"atk":85,"def":85,"spa":85,"spd":85,"spe":85},"ivs":{"hp":31,"atk":31,"def":31,"spa":31,"spd":31,"spe":31},"item":"Air Balloon","level":83,"shiny":false},{"name":"Primeape","moves":["earthquake","encore","stoneedge","closecombat"],"ability":"Defiant","evs":{"hp":85,"atk":85,"def":85,"spa":85,"spd":85,"spe":85},"ivs":{"hp":31,"atk":31,"def":31,"spa":31,"spd":31,"spe":31},"item":"Life Orb","level":81,"shiny":false},{"name":"Thundurus","moves":["substitute","thunderwave","focusblast","thunderbolt"],"ability":"Prankster","evs":{"hp":85,"atk":85,"def":85,"spa":85,"spd":85,"spe":85},"ivs":{"hp":31,"atk":31,"def":31,"spa":31,"spd":31,"spe":31},"item":"Leftovers","level":75,"shiny":false}],"log":["|player|p1|allpro|270","|player|p2|yanl|266","|gametype|singles","|gen|6","|tier|Random Battle","|rated","|rule|Sleep Clause Mod: Limit one foe put to sleep","|rule|HP Percentage Mod: HP is shown in percentages","|","|start","|switch|p1a: Cinccino|Cinccino, L79, M|248/248","|switch|p2a: Lunatone|Lunatone, L83|252/252","|turn|1","|","|switch|p2a: Thundurus|Thundurus, L75, M|242/242","|move|p1a: Cinccino|Knock Off|p2a: Thundurus","|-damage|p2a: Thundurus|123/242","|-enditem|p2a: Thundurus|Leftovers|[from] move: Knock Off|[of] p1a: Cinccino","|","|turn|2","|","|switch|p1a: Golurk|Golurk, L81|277/277","|move|p2a: Thundurus|Focus Blast|p1a: Golurk","|-immune|p1a: Golurk|[msg]","|","|turn|3","|","|switch|p2a: Primeape|Primeape, L81, M|238/238","|move|p1a: Golurk|Stealth Rock|p2a: Primeape","|-sidestart|p2: yanl|move: Stealth Rock","|","|turn|4","|","|move|p2a: Primeape|Encore|p1a: Golurk","|-start|p1a: Golurk|Encore","|move|p1a: Golurk|Stealth Rock|p2a: Primeape","|-fail|p2a: Primeape","|","|turn|5","|","|switch|p1a: Ferrothorn|Ferrothorn, L75, M|235/235","|move|p2a: Primeape|Close Combat|p1a: Ferrothorn","|-supereffective|p1a: Ferrothorn","|-damage|p1a: Ferrothorn|0 fnt","|-damage|p2a: Primeape|209/238|[from] ability: Iron Barbs|[of] p1a: Ferrothorn","|-damage|p2a: Primeape|170/238|[from] item: Rocky Helmet|[of] p1a: Ferrothorn","|-unboost|p2a: Primeape|def|1","|-unboost|p2a: Primeape|spd|1","|-damage|p2a: Primeape|147/238|[from] item: Life Orb","|faint|p1a: Ferrothorn","|","|","|switch|p1a: Wobbuffet|Wobbuffet, L79, M|430/430","|turn|6","|","|move|p2a: Primeape|Earthquake|p1a: Wobbuffet","|-damage|p1a: Wobbuffet|296/430","|-damage|p2a: Primeape|124/238|[from] item: Life Orb","|move|p1a: Wobbuffet|Encore|p2a: Primeape","|-start|p2a: Primeape|Encore","|","|-heal|p1a: Wobbuffet|322/430|[from] item: Leftovers","|turn|7","|","|move|p2a: Primeape|Earthquake|p1a: Wobbuffet","|-damage|p1a: Wobbuffet|187/430","|-damage|p2a: Primeape|101/238|[from] item: Life Orb","|move|p1a: Wobbuffet|Counter|p2a: Primeape","|-damage|p2a: Primeape|0 fnt","|faint|p2a: Primeape","|","|-heal|p1a: Wobbuffet|213/430|[from] item: Leftovers","|","|switch|p2a: Diancie|Diancie, L75|199/199","|-damage|p2a: Diancie|175/199|[from] Stealth Rock","|turn|8","|","|detailschange|p2a: Diancie|Diancie-Mega, L75","|-mega|p2a: Diancie|Diancie|Diancite","|move|p2a: Diancie|Diamond Storm|p1a: Wobbuffet","|-damage|p1a: Wobbuffet|15/430","|-boost|p2a: Diancie|def|1","|move|p1a: Wobbuffet|Destiny Bond|p1a: Wobbuffet","|-singlemove|p1a: Wobbuffet|Destiny Bond","|","|-heal|p1a: Wobbuffet|41/430|[from] item: Leftovers","|turn|9","|","|move|p2a: Diancie|Hidden Power|p1a: Wobbuffet","|-damage|p1a: Wobbuffet|0 fnt","|faint|p1a: Wobbuffet","|-activate|p1a: Wobbuffet|Destiny Bond","|faint|p2a: Diancie","|","|","|switch|p1a: Cinccino|Cinccino, L79, M|248/248","|switch|p2a: Lunatone|Lunatone, L83|252/252","|-damage|p2a: Lunatone|221/252|[from] Stealth Rock","|turn|10","|","|switch|p2a: Thundurus|Thundurus, L75, M|123/242","|-damage|p2a: Thundurus|63/242|[from] Stealth Rock","|move|p1a: Cinccino|Knock Off|p2a: Thundurus","|-damage|p2a: Thundurus|0 fnt","|faint|p2a: Thundurus","|","|","|switch|p2a: Magcargo|Magcargo, L83, M|219/219","|-damage|p2a: Magcargo|165/219|[from] Stealth Rock","|-item|p2a: Magcargo|Air Balloon","|turn|11","|","|move|p1a: Cinccino|Knock Off|p2a: Magcargo","|-damage|p2a: Magcargo|90/219","|-enditem|p2a: Magcargo|Air Balloon","|move|p2a: Magcargo|Fire Blast|p1a: Cinccino","|-damage|p1a: Cinccino|103/248","|","|turn|12","|","|switch|p1a: Golurk|Golurk, L81|277/277","|move|p2a: Magcargo|Earth Power|p1a: Golurk","|-damage|p1a: Golurk|213/277","|","|turn|13","|","|move|p1a: Golurk|Shadow Punch|p2a: Magcargo","|-damage|p2a: Magcargo|0 fnt","|-damage|p1a: Golurk|186/277|[from] item: Life Orb","|faint|p2a: Magcargo","|","|","|switch|p2a: Lunatone|Lunatone, L83|221/252","|-damage|p2a: Lunatone|190/252|[from] Stealth Rock","|turn|14","|","|move|p2a: Lunatone|Ice Beam|p1a: Golurk","|-supereffective|p1a: Golurk","|-damage|p1a: Golurk|0 fnt","|-damage|p2a: Lunatone|165/252|[from] item: Life Orb","|faint|p1a: Golurk","|","|","|switch|p1a: Cinccino|Cinccino, L79, M|103/248","|turn|15","|","|move|p1a: Cinccino|Knock Off|p2a: Lunatone","|-supereffective|p2a: Lunatone","|-damage|p2a: Lunatone|0 fnt","|-enditem|p2a: Lunatone|Life Orb|[from] move: Knock Off|[of] p1a: Cinccino","|faint|p2a: Lunatone","|","|","|switch|p2a: Claydol|Claydol, L81|230/230","|-damage|p2a: Claydol|216/230|[from] Stealth Rock","|turn|16","|","|move|p1a: Cinccino|Knock Off|p2a: Claydol","|-supereffective|p2a: Claydol","|-damage|p2a: Claydol|52/230","|-enditem|p2a: Claydol|Leftovers|[from] move: Knock Off|[of] p1a: Cinccino","|move|p2a: Claydol|Earthquake|p1a: Cinccino","|-damage|p1a: Cinccino|0 fnt","|faint|p1a: Cinccino","|","|","|switch|p1a: Suicune|Suicune, L77|281/281","|turn|17","|","|move|p1a: Suicune|Scald|p2a: Claydol","|-crit|p2a: Claydol","|-supereffective|p2a: Claydol","|-damage|p2a: Claydol|0 fnt","|faint|p2a: Claydol","|","|win|allpro"],"p1rating":{"entryid":"7397238","serverid":"eos","formatid":"randombattle","userid":"allpro","username":"allpro","w":1,"l":"1","t":"0","gxe":53.1,"r":"1500","rd":"130","sigma":"0","rptime":"1438678800","rpr":1524.977088263,"rprd":117.51658402173,"rpsigma":"0","acre":1060.6801681324,"lacre":1060.6801681324,"oldacre":"1000"},"p2rating":{"entryid":"6430472","serverid":"eos","formatid":"randombattle","userid":"yanl","username":"yanl","w":"12","l":4,"t":"0","gxe":66.7,"r":"1660.6843165073","rd":"85.682681846221","sigma":"0","rptime":"1438678800","rpr":1634.4171930794,"rprd":83.876933019455,"rpsigma":"0","acre":1160.8922680555,"lacre":1160.8922680555,"oldacre":"1198.8173731383"},"endType":"normal"}