{"seed":[32330,35867,46705,40673],"turns":19,"p1":"Crstl Jggl - ⓒⓞⓡⓝ","p2":"logan333333","p1team":[{"name":"Honchkrow","moves":["substitute","heatwave","superpower","suckerpunch"],"ability":"Moxie","evs":{"hp":85,"atk":85,"def":85,"spa":85,"spd":85,"spe":85},"ivs":{"hp":31,"atk":31,"def":31,"spa":31,"spd":31,"spe":31},"item":"Leftovers","level":77,"shiny":false},{"name":"Venusaur","moves":["hiddenpowerfire","sleeppowder","sludgebomb","gigadrain"],"ability":"Overgrow","evs":{"hp":85,"atk":85,"def":85,"spa":85,"spd":85,"spe":85},"ivs":{"hp":31,"atk":30,"def":31,"spa":30,"spd":31,"spe":30},"item":"Venusaurite","level":75,"shiny":false},{"name":"Jumpluff","moves":["seedbomb","swordsdance","leechseed","acrobatics"],"ability":"Infiltrator","evs":{"hp":81,"atk":89,"def":85,"spa":85,"spd":85,"spe":85},"ivs":{"hp":31,"atk":31,"def":31,"spa":31,"spd":31,"spe":31},"item":"Flying Gem","level":83,"shiny":false},{"name":"Floatzel","moves":["aquajet","brickbreak","waterfall","taunt"],"ability":"Water Veil","evs":{"hp":85,"atk":85,"def":85,"spa":85,"spd":85,"spe":85},"ivs":{"hp":31,"atk":31,"def":31,"spa":31,"spd":31,"spe":31},"item":"Life Orb","level":83,"shiny":false},{"name":"Victini","moves":["vcreate","zenheadbutt","boltstrike","focusblast"],"ability":"Victory Star","evs":{"hp":85,"atk":85,"def":85,"spa":85,"spd":85,"spe":85},"ivs":{"hp":31,"atk":31,"def":31,"spa":31,"spd":31,"spe":31},"item":"Assault Vest","level":76,"shiny":false},{"name":"Donphan","moves":["stoneedge","knockoff","iceshard","earthquake"],"ability":"Sturdy","evs":{"hp":85,"atk":85,"def":85,"spa":85,"spd":85,"spe":85},"ivs":{"hp":31,"atk":31,"def":31,"spa":31,"spd":31,"spe":31},"item":"Choice Band","level":77,"shiny":false}],"p2team":[{"name":"Basculin","moves":["superpower","waterfall","crunch","aquajet"],"ability":"Mold Breaker","evs":{"hp":85,"atk":85,"def":85,"spa":85,"spd":85,"spe":85},"ivs":{"hp":31,"atk":31,"def":31,"spa":31,"spd":31,"spe":31},"item":"Choice Band","level":83,"shiny":false},{"name":"Noctowl","moves":["whirlwind","toxic","defog","airslash"],"ability":"Tinted Lens","evs":{"hp":85,"atk":85,"def":85,"spa":85,"spd":85,"spe":85},"ivs":{"hp":31,"atk":31,"def":31,"spa":31,"spd":31,"spe":31},"item":"Leftovers","level":83,"shiny":false},{"name":"Volcarona","moves":["quiverdance","bugbuzz","hiddenpowerice","fierydance"],"ability":"Flame Body","evs":{"hp":81,"atk":85,"def":85,"spa":89,"spd":85,"spe":85},"ivs":{"hp":31,"atk":30,"def":30,"spa":31,"spd":31,"spe":31},"item":"Life Orb","level":76,"shiny":false},{"name":"Dialga","moves":["toxic","fireblast","thunderbolt","dracometeor"],"ability":"Pressure","evs":{"hp":85,"atk":85,"def":85,"spa":85,"spd":85,"spe":85},"ivs":{"hp":31,"atk":31,"def":31,"spa":31,"spd":31,"spe":31},"item":"Leftovers","level":73,"shiny":false},{"name":"Noivern","moves":["boomburst","airslash","switcheroo","taunt"],"ability":"Infiltrator","evs":{"hp":85,"atk":85,"def":85,"spa":85,"spd":85,"spe":85},"ivs":{"hp":31,"atk":31,"def":31,"spa":31,"spd":31,"spe":31},"item":"Choice Scarf","level":78,"shiny":false},{"name":"Vileplume","moves":["hiddenpowerfire","sludgebomb","gigadrain","aromatherapy"],"ability":"Effect Spore","evs":{"hp":85,"atk":85,"def":85,"spa":85,"spd":85,"spe":85},"ivs":{"hp":31,"atk":30,"def":31,"spa":30,"spd":31,"spe":30},"item":"Life Orb","level":81,"shiny":false}],"log":["|player|p1|Crstl Jggl - ⓒⓞⓡⓝ|crstljggl.png","|player|p2|logan333333|290","|gametype|singles","|gen|6","|tier|Random Battle","|rated","|rule|Sleep Clause Mod: Limit one foe put to sleep","|rule|HP Percentage Mod: HP is shown in percentages","|","|start","|switch|p1a: Honchkrow|Honchkrow, L77, F|281/281","|switch|p2a: Basculin|Basculin, L83, F|252/252","|-ability|p2a: Basculin|Mold Breaker","|turn|1","|","|move|p2a: Basculin|Aqua Jet|p1a: Honchkrow","|-damage|p1a: Honchkrow|191/281","|move|p1a: Honchkrow|Sucker Punch|p2a: Basculin","|-fail|p1a: Honchkrow","|","|-heal|p1a: Honchkrow|208/281|[from] item: Leftovers","|turn|2","|","|move|p2a: Basculin|Aqua Jet|p1a: Honchkrow","|-damage|p1a: Honchkrow|108/281","|move|p1a: Honchkrow|Superpower|p2a: Basculin","|-damage|p2a: Basculin|139/252","|-unboost|p1a: Honchkrow|atk|1","|-unboost|p1a: Honchkrow|def|1","|","|-heal|p1a: Honchkrow|125/281|[from] item: Leftovers","|turn|3","|","|switch|p1a: Jumpluff|Jumpluff, L83, M|259/259","|move|p2a: Basculin|Aqua Jet|p1a: Jumpluff","|-resisted|p1a: Jumpluff","|-damage|p1a: Jumpluff|223/259","|","|turn|4","|","|switch|p2a: Volcarona|Volcarona, L76, M|253/253","|move|p1a: Jumpluff|Swords Dance|p1a: Jumpluff","|-boost|p1a: Jumpluff|atk|2","|","|turn|5","|","|move|p1a: Jumpluff|Acrobatics|p2a: Volcarona","|-enditem|p1a: Jumpluff|Flying Gem|[from] gem|[move] Acrobatics","|-supereffective|p2a: Volcarona","|-damage|p2a: Volcarona|0 fnt","|-status|p1a: Jumpluff|brn","|faint|p2a: Volcarona","|","|-damage|p1a: Jumpluff|191/259 brn|[from] brn","|","|switch|p2a: Dialga|Dialga, L73|266/266","|-ability|p2a: Dialga|Pressure","|turn|6","|","|move|p1a: Jumpluff|Leech Seed|p2a: Dialga","|-start|p2a: Dialga|move: Leech Seed","|move|p2a: Dialga|Thunderbolt|p1a: Jumpluff","|-damage|p1a: Jumpluff|121/259 brn","|","|-damage|p2a: Dialga|233/266|[from] Leech Seed|[of] p1a: Jumpluff","|-heal|p1a: Jumpluff|154/259 brn|[silent]","|-damage|p1a: Jumpluff|122/259 brn|[from] brn","|turn|7","|","|move|p1a: Jumpluff|Swords Dance|p1a: Jumpluff","|-boost|p1a: Jumpluff|atk|2","|move|p2a: Dialga|Fire Blast|p1a: Jumpluff","|-supereffective|p1a: Jumpluff","|-damage|p1a: Jumpluff|0 fnt","|faint|p1a: Jumpluff","|","|-heal|p2a: Dialga|249/266|[from] item: Leftovers","|","|switch|p1a: Donphan|Donphan, L77, F|265/265","|turn|8","|","|switch|p2a: Basculin|Basculin, L83, F|139/252","|-ability|p2a: Basculin|Mold Breaker","|move|p1a: Donphan|Earthquake|p2a: Basculin","|-damage|p2a: Basculin|0 fnt","|faint|p2a: Basculin","|","|","|switch|p2a: Vileplume|Vileplume, L81, F|254/254","|turn|9","|","|switch|p1a: Honchkrow|Honchkrow, L77, F|125/281","|move|p2a: Vileplume|Giga Drain|p1a: Honchkrow","|-resisted|p1a: Honchkrow","|-damage|p1a: Honchkrow|38/281","|-damage|p2a: Vileplume|229/254|[from] item: Life Orb","|","|-heal|p1a: Honchkrow|55/281|[from] item: Leftovers","|turn|10","|","|move|p1a: Honchkrow|Heat Wave|p2a: Vileplume","|-supereffective|p2a: Vileplume","|-damage|p2a: Vileplume|107/254","|move|p2a: Vileplume|Sludge Bomb|p1a: Honchkrow","|-damage|p1a: Honchkrow|0 fnt","|-damage|p2a: Vileplume|82/254|[from] item: Life Orb","|faint|p1a: Honchkrow","|","|","|switch|p1a: Victini|Victini, L76|277/277","|turn|11","|","|move|p1a: Victini|Zen Headbutt|p2a: Vileplume","|-supereffective|p2a: Vileplume","|-damage|p2a: Vileplume|0 fnt","|faint|p2a: Vileplume","|","|","|switch|p2a: Dialga|Dialga, L73|249/266","|-ability|p2a: Dialga|Pressure","|turn|12","|","|move|p1a: Victini|Focus Blast|p2a: Dialga","|-supereffective|p2a: Dialga","|-damage|p2a: Dialga|99/266","|move|p2a: Dialga|Thunderbolt|p1a: Victini","|-damage|p1a: Victini|234/277","|","|-heal|p2a: Dialga|115/266|[from] item: Leftovers","|turn|13","|","|move|p1a: Victini|Focus Blast|p2a: Dialga","|-supereffective|p2a: Dialga","|-damage|p2a: Dialga|0 fnt","|faint|p2a: Dialga","|","|","|switch|p2a: Noivern|Noivern, L78, F|261/261","|turn|14","|","|move|p2a: Noivern|Boomburst|p1a: Victini","|-damage|p1a: Victini|172/277","|move|p1a: Victini|Bolt Strike|p2a: Noivern","|-damage|p2a: Noivern|166/261","|","|turn|15","|","|move|p2a: Noivern|Boomburst|p1a: Victini","|-damage|p1a: Victini|115/277","|move|p1a: Victini|Zen Headbutt|p2a: Noivern","|-damage|p2a: Noivern|88/261","|","|turn|16","|","|move|p2a: Noivern|Boomburst|p1a: Victini","|-damage|p1a: Victini|59/277","|move|p1a: Victini|Zen Headbutt|p2a: Noivern","|-damage|p2a: Noivern|1/261","|","|turn|17","|","|move|p2a: Noivern|Boomburst|p1a: Victini","|-damage|p1a: Victini|2/277","|move|p1a: Victini|Bolt Strike|p2a: Noivern","|-damage|p2a: Noivern|0 fnt","|faint|p2a: Noivern","|","|","|switch|p2a: Noctowl|Noctowl, L83, M|302/302","|turn|18","|","|move|p1a: Victini|Bolt Strike|p2a: Noctowl","|-supereffective|p2a: Noctowl","|-damage|p2a: Noctowl|56/302","|move|p2a: Noctowl|Air Slash|p1a: Victini","|-damage|p1a: Victini|0 fnt","|faint|p1a: Victini","|","|-heal|p2a: Noctowl|74/302|[from] item: Leftovers","|","|switch|p1a: Donphan|Donphan, L77, F|265/265","|turn|19","|","|move|p1a: Donphan|Ice Shard|p2a: Noctowl","|-supereffective|p2a: Noctowl","|-damage|p2a: Noctowl|0 fnt","|faint|p2a: Noctowl","|","|win|Crstl Jggl - ⓒⓞⓡⓝ"],"p1rating":{"entryid":7394056,"formatid":"randombattle","userid":"crstljggl","username":"Crstl Jggl - ⓒⓞⓡⓝ","r":1500,"rd":130,"sigma":0,"rpr":1535.6684517747,"rprd":122.91060348453,"rpsigma":0,"rptime":1438678800,"w":1,"l":0,"t":0,"gxe":54.5,"acre":1040,"lacre":1040,"oldacre":1000},"p2rating":{"entryid":"6411303","serverid":"eos","formatid":"randombattle","userid":"logan333333","username":"logan333333","w":"0","l":7,"t":"0","gxe":28.4,"r":1334.4581332756,"rd":104.68884272983,"sigma":"0","rptime":1438678800,"rpr":1318.402901894,"rprd":101.47780324748,"rpsigma":"0","acre":1000,"lacre":1000,"oldacre":"1000"},"endType":"normal"}