{"seed":[17507,35589,8950,40953],"turns":23,"p1":"jghuy","p2":"E.g1223","p1team":[{"name":"Pelipper","moves":["defog","hurricane","toxic","scald"],"ability":"Keen Eye","evs":{"hp":85,"atk":85,"def":85,"spa":85,"spd":85,"spe":85},"ivs":{"hp":31,"atk":31,"def":31,"spa":31,"spd":31,"spe":31},"item":"Focus Sash","level":83,"shiny":false},{"name":"Mew","moves":["roost","batonpass","nastyplot","psyshock"],"ability":"Synchronize","evs":{"hp":85,"atk":85,"def":85,"spa":85,"spd":85,"spe":85},"ivs":{"hp":31,"atk":31,"def":31,"spa":31,"spd":31,"spe":31},"item":"Leftovers","level":75,"shiny":false},{"name":"Flareon","moves":["toxic","facade","flareblitz","protect"],"ability":"Guts","evs":{"hp":81,"atk":89,"def":85,"spa":85,"spd":85,"spe":85},"ivs":{"hp":31,"atk":31,"def":31,"spa":31,"spd":31,"spe":31},"item":"Toxic Orb","level":83,"shiny":false},{"name":"Yveltal","moves":["taunt","hurricane","suckerpunch","darkpulse"],"ability":"Dark Aura","evs":{"hp":81,"atk":85,"def":85,"spa":89,"spd":85,"spe":85},"ivs":{"hp":31,"atk":31,"def":31,"spa":31,"spd":31,"spe":31},"item":"Leftovers","level":73,"shiny":false},{"name":"Lilligant","moves":["gigadrain","sleeppowder","hiddenpowerfire","healingwish"],"ability":"Chlorophyll","evs":{"hp":85,"atk":85,"def":85,"spa":85,"spd":85,"spe":85},"ivs":{"hp":31,"atk":30,"def":31,"spa":30,"spd":31,"spe":30},"item":"Leftovers","level":81,"shiny":false},{"name":"Kyogre","moves":["scald","icebeam","thunder","waterspout"],"ability":"Drizzle","evs":{"hp":85,"atk":85,"def":85,"spa":85,"spd":85,"spe":85},"ivs":{"hp":31,"atk":31,"def":31,"spa":31,"spd":31,"spe":31},"item":"Choice Scarf","level":73,"shiny":false}],"p2team":[{"name":"Scrafty","moves":["rest","icepunch","drainpunch","dragondance"],"ability":"Shed Skin","evs":{"hp":85,"atk":85,"def":85,"spa":85,"spd":85,"spe":85},"ivs":{"hp":31,"atk":31,"def":31,"spa":31,"spd":31,"spe":31},"item":"Leftovers","level":79,"shiny":false},{"name":"Slowking","moves":["thunderwave","psychic","scald","icebeam"],"ability":"Regenerator","evs":{"hp":85,"atk":85,"def":85,"spa":85,"spd":85,"spe":85},"ivs":{"hp":31,"atk":31,"def":31,"spa":31,"spd":31,"spe":31},"item":"Leftovers","level":77,"shiny":false},{"name":"Salamence","moves":["dragondance","doubleedge","earthquake","roost"],"ability":"Intimidate","evs":{"hp":85,"atk":85,"def":85,"spa":85,"spd":85,"spe":85},"ivs":{"hp":31,"atk":31,"def":31,"spa":31,"spd":31,"spe":31},"item":"Salamencite","level":73,"shiny":false},{"name":"Sigilyph","moves":["roost","psychoshift","cosmicpower","storedpower"],"ability":"Magic Guard","evs":{"hp":85,"atk":85,"def":85,"spa":85,"spd":85,"spe":85},"ivs":{"hp":31,"atk":31,"def":31,"spa":31,"spd":31,"spe":31},"item":"Flame Orb","level":79,"shiny":false},{"name":"Palkia","moves":["dracometeor","dragontail","thunderwave","hydropump"],"ability":"Pressure","evs":{"hp":85,"atk":85,"def":85,"spa":85,"spd":85,"spe":85},"ivs":{"hp":31,"atk":31,"def":31,"spa":31,"spd":31,"spe":31},"item":"Lustrous Orb","level":73,"shiny":false},{"name":"Qwilfish","moves":["painsplit","toxicspikes","taunt","waterfall"],"ability":"Intimidate","evs":{"hp":85,"atk":85,"def":85,"spa":85,"spd":85,"spe":85},"ivs":{"hp":31,"atk":31,"def":31,"spa":31,"spd":31,"spe":31},"item":"Black Sludge","level":79,"shiny":false}],"log":["|player|p1|jghuy|102","|player|p2|E.g1223|102","|gametype|singles","|gen|6","|tier|Random Battle","|rated","|rule|Sleep Clause Mod: Limit one foe put to sleep","|rule|HP Percentage Mod: HP is shown in percentages","|","|start","|switch|p1a: Pelipper|Pelipper, L83, F|235/235","|switch|p2a: Scrafty|Scrafty, L79, F|232/232","|turn|1","|","|move|p1a: Pelipper|Hurricane|p2a: Scrafty","|-supereffective|p2a: Scrafty","|-damage|p2a: Scrafty|58/232","|move|p2a: Scrafty|Dragon Dance|p2a: Scrafty","|-boost|p2a: Scrafty|atk|1","|-boost|p2a: Scrafty|spe|1","|","|-heal|p2a: Scrafty|72/232|[from] item: Leftovers","|turn|2","|","|move|p2a: Scrafty|Rest|p2a: Scrafty","|-status|p2a: Scrafty|slp","|-heal|p2a: Scrafty|232/232 slp|[silent]","|-status|p2a: Scrafty|slp|[from] move: Rest","|move|p1a: Pelipper|Hurricane|p2a: Scrafty|[miss]","|-miss|p1a: Pelipper|p2a: Scrafty","|","|turn|3","|","|cant|p2a: Scrafty|slp","|move|p1a: Pelipper|Hurricane|p2a: Scrafty","|-supereffective|p2a: Scrafty","|-damage|p2a: Scrafty|56/232 slp","|","|-heal|p2a: Scrafty|70/232 slp|[from] item: Leftovers","|turn|4","|","|cant|p2a: Scrafty|slp","|move|p1a: Pelipper|Hurricane|p2a: Scrafty","|-crit|p2a: Scrafty","|-supereffective|p2a: Scrafty","|-damage|p2a: Scrafty|0 fnt","|faint|p2a: Scrafty","|","|","|switch|p2a: Slowking|Slowking, L77, F|273/273","|turn|5","|","|move|p1a: Pelipper|Toxic|p2a: Slowking","|-status|p2a: Slowking|tox","|move|p2a: Slowking|Thunder Wave|p1a: Pelipper","|-status|p1a: Pelipper|par","|","|-damage|p2a: Slowking|256/273 tox|[from] psn","|turn|6","|","|move|p2a: Slowking|Psychic|p1a: Pelipper","|-damage|p1a: Pelipper|136/235 par","|move|p1a: Pelipper|Hurricane|p2a: Slowking","|-damage|p2a: Slowking|153/273 tox","|","|-heal|p2a: Slowking|170/273 tox|[from] item: Leftovers","|-damage|p2a: Slowking|136/273 tox|[from] psn","|turn|7","|","|switch|p1a: Lilligant|Lilligant, L81, F|246/246","|move|p2a: Slowking|Psychic|p1a: Lilligant","|-damage|p1a: Lilligant|146/246","|","|-heal|p1a: Lilligant|161/246|[from] item: Leftovers","|-heal|p2a: Slowking|153/273 tox|[from] item: Leftovers","|-damage|p2a: Slowking|102/273 tox|[from] psn","|turn|8","|","|move|p1a: Lilligant|Giga Drain|p2a: Slowking","|-supereffective|p2a: Slowking","|-damage|p2a: Slowking|0 fnt","|-heal|p1a: Lilligant|212/246|[from] drain|[of] p2a: Slowking","|faint|p2a: Slowking","|","|-heal|p1a: Lilligant|227/246|[from] item: Leftovers","|","|switch|p2a: Sigilyph|Sigilyph, L79, F|243/243","|turn|9","|","|switch|p1a: Flareon|Flareon, L83, F|243/243","|move|p2a: Sigilyph|Cosmic Power|p2a: Sigilyph","|-boost|p2a: Sigilyph|def|1","|-boost|p2a: Sigilyph|spd|1","|","|-status|p2a: Sigilyph|brn|[from] item: Flame Orb","|-status|p1a: Flareon|tox|[from] item: Toxic Orb","|turn|10","|","|move|p2a: Sigilyph|Roost|p2a: Sigilyph","|-fail|p2a: Sigilyph","|move|p1a: Flareon|Flare Blitz|p2a: Sigilyph","|-damage|p2a: Sigilyph|57/243 brn","|-damage|p1a: Flareon|182/243 tox|[from] recoil|[of] p2a: Sigilyph","|","|-damage|p1a: Flareon|167/243 tox|[from] psn","|turn|11","|","|move|p2a: Sigilyph|Stored Power|p1a: Flareon","|-damage|p1a: Flareon|116/243 tox","|move|p1a: Flareon|Facade|p2a: Sigilyph","|-damage|p2a: Sigilyph|0 fnt","|faint|p2a: Sigilyph","|","|-damage|p1a: Flareon|86/243 tox|[from] psn","|","|switch|p2a: Qwilfish|Qwilfish, L79, F|232/232","|-ability|p2a: Qwilfish|Intimidate","|-unboost|p1a: Flareon|atk|1","|turn|12","|","|switch|p1a: Pelipper|Pelipper, L83, F|136/235 par","|move|p2a: Qwilfish|Waterfall|p1a: Pelipper","|-resisted|p1a: Pelipper","|-damage|p1a: Pelipper|100/235 par","|","|turn|13","|","|move|p2a: Qwilfish|Waterfall|p1a: Pelipper","|-resisted|p1a: Pelipper","|-damage|p1a: Pelipper|65/235 par","|move|p1a: Pelipper|Scald|p2a: Qwilfish","|-resisted|p2a: Qwilfish","|-damage|p2a: Qwilfish|175/232","|","|-heal|p2a: Qwilfish|189/232|[from] item: Black Sludge","|turn|14","|","|move|p2a: Qwilfish|Waterfall|p1a: Pelipper","|-resisted|p1a: Pelipper","|-damage|p1a: Pelipper|28/235 par","|move|p1a: Pelipper|Scald|p2a: Qwilfish","|-resisted|p2a: Qwilfish","|-damage|p2a: Qwilfish|133/232","|","|-heal|p2a: Qwilfish|147/232|[from] item: Black Sludge","|turn|15","|","|move|p2a: Qwilfish|Waterfall|p1a: Pelipper","|-resisted|p1a: Pelipper","|-damage|p1a: Pelipper|0 fnt","|faint|p1a: Pelipper","|","|-heal|p2a: Qwilfish|161/232|[from] item: Black Sludge","|","|switch|p1a: Mew|Mew, L75|274/274","|turn|16","|","|move|p1a: Mew|Nasty Plot|p1a: Mew","|-boost|p1a: Mew|spa|2","|move|p2a: Qwilfish|Taunt|p1a: Mew","|-start|p1a: Mew|move: Taunt","|","|-heal|p2a: Qwilfish|175/232|[from] item: Black Sludge","|turn|17","|","|move|p1a: Mew|Psyshock|p2a: Qwilfish","|-supereffective|p2a: Qwilfish","|-damage|p2a: Qwilfish|0 fnt","|faint|p2a: Qwilfish","|","|","|switch|p2a: Salamence|Salamence, L73, M|259/259","|-ability|p2a: Salamence|Intimidate","|-unboost|p1a: Mew|atk|1","|turn|18","|","|detailschange|p2a: Salamence|Salamence-Mega, L73, M","|-mega|p2a: Salamence|Salamence|Salamencite","|move|p1a: Mew|Psyshock|p2a: Salamence","|-damage|p2a: Salamence|132/259","|move|p2a: Salamence|Dragon Dance|p2a: Salamence","|-boost|p2a: Salamence|atk|1","|-boost|p2a: Salamence|spe|1","|","|turn|19","|","|move|p2a: Salamence|Double-Edge|p1a: Mew","|-damage|p1a: Mew|25/274","|-damage|p2a: Salamence|50/259|[from] recoil|[of] p1a: Mew","|move|p1a: Mew|Psyshock|p2a: Salamence","|-damage|p2a: Salamence|0 fnt","|faint|p2a: Salamence","|","|-heal|p1a: Mew|42/274|[from] item: Leftovers","|-end|p1a: Mew|move: Taunt","|","|switch|p2a: Palkia|Palkia, L73|252/252","|-ability|p2a: Palkia|Pressure","|turn|20","|","|move|p1a: Mew|Baton Pass|p1a: Mew","|","|switch|p1a: Kyogre|Kyogre, L73|266/266","|-weather|RainDance","|move|p2a: Palkia|Dragon Tail|p1a: Kyogre","|-damage|p1a: Kyogre|191/266","|drag|p1a: Yveltal|Yveltal, L73|304/304","|-ability|p1a: Yveltal|Dark Aura","|","|-weather|RainDance|[upkeep]","|turn|21","|","|move|p1a: Yveltal|Hurricane|p2a: Palkia","|-damage|p2a: Palkia|147/252","|move|p2a: Palkia|Dragon Tail|p1a: Yveltal|[miss]","|-miss|p2a: Palkia|p1a: Yveltal","|","|-weather|RainDance|[upkeep]","|turn|22","|","|move|p1a: Yveltal|Hurricane|p2a: Palkia","|-damage|p2a: Palkia|39/252","|-start|p2a: Palkia|confusion","|-activate|p2a: Palkia|confusion","|move|p2a: Palkia|Dragon Tail|p1a: Yveltal","|-damage|p1a: Yveltal|235/304","|drag|p1a: Kyogre|Kyogre, L73|191/266","|","|-weather|RainDance|[upkeep]","|turn|23","|","|move|p1a: Kyogre|Thunder|p2a: Palkia","|-damage|p2a: Palkia|0 fnt","|faint|p2a: Palkia","|","|win|jghuy"],"p1rating":{"entryid":7396326,"formatid":"randombattle","userid":"jghuy","username":"jghuy","r":1500,"rd":130,"sigma":0,"rpr":1540.1606143388,"rprd":122.8583080769,"rpsigma":0,"rptime":1438678800,"w":1,"l":0,"t":0,"gxe":55,"acre":1040,"lacre":1040,"oldacre":1000},"p2rating":{"entryid":7396327,"formatid":"randombattle","userid":"eg1223","username":"E.g1223","r":1500,"rd":130,"sigma":0,"rpr":1459.8393856612,"rprd":122.8583080769,"rpsigma":0,"rptime":1438678800,"w":0,"l":1,"t":0,"gxe":45,"acre":1000,"lacre":1000,"oldacre":1000},"endType":"normal"}