{"seed":[43155,43614,52894,19294],"turns":19,"p1":"Doga","p2":"ReuniclusSlime","p1team":[{"name":"Simisear","moves":["focusblast","grassknot","hiddenpowerrock","fireblast"],"ability":"Blaze","evs":{"hp":81,"atk":85,"def":85,"spa":89,"spd":85,"spe":85},"ivs":{"hp":31,"atk":31,"def":30,"spa":31,"spd":30,"spe":30},"item":"Choice Scarf","level":83,"shiny":false},{"name":"Kabutops","moves":["swordsdance","knockoff","waterfall","aquajet"],"ability":"Swift Swim","evs":{"hp":85,"atk":85,"def":85,"spa":85,"spd":85,"spe":85},"ivs":{"hp":31,"atk":31,"def":31,"spa":31,"spd":31,"spe":31},"item":"Life Orb","level":81,"shiny":false},{"name":"Latios","moves":["roost","dracometeor","defog","hiddenpowerfire"],"ability":"Levitate","evs":{"hp":85,"atk":85,"def":85,"spa":85,"spd":85,"spe":85},"ivs":{"hp":31,"atk":30,"def":31,"spa":30,"spd":31,"spe":30},"item":"Latiosite","level":75,"shiny":false},{"name":"Grumpig","moves":["whirlwind","lightscreen","toxic","psychic"],"ability":"Thick Fat","evs":{"hp":85,"atk":85,"def":85,"spa":85,"spd":85,"spe":85},"ivs":{"hp":31,"atk":31,"def":31,"spa":31,"spd":31,"spe":31},"item":"Light Clay","level":83,"shiny":false},{"name":"Blastoise","moves":["scald","roar","toxic","rapidspin"],"ability":"Torrent","evs":{"hp":85,"atk":85,"def":85,"spa":85,"spd":85,"spe":85},"ivs":{"hp":31,"atk":31,"def":31,"spa":31,"spd":31,"spe":31},"item":"Leftovers","level":79,"shiny":false},{"name":"Slurpuff","moves":["substitute","surf","calmmind","dazzlinggleam"],"ability":"Unburden","evs":{"hp":85,"atk":85,"def":85,"spa":85,"spd":85,"spe":85},"ivs":{"hp":31,"atk":31,"def":31,"spa":31,"spd":31,"spe":31},"item":"Sitrus Berry","level":77,"shiny":false}],"p2team":[{"name":"Umbreon","moves":["protect","toxic","foulplay","healbell"],"ability":"Synchronize","evs":{"hp":85,"atk":85,"def":85,"spa":85,"spd":85,"spe":85},"ivs":{"hp":31,"atk":31,"def":31,"spa":31,"spd":31,"spe":31},"item":"Leftovers","level":77,"shiny":false},{"name":"Torkoal","moves":["fireblast","shellsmash","earthpower","yawn"],"ability":"White Smoke","evs":{"hp":81,"atk":85,"def":85,"spa":89,"spd":85,"spe":85},"ivs":{"hp":31,"atk":31,"def":31,"spa":31,"spd":31,"spe":31},"item":"White Herb","level":83,"shiny":false},{"name":"Meowstic-F","moves":["shadowball","calmmind","psyshock","energyball"],"ability":"Infiltrator","evs":{"hp":85,"atk":85,"def":85,"spa":85,"spd":85,"spe":85},"ivs":{"hp":31,"atk":31,"def":31,"spa":31,"spd":31,"spe":31},"item":"Life Orb","level":83,"shiny":false},{"name":"Swanna","moves":["roost","airslash","icebeam","defog"],"ability":"Hydration","evs":{"hp":81,"atk":85,"def":85,"spa":89,"spd":85,"spe":85},"ivs":{"hp":31,"atk":31,"def":31,"spa":31,"spd":31,"spe":31},"item":"Leftovers","level":83,"shiny":false},{"name":"Claydol","moves":["rapidspin","icebeam","psychic","toxic"],"ability":"Levitate","evs":{"hp":85,"atk":85,"def":85,"spa":85,"spd":85,"spe":85},"ivs":{"hp":31,"atk":31,"def":31,"spa":31,"spd":31,"spe":31},"item":"Leftovers","level":81,"shiny":false},{"name":"Eelektross","moves":["aquatail","voltswitch","gigadrain","superpower"],"ability":"Levitate","evs":{"hp":85,"atk":85,"def":85,"spa":85,"spd":85,"spe":85},"ivs":{"hp":31,"atk":31,"def":31,"spa":31,"spd":31,"spe":31},"item":"Expert Belt","level":79,"shiny":false}],"log":["|player|p1|Doga|274","|player|p2|ReuniclusSlime|141","|gametype|singles","|gen|6","|tier|Random Battle","|rated","|rule|Sleep Clause Mod: Limit one foe put to sleep","|rule|HP Percentage Mod: HP is shown in percentages","|","|start","|switch|p1a: Simisear|Simisear, L83, F|259/259","|switch|p2a: Umbreon|Umbreon, L77, M|273/273","|turn|1","|","|move|p1a: Simisear|Focus Blast|p2a: Umbreon","|-supereffective|p2a: Umbreon","|-damage|p2a: Umbreon|137/273","|move|p2a: Umbreon|Toxic|p1a: Simisear","|-status|p1a: Simisear|tox","|","|-heal|p2a: Umbreon|154/273|[from] item: Leftovers","|-damage|p1a: Simisear|243/259 tox|[from] psn","|turn|2","|","|move|p1a: Simisear|Focus Blast|p2a: Umbreon|[miss]","|-miss|p1a: Simisear|p2a: Umbreon","|move|p2a: Umbreon|Foul Play|p1a: Simisear","|-damage|p1a: Simisear|116/259 tox","|","|-heal|p2a: Umbreon|171/273|[from] item: Leftovers","|-damage|p1a: Simisear|84/259 tox|[from] psn","|turn|3","|","|move|p1a: Simisear|Focus Blast|p2a: Umbreon","|-supereffective|p2a: Umbreon","|-damage|p2a: Umbreon|29/273","|move|p2a: Umbreon|Foul Play|p1a: Simisear","|-damage|p1a: Simisear|0 fnt","|faint|p1a: Simisear","|","|-heal|p2a: Umbreon|46/273|[from] item: Leftovers","|","|switch|p1a: Kabutops|Kabutops, L81, F|230/230","|turn|4","|","|move|p1a: Kabutops|Swords Dance|p1a: Kabutops","|-boost|p1a: Kabutops|atk|2","|move|p2a: Umbreon|Foul Play|p1a: Kabutops","|-damage|p1a: Kabutops|53/230","|","|-heal|p2a: Umbreon|63/273|[from] item: Leftovers","|turn|5","|","|move|p1a: Kabutops|Aqua Jet|p2a: Umbreon","|-damage|p2a: Umbreon|0 fnt","|-damage|p1a: Kabutops|30/230|[from] item: Life Orb","|faint|p2a: Umbreon","|","|","|switch|p2a: Torkoal|Torkoal, L83, F|251/251","|turn|6","|","|move|p1a: Kabutops|Waterfall|p2a: Torkoal","|-supereffective|p2a: Torkoal","|-damage|p2a: Torkoal|0 fnt","|-damage|p1a: Kabutops|7/230|[from] item: Life Orb","|faint|p2a: Torkoal","|","|","|switch|p2a: Eelektross|Eelektross, L79, M|264/264","|turn|7","|","|move|p1a: Kabutops|Waterfall|p2a: Eelektross","|-damage|p2a: Eelektross|18/264","|-damage|p1a: Kabutops|0 fnt|[from] item: Life Orb","|faint|p1a: Kabutops","|cant|p2a: Eelektross|flinch","|","|","|switch|p1a: Grumpig|Grumpig, L83, M|268/268","|turn|8","|","|move|p1a: Grumpig|Psychic|p2a: Eelektross","|-damage|p2a: Eelektross|0 fnt","|faint|p2a: Eelektross","|","|","|switch|p2a: Meowstic-F|Meowstic-F, L83, F|259/259","|turn|9","|","|move|p2a: Meowstic-F|Calm Mind|p2a: Meowstic-F","|-boost|p2a: Meowstic-F|spa|1","|-boost|p2a: Meowstic-F|spd|1","|move|p1a: Grumpig|Toxic|p2a: Meowstic-F","|-status|p2a: Meowstic-F|tox","|","|-damage|p2a: Meowstic-F|243/259 tox|[from] psn","|turn|10","|","|move|p2a: Meowstic-F|Shadow Ball|p1a: Grumpig","|-supereffective|p1a: Grumpig","|-damage|p1a: Grumpig|89/268","|-damage|p2a: Meowstic-F|218/259 tox|[from] item: Life Orb","|move|p1a: Grumpig|Light Screen|p1a: Grumpig","|-sidestart|p1: Doga|move: Light Screen","|","|-damage|p2a: Meowstic-F|186/259 tox|[from] psn","|turn|11","|","|move|p2a: Meowstic-F|Shadow Ball|p1a: Grumpig","|-supereffective|p1a: Grumpig","|-damage|p1a: Grumpig|0 fnt","|-damage|p2a: Meowstic-F|161/259 tox|[from] item: Life Orb","|faint|p1a: Grumpig","|","|-damage|p2a: Meowstic-F|113/259 tox|[from] psn","|","|switch|p1a: Latios|Latios, L75, M|244/244","|turn|12","|","|detailschange|p1a: Latios|Latios-Mega, L75, M","|-mega|p1a: Latios|Latios|Latiosite","|move|p2a: Meowstic-F|Shadow Ball|p1a: Latios","|-supereffective|p1a: Latios","|-damage|p1a: Latios|70/244","|-damage|p2a: Meowstic-F|88/259 tox|[from] item: Life Orb","|move|p1a: Latios|Draco Meteor|p2a: Meowstic-F","|-damage|p2a: Meowstic-F|0 fnt","|-unboost|p1a: Latios|spa|2","|faint|p2a: Meowstic-F","|","|","|switch|p2a: Swanna|Swanna, L83, M|259/259","|turn|13","|","|switch|p1a: Slurpuff|Slurpuff, L77, M|253/253","|move|p2a: Swanna|Ice Beam|p1a: Slurpuff","|-damage|p1a: Slurpuff|220/253","|","|turn|14","|","|move|p2a: Swanna|Air Slash|p1a: Slurpuff","|-damage|p1a: Slurpuff|173/253","|move|p1a: Slurpuff|Calm Mind|p1a: Slurpuff","|-boost|p1a: Slurpuff|spa|1","|-boost|p1a: Slurpuff|spd|1","|","|turn|15","|","|move|p2a: Swanna|Air Slash|p1a: Slurpuff|[miss]","|-miss|p2a: Swanna|p1a: Slurpuff","|move|p1a: Slurpuff|Calm Mind|p1a: Slurpuff","|-boost|p1a: Slurpuff|spa|1","|-boost|p1a: Slurpuff|spd|1","|","|turn|16","|","|move|p2a: Swanna|Air Slash|p1a: Slurpuff","|-damage|p1a: Slurpuff|152/253","|move|p1a: Slurpuff|Calm Mind|p1a: Slurpuff","|-boost|p1a: Slurpuff|spa|1","|-boost|p1a: Slurpuff|spd|1","|","|turn|17","|","|move|p2a: Swanna|Air Slash|p1a: Slurpuff","|-damage|p1a: Slurpuff|134/253","|move|p1a: Slurpuff|Calm Mind|p1a: Slurpuff","|-boost|p1a: Slurpuff|spa|1","|-boost|p1a: Slurpuff|spd|1","|","|-sideend|p1: Doga|move: Light Screen","|turn|18","|","|move|p2a: Swanna|Air Slash|p1a: Slurpuff","|-damage|p1a: Slurpuff|104/253","|-enditem|p1a: Slurpuff|Sitrus Berry|[eat]","|-heal|p1a: Slurpuff|167/253|[from] item: Sitrus Berry","|move|p1a: Slurpuff|Dazzling Gleam|p2a: Swanna","|-damage|p2a: Swanna|0 fnt","|faint|p2a: Swanna","|","|","|switch|p2a: Claydol|Claydol, L81|230/230","|turn|19","|","|move|p1a: Slurpuff|Surf|p2a: Claydol","|-supereffective|p2a: Claydol","|-damage|p2a: Claydol|0 fnt","|faint|p2a: Claydol","|","|win|Doga"],"p1rating":{"entryid":"73282","serverid":"eos","formatid":"randombattle","userid":"doga","username":"Doga","w":10,"l":"4","t":"0","gxe":63,"r":"1610.5782621573","rd":"83.411369812775","sigma":"0","rptime":"1440147600","rpr":1602.4194628212,"rprd":79.765187819117,"rpsigma":"0","acre":1148.0544878939,"lacre":1148.0544878939,"oldacre":"1132.1286161633"},"p2rating":{"entryid":"278418","serverid":"eos","formatid":"randombattle","userid":"reuniclusslime","username":"ReuniclusSlime","w":"0","l":2,"t":"0","gxe":42.6,"r":"1500","rd":"130","sigma":"0","rptime":"1440147600","rpr":1440.7320728147,"rprd":116.77549411833,"rpsigma":"0","acre":1000,"lacre":1000,"oldacre":"1000"},"endType":"normal"}