{"seed":[37992,18994,9299,56611],"turns":22,"p1":"Doga","p2":"Leaf 2.0","p1team":[{"name":"Rhyperior","moves":["stoneedge","rockpolish","aquatail","megahorn"],"ability":"Solid Rock","evs":{"hp":85,"atk":85,"def":85,"spa":85,"spd":85,"spe":85},"ivs":{"hp":31,"atk":31,"def":31,"spa":31,"spd":31,"spe":31},"item":"Weakness Policy","level":79,"shiny":false},{"name":"Talonflame","moves":["flareblitz","swordsdance","willowisp","bravebird"],"ability":"Gale Wings","evs":{"hp":85,"atk":85,"def":85,"spa":85,"spd":85,"spe":85},"ivs":{"hp":31,"atk":31,"def":31,"spa":31,"spd":31,"spe":31},"item":"Leftovers","level":75,"shiny":false},{"name":"Reshiram","moves":["roost","dracometeor","stoneedge","toxic"],"ability":"Turboblaze","evs":{"hp":85,"atk":85,"def":85,"spa":85,"spd":85,"spe":85},"ivs":{"hp":31,"atk":31,"def":31,"spa":31,"spd":31,"spe":31},"item":"Leftovers","level":73,"shiny":false},{"name":"Tornadus","moves":["bulkup","superpower","acrobatics","substitute"],"ability":"Prankster","evs":{"hp":85,"atk":85,"def":85,"spa":85,"spd":85,"spe":85},"ivs":{"hp":31,"atk":31,"def":31,"spa":31,"spd":31,"spe":31},"item":"Flying Gem","level":78,"shiny":false},{"name":"Slowking","moves":["scald","icebeam","dragontail","psychic"],"ability":"Regenerator","evs":{"hp":85,"atk":85,"def":85,"spa":85,"spd":85,"spe":85},"ivs":{"hp":31,"atk":31,"def":31,"spa":31,"spd":31,"spe":31},"item":"Assault Vest","level":77,"shiny":false},{"name":"Heracross","moves":["swordsdance","bulletseed","substitute","closecombat"],"ability":"Guts","evs":{"hp":85,"atk":85,"def":85,"spa":85,"spd":85,"spe":85},"ivs":{"hp":31,"atk":31,"def":31,"spa":31,"spd":31,"spe":31},"item":"Heracronite","level":76,"shiny":false}],"p2team":[{"name":"Yveltal","moves":["toxic","oblivionwing","darkpulse","uturn"],"ability":"Dark Aura","evs":{"hp":81,"atk":85,"def":85,"spa":89,"spd":85,"spe":85},"ivs":{"hp":31,"atk":31,"def":31,"spa":31,"spd":31,"spe":31},"item":"Leftovers","level":73,"shiny":false},{"name":"Pachirisu","moves":["superfang","thunderbolt","toxic","nuzzle"],"ability":"Volt Absorb","evs":{"hp":85,"atk":85,"def":85,"spa":85,"spd":85,"spe":85},"ivs":{"hp":31,"atk":31,"def":31,"spa":31,"spd":31,"spe":31},"item":"Air Balloon","level":83,"shiny":false},{"name":"Landorus","moves":["psychic","focusblast","earthpower","stealthrock"],"ability":"Sheer Force","evs":{"hp":85,"atk":85,"def":85,"spa":85,"spd":85,"spe":85},"ivs":{"hp":31,"atk":31,"def":31,"spa":31,"spd":31,"spe":31},"item":"Life Orb","level":73,"shiny":false},{"name":"Weezing","moves":["toxicspikes","willowisp","sludgebomb","fireblast"],"ability":"Levitate","evs":{"hp":85,"atk":85,"def":85,"spa":85,"spd":85,"spe":85},"ivs":{"hp":31,"atk":31,"def":31,"spa":31,"spd":31,"spe":31},"item":"Black Sludge","level":81,"shiny":false},{"name":"Krookodile","moves":["stoneedge","superpower","pursuit","stealthrock"],"ability":"Intimidate","evs":{"hp":85,"atk":85,"def":85,"spa":85,"spd":85,"spe":85},"ivs":{"hp":31,"atk":31,"def":31,"spa":31,"spd":31,"spe":31},"item":"Life Orb","level":77,"shiny":false},{"name":"Regirock","moves":["rest","stoneedge","drainpunch","thunderwave"],"ability":"Sturdy","evs":{"hp":85,"atk":85,"def":85,"spa":85,"spd":85,"spe":85},"ivs":{"hp":31,"atk":31,"def":31,"spa":31,"spd":31,"spe":31},"item":"Chesto Berry","level":81,"shiny":false}],"log":["|player|p1|Doga|274","|player|p2|Leaf 2.0|leaf20.gif","|gametype|singles","|gen|6","|tier|Random Battle","|rated","|rule|Sleep Clause Mod: Limit one foe put to sleep","|rule|HP Percentage Mod: HP is shown in percentages","|","|start","|switch|p1a: Rhyperior|Rhyperior, L79, F|311/311","|switch|p2a: Yveltal|Yveltal, L73|304/304","|-ability|p2a: Yveltal|Dark Aura","|turn|1","|","|move|p2a: Yveltal|U-turn|p1a: Rhyperior","|-damage|p1a: Rhyperior|274/311","|","|switch|p2a: Krookodile|Krookodile, L77, F|273/273","|-ability|p2a: Krookodile|Intimidate","|-unboost|p1a: Rhyperior|atk|1","|move|p1a: Rhyperior|Rock Polish|p1a: Rhyperior","|-boost|p1a: Rhyperior|spe|2","|","|turn|2","|","|move|p1a: Rhyperior|Megahorn|p2a: Krookodile","|-supereffective|p2a: Krookodile","|-damage|p2a: Krookodile|109/273","|move|p2a: Krookodile|Stealth Rock|p1a: Rhyperior","|-sidestart|p1: Doga|move: Stealth Rock","|","|turn|3","|","|switch|p2a: Weezing|Weezing, L81, M|238/238","|move|p1a: Rhyperior|Megahorn|p2a: Weezing","|-resisted|p2a: Weezing","|-damage|p2a: Weezing|211/238","|","|-heal|p2a: Weezing|225/238|[from] item: Black Sludge","|turn|4","|","|move|p1a: Rhyperior|Stone Edge|p2a: Weezing","|-damage|p2a: Weezing|159/238","|move|p2a: Weezing|Will-O-Wisp|p1a: Rhyperior","|-status|p1a: Rhyperior|brn","|","|-heal|p2a: Weezing|173/238|[from] item: Black Sludge","|-damage|p1a: Rhyperior|236/311 brn|[from] brn","|turn|5","|","|move|p1a: Rhyperior|Stone Edge|p2a: Weezing|[miss]","|-miss|p1a: Rhyperior|p2a: Weezing","|move|p2a: Weezing|Toxic Spikes|p1a: Rhyperior","|-sidestart|p1: Doga|move: Toxic Spikes","|","|-heal|p2a: Weezing|187/238|[from] item: Black Sludge","|-damage|p1a: Rhyperior|198/311 brn|[from] brn","|turn|6","|","|move|p1a: Rhyperior|Stone Edge|p2a: Weezing|[miss]","|-miss|p1a: Rhyperior|p2a: Weezing","|move|p2a: Weezing|Toxic Spikes|p1a: Rhyperior","|-sidestart|p1: Doga|move: Toxic Spikes","|","|-heal|p2a: Weezing|201/238|[from] item: Black Sludge","|-damage|p1a: Rhyperior|160/311 brn|[from] brn","|turn|7","|","|move|p1a: Rhyperior|Megahorn|p2a: Weezing","|-resisted|p2a: Weezing","|-damage|p2a: Weezing|187/238","|move|p2a: Weezing|Fire Blast|p1a: Rhyperior","|-resisted|p1a: Rhyperior","|-damage|p1a: Rhyperior|111/311 brn","|","|-heal|p2a: Weezing|201/238|[from] item: Black Sludge","|-damage|p1a: Rhyperior|73/311 brn|[from] brn","|turn|8","|","|move|p1a: Rhyperior|Stone Edge|p2a: Weezing","|-damage|p2a: Weezing|168/238","|move|p2a: Weezing|Fire Blast|p1a: Rhyperior","|-resisted|p1a: Rhyperior","|-damage|p1a: Rhyperior|24/311 brn","|","|-heal|p2a: Weezing|182/238|[from] item: Black Sludge","|-damage|p1a: Rhyperior|0 fnt|[from] brn","|faint|p1a: Rhyperior","|","|switch|p1a: Talonflame|Talonflame, L75, F|241/241","|-damage|p1a: Talonflame|121/241|[from] Stealth Rock","|turn|9","|","|move|p1a: Talonflame|Brave Bird|p2a: Weezing","|-damage|p2a: Weezing|109/238","|-damage|p1a: Talonflame|97/241|[from] recoil|[of] p2a: Weezing","|move|p2a: Weezing|Sludge Bomb|p1a: Talonflame","|-damage|p1a: Talonflame|0 fnt","|faint|p1a: Talonflame","|","|-heal|p2a: Weezing|123/238|[from] item: Black Sludge","|","|switch|p1a: Heracross|Heracross, L76, F|247/247","|-status|p1a: Heracross|tox","|-damage|p1a: Heracross|217/247 tox|[from] Stealth Rock","|turn|10","|","|detailschange|p1a: Heracross|Heracross-Mega, L76, F","|-mega|p1a: Heracross|Heracross|Heracronite","|move|p1a: Heracross|Swords Dance|p1a: Heracross","|-boost|p1a: Heracross|atk|2","|move|p2a: Weezing|Fire Blast|p1a: Heracross","|-supereffective|p1a: Heracross","|-damage|p1a: Heracross|95/247 tox","|","|-heal|p2a: Weezing|137/238|[from] item: Black Sludge","|-damage|p1a: Heracross|80/247 tox|[from] psn","|turn|11","|","|move|p1a: Heracross|Close Combat|p2a: Weezing","|-resisted|p2a: Weezing","|-damage|p2a: Weezing|2/238","|-unboost|p1a: Heracross|def|1","|-unboost|p1a: Heracross|spd|1","|move|p2a: Weezing|Sludge Bomb|p1a: Heracross","|-damage|p1a: Heracross|0 fnt","|faint|p1a: Heracross","|","|-heal|p2a: Weezing|16/238|[from] item: Black Sludge","|","|switch|p1a: Slowking|Slowking, L77, M|273/273","|-damage|p1a: Slowking|239/273|[from] Stealth Rock","|-status|p1a: Slowking|tox","|turn|12","|","|switch|p2a: Yveltal|Yveltal, L73|304/304","|-ability|p2a: Yveltal|Dark Aura","|move|p1a: Slowking|Psychic|p2a: Yveltal","|-immune|p2a: Yveltal|[msg]","|","|-damage|p1a: Slowking|222/273 tox|[from] psn","|turn|13","|","|switch|p1a: Reshiram|Reshiram, L73|266/266","|-status|p1a: Reshiram|tox","|-damage|p1a: Reshiram|200/266 tox|[from] Stealth Rock","|-ability|p1a: Reshiram|Turboblaze","|move|p2a: Yveltal|Dark Pulse|p1a: Reshiram","|-damage|p1a: Reshiram|104/266 tox","|","|-heal|p1a: Reshiram|120/266 tox|[from] item: Leftovers","|-damage|p1a: Reshiram|104/266 tox|[from] psn","|turn|14","|","|move|p2a: Yveltal|Oblivion Wing|p1a: Reshiram","|-damage|p1a: Reshiram|32/266 tox","|move|p1a: Reshiram|Stone Edge|p2a: Yveltal|[miss]","|-miss|p1a: Reshiram|p2a: Yveltal","|","|-heal|p1a: Reshiram|48/266 tox|[from] item: Leftovers","|-damage|p1a: Reshiram|16/266 tox|[from] psn","|turn|15","|","|move|p2a: Yveltal|U-turn|p1a: Reshiram","|-resisted|p1a: Reshiram","|-damage|p1a: Reshiram|0 fnt","|faint|p1a: Reshiram","|","|switch|p2a: Krookodile|Krookodile, L77, F|109/273","|","|","|switch|p1a: Slowking|Slowking, L77, M|273/273 tox","|-damage|p1a: Slowking|239/273 tox|[from] Stealth Rock","|turn|16","|","|switch|p2a: Yveltal|Yveltal, L73|304/304","|-ability|p2a: Yveltal|Dark Aura","|move|p1a: Slowking|Scald|p2a: Yveltal","|-damage|p2a: Yveltal|229/304","|","|-heal|p2a: Yveltal|248/304|[from] item: Leftovers","|-damage|p1a: Slowking|222/273 tox|[from] psn","|turn|17","|","|move|p2a: Yveltal|Dark Pulse|p1a: Slowking","|-supereffective|p1a: Slowking","|-damage|p1a: Slowking|76/273 tox","|move|p1a: Slowking|Ice Beam|p2a: Yveltal","|-supereffective|p2a: Yveltal","|-damage|p2a: Yveltal|136/304","|","|-heal|p2a: Yveltal|155/304|[from] item: Leftovers","|-damage|p1a: Slowking|42/273 tox|[from] psn","|turn|18","|","|move|p2a: Yveltal|U-turn|p1a: Slowking","|-supereffective|p1a: Slowking","|-damage|p1a: Slowking|0 fnt","|faint|p1a: Slowking","|","|switch|p2a: Krookodile|Krookodile, L77, F|109/273","|","|","|switch|p1a: Tornadus|Tornadus, L78, M|251/251","|-damage|p1a: Tornadus|189/251|[from] Stealth Rock","|turn|19","|","|switch|p2a: Landorus|Landorus, L73, M|250/250","|move|p1a: Tornadus|Acrobatics|p2a: Landorus","|-enditem|p1a: Tornadus|Flying Gem|[from] gem|[move] Acrobatics","|-damage|p2a: Landorus|72/250","|","|turn|20","|","|switch|p2a: Regirock|Regirock, L81|262/262","|move|p1a: Tornadus|Acrobatics|p2a: Regirock","|-resisted|p2a: Regirock","|-damage|p2a: Regirock|229/262","|","|turn|21","|","|move|p1a: Tornadus|Superpower|p2a: Regirock","|-supereffective|p2a: Regirock","|-damage|p2a: Regirock|141/262","|-unboost|p1a: Tornadus|atk|1","|-unboost|p1a: Tornadus|def|1","|move|p2a: Regirock|Thunder Wave|p1a: Tornadus","|-status|p1a: Tornadus|par","|","|turn|22","|","|move|p2a: Regirock|Stone Edge|p1a: Tornadus","|-supereffective|p1a: Tornadus","|-damage|p1a: Tornadus|0 fnt","|faint|p1a: Tornadus","|","|win|Leaf 2.0"],"p1rating":{"entryid":"73282","serverid":"eos","formatid":"randombattle","userid":"doga","username":"Doga","w":"11","l":5,"t":"0","gxe":62.2,"r":"1610.5782621573","rd":"83.411369812775","sigma":"0","rptime":"1440147600","rpr":1595.7914030086,"rprd":76.558840537006,"rpsigma":"0","acre":1133.9616095566,"lacre":1133.9616095566,"oldacre":"1170.3214768091"},"p2rating":{"entryid":281742,"formatid":"randombattle","userid":"leaf20","username":"Leaf 2.0","r":1500,"rd":130,"sigma":0,"rpr":1554.5483085459,"rprd":122.88283263933,"rpsigma":0,"rptime":1440147600,"w":1,"l":0,"t":0,"gxe":56.8,"acre":1058.175787604,"lacre":1058.175787604,"oldacre":1000},"endType":"normal"}