{"seed":[5886,24396,13877,22439],"turns":25,"p1":"Doga","p2":"Crystal Mafetan","p1team":[{"name":"Dewgong","moves":["surf","icebeam","toxic","protect"],"ability":"Thick Fat","evs":{"hp":85,"atk":85,"def":85,"spa":85,"spd":85,"spe":85},"ivs":{"hp":31,"atk":31,"def":31,"spa":31,"spd":31,"spe":31},"item":"Leftovers","level":83,"shiny":false},{"name":"Simisear","moves":["nastyplot","grassknot","focusblast","fireblast"],"ability":"Blaze","evs":{"hp":81,"atk":85,"def":85,"spa":89,"spd":85,"spe":85},"ivs":{"hp":31,"atk":31,"def":31,"spa":31,"spd":31,"spe":31},"item":"Life Orb","level":83,"shiny":false},{"name":"Zekrom","moves":["boltstrike","voltswitch","roost","outrage"],"ability":"Teravolt","evs":{"hp":85,"atk":85,"def":85,"spa":85,"spd":85,"spe":85},"ivs":{"hp":31,"atk":31,"def":31,"spa":31,"spd":31,"spe":31},"item":"Leftovers","level":73,"shiny":false},{"name":"Roserade","moves":["leafstorm","sleeppowder","sludgebomb","toxicspikes"],"ability":"Natural Cure","evs":{"hp":85,"atk":85,"def":85,"spa":85,"spd":85,"spe":85},"ivs":{"hp":31,"atk":31,"def":31,"spa":31,"spd":31,"spe":31},"item":"Black Sludge","level":77,"shiny":false},{"name":"Skarmory","moves":["stealthrock","spikes","defog","bravebird"],"ability":"Sturdy","evs":{"hp":85,"atk":85,"def":85,"spa":85,"spd":85,"spe":85},"ivs":{"hp":31,"atk":31,"def":31,"spa":31,"spd":31,"spe":31},"item":"Leftovers","level":75,"shiny":false},{"name":"Hitmontop","moves":["rapidspin","toxic","suckerpunch","closecombat"],"ability":"Intimidate","evs":{"hp":85,"atk":85,"def":85,"spa":85,"spd":85,"spe":85},"ivs":{"hp":31,"atk":31,"def":31,"spa":31,"spd":31,"spe":31},"item":"Life Orb","level":79,"shiny":false}],"p2team":[{"name":"Hitmontop","moves":["machpunch","toxic","suckerpunch","closecombat"],"ability":"Technician","evs":{"hp":85,"atk":85,"def":85,"spa":85,"spd":85,"spe":85},"ivs":{"hp":31,"atk":31,"def":31,"spa":31,"spd":31,"spe":31},"item":"Life Orb","level":79,"shiny":false},{"name":"Kecleon","moves":["stealthrock","fakeout","recover","drainpunch"],"ability":"Protean","evs":{"hp":85,"atk":85,"def":85,"spa":85,"spd":85,"spe":85},"ivs":{"hp":31,"atk":31,"def":31,"spa":31,"spd":31,"spe":31},"item":"Leftovers","level":81,"shiny":false},{"name":"Talonflame","moves":["willowisp","tailwind","roost","flareblitz"],"ability":"Gale Wings","evs":{"hp":85,"atk":85,"def":85,"spa":85,"spd":85,"spe":85},"ivs":{"hp":31,"atk":31,"def":31,"spa":31,"spd":31,"spe":31},"item":"Leftovers","level":75,"shiny":false},{"name":"Crustle","moves":["earthquake","shellsmash","xscissor","stoneedge"],"ability":"Sturdy","evs":{"hp":85,"atk":85,"def":85,"spa":85,"spd":85,"spe":85},"ivs":{"hp":31,"atk":31,"def":31,"spa":31,"spd":31,"spe":31},"item":"White Herb","level":81,"shiny":false},{"name":"Pidgeot","moves":["heatwave","uturn","hurricane","roost"],"ability":"Tangled Feet","evs":{"hp":85,"atk":85,"def":85,"spa":85,"spd":85,"spe":85},"ivs":{"hp":31,"atk":31,"def":31,"spa":31,"spd":31,"spe":31},"item":"Pidgeotite","level":76,"shiny":false},{"name":"Lilligant","moves":["hiddenpowerfire","petaldance","healingwish","sleeppowder"],"ability":"Own Tempo","evs":{"hp":85,"atk":85,"def":85,"spa":85,"spd":85,"spe":85},"ivs":{"hp":31,"atk":30,"def":31,"spa":30,"spd":31,"spe":30},"item":"Leftovers","level":81,"shiny":false}],"log":["|player|p1|Doga|274","|player|p2|Crystal Mafetan|92","|gametype|singles","|gen|6","|tier|Random Battle","|rated","|rule|Sleep Clause Mod: Limit one foe put to sleep","|rule|HP Percentage Mod: HP is shown in percentages","|","|start","|switch|p1a: Dewgong|Dewgong, L83, F|285/285","|switch|p2a: Hitmontop|Hitmontop, L79, M|209/209","|turn|1","|","|switch|p1a: Skarmory|Skarmory, L75, F|221/221","|move|p2a: Hitmontop|Close Combat|p1a: Skarmory","|-damage|p1a: Skarmory|99/221","|-unboost|p2a: Hitmontop|def|1","|-unboost|p2a: Hitmontop|spd|1","|-damage|p2a: Hitmontop|189/209|[from] item: Life Orb","|","|-heal|p1a: Skarmory|112/221|[from] item: Leftovers","|turn|2","|","|move|p2a: Hitmontop|Close Combat|p1a: Skarmory","|-damage|p1a: Skarmory|9/221","|-unboost|p2a: Hitmontop|def|1","|-unboost|p2a: Hitmontop|spd|1","|-damage|p2a: Hitmontop|169/209|[from] item: Life Orb","|move|p1a: Skarmory|Stealth Rock|p2a: Hitmontop","|-sidestart|p2: Crystal Mafetan|move: Stealth Rock","|","|-heal|p1a: Skarmory|22/221|[from] item: Leftovers","|turn|3","|","|move|p2a: Hitmontop|Mach Punch|p1a: Skarmory","|-damage|p1a: Skarmory|0 fnt","|-damage|p2a: Hitmontop|149/209|[from] item: Life Orb","|faint|p1a: Skarmory","|","|","|switch|p1a: Roserade|Roserade, L77, M|219/219","|turn|4","|","|switch|p2a: Pidgeot|Pidgeot, L76, M|251/251","|-damage|p2a: Pidgeot|189/251|[from] Stealth Rock","|move|p1a: Roserade|Leaf Storm|p2a: Pidgeot|[miss]","|-miss|p1a: Roserade|p2a: Pidgeot","|","|turn|5","|","|detailschange|p2a: Pidgeot|Pidgeot-Mega, L76, M","|-mega|p2a: Pidgeot|Pidgeot|Pidgeotite","|move|p2a: Pidgeot|Hurricane|p1a: Roserade","|-supereffective|p1a: Roserade","|-damage|p1a: Roserade|0 fnt","|faint|p1a: Roserade","|","|","|switch|p1a: Zekrom|Zekrom, L73|266/266","|-ability|p1a: Zekrom|Teravolt","|turn|6","|","|move|p2a: Pidgeot|U-turn|p1a: Zekrom","|-damage|p1a: Zekrom|231/266","|","|switch|p2a: Hitmontop|Hitmontop, L79, M|149/209","|-damage|p2a: Hitmontop|136/209|[from] Stealth Rock","|move|p1a: Zekrom|Bolt Strike|p2a: Hitmontop|[miss]","|-miss|p1a: Zekrom|p2a: Hitmontop","|","|-heal|p1a: Zekrom|247/266|[from] item: Leftovers","|turn|7","|","|move|p1a: Zekrom|Bolt Strike|p2a: Hitmontop","|-damage|p2a: Hitmontop|0 fnt","|faint|p2a: Hitmontop","|","|-heal|p1a: Zekrom|263/266|[from] item: Leftovers","|","|switch|p2a: Kecleon|Kecleon, L81, M|230/230","|-damage|p2a: Kecleon|202/230|[from] Stealth Rock","|turn|8","|","|move|p2a: Kecleon|Fake Out|p1a: Zekrom","|-crit|p1a: Zekrom","|-damage|p1a: Zekrom|211/266","|cant|p1a: Zekrom|flinch","|","|-heal|p1a: Zekrom|227/266|[from] item: Leftovers","|-heal|p2a: Kecleon|216/230|[from] item: Leftovers","|turn|9","|","|move|p1a: Zekrom|Bolt Strike|p2a: Kecleon","|-damage|p2a: Kecleon|29/230","|-status|p2a: Kecleon|par","|move|p2a: Kecleon|Stealth Rock|p1a: Zekrom","|-start|p2a: Kecleon|typechange|Rock|[from] Protean","|-sidestart|p1: Doga|move: Stealth Rock","|","|-heal|p1a: Zekrom|243/266|[from] item: Leftovers","|-heal|p2a: Kecleon|43/230 par|[from] item: Leftovers","|turn|10","|","|move|p1a: Zekrom|Bolt Strike|p2a: Kecleon","|-damage|p2a: Kecleon|0 fnt","|faint|p2a: Kecleon","|","|-heal|p1a: Zekrom|259/266|[from] item: Leftovers","|","|switch|p2a: Lilligant|Lilligant, L81, F|246/246","|-damage|p2a: Lilligant|216/246|[from] Stealth Rock","|turn|11","|","|move|p2a: Lilligant|Sleep Powder|p1a: Zekrom","|-status|p1a: Zekrom|slp","|cant|p1a: Zekrom|slp","|","|-heal|p2a: Lilligant|231/246|[from] item: Leftovers","|-heal|p1a: Zekrom|266/266 slp|[from] item: Leftovers","|turn|12","|","|switch|p2a: Crustle|Crustle, L81, F|246/246","|-damage|p2a: Crustle|185/246|[from] Stealth Rock","|cant|p1a: Zekrom|slp","|","|turn|13","|","|cant|p1a: Zekrom|slp","|move|p2a: Crustle|Shell Smash|p2a: Crustle","|-unboost|p2a: Crustle|def|1","|-unboost|p2a: Crustle|spd|1","|-boost|p2a: Crustle|atk|2","|-boost|p2a: Crustle|spa|2","|-boost|p2a: Crustle|spe|2","|-enditem|p2a: Crustle|White Herb","|-restoreboost|p2a: Crustle|[silent]","|","|turn|14","|","|move|p2a: Crustle|Earthquake|p1a: Zekrom","|-supereffective|p1a: Zekrom","|-damage|p1a: Zekrom|12/266 slp","|-curestatus|p1a: Zekrom|slp","|move|p1a: Zekrom|Outrage|p2a: Crustle","|-damage|p2a: Crustle|68/246","|","|-heal|p1a: Zekrom|28/266|[from] item: Leftovers","|turn|15","|","|move|p2a: Crustle|Earthquake|p1a: Zekrom","|-supereffective|p1a: Zekrom","|-damage|p1a: Zekrom|0 fnt","|faint|p1a: Zekrom","|","|","|switch|p1a: Hitmontop|Hitmontop, L79, M|209/209","|-damage|p1a: Hitmontop|196/209|[from] Stealth Rock","|-ability|p1a: Hitmontop|Intimidate","|-unboost|p2a: Crustle|atk|1","|turn|16","|","|move|p1a: Hitmontop|Sucker Punch|p2a: Crustle","|-damage|p2a: Crustle|17/246","|-damage|p1a: Hitmontop|176/209|[from] item: Life Orb","|move|p2a: Crustle|X-Scissor|p1a: Hitmontop","|-resisted|p1a: Hitmontop","|-damage|p1a: Hitmontop|119/209","|","|turn|17","|","|move|p1a: Hitmontop|Sucker Punch|p2a: Crustle","|-fail|p1a: Hitmontop","|move|p2a: Crustle|Shell Smash|p2a: Crustle","|-unboost|p2a: Crustle|def|1","|-unboost|p2a: Crustle|spd|1","|-boost|p2a: Crustle|atk|2","|-boost|p2a: Crustle|spa|2","|-boost|p2a: Crustle|spe|2","|","|turn|18","|","|move|p1a: Hitmontop|Sucker Punch|p2a: Crustle","|-fail|p1a: Hitmontop","|move|p2a: Crustle|Shell Smash|p2a: Crustle","|-unboost|p2a: Crustle|def|1","|-unboost|p2a: Crustle|spd|1","|-boost|p2a: Crustle|atk|2","|-boost|p2a: Crustle|spa|2","|-boost|p2a: Crustle|spe|2","|","|turn|19","|","|move|p1a: Hitmontop|Sucker Punch|p2a: Crustle","|-fail|p1a: Hitmontop","|move|p2a: Crustle|Shell Smash|p2a: Crustle","|-unboost|p2a: Crustle|def|1","|-unboost|p2a: Crustle|spd|1","|-boost|p2a: Crustle|atk|2","|","|turn|20","|","|move|p1a: Hitmontop|Sucker Punch|p2a: Crustle","|-fail|p1a: Hitmontop","|move|p2a: Crustle|Shell Smash|p2a: Crustle","|-unboost|p2a: Crustle|def|1","|-unboost|p2a: Crustle|spd|1","|","|turn|21","|","|move|p1a: Hitmontop|Sucker Punch|p2a: Crustle","|-fail|p1a: Hitmontop","|move|p2a: Crustle|Shell Smash|p2a: Crustle","|-unboost|p2a: Crustle|def|1","|-unboost|p2a: Crustle|spd|1","|","|turn|22","|","|move|p2a: Crustle|Earthquake|p1a: Hitmontop","|-damage|p1a: Hitmontop|0 fnt","|faint|p1a: Hitmontop","|","|","|switch|p1a: Simisear|Simisear, L83, F|259/259","|-damage|p1a: Simisear|195/259|[from] Stealth Rock","|turn|23","|","|move|p2a: Crustle|Earthquake|p1a: Simisear","|-supereffective|p1a: Simisear","|-damage|p1a: Simisear|0 fnt","|faint|p1a: Simisear","|","|","|switch|p1a: Dewgong|Dewgong, L83, F|285/285","|-damage|p1a: Dewgong|214/285|[from] Stealth Rock","|turn|24","|","|move|p1a: Dewgong|Protect|p1a: Dewgong","|-singleturn|p1a: Dewgong|Protect","|move|p2a: Crustle|Earthquake|p1a: Dewgong","|-activate|p1a: Dewgong|Protect","|","|-heal|p1a: Dewgong|231/285|[from] item: Leftovers","|turn|25","|","|move|p1a: Dewgong|Protect|p1a: Dewgong","|-fail|p1a: Dewgong","|move|p2a: Crustle|Earthquake|p1a: Dewgong","|-damage|p1a: Dewgong|0 fnt","|faint|p1a: Dewgong","|","|win|Crystal Mafetan"],"p1rating":{"entryid":"73282","serverid":"eos","formatid":"randombattle","userid":"doga","username":"Doga","w":"9","l":4,"t":"0","gxe":61.4,"r":"1610.5782621573","rd":"83.411369812775","sigma":"0","rptime":"1440147600","rpr":1589.4592345067,"rprd":81.467593202935,"rpsigma":"0","acre":1132.1286161633,"lacre":1132.1286161633,"oldacre":"1163.4504203359"},"p2rating":{"entryid":"178420","serverid":"eos","formatid":"randombattle","userid":"crystalmafetan","username":"Crystal Mafetan","w":3,"l":"0","t":"0","gxe":63.7,"r":"1540.1606143388","rd":"122.8583080769","sigma":"0","rptime":"1440147600","rpr":1610.7677720851,"rprd":111.31629235333,"rpsigma":"0","acre":1109.920274968,"lacre":1109.920274968,"oldacre":"1073.6456820867"},"endType":"normal"}