{"seed":[6401,57368,38928,19595],"turns":31,"p1":"Rain ⚜ Aurem","p2":"Deucez","p1team":[{"name":"Furfrou","moves":["uturn","return","suckerpunch","thunderwave"],"ability":"Fur Coat","evs":{"hp":85,"atk":85,"def":85,"spa":85,"spd":85,"spe":85},"ivs":{"hp":31,"atk":31,"def":31,"spa":31,"spd":31,"spe":31},"item":"Life Orb","level":83,"shiny":false},{"name":"Tropius","moves":["leechseed","airslash","substitute","protect"],"ability":"Harvest","evs":{"hp":81,"atk":85,"def":85,"spa":89,"spd":85,"spe":85},"ivs":{"hp":31,"atk":31,"def":31,"spa":31,"spd":31,"spe":31},"item":"Sitrus Berry","level":83,"shiny":false},{"name":"Cobalion","moves":["voltswitch","ironhead","stealthrock","taunt"],"ability":"Justified","evs":{"hp":85,"atk":85,"def":85,"spa":85,"spd":85,"spe":85},"ivs":{"hp":31,"atk":31,"def":31,"spa":31,"spd":31,"spe":31},"item":"Air Balloon","level":77,"shiny":false},{"name":"Hitmonlee","moves":["knockoff","fakeout","poisonjab","highjumpkick"],"ability":"Unburden","evs":{"hp":85,"atk":85,"def":85,"spa":85,"spd":85,"spe":85},"ivs":{"hp":31,"atk":31,"def":31,"spa":31,"spd":31,"spe":31},"item":"Normal Gem","level":79,"shiny":false},{"name":"Mismagius","moves":["dazzlinggleam","nastyplot","painsplit","shadowball"],"ability":"Levitate","evs":{"hp":85,"atk":85,"def":85,"spa":85,"spd":85,"spe":85},"ivs":{"hp":31,"atk":31,"def":31,"spa":31,"spd":31,"spe":31},"item":"Leftovers","level":81,"shiny":false},{"name":"Mandibuzz","moves":["roost","knockoff","toxic","whirlwind"],"ability":"Overcoat","evs":{"hp":81,"atk":89,"def":85,"spa":85,"spd":85,"spe":85},"ivs":{"hp":31,"atk":31,"def":31,"spa":31,"spd":31,"spe":31},"item":"Leftovers","level":77,"shiny":false}],"p2team":[{"name":"Sigilyph","moves":["roost","cosmicpower","psychoshift","storedpower"],"ability":"Magic Guard","evs":{"hp":85,"atk":85,"def":85,"spa":85,"spd":85,"spe":85},"ivs":{"hp":31,"atk":31,"def":31,"spa":31,"spd":31,"spe":31},"item":"Flame Orb","level":79,"shiny":false},{"name":"Arbok","moves":["rest","gunkshot","aquatail","suckerpunch"],"ability":"Intimidate","evs":{"hp":85,"atk":85,"def":85,"spa":85,"spd":85,"spe":85},"ivs":{"hp":31,"atk":31,"def":31,"spa":31,"spd":31,"spe":31},"item":"Chesto Berry","level":83,"shiny":false},{"name":"Dunsparce","moves":["rockslide","coil","glare","headbutt"],"ability":"Serene Grace","evs":{"hp":85,"atk":85,"def":85,"spa":85,"spd":85,"spe":85},"ivs":{"hp":31,"atk":31,"def":31,"spa":31,"spd":31,"spe":31},"item":"Leftovers","level":83,"shiny":false},{"name":"Hippowdon","moves":["toxic","slackoff","whirlwind","earthquake"],"ability":"Sand Stream","evs":{"hp":85,"atk":85,"def":85,"spa":85,"spd":85,"spe":85},"ivs":{"hp":31,"atk":31,"def":31,"spa":31,"spd":31,"spe":31},"item":"Leftovers","level":75,"shiny":false},{"name":"Conkeldurr","moves":["machpunch","knockoff","drainpunch","bulkup"],"ability":"Guts","evs":{"hp":85,"atk":85,"def":85,"spa":85,"spd":85,"spe":85},"ivs":{"hp":31,"atk":31,"def":31,"spa":31,"spd":31,"spe":31},"item":"Flame Orb","level":75,"shiny":false},{"name":"Zapdos","moves":["defog","uturn","thunderbolt","roost"],"ability":"Static","evs":{"hp":85,"atk":85,"def":85,"spa":85,"spd":85,"spe":85},"ivs":{"hp":31,"atk":31,"def":31,"spa":31,"spd":31,"spe":31},"item":"Leftovers","level":75,"shiny":false}],"log":["|player|p1|Rain ⚜ Aurem|rainaurem.png","|player|p2|Deucez|224","|gametype|singles","|gen|6","|tier|Random Battle","|rated","|rule|Sleep Clause Mod: Limit one foe put to sleep","|rule|HP Percentage Mod: HP is shown in percentages","|","|start","|switch|p1a: Furfrou|Furfrou, L83, F|260/260","|switch|p2a: Sigilyph|Sigilyph, L79, M|243/243","|turn|1","|","|move|p1a: Furfrou|Thunder Wave|p2a: Sigilyph","|-status|p2a: Sigilyph|par","|cant|p2a: Sigilyph|par","|","|turn|2","|","|switch|p1a: Cobalion|Cobalion, L77|267/267","|-item|p1a: Cobalion|Air Balloon","|move|p2a: Sigilyph|Psycho Shift|p1a: Cobalion","|-status|p1a: Cobalion|par","|-curestatus|p2a: Sigilyph|par","|","|-status|p2a: Sigilyph|brn|[from] item: Flame Orb","|turn|3","|","|move|p2a: Sigilyph|Cosmic Power|p2a: Sigilyph","|-boost|p2a: Sigilyph|def|1","|-boost|p2a: Sigilyph|spd|1","|move|p1a: Cobalion|Taunt|p2a: Sigilyph","|-start|p2a: Sigilyph|move: Taunt","|","|turn|4","|","|move|p2a: Sigilyph|Stored Power|p1a: Cobalion","|-damage|p1a: Cobalion|189/267 par","|-enditem|p1a: Cobalion|Air Balloon","|cant|p1a: Cobalion|par","|","|turn|5","|","|move|p2a: Sigilyph|Stored Power|p1a: Cobalion","|-damage|p1a: Cobalion|114/267 par","|cant|p1a: Cobalion|par","|","|turn|6","|","|move|p2a: Sigilyph|Stored Power|p1a: Cobalion","|-damage|p1a: Cobalion|39/267 par","|move|p1a: Cobalion|Volt Switch|p2a: Sigilyph","|-supereffective|p2a: Sigilyph","|-damage|p2a: Sigilyph|181/243 brn","|","|switch|p1a: Mismagius|Mismagius, L81, M|230/230","|","|-end|p2a: Sigilyph|move: Taunt","|turn|7","|","|move|p1a: Mismagius|Shadow Ball|p2a: Sigilyph","|-supereffective|p2a: Sigilyph","|-damage|p2a: Sigilyph|47/243 brn","|move|p2a: Sigilyph|Cosmic Power|p2a: Sigilyph","|-boost|p2a: Sigilyph|def|1","|-boost|p2a: Sigilyph|spd|1","|","|turn|8","|","|switch|p2a: Dunsparce|Dunsparce, L83, F|302/302","|move|p1a: Mismagius|Shadow Ball|p2a: Dunsparce","|-immune|p2a: Dunsparce|[msg]","|","|turn|9","|","|switch|p1a: Cobalion|Cobalion, L77|39/267 par","|move|p2a: Dunsparce|Coil|p2a: Dunsparce","|-boost|p2a: Dunsparce|atk|1","|-boost|p2a: Dunsparce|def|1","|-boost|p2a: Dunsparce|accuracy|1","|","|turn|10","|","|move|p2a: Dunsparce|Headbutt|p1a: Cobalion","|-resisted|p1a: Cobalion","|-damage|p1a: Cobalion|7/267 par","|move|p1a: Cobalion|Stealth Rock|p2a: Dunsparce","|-sidestart|p2: Deucez|move: Stealth Rock","|","|turn|11","|","|move|p2a: Dunsparce|Headbutt|p1a: Cobalion","|-crit|p1a: Cobalion","|-resisted|p1a: Cobalion","|-damage|p1a: Cobalion|0 fnt","|faint|p1a: Cobalion","|","|","|switch|p1a: Hitmonlee|Hitmonlee, L79, M|209/209","|turn|12","|","|move|p1a: Hitmonlee|High Jump Kick|p2a: Dunsparce","|-supereffective|p2a: Dunsparce","|-damage|p2a: Dunsparce|78/302","|move|p2a: Dunsparce|Glare|p1a: Hitmonlee","|-status|p1a: Hitmonlee|par","|","|-heal|p2a: Dunsparce|96/302|[from] item: Leftovers","|turn|13","|","|move|p2a: Dunsparce|Headbutt|p1a: Hitmonlee","|-damage|p1a: Hitmonlee|82/209 par","|move|p1a: Hitmonlee|High Jump Kick|p2a: Dunsparce","|-supereffective|p2a: Dunsparce","|-damage|p2a: Dunsparce|0 fnt","|faint|p2a: Dunsparce","|","|","|switch|p2a: Sigilyph|Sigilyph, L79, M|47/243 brn","|turn|14","|","|move|p2a: Sigilyph|Roost|p2a: Sigilyph","|-heal|p2a: Sigilyph|169/243 brn","|cant|p1a: Hitmonlee|par","|","|turn|15","|","|move|p2a: Sigilyph|Cosmic Power|p2a: Sigilyph","|-boost|p2a: Sigilyph|def|1","|-boost|p2a: Sigilyph|spd|1","|move|p1a: Hitmonlee|Knock Off|p2a: Sigilyph","|-supereffective|p2a: Sigilyph","|-damage|p2a: Sigilyph|55/243 brn","|-enditem|p2a: Sigilyph|Flame Orb|[from] move: Knock Off|[of] p1a: Hitmonlee","|","|turn|16","|","|switch|p1a: Mismagius|Mismagius, L81, M|230/230","|move|p2a: Sigilyph|Roost|p2a: Sigilyph","|-heal|p2a: Sigilyph|177/243 brn","|","|turn|17","|","|move|p1a: Mismagius|Shadow Ball|p2a: Sigilyph","|-supereffective|p2a: Sigilyph","|-damage|p2a: Sigilyph|49/243 brn","|-unboost|p2a: Sigilyph|spd|1","|move|p2a: Sigilyph|Stored Power|p1a: Mismagius","|-damage|p1a: Mismagius|193/230","|","|-heal|p1a: Mismagius|207/230|[from] item: Leftovers","|turn|18","|","|move|p1a: Mismagius|Shadow Ball|p2a: Sigilyph","|-supereffective|p2a: Sigilyph","|-damage|p2a: Sigilyph|0 fnt","|faint|p2a: Sigilyph","|","|-heal|p1a: Mismagius|221/230|[from] item: Leftovers","|","|switch|p2a: Conkeldurr|Conkeldurr, L75, M|281/281","|-damage|p2a: Conkeldurr|264/281|[from] Stealth Rock","|turn|19","|","|switch|p1a: Hitmonlee|Hitmonlee, L79, M|82/209 par","|move|p2a: Conkeldurr|Bulk Up|p2a: Conkeldurr","|-boost|p2a: Conkeldurr|atk|1","|-boost|p2a: Conkeldurr|def|1","|","|-status|p2a: Conkeldurr|brn|[from] item: Flame Orb","|turn|20","|","|cant|p1a: Hitmonlee|par","|move|p2a: Conkeldurr|Drain Punch|p1a: Hitmonlee","|-damage|p1a: Hitmonlee|0 fnt","|-heal|p2a: Conkeldurr|281/281 brn|[from] drain|[of] p1a: Hitmonlee","|faint|p1a: Hitmonlee","|","|-damage|p2a: Conkeldurr|246/281 brn|[from] brn","|","|switch|p1a: Tropius|Tropius, L83, F|299/299","|turn|21","|","|move|p1a: Tropius|Protect|p1a: Tropius","|-singleturn|p1a: Tropius|Protect","|move|p2a: Conkeldurr|Knock Off|p1a: Tropius","|-activate|p1a: Tropius|Protect","|","|-damage|p2a: Conkeldurr|211/281 brn|[from] brn","|turn|22","|","|move|p1a: Tropius|Air Slash|p2a: Conkeldurr","|-supereffective|p2a: Conkeldurr","|-damage|p2a: Conkeldurr|47/281 brn","|move|p2a: Conkeldurr|Knock Off|p1a: Tropius","|-damage|p1a: Tropius|132/299","|-enditem|p1a: Tropius|Sitrus Berry|[from] move: Knock Off|[of] p2a: Conkeldurr","|","|-damage|p2a: Conkeldurr|12/281 brn|[from] brn","|turn|23","|","|move|p1a: Tropius|Protect|p1a: Tropius","|-singleturn|p1a: Tropius|Protect","|move|p2a: Conkeldurr|Mach Punch|p1a: Tropius","|-activate|p1a: Tropius|Protect","|","|-damage|p2a: Conkeldurr|0 fnt|[from] brn","|faint|p2a: Conkeldurr","|","|switch|p2a: Zapdos|Zapdos, L75|259/259","|-damage|p2a: Zapdos|195/259|[from] Stealth Rock","|turn|24","|","|switch|p1a: Furfrou|Furfrou, L83, F|260/260","|move|p2a: Zapdos|Defog|p1a: Furfrou","|-unboost|p1a: Furfrou|evasion|1","|-sideend|p2: Deucez|Stealth Rock|[from] move: Defog|[of] p2a: Zapdos","|","|-heal|p2a: Zapdos|211/259|[from] item: Leftovers","|turn|25","|","|move|p1a: Furfrou|Return|p2a: Zapdos","|-damage|p2a: Zapdos|67/259","|-status|p1a: Furfrou|par","|-damage|p1a: Furfrou|234/260 par|[from] item: Life Orb","|move|p2a: Zapdos|U-turn|p1a: Furfrou","|-damage|p1a: Furfrou|209/260 par","|","|switch|p2a: Hippowdon|Hippowdon, L75, F|286/286","|-weather|Sandstorm","|","|-weather|Sandstorm|[upkeep]","|-damage|p1a: Furfrou|193/260 par|[from] sandstorm","|turn|26","|","|switch|p1a: Mandibuzz|Mandibuzz, L77, F|295/295","|move|p2a: Hippowdon|Earthquake|p1a: Mandibuzz","|-immune|p1a: Mandibuzz|[msg]","|","|-weather|Sandstorm|[upkeep]","|turn|27","|","|move|p1a: Mandibuzz|Toxic|p2a: Hippowdon","|-status|p2a: Hippowdon|tox","|move|p2a: Hippowdon|Toxic|p1a: Mandibuzz","|-status|p1a: Mandibuzz|tox","|","|-weather|Sandstorm|[upkeep]","|-damage|p1a: Mandibuzz|277/295 tox|[from] psn","|-damage|p2a: Hippowdon|269/286 tox|[from] psn","|turn|28","|","|switch|p1a: Tropius|Tropius, L83, F|132/299","|move|p2a: Hippowdon|Whirlwind|p1a: Tropius","|drag|p1a: Mandibuzz|Mandibuzz, L77, F|277/295 tox","|","|-weather|Sandstorm|[upkeep]","|-heal|p1a: Mandibuzz|295/295 tox|[from] item: Leftovers","|-heal|p2a: Hippowdon|286/286 tox|[from] item: Leftovers","|-damage|p1a: Mandibuzz|277/295 tox|[from] psn","|-damage|p2a: Hippowdon|252/286 tox|[from] psn","|turn|29","|","|switch|p2a: Zapdos|Zapdos, L75|67/259","|move|p1a: Mandibuzz|Knock Off|p2a: Zapdos","|-damage|p2a: Zapdos|0 fnt","|-enditem|p2a: Zapdos|Leftovers|[from] move: Knock Off|[of] p1a: Mandibuzz","|faint|p2a: Zapdos","|","|-weather|none","|-heal|p1a: Mandibuzz|295/295 tox|[from] item: Leftovers","|-damage|p1a: Mandibuzz|259/295 tox|[from] psn","|","|switch|p2a: Arbok|Arbok, L83, F|235/235","|-ability|p2a: Arbok|Intimidate","|-unboost|p1a: Mandibuzz|atk|1","|turn|30","|","|move|p2a: Arbok|Aqua Tail|p1a: Mandibuzz","|-damage|p1a: Mandibuzz|205/295 tox","|move|p1a: Mandibuzz|Whirlwind|p2a: Arbok","|drag|p2a: Hippowdon|Hippowdon, L75, F|252/286 tox","|-weather|Sandstorm","|","|-weather|Sandstorm|[upkeep]","|-heal|p1a: Mandibuzz|223/295 tox|[from] item: Leftovers","|-heal|p2a: Hippowdon|269/286 tox|[from] item: Leftovers","|-damage|p1a: Mandibuzz|169/295 tox|[from] psn","|-damage|p2a: Hippowdon|252/286 tox|[from] psn","|turn|31","|","|win|Rain ⚜ Aurem"],"p1rating":{"entryid":"6444477","serverid":"eos","formatid":"randombattle","userid":"rainaurem","username":"Rain ☆ Aurem","w":38,"l":"14","t":"0","gxe":69.4,"r":"1668.374707074","rd":"55.6473779482","sigma":"0","rptime":"1438333200","rpr":1655.3706507856,"rprd":52.339900402313,"rpsigma":"0","acre":1178.2907760266,"lacre":1178.2907760266,"oldacre":"1161.3174947367"},"p2rating":{"entryid":"7209596","serverid":"eos","formatid":"randombattle","userid":"deucez","username":"Deucez","w":"1","l":2,"t":"0","gxe":47.3,"r":"1497.9968111402","rd":"116.29730536519","sigma":"0","rptime":"1438333200","rpr":1478.5460620681,"rprd":111.55689940968,"rpsigma":"0","acre":1034.2365373265,"lacre":1034.2365373265,"oldacre":"1045.6776471665"},"endType":"forfeit"}