{"seed":[38667,36305,56654,42008],"turns":33,"p1":"Diamond Jax","p2":"Pokepat","p1team":[{"name":"Stantler","moves":["jumpkick","doubleedge","megahorn","earthquake"],"ability":"Intimidate","evs":{"hp":85,"atk":85,"def":85,"spa":85,"spd":85,"spe":85},"ivs":{"hp":31,"atk":31,"def":31,"spa":31,"spd":31,"spe":31},"item":"Choice Band","level":83,"shiny":false},{"name":"Keldeo","moves":["secretsword","hiddenpowerelectric","hydropump","substitute"],"ability":"Justified","evs":{"hp":85,"atk":85,"def":85,"spa":85,"spd":85,"spe":85},"ivs":{"hp":31,"atk":31,"def":31,"spa":30,"spd":31,"spe":31},"item":"Leftovers","level":75,"shiny":false},{"name":"Amoonguss","moves":["gigadrain","synthesis","spore","sludgebomb"],"ability":"Regenerator","evs":{"hp":85,"atk":85,"def":85,"spa":85,"spd":85,"spe":85},"ivs":{"hp":31,"atk":31,"def":31,"spa":31,"spd":31,"spe":31},"item":"Black Sludge","level":79,"shiny":false},{"name":"Phione","moves":["raindance","rest","uturn","scald"],"ability":"Hydration","evs":{"hp":85,"atk":85,"def":85,"spa":85,"spd":85,"spe":85},"ivs":{"hp":31,"atk":31,"def":31,"spa":31,"spd":31,"spe":31},"item":"Damp Rock","level":83,"shiny":false},{"name":"Toxicroak","moves":["drainpunch","icepunch","swordsdance","substitute"],"ability":"Dry Skin","evs":{"hp":85,"atk":85,"def":85,"spa":85,"spd":85,"spe":85},"ivs":{"hp":31,"atk":31,"def":31,"spa":31,"spd":31,"spe":31},"item":"Black Sludge","level":77,"shiny":false},{"name":"Shaymin-Sky","moves":["airslash","earthpower","seedflare","hiddenpowerfire"],"ability":"Serene Grace","evs":{"hp":85,"atk":85,"def":85,"spa":85,"spd":85,"spe":85},"ivs":{"hp":31,"atk":30,"def":31,"spa":30,"spd":31,"spe":30},"item":"Choice Specs","level":73,"shiny":false}],"p2team":[{"name":"Politoed","moves":["encore","rest","scald","hypnosis"],"ability":"Water Absorb","evs":{"hp":85,"atk":85,"def":85,"spa":85,"spd":85,"spe":85},"ivs":{"hp":31,"atk":31,"def":31,"spa":31,"spd":31,"spe":31},"item":"Chesto Berry","level":79,"shiny":false},{"name":"Chansey","moves":["softboiled","stealthrock","thunderwave","wish"],"ability":"Natural Cure","evs":{"hp":85,"atk":85,"def":85,"spa":85,"spd":85,"spe":85},"ivs":{"hp":31,"atk":31,"def":31,"spa":31,"spd":31,"spe":31},"item":"Eviolite","level":75,"shiny":false},{"name":"Hitmonlee","moves":["stoneedge","highjumpkick","rapidspin","fakeout"],"ability":"Unburden","evs":{"hp":85,"atk":85,"def":85,"spa":85,"spd":85,"spe":85},"ivs":{"hp":31,"atk":31,"def":31,"spa":31,"spd":31,"spe":31},"item":"Normal Gem","level":79,"shiny":false},{"name":"Barbaracle","moves":["stoneedge","razorshell","shellsmash","earthquake"],"ability":"Tough Claws","evs":{"hp":85,"atk":85,"def":85,"spa":85,"spd":85,"spe":85},"ivs":{"hp":31,"atk":31,"def":31,"spa":31,"spd":31,"spe":31},"item":"White Herb","level":83,"shiny":false},{"name":"Flygon","moves":["outrage","uturn","fireblast","earthquake"],"ability":"Levitate","evs":{"hp":85,"atk":85,"def":85,"spa":85,"spd":85,"spe":85},"ivs":{"hp":31,"atk":31,"def":31,"spa":31,"spd":31,"spe":31},"item":"Expert Belt","level":79,"shiny":false},{"name":"Shaymin","moves":["earthpower","seedflare","airslash","rest"],"ability":"Natural Cure","evs":{"hp":85,"atk":85,"def":85,"spa":85,"spd":85,"spe":85},"ivs":{"hp":31,"atk":31,"def":31,"spa":31,"spd":31,"spe":31},"item":"Leftovers","level":77,"shiny":false}],"log":["|player|p1|Diamond Jax|diamondjax.png","|player|p2|Pokepat|pokepat.png","|gametype|singles","|gen|6","|tier|Random Battle","|rated","|rule|Sleep Clause Mod: Limit one foe put to sleep","|rule|HP Percentage Mod: HP is shown in percentages","|","|start","|switch|p1a: Stantler|Stantler, L83, M|257/257","|switch|p2a: Politoed|Politoed, L79, M|272/272","|-ability|p1a: Stantler|Intimidate","|-unboost|p2a: Politoed|atk|1","|turn|1","|","|move|p1a: Stantler|Double-Edge|p2a: Politoed","|-damage|p2a: Politoed|58/272","|-damage|p1a: Stantler|186/257|[from] recoil|[of] p2a: Politoed","|move|p2a: Politoed|Scald|p1a: Stantler","|-damage|p1a: Stantler|92/257","|","|turn|2","|","|move|p1a: Stantler|Double-Edge|p2a: Politoed","|-crit|p2a: Politoed","|-damage|p2a: Politoed|0 fnt","|-damage|p1a: Stantler|73/257|[from] recoil|[of] p2a: Politoed","|faint|p2a: Politoed","|","|","|switch|p2a: Hitmonlee|Hitmonlee, L79, M|209/209","|turn|3","|","|move|p2a: Hitmonlee|Fake Out|p1a: Stantler","|-enditem|p2a: Hitmonlee|Normal Gem|[from] gem|[move] Fake Out","|-damage|p1a: Stantler|20/257","|cant|p1a: Stantler|flinch","|","|turn|4","|","|move|p2a: Hitmonlee|Rapid Spin|p1a: Stantler","|-damage|p1a: Stantler|0 fnt","|faint|p1a: Stantler","|","|","|switch|p1a: Amoonguss|Amoonguss, L79, F|310/310","|turn|5","|","|switch|p2a: Flygon|Flygon, L79, F|256/256","|move|p1a: Amoonguss|Spore|p2a: Flygon","|-status|p2a: Flygon|slp","|","|turn|6","|","|cant|p2a: Flygon|slp","|move|p1a: Amoonguss|Giga Drain|p2a: Flygon","|-damage|p2a: Flygon|183/256 slp","|","|turn|7","|","|switch|p1a: Keldeo|Keldeo, L75|260/260","|cant|p2a: Flygon|slp","|","|turn|8","|","|move|p1a: Keldeo|Hydro Pump|p2a: Flygon","|-damage|p2a: Flygon|36/256 slp","|cant|p2a: Flygon|slp","|","|turn|9","|","|switch|p2a: Shaymin|Shaymin, L77|281/281","|move|p1a: Keldeo|Secret Sword|p2a: Shaymin","|-damage|p2a: Shaymin|185/281","|","|-heal|p2a: Shaymin|202/281|[from] item: Leftovers","|turn|10","|","|switch|p1a: Amoonguss|Amoonguss, L79, F|310/310","|move|p2a: Shaymin|Seed Flare|p1a: Amoonguss","|-resisted|p1a: Amoonguss","|-damage|p1a: Amoonguss|277/310","|","|-heal|p2a: Shaymin|219/281|[from] item: Leftovers","|-heal|p1a: Amoonguss|296/310|[from] item: Black Sludge","|turn|11","|","|move|p2a: Shaymin|Air Slash|p1a: Amoonguss","|-supereffective|p1a: Amoonguss","|-damage|p1a: Amoonguss|188/310","|move|p1a: Amoonguss|Sludge Bomb|p2a: Shaymin","|-supereffective|p2a: Shaymin","|-damage|p2a: Shaymin|55/281","|","|-heal|p2a: Shaymin|72/281|[from] item: Leftovers","|-heal|p1a: Amoonguss|207/310|[from] item: Black Sludge","|turn|12","|","|move|p2a: Shaymin|Air Slash|p1a: Amoonguss","|-supereffective|p1a: Amoonguss","|-damage|p1a: Amoonguss|99/310","|cant|p1a: Amoonguss|flinch","|","|-heal|p2a: Shaymin|89/281|[from] item: Leftovers","|-heal|p1a: Amoonguss|118/310|[from] item: Black Sludge","|turn|13","|","|move|p2a: Shaymin|Air Slash|p1a: Amoonguss","|-supereffective|p1a: Amoonguss","|-damage|p1a: Amoonguss|18/310","|move|p1a: Amoonguss|Sludge Bomb|p2a: Shaymin","|-supereffective|p2a: Shaymin","|-damage|p2a: Shaymin|0 fnt","|faint|p2a: Shaymin","|","|-heal|p1a: Amoonguss|37/310|[from] item: Black Sludge","|","|switch|p2a: Hitmonlee|Hitmonlee, L79, M|209/209","|turn|14","|","|move|p2a: Hitmonlee|Fake Out|p1a: Amoonguss","|-damage|p1a: Amoonguss|0 fnt","|faint|p1a: Amoonguss","|","|","|switch|p1a: Shaymin-Sky|Shaymin-Sky, L73|266/266","|turn|15","|","|switch|p2a: Chansey|Chansey, L75, F|499/499","|move|p1a: Shaymin-Sky|Air Slash|p2a: Chansey","|-damage|p2a: Chansey|423/499","|","|turn|16","|","|switch|p1a: Toxicroak|Toxicroak, L77, F|254/254","|move|p2a: Chansey|Thunder Wave|p1a: Toxicroak","|-status|p1a: Toxicroak|par","|","|turn|17","|","|move|p2a: Chansey|Stealth Rock|p1a: Toxicroak","|-sidestart|p1: Diamond Jax|move: Stealth Rock","|cant|p1a: Toxicroak|par","|","|turn|18","|","|switch|p2a: Flygon|Flygon, L79, F|36/256 slp","|cant|p1a: Toxicroak|par","|","|turn|19","|","|switch|p1a: Shaymin-Sky|Shaymin-Sky, L73|266/266","|-damage|p1a: Shaymin-Sky|200/266|[from] Stealth Rock","|-curestatus|p2a: Flygon|slp","|move|p2a: Flygon|Earthquake|p1a: Shaymin-Sky","|-immune|p1a: Shaymin-Sky|[msg]","|","|turn|20","|","|move|p1a: Shaymin-Sky|Seed Flare|p2a: Flygon","|-damage|p2a: Flygon|0 fnt","|faint|p2a: Flygon","|","|","|switch|p2a: Chansey|Chansey, L75, F|423/499","|turn|21","|","|move|p1a: Shaymin-Sky|Seed Flare|p2a: Chansey","|-damage|p2a: Chansey|311/499","|-unboost|p2a: Chansey|spd|2","|move|p2a: Chansey|Thunder Wave|p1a: Shaymin-Sky","|-status|p1a: Shaymin-Sky|par","|","|turn|22","|","|move|p2a: Chansey|Wish|p2a: Chansey","|cant|p1a: Shaymin-Sky|par","|","|turn|23","|","|switch|p2a: Hitmonlee|Hitmonlee, L79, M|209/209","|move|p1a: Shaymin-Sky|Seed Flare|p2a: Hitmonlee","|-damage|p2a: Hitmonlee|47/209","|-unboost|p2a: Hitmonlee|spd|2","|","|-heal|p2a: Hitmonlee|209/209|[from] move: Wish|[wisher] Chansey","|turn|24","|","|move|p2a: Hitmonlee|Fake Out|p1a: Shaymin-Sky","|-damage|p1a: Shaymin-Sky|162/266 par","|cant|p1a: Shaymin-Sky|flinch","|","|turn|25","|","|move|p2a: Hitmonlee|Stone Edge|p1a: Shaymin-Sky","|-supereffective|p1a: Shaymin-Sky","|-damage|p1a: Shaymin-Sky|0 fnt","|faint|p1a: Shaymin-Sky","|","|","|switch|p1a: Keldeo|Keldeo, L75|260/260","|-damage|p1a: Keldeo|244/260|[from] Stealth Rock","|turn|26","|","|switch|p2a: Barbaracle|Barbaracle, L83, M|255/255","|move|p1a: Keldeo|Substitute|p1a: Keldeo","|-start|p1a: Keldeo|Substitute","|-damage|p1a: Keldeo|179/260","|","|-heal|p1a: Keldeo|195/260|[from] item: Leftovers","|turn|27","|","|move|p1a: Keldeo|Secret Sword|p2a: Barbaracle","|-crit|p2a: Barbaracle","|-supereffective|p2a: Barbaracle","|-damage|p2a: Barbaracle|25/255","|move|p2a: Barbaracle|Shell Smash|p2a: Barbaracle","|-boost|p2a: Barbaracle|atk|2","|-boost|p2a: Barbaracle|spa|2","|-boost|p2a: Barbaracle|spe|2","|-unboost|p2a: Barbaracle|def|1","|-unboost|p2a: Barbaracle|spd|1","|-enditem|p2a: Barbaracle|White Herb","|-restoreboost|p2a: Barbaracle|[silent]","|","|-heal|p1a: Keldeo|211/260|[from] item: Leftovers","|turn|28","|","|move|p2a: Barbaracle|Earthquake|p1a: Keldeo","|-end|p1a: Keldeo|Substitute","|move|p1a: Keldeo|Secret Sword|p2a: Barbaracle","|-supereffective|p2a: Barbaracle","|-damage|p2a: Barbaracle|0 fnt","|faint|p2a: Barbaracle","|","|-heal|p1a: Keldeo|227/260|[from] item: Leftovers","|","|switch|p2a: Chansey|Chansey, L75, F|311/499","|turn|29","|","|move|p1a: Keldeo|Substitute|p1a: Keldeo","|-start|p1a: Keldeo|Substitute","|-damage|p1a: Keldeo|162/260","|move|p2a: Chansey|Thunder Wave|p1a: Keldeo","|-fail|p1a: Keldeo","|","|-heal|p1a: Keldeo|178/260|[from] item: Leftovers","|turn|30","|","|move|p1a: Keldeo|Secret Sword|p2a: Chansey","|-supereffective|p2a: Chansey","|-damage|p2a: Chansey|0 fnt","|faint|p2a: Chansey","|","|-heal|p1a: Keldeo|194/260|[from] item: Leftovers","|","|switch|p2a: Hitmonlee|Hitmonlee, L79, M|209/209","|turn|31","|","|move|p2a: Hitmonlee|Fake Out|p1a: Keldeo","|-crit|p1a: Keldeo","|-activate|p1a: Keldeo|Substitute|[damage]","|move|p1a: Keldeo|Hydro Pump|p2a: Hitmonlee","|-damage|p2a: Hitmonlee|107/209","|","|-heal|p1a: Keldeo|210/260|[from] item: Leftovers","|turn|32","|","|move|p1a: Keldeo|Hydro Pump|p2a: Hitmonlee","|-damage|p2a: Hitmonlee|2/209","|move|p2a: Hitmonlee|High Jump Kick|p1a: Keldeo","|-end|p1a: Keldeo|Substitute","|","|-heal|p1a: Keldeo|226/260|[from] item: Leftovers","|turn|33","|","|move|p1a: Keldeo|Secret Sword|p2a: Hitmonlee","|-damage|p2a: Hitmonlee|0 fnt","|faint|p2a: Hitmonlee","|","|win|Diamond Jax"],"p1rating":{"entryid":"6936432","serverid":"eos","formatid":"randombattle","userid":"diamondjax","username":"Diamond Jax","w":2,"l":"3","t":"0","gxe":47,"r":"1507.4778622161","rd":"119.36356560589","sigma":"0","rptime":"1438419600","rpr":1476.1951119688,"rprd":104.51912993479,"rpsigma":"0","acre":1040,"lacre":1040,"oldacre":"1000"},"p2rating":{"entryid":"6435044","serverid":"eos","formatid":"randombattle","userid":"pokepat","username":"Pokepat","w":"0","l":2,"t":"0","gxe":40.7,"r":1459.8393856612,"rd":129.39844815169,"sigma":"0","rptime":1438419600,"rpr":1424.7109008431,"rprd":122.30663047632,"rpsigma":"0","acre":1000,"lacre":1000,"oldacre":"1000"},"endType":"normal"}