{"seed":[3391,35107,44788,7344],"turns":22,"p1":"Fairy Fee","p2":"mordekay","p1team":[{"name":"Mawile","moves":["knockoff","substitute","suckerpunch","playrough"],"ability":"Intimidate","evs":{"hp":85,"atk":85,"def":85,"spa":85,"spd":85,"spe":85},"ivs":{"hp":31,"atk":31,"def":31,"spa":31,"spd":31,"spe":31},"item":"Mawilite","level":74,"shiny":false},{"name":"Skuntank","moves":["crunch","pursuit","poisonjab","taunt"],"ability":"Aftermath","evs":{"hp":85,"atk":85,"def":85,"spa":85,"spd":85,"spe":85},"ivs":{"hp":31,"atk":31,"def":31,"spa":31,"spd":31,"spe":31},"item":"Life Orb","level":79,"shiny":false},{"name":"Emboar","moves":["grassknot","fireblast","suckerpunch","wildcharge"],"ability":"Reckless","evs":{"hp":85,"atk":85,"def":85,"spa":85,"spd":85,"spe":85},"ivs":{"hp":31,"atk":31,"def":31,"spa":31,"spd":31,"spe":31},"item":"Life Orb","level":79,"shiny":false},{"name":"Darmanitan","moves":["firepunch","earthquake","rockslide","uturn"],"ability":"Sheer Force","evs":{"hp":81,"atk":89,"def":85,"spa":85,"spd":85,"spe":85},"ivs":{"hp":31,"atk":31,"def":31,"spa":31,"spd":31,"spe":31},"item":"Life Orb","level":77,"shiny":false},{"name":"Tyrantrum","moves":["outrage","dragondance","firefang","earthquake"],"ability":"Strong Jaw","evs":{"hp":85,"atk":85,"def":85,"spa":85,"spd":85,"spe":85},"ivs":{"hp":31,"atk":31,"def":31,"spa":31,"spd":31,"spe":31},"item":"Lum Berry","level":79,"shiny":false},{"name":"Octillery","moves":["fireblast","rockblast","icebeam","waterspout"],"ability":"Suction Cups","evs":{"hp":85,"atk":85,"def":85,"spa":85,"spd":85,"spe":85},"ivs":{"hp":31,"atk":31,"def":31,"spa":31,"spd":31,"spe":31},"item":"Expert Belt","level":83,"shiny":false}],"p2team":[{"name":"Tauros","moves":["rockslide","earthquake","zenheadbutt","doubleedge"],"ability":"Intimidate","evs":{"hp":85,"atk":85,"def":85,"spa":85,"spd":85,"spe":85},"ivs":{"hp":31,"atk":31,"def":31,"spa":31,"spd":31,"spe":31},"item":"Choice Band","level":81,"shiny":false},{"name":"Donphan","moves":["iceshard","knockoff","earthquake","rapidspin"],"ability":"Sturdy","evs":{"hp":85,"atk":85,"def":85,"spa":85,"spd":85,"spe":85},"ivs":{"hp":31,"atk":31,"def":31,"spa":31,"spd":31,"spe":31},"item":"Assault Vest","level":77,"shiny":false},{"name":"Dustox","moves":["sludgebomb","shadowball","defog","bugbuzz"],"ability":"Shield Dust","evs":{"hp":85,"atk":85,"def":85,"spa":85,"spd":85,"spe":85},"ivs":{"hp":31,"atk":31,"def":31,"spa":31,"spd":31,"spe":31},"item":"Life Orb","level":83,"shiny":false},{"name":"Tropius","moves":["gigadrain","substitute","toxic","airslash"],"ability":"Harvest","evs":{"hp":81,"atk":85,"def":85,"spa":89,"spd":85,"spe":85},"ivs":{"hp":31,"atk":31,"def":31,"spa":31,"spd":31,"spe":31},"item":"Sitrus Berry","level":83,"shiny":false},{"name":"Espeon","moves":["calmmind","psyshock","morningsun","dazzlinggleam"],"ability":"Magic Bounce","evs":{"hp":85,"atk":85,"def":85,"spa":85,"spd":85,"spe":85},"ivs":{"hp":31,"atk":31,"def":31,"spa":31,"spd":31,"spe":31},"item":"Leftovers","level":77,"shiny":false},{"name":"Toxicroak","moves":["suckerpunch","icepunch","drainpunch","substitute"],"ability":"Dry Skin","evs":{"hp":85,"atk":85,"def":85,"spa":85,"spd":85,"spe":85},"ivs":{"hp":31,"atk":31,"def":31,"spa":31,"spd":31,"spe":31},"item":"Black Sludge","level":77,"shiny":false}],"log":["|player|p1|Fairy Fee|62","|player|p2|mordekay|151","|gametype|singles","|gen|6","|tier|Random Battle","|rated","|rule|Sleep Clause Mod: Limit one foe put to sleep","|rule|HP Percentage Mod: HP is shown in percentages","|","|start","|switch|p1a: Mawile|Mawile, L74, F|196/196","|switch|p2a: Tauros|Tauros, L81, M|254/254","|-ability|p2a: Tauros|Intimidate","|-unboost|p1a: Mawile|atk|1","|-ability|p1a: Mawile|Intimidate","|-unboost|p2a: Tauros|atk|1","|turn|1","|","|switch|p1a: Octillery|Octillery, L83, M|260/260","|move|p2a: Tauros|Rock Slide|p1a: Octillery","|-damage|p1a: Octillery|204/260","|","|turn|2","|","|switch|p2a: Tropius|Tropius, L83, M|299/299","|move|p1a: Octillery|Ice Beam|p2a: Tropius","|-supereffective|p2a: Tropius","|-damage|p2a: Tropius|0 fnt","|faint|p2a: Tropius","|","|","|switch|p2a: Espeon|Espeon, L77, M|227/227","|turn|3","|","|switch|p1a: Skuntank|Skuntank, L79, F|292/292","|move|p2a: Espeon|Calm Mind|p2a: Espeon","|-boost|p2a: Espeon|spa|1","|-boost|p2a: Espeon|spd|1","|","|turn|4","|","|switch|p2a: Dustox|Dustox, L83, F|235/235","|move|p1a: Skuntank|Crunch|p2a: Dustox","|-damage|p2a: Dustox|122/235","|-damage|p1a: Skuntank|263/292|[from] item: Life Orb","|","|turn|5","|","|move|p1a: Skuntank|Taunt|p2a: Dustox","|-start|p2a: Dustox|move: Taunt","|move|p2a: Dustox|Sludge Bomb|p1a: Skuntank","|-resisted|p1a: Skuntank","|-damage|p1a: Skuntank|206/292","|-damage|p2a: Dustox|99/235|[from] item: Life Orb","|","|turn|6","|","|move|p1a: Skuntank|Crunch|p2a: Dustox","|-damage|p2a: Dustox|0 fnt","|-damage|p1a: Skuntank|177/292|[from] item: Life Orb","|faint|p2a: Dustox","|","|","|switch|p2a: Toxicroak|Toxicroak, L77, M|254/254","|turn|7","|","|switch|p1a: Mawile|Mawile, L74, F|196/196","|-ability|p1a: Mawile|Intimidate","|-unboost|p2a: Toxicroak|atk|1","|move|p2a: Toxicroak|Drain Punch|p1a: Mawile","|-damage|p1a: Mawile|142/196","|","|turn|8","|","|switch|p2a: Donphan|Donphan, L77, F|265/265","|move|p1a: Mawile|Knock Off|p2a: Donphan","|-damage|p2a: Donphan|221/265","|-enditem|p2a: Donphan|Assault Vest|[from] move: Knock Off|[of] p1a: Mawile","|","|turn|9","|","|switch|p1a: Octillery|Octillery, L83, M|204/260","|move|p2a: Donphan|Earthquake|p1a: Octillery","|-damage|p1a: Octillery|89/260","|","|turn|10","|","|move|p2a: Donphan|Knock Off|p1a: Octillery","|-damage|p1a: Octillery|7/260","|-enditem|p1a: Octillery|Expert Belt|[from] move: Knock Off|[of] p2a: Donphan","|move|p1a: Octillery|Ice Beam|p2a: Donphan","|-supereffective|p2a: Donphan","|-damage|p2a: Donphan|39/265","|","|turn|11","|","|move|p1a: Octillery|Ice Beam|p2a: Donphan","|-supereffective|p2a: Donphan","|-damage|p2a: Donphan|0 fnt","|faint|p2a: Donphan","|","|","|switch|p2a: Espeon|Espeon, L77, M|227/227","|turn|12","|","|switch|p1a: Darmanitan|Darmanitan, L77, M|287/287","|move|p2a: Espeon|Calm Mind|p2a: Espeon","|-boost|p2a: Espeon|spa|1","|-boost|p2a: Espeon|spd|1","|","|turn|13","|","|move|p2a: Espeon|Calm Mind|p2a: Espeon","|-boost|p2a: Espeon|spa|1","|-boost|p2a: Espeon|spd|1","|move|p1a: Darmanitan|U-turn|p2a: Espeon","|-supereffective|p2a: Espeon","|-damage|p2a: Espeon|16/227","|-damage|p1a: Darmanitan|259/287|[from] item: Life Orb","|","|switch|p1a: Skuntank|Skuntank, L79, F|177/292","|","|-heal|p2a: Espeon|30/227|[from] item: Leftovers","|turn|14","|","|move|p1a: Skuntank|Pursuit|p2a: Espeon|[from]Pursuit","|-supereffective|p2a: Espeon","|-damage|p2a: Espeon|0 fnt","|-damage|p1a: Skuntank|148/292|[from] item: Life Orb","|faint|p2a: Espeon","|","|","|switch|p2a: Toxicroak|Toxicroak, L77, M|254/254","|turn|15","|","|switch|p1a: Octillery|Octillery, L83, M|7/260","|move|p2a: Toxicroak|Ice Punch|p1a: Octillery","|-resisted|p1a: Octillery","|-damage|p1a: Octillery|0 fnt","|faint|p1a: Octillery","|","|","|switch|p1a: Darmanitan|Darmanitan, L77, M|259/287","|turn|16","|","|switch|p2a: Tauros|Tauros, L81, M|254/254","|-ability|p2a: Tauros|Intimidate","|-unboost|p1a: Darmanitan|atk|1","|move|p1a: Darmanitan|Earthquake|p2a: Tauros","|-damage|p2a: Tauros|186/254","|-damage|p1a: Darmanitan|231/287|[from] item: Life Orb","|","|turn|17","|","|move|p2a: Tauros|Earthquake|p1a: Darmanitan","|-supereffective|p1a: Darmanitan","|-damage|p1a: Darmanitan|0 fnt","|faint|p1a: Darmanitan","|","|","|switch|p1a: Mawile|Mawile, L74, F|142/196","|-ability|p1a: Mawile|Intimidate","|-unboost|p2a: Tauros|atk|1","|turn|18","|","|detailschange|p1a: Mawile|Mawile-Mega, L74, F","|-mega|p1a: Mawile|Mawile|Mawilite","|move|p2a: Tauros|Earthquake|p1a: Mawile","|-supereffective|p1a: Mawile","|-damage|p1a: Mawile|20/196","|move|p1a: Mawile|Play Rough|p2a: Tauros","|-damage|p2a: Tauros|39/254","|","|turn|19","|","|move|p1a: Mawile|Sucker Punch|p2a: Tauros","|-damage|p2a: Tauros|0 fnt","|faint|p2a: Tauros","|","|","|switch|p2a: Toxicroak|Toxicroak, L77, M|254/254","|turn|20","|","|move|p2a: Toxicroak|Drain Punch|p1a: Mawile","|-damage|p1a: Mawile|0 fnt","|faint|p1a: Mawile","|","|","|switch|p1a: Tyrantrum|Tyrantrum, L79, M|259/259","|turn|21","|","|move|p2a: Toxicroak|Ice Punch|p1a: Tyrantrum","|-supereffective|p1a: Tyrantrum","|-damage|p1a: Tyrantrum|177/259","|move|p1a: Tyrantrum|Earthquake|p2a: Toxicroak","|-supereffective|p2a: Toxicroak","|-damage|p2a: Toxicroak|70/254","|","|-heal|p2a: Toxicroak|85/254|[from] item: Black Sludge","|turn|22","|","|move|p2a: Toxicroak|Ice Punch|p1a: Tyrantrum","|-supereffective|p1a: Tyrantrum","|-damage|p1a: Tyrantrum|103/259","|move|p1a: Tyrantrum|Earthquake|p2a: Toxicroak","|-supereffective|p2a: Toxicroak","|-damage|p2a: Toxicroak|0 fnt","|faint|p2a: Toxicroak","|","|win|Fairy Fee"],"p1rating":{"entryid":"6818807","serverid":"eos","formatid":"randombattle","userid":"fairyfee","username":"Fairy Fee","w":5,"l":"1","t":"0","gxe":63.8,"r":"1565.3301451387","rd":"110.50157789517","sigma":"0","rptime":"1438419600","rpr":1611.3967123892,"rprd":102.25659668092,"rpsigma":"0","acre":1118.6925497482,"lacre":1118.6925497482,"oldacre":"1100.7451824528"},"p2rating":{"entryid":"7276475","serverid":"eos","formatid":"randombattle","userid":"mordekay","username":"mordekay","w":"0","l":2,"t":"0","gxe":41.6,"r":1459.8393856612,"rd":123.03963956633,"sigma":"0","rptime":1438419600,"rpr":1432.9589731541,"rprd":117.1546338276,"rpsigma":"0","acre":1000,"lacre":1000,"oldacre":"1000"},"endType":"normal"}