{"seed":[59057,36200,44218,12263],"turns":25,"p1":"Fairy Fee","p2":"T-Millz213","p1team":[{"name":"Bisharp","moves":["substitute","suckerpunch","ironhead","swordsdance"],"ability":"Defiant","evs":{"hp":85,"atk":85,"def":85,"spa":85,"spd":85,"spe":85},"ivs":{"hp":31,"atk":31,"def":31,"spa":31,"spd":31,"spe":31},"item":"Leftovers","level":75,"shiny":false},{"name":"Ditto","moves":["transform"],"ability":"Imposter","evs":{"hp":85,"atk":85,"def":85,"spa":85,"spd":85,"spe":85},"ivs":{"hp":31,"atk":31,"def":31,"spa":31,"spd":31,"spe":31},"item":"Choice Scarf","level":83,"shiny":false},{"name":"Samurott","moves":["aquajet","megahorn","swordsdance","waterfall"],"ability":"Torrent","evs":{"hp":85,"atk":85,"def":85,"spa":85,"spd":85,"spe":85},"ivs":{"hp":31,"atk":31,"def":31,"spa":31,"spd":31,"spe":31},"item":"Life Orb","level":81,"shiny":false},{"name":"Beheeyem","moves":["nastyplot","signalbeam","thunderbolt","psychic"],"ability":"Synchronize","evs":{"hp":85,"atk":85,"def":85,"spa":85,"spd":85,"spe":85},"ivs":{"hp":31,"atk":31,"def":31,"spa":31,"spd":31,"spe":31},"item":"Life Orb","level":83,"shiny":false},{"name":"Latios","moves":["memento","psyshock","hiddenpowerfire","defog"],"ability":"Levitate","evs":{"hp":85,"atk":85,"def":85,"spa":85,"spd":85,"spe":85},"ivs":{"hp":31,"atk":30,"def":31,"spa":30,"spd":31,"spe":30},"item":"Latiosite","level":75,"shiny":false},{"name":"Giratina-Origin","moves":["earthquake","shadowball","dragontail","shadowsneak"],"ability":"Levitate","evs":{"hp":85,"atk":85,"def":85,"spa":85,"spd":85,"spe":85},"ivs":{"hp":31,"atk":31,"def":31,"spa":31,"spd":31,"spe":31},"item":"Griseous Orb","level":73,"shiny":false}],"p2team":[{"name":"Tyranitar","moves":["stoneedge","crunch","dragondance","earthquake"],"ability":"Sand Stream","evs":{"hp":85,"atk":85,"def":85,"spa":85,"spd":85,"spe":85},"ivs":{"hp":31,"atk":31,"def":31,"spa":31,"spd":31,"spe":31},"item":"Tyranitarite","level":75,"shiny":false},{"name":"Huntail","moves":["waterfall","icebeam","shellsmash","batonpass"],"ability":"Water Veil","evs":{"hp":85,"atk":85,"def":85,"spa":85,"spd":85,"spe":85},"ivs":{"hp":31,"atk":31,"def":31,"spa":31,"spd":31,"spe":31},"item":"White Herb","level":83,"shiny":false},{"name":"Absol","moves":["superpower","playrough","swordsdance","knockoff"],"ability":"Justified","evs":{"hp":85,"atk":85,"def":85,"spa":85,"spd":85,"spe":85},"ivs":{"hp":31,"atk":31,"def":31,"spa":31,"spd":31,"spe":31},"item":"Life Orb","level":77,"shiny":false},{"name":"Gliscor","moves":["taunt","stealthrock","toxic","earthquake"],"ability":"Poison Heal","evs":{"hp":85,"atk":85,"def":85,"spa":85,"spd":85,"spe":85},"ivs":{"hp":31,"atk":31,"def":31,"spa":31,"spd":31,"spe":31},"item":"Toxic Orb","level":75,"shiny":false},{"name":"Carbink","moves":["stealthrock","moonblast","reflect","lightscreen"],"ability":"Sturdy","evs":{"hp":85,"atk":85,"def":85,"spa":85,"spd":85,"spe":85},"ivs":{"hp":31,"atk":31,"def":31,"spa":31,"spd":31,"spe":31},"item":"Light Clay","level":83,"shiny":false},{"name":"Whimsicott","moves":["moonblast","toxic","substitute","leechseed"],"ability":"Prankster","evs":{"hp":85,"atk":85,"def":85,"spa":85,"spd":85,"spe":85},"ivs":{"hp":31,"atk":31,"def":31,"spa":31,"spd":31,"spe":31},"item":"Leftovers","level":77,"shiny":false}],"log":["|player|p1|Fairy Fee|62","|player|p2|T-Millz213|191","|gametype|singles","|gen|6","|tier|Random Battle","|rated","|rule|Sleep Clause Mod: Limit one foe put to sleep","|rule|HP Percentage Mod: HP is shown in percentages","|","|start","|switch|p1a: Bisharp|Bisharp, L75, M|221/221","|switch|p2a: Tyranitar|Tyranitar, L75, M|274/274","|-weather|Sandstorm","|turn|1","|","|detailschange|p2a: Tyranitar|Tyranitar-Mega, L75, M","|-mega|p2a: Tyranitar|Tyranitar|Tyranitarite","|move|p1a: Bisharp|Iron Head|p2a: Tyranitar","|-supereffective|p2a: Tyranitar","|-damage|p2a: Tyranitar|154/274","|cant|p2a: Tyranitar|flinch","|","|-weather|Sandstorm|[upkeep]","|turn|2","|","|move|p2a: Tyranitar|Earthquake|p1a: Bisharp","|-supereffective|p1a: Bisharp","|-damage|p1a: Bisharp|33/221","|move|p1a: Bisharp|Iron Head|p2a: Tyranitar","|-supereffective|p2a: Tyranitar","|-damage|p2a: Tyranitar|38/274","|","|-weather|Sandstorm|[upkeep]","|-heal|p1a: Bisharp|46/221|[from] item: Leftovers","|turn|3","|","|move|p2a: Tyranitar|Earthquake|p1a: Bisharp","|-supereffective|p1a: Bisharp","|-damage|p1a: Bisharp|0 fnt","|faint|p1a: Bisharp","|","|-weather|Sandstorm|[upkeep]","|","|switch|p1a: Ditto|Ditto, L83|215/215","|-transform|p1a: Ditto|p2a: Tyranitar","|turn|4","|","|move|p1a: Ditto|Crunch|p2a: Tyranitar","|-crit|p2a: Tyranitar","|-resisted|p2a: Tyranitar","|-damage|p2a: Tyranitar|0 fnt","|faint|p2a: Tyranitar","|","|-weather|Sandstorm|[upkeep]","|","|switch|p2a: Gliscor|Gliscor, L75, F|236/236","|turn|5","|","|move|p1a: Ditto|Crunch|p2a: Gliscor","|-damage|p2a: Gliscor|140/236","|move|p2a: Gliscor|Stealth Rock|p1a: Ditto","|-sidestart|p1: Fairy Fee|move: Stealth Rock","|","|-weather|none","|-status|p2a: Gliscor|tox|[from] item: Toxic Orb","|turn|6","|","|move|p1a: Ditto|Crunch|p2a: Gliscor","|-damage|p2a: Gliscor|44/236 tox","|move|p2a: Gliscor|Earthquake|p1a: Ditto","|-supereffective|p1a: Ditto","|-damage|p1a: Ditto|81/215","|","|-heal|p2a: Gliscor|73/236 tox|[from] ability: Poison Heal","|turn|7","|","|move|p1a: Ditto|Crunch|p2a: Gliscor","|-damage|p2a: Gliscor|0 fnt","|faint|p2a: Gliscor","|","|","|switch|p2a: Whimsicott|Whimsicott, L77, F|219/219","|turn|8","|","|switch|p1a: Samurott|Samurott, L81, M|287/287","|-damage|p1a: Samurott|252/287|[from] Stealth Rock","|move|p2a: Whimsicott|Moonblast|p1a: Samurott","|-damage|p1a: Samurott|171/287","|","|turn|9","|","|move|p2a: Whimsicott|Leech Seed|p1a: Samurott","|-start|p1a: Samurott|move: Leech Seed","|move|p1a: Samurott|Megahorn|p2a: Whimsicott","|-damage|p2a: Whimsicott|90/219","|-damage|p1a: Samurott|143/287|[from] item: Life Orb","|","|-heal|p2a: Whimsicott|103/219|[from] item: Leftovers","|-damage|p1a: Samurott|108/287|[from] Leech Seed|[of] p2a: Whimsicott","|-heal|p2a: Whimsicott|138/219|[silent]","|turn|10","|","|move|p2a: Whimsicott|Moonblast|p1a: Samurott","|-damage|p1a: Samurott|15/287","|move|p1a: Samurott|Megahorn|p2a: Whimsicott","|-damage|p2a: Whimsicott|22/219","|-damage|p1a: Samurott|0 fnt|[from] item: Life Orb","|faint|p1a: Samurott","|","|-heal|p2a: Whimsicott|35/219|[from] item: Leftovers","|","|switch|p1a: Ditto|Ditto, L83|81/215","|-damage|p1a: Ditto|55/215|[from] Stealth Rock","|-transform|p1a: Ditto|p2a: Whimsicott","|turn|11","|","|move|p2a: Whimsicott|Leech Seed|p1a: Ditto|[miss]","|-miss|p2a: Whimsicott|p1a: Ditto","|move|p1a: Ditto|Moonblast|p2a: Whimsicott","|-damage|p2a: Whimsicott|0 fnt","|faint|p2a: Whimsicott","|","|","|switch|p2a: Carbink|Carbink, L83|219/219","|turn|12","|","|switch|p1a: Latios|Latios, L75, M|244/244","|-damage|p1a: Latios|214/244|[from] Stealth Rock","|move|p2a: Carbink|Light Screen|p2a: Carbink","|-sidestart|p2: T-Millz213|move: Light Screen","|","|turn|13","|","|detailschange|p1a: Latios|Latios-Mega, L75, M","|-mega|p1a: Latios|Latios|Latiosite","|move|p1a: Latios|Defog|p2a: Carbink","|-unboost|p2a: Carbink|evasion|1","|-sideend|p2: T-Millz213|move: Light Screen","|-sideend|p1: Fairy Fee|Stealth Rock|[from] move: Defog|[of] p1a: Latios","|move|p2a: Carbink|Reflect|p2a: Carbink","|-sidestart|p2: T-Millz213|Reflect","|","|turn|14","|","|switch|p1a: Ditto|Ditto, L83|55/215","|-transform|p1a: Ditto|p2a: Carbink","|move|p2a: Carbink|Moonblast|p1a: Ditto","|-damage|p1a: Ditto|16/215","|","|turn|15","|","|move|p1a: Ditto|Light Screen|p1a: Ditto","|-sidestart|p1: Fairy Fee|move: Light Screen","|move|p2a: Carbink|Moonblast|p1a: Ditto","|-damage|p1a: Ditto|0 fnt","|faint|p1a: Ditto","|","|","|switch|p1a: Beheeyem|Beheeyem, L83, F|260/260","|turn|16","|","|move|p2a: Carbink|Stealth Rock|p1a: Beheeyem","|-sidestart|p1: Fairy Fee|move: Stealth Rock","|move|p1a: Beheeyem|Nasty Plot|p1a: Beheeyem","|-boost|p1a: Beheeyem|spa|2","|","|turn|17","|","|move|p2a: Carbink|Light Screen|p2a: Carbink","|-sidestart|p2: T-Millz213|move: Light Screen","|move|p1a: Beheeyem|Psychic|p2a: Carbink","|-damage|p2a: Carbink|129/219","|-damage|p1a: Beheeyem|234/260|[from] item: Life Orb","|","|turn|18","|","|move|p2a: Carbink|Moonblast|p1a: Beheeyem","|-damage|p1a: Beheeyem|207/260","|move|p1a: Beheeyem|Nasty Plot|p1a: Beheeyem","|-boost|p1a: Beheeyem|spa|2","|","|turn|19","|","|switch|p2a: Absol|Absol, L77, M|227/227","|move|p1a: Beheeyem|Psychic|p2a: Absol","|-immune|p2a: Absol|[msg]","|","|-sideend|p1: Fairy Fee|move: Light Screen","|turn|20","|","|move|p2a: Absol|Knock Off|p1a: Beheeyem","|-supereffective|p1a: Beheeyem","|-damage|p1a: Beheeyem|0 fnt","|-enditem|p1a: Beheeyem|Life Orb|[from] move: Knock Off|[of] p2a: Absol","|-damage|p2a: Absol|205/227|[from] item: Life Orb","|faint|p1a: Beheeyem","|","|-sideend|p2: T-Millz213|Reflect","|","|switch|p1a: Giratina-Origin|Giratina-Origin, L73|339/339","|-damage|p1a: Giratina-Origin|297/339|[from] Stealth Rock","|turn|21","|","|move|p1a: Giratina-Origin|Earthquake|p2a: Absol","|-damage|p2a: Absol|110/227","|move|p2a: Absol|Play Rough|p1a: Giratina-Origin","|-supereffective|p1a: Giratina-Origin","|-damage|p1a: Giratina-Origin|105/339","|-damage|p2a: Absol|88/227|[from] item: Life Orb","|","|turn|22","|","|move|p1a: Giratina-Origin|Shadow Sneak|p2a: Absol","|-resisted|p2a: Absol","|-damage|p2a: Absol|56/227","|move|p2a: Absol|Play Rough|p1a: Giratina-Origin","|-supereffective|p1a: Giratina-Origin","|-damage|p1a: Giratina-Origin|0 fnt","|-damage|p2a: Absol|34/227|[from] item: Life Orb","|faint|p1a: Giratina-Origin","|","|","|switch|p1a: Latios|Latios-Mega, L75, M|214/244","|-damage|p1a: Latios|184/244|[from] Stealth Rock","|turn|23","|","|move|p1a: Latios|Hidden Power|p2a: Absol","|-damage|p2a: Absol|0 fnt","|faint|p2a: Absol","|","|","|switch|p2a: Huntail|Huntail, L83, F|227/227","|turn|24","|","|move|p1a: Latios|Psyshock|p2a: Huntail","|-damage|p2a: Huntail|182/227","|move|p2a: Huntail|Shell Smash|p2a: Huntail","|-boost|p2a: Huntail|atk|2","|-boost|p2a: Huntail|spa|2","|-boost|p2a: Huntail|spe|2","|-unboost|p2a: Huntail|def|1","|-unboost|p2a: Huntail|spd|1","|-enditem|p2a: Huntail|White Herb","|-restoreboost|p2a: Huntail|[silent]","|","|-sideend|p2: T-Millz213|move: Light Screen","|turn|25","|","|move|p2a: Huntail|Ice Beam|p1a: Latios","|-supereffective|p1a: Latios","|-damage|p1a: Latios|0 fnt","|faint|p1a: Latios","|","|win|T-Millz213"],"p1rating":{"entryid":"6818807","serverid":"eos","formatid":"randombattle","userid":"fairyfee","username":"Fairy Fee","w":"5","l":2,"t":"0","gxe":59.8,"r":"1565.3301451387","rd":"110.50157789517","sigma":"0","rptime":"1438419600","rpr":1577.8859498459,"rprd":98.770732835917,"rpsigma":"0","acre":1085.469374364,"lacre":1085.469374364,"oldacre":"1118.6925497482"},"p2rating":{"entryid":7323294,"formatid":"randombattle","userid":"tmillz213","username":"T-Millz213","r":1500,"rd":130,"sigma":0,"rpr":1548.1444513139,"rprd":122.79319370436,"rpsigma":0,"rptime":1438419600,"w":1,"l":0,"t":0,"gxe":56,"acre":1053.1570806147,"lacre":1053.1570806147,"oldacre":1000},"endType":"normal"}