{"seed":[47459,61343,6127,40287],"turns":22,"p1":"nuuchi","p2":"gabethegreen","p1team":[{"name":"Lunatone","moves":["calmmind","rockpolish","icebeam","psychic"],"ability":"Levitate","evs":{"hp":85,"atk":85,"def":85,"spa":85,"spd":85,"spe":85},"ivs":{"hp":31,"atk":31,"def":31,"spa":31,"spd":31,"spe":31},"item":"Focus Sash","level":83,"shiny":false},{"name":"Exploud","moves":["fireblast","surf","focusblast","boomburst"],"ability":"Scrappy","evs":{"hp":85,"atk":85,"def":85,"spa":85,"spd":85,"spe":85},"ivs":{"hp":31,"atk":31,"def":31,"spa":31,"spd":31,"spe":31},"item":"Choice Specs","level":79,"shiny":false},{"name":"Deoxys","moves":["taunt","stealthrock","extremespeed","psychoboost"],"ability":"Pressure","evs":{"hp":85,"atk":85,"def":85,"spa":85,"spd":85,"spe":85},"ivs":{"hp":31,"atk":31,"def":31,"spa":31,"spd":31,"spe":31},"item":"Leftovers","level":73,"shiny":false},{"name":"Luvdisc","moves":["protect","sweetkiss","toxic","scald"],"ability":"Hydration","evs":{"hp":85,"atk":85,"def":85,"spa":85,"spd":85,"spe":85},"ivs":{"hp":31,"atk":31,"def":31,"spa":31,"spd":31,"spe":31},"item":"Leftovers","level":83,"shiny":false},{"name":"Excadrill","moves":["rockslide","swordsdance","earthquake","ironhead"],"ability":"Mold Breaker","evs":{"hp":85,"atk":85,"def":85,"spa":85,"spd":85,"spe":85},"ivs":{"hp":31,"atk":31,"def":31,"spa":31,"spd":31,"spe":31},"item":"Life Orb","level":75,"shiny":false},{"name":"Primeape","moves":["encore","stoneedge","earthquake","closecombat"],"ability":"Defiant","evs":{"hp":85,"atk":85,"def":85,"spa":85,"spd":85,"spe":85},"ivs":{"hp":31,"atk":31,"def":31,"spa":31,"spd":31,"spe":31},"item":"Life Orb","level":81,"shiny":false}],"p2team":[{"name":"Gastrodon","moves":["icebeam","earthquake","toxic","recover"],"ability":"Storm Drain","evs":{"hp":85,"atk":85,"def":85,"spa":85,"spd":85,"spe":85},"ivs":{"hp":31,"atk":31,"def":31,"spa":31,"spd":31,"spe":31},"item":"Focus Sash","level":79,"shiny":false},{"name":"Archeops","moves":["pluck","uturn","headsmash","earthquake"],"ability":"Defeatist","evs":{"hp":85,"atk":85,"def":85,"spa":85,"spd":85,"spe":85},"ivs":{"hp":31,"atk":31,"def":31,"spa":31,"spd":31,"spe":31},"item":"Choice Band","level":81,"shiny":false},{"name":"Omastar","moves":["scald","icebeam","shellsmash","earthpower"],"ability":"Swift Swim","evs":{"hp":85,"atk":85,"def":85,"spa":85,"spd":85,"spe":85},"ivs":{"hp":31,"atk":31,"def":31,"spa":31,"spd":31,"spe":31},"item":"White Herb","level":79,"shiny":false},{"name":"Lopunny","moves":["substitute","icepunch","return","highjumpkick"],"ability":"Limber","evs":{"hp":85,"atk":85,"def":85,"spa":85,"spd":85,"spe":85},"ivs":{"hp":31,"atk":31,"def":31,"spa":31,"spd":31,"spe":31},"item":"Lopunnite","level":75,"shiny":false},{"name":"Farfetch'd","moves":["swordsdance","roost","leafblade","bravebird"],"ability":"Defiant","evs":{"hp":85,"atk":85,"def":85,"spa":85,"spd":85,"spe":85},"ivs":{"hp":31,"atk":31,"def":31,"spa":31,"spd":31,"spe":31},"item":"Stick","level":83,"shiny":false},{"name":"Clefable","moves":["softboiled","moonblast","fireblast","stealthrock"],"ability":"Magic Guard","evs":{"hp":85,"atk":85,"def":85,"spa":85,"spd":85,"spe":85},"ivs":{"hp":31,"atk":31,"def":31,"spa":31,"spd":31,"spe":31},"item":"Life Orb","level":75,"shiny":false}],"log":["|player|p1|nuuchi|2","|player|p2|gabethegreen|168","|gametype|singles","|gen|6","|tier|Random Battle","|rated","|rule|Sleep Clause Mod: Limit one foe put to sleep","|rule|HP Percentage Mod: HP is shown in percentages","|","|start","|switch|p1a: Lunatone|Lunatone, L83|252/252","|switch|p2a: Gastrodon|Gastrodon, L79, M|305/305","|turn|1","|","|move|p1a: Lunatone|Psychic|p2a: Gastrodon","|-damage|p2a: Gastrodon|203/305","|move|p2a: Gastrodon|Toxic|p1a: Lunatone","|-status|p1a: Lunatone|tox","|","|-damage|p1a: Lunatone|237/252 tox|[from] psn","|turn|2","|","|move|p1a: Lunatone|Psychic|p2a: Gastrodon","|-damage|p2a: Gastrodon|95/305","|move|p2a: Gastrodon|Recover|p2a: Gastrodon","|-heal|p2a: Gastrodon|248/305","|","|-damage|p1a: Lunatone|207/252 tox|[from] psn","|turn|3","|","|move|p1a: Lunatone|Psychic|p2a: Gastrodon","|-damage|p2a: Gastrodon|140/305","|move|p2a: Gastrodon|Ice Beam|p1a: Lunatone","|-damage|p1a: Lunatone|154/252 tox","|","|-damage|p1a: Lunatone|109/252 tox|[from] psn","|turn|4","|","|move|p1a: Lunatone|Psychic|p2a: Gastrodon","|-damage|p2a: Gastrodon|44/305","|move|p2a: Gastrodon|Recover|p2a: Gastrodon","|-heal|p2a: Gastrodon|197/305","|","|-damage|p1a: Lunatone|49/252 tox|[from] psn","|turn|5","|","|move|p1a: Lunatone|Ice Beam|p2a: Gastrodon","|-damage|p2a: Gastrodon|134/305","|move|p2a: Gastrodon|Recover|p2a: Gastrodon","|-heal|p2a: Gastrodon|287/305","|","|-damage|p1a: Lunatone|0 fnt|[from] psn","|faint|p1a: Lunatone","|","|switch|p1a: Deoxys|Deoxys, L73|193/193","|-ability|p1a: Deoxys|Pressure","|turn|6","|","|move|p1a: Deoxys|Psycho Boost|p2a: Gastrodon","|-damage|p2a: Gastrodon|100/305","|-unboost|p1a: Deoxys|spa|2","|move|p2a: Gastrodon|Toxic|p1a: Deoxys","|-status|p1a: Deoxys|tox","|","|-damage|p1a: Deoxys|181/193 tox|[from] psn","|turn|7","|","|move|p1a: Deoxys|Psycho Boost|p2a: Gastrodon","|-damage|p2a: Gastrodon|10/305","|-unboost|p1a: Deoxys|spa|2","|move|p2a: Gastrodon|Recover|p2a: Gastrodon","|-heal|p2a: Gastrodon|163/305","|","|-heal|p1a: Deoxys|193/193 tox|[from] item: Leftovers","|-damage|p1a: Deoxys|169/193 tox|[from] psn","|turn|8","|","|move|p1a: Deoxys|Psycho Boost|p2a: Gastrodon","|-damage|p2a: Gastrodon|105/305","|-unboost|p1a: Deoxys|spa|2","|move|p2a: Gastrodon|Recover|p2a: Gastrodon","|-heal|p2a: Gastrodon|258/305","|","|-heal|p1a: Deoxys|181/193 tox|[from] item: Leftovers","|-damage|p1a: Deoxys|145/193 tox|[from] psn","|turn|9","|","|move|p1a: Deoxys|Extreme Speed|p2a: Gastrodon","|-damage|p2a: Gastrodon|172/305","|move|p2a: Gastrodon|Recover|p2a: Gastrodon","|-heal|p2a: Gastrodon|305/305","|","|-heal|p1a: Deoxys|157/193 tox|[from] item: Leftovers","|-damage|p1a: Deoxys|109/193 tox|[from] psn","|turn|10","|","|move|p1a: Deoxys|Psycho Boost|p2a: Gastrodon","|-damage|p2a: Gastrodon|256/305","|move|p2a: Gastrodon|Ice Beam|p1a: Deoxys","|-damage|p1a: Deoxys|16/193 tox","|","|-heal|p1a: Deoxys|28/193 tox|[from] item: Leftovers","|-damage|p1a: Deoxys|0 fnt|[from] psn","|faint|p1a: Deoxys","|","|switch|p1a: Exploud|Exploud, L79, M|294/294","|turn|11","|","|move|p1a: Exploud|Boomburst|p2a: Gastrodon","|-damage|p2a: Gastrodon|55/305","|move|p2a: Gastrodon|Toxic|p1a: Exploud","|-status|p1a: Exploud|tox","|","|-damage|p1a: Exploud|276/294 tox|[from] psn","|turn|12","|","|move|p1a: Exploud|Boomburst|p2a: Gastrodon","|-damage|p2a: Gastrodon|0 fnt","|faint|p2a: Gastrodon","|","|-damage|p1a: Exploud|240/294 tox|[from] psn","|","|switch|p2a: Lopunny|Lopunny, L75, F|221/221","|turn|13","|","|detailschange|p2a: Lopunny|Lopunny-Mega, L75, F","|-mega|p2a: Lopunny|Lopunny|Lopunnite","|move|p2a: Lopunny|High Jump Kick|p1a: Exploud","|-supereffective|p1a: Exploud","|-damage|p1a: Exploud|0 fnt","|faint|p1a: Exploud","|","|","|switch|p1a: Excadrill|Excadrill, L75, M|289/289","|-ability|p1a: Excadrill|Mold Breaker","|turn|14","|","|move|p2a: Lopunny|Ice Punch|p1a: Excadrill","|-damage|p1a: Excadrill|200/289","|-status|p1a: Excadrill|frz","|-curestatus|p1a: Excadrill|frz","|move|p1a: Excadrill|Earthquake|p2a: Lopunny","|-damage|p2a: Lopunny|57/221","|-damage|p1a: Excadrill|172/289|[from] item: Life Orb","|","|turn|15","|","|move|p2a: Lopunny|High Jump Kick|p1a: Excadrill","|-supereffective|p1a: Excadrill","|-damage|p1a: Excadrill|0 fnt","|faint|p1a: Excadrill","|","|","|switch|p1a: Primeape|Primeape, L81, M|238/238","|turn|16","|","|move|p2a: Lopunny|High Jump Kick|p1a: Primeape","|-damage|p1a: Primeape|43/238","|move|p1a: Primeape|Earthquake|p2a: Lopunny","|-damage|p2a: Lopunny|0 fnt","|-damage|p1a: Primeape|20/238|[from] item: Life Orb","|faint|p2a: Lopunny","|","|","|switch|p2a: Archeops|Archeops, L81, F|254/254","|turn|17","|","|move|p2a: Archeops|U-turn|p1a: Primeape","|-resisted|p1a: Primeape","|-damage|p1a: Primeape|0 fnt","|faint|p1a: Primeape","|","|switch|p2a: Omastar|Omastar, L79, F|240/240","|","|","|switch|p1a: Luvdisc|Luvdisc, L83, F|207/207","|turn|18","|","|move|p1a: Luvdisc|Toxic|p2a: Omastar","|-status|p2a: Omastar|tox","|move|p2a: Omastar|Shell Smash|p2a: Omastar","|-boost|p2a: Omastar|atk|2","|-boost|p2a: Omastar|spa|2","|-boost|p2a: Omastar|spe|2","|-unboost|p2a: Omastar|def|1","|-unboost|p2a: Omastar|spd|1","|-enditem|p2a: Omastar|White Herb","|-restoreboost|p2a: Omastar|[silent]","|","|-damage|p2a: Omastar|225/240 tox|[from] psn","|turn|19","|","|move|p2a: Omastar|Scald|p1a: Luvdisc","|-resisted|p1a: Luvdisc","|-damage|p1a: Luvdisc|103/207","|move|p1a: Luvdisc|Sweet Kiss|p2a: Omastar","|-start|p2a: Omastar|confusion","|","|-heal|p1a: Luvdisc|115/207|[from] item: Leftovers","|-damage|p2a: Omastar|195/240 tox|[from] psn","|turn|20","|","|-activate|p2a: Omastar|confusion","|move|p2a: Omastar|Scald|p1a: Luvdisc","|-resisted|p1a: Luvdisc","|-damage|p1a: Luvdisc|17/207","|move|p1a: Luvdisc|Scald|p2a: Omastar","|-damage|p2a: Omastar|137/240 tox","|","|-heal|p1a: Luvdisc|29/207|[from] item: Leftovers","|-damage|p2a: Omastar|92/240 tox|[from] psn","|turn|21","|","|move|p1a: Luvdisc|Protect|p1a: Luvdisc","|-singleturn|p1a: Luvdisc|Protect","|-activate|p2a: Omastar|confusion","|move|p2a: Omastar|Scald|p1a: Luvdisc","|-activate|p1a: Luvdisc|Protect","|","|-heal|p1a: Luvdisc|41/207|[from] item: Leftovers","|-damage|p2a: Omastar|32/240 tox|[from] psn","|turn|22","|","|move|p1a: Luvdisc|Protect|p1a: Luvdisc","|-fail|p1a: Luvdisc","|-activate|p2a: Omastar|confusion","|move|p2a: Omastar|Scald|p1a: Luvdisc","|-resisted|p1a: Luvdisc","|-damage|p1a: Luvdisc|0 fnt","|faint|p1a: Luvdisc","|","|win|gabethegreen"],"p1rating":{"entryid":7308246,"formatid":"randombattle","userid":"nuuchi","username":"nuuchi","r":1500,"rd":130,"sigma":0,"rpr":1459.8393856612,"rprd":122.8583080769,"rpsigma":0,"rptime":1438333200,"w":0,"l":1,"t":0,"gxe":45,"acre":1000,"lacre":1000,"oldacre":1000},"p2rating":{"entryid":7308247,"formatid":"randombattle","userid":"gabethegreen","username":"gabethegreen","r":1500,"rd":130,"sigma":0,"rpr":1540.1606143388,"rprd":122.8583080769,"rpsigma":0,"rptime":1438333200,"w":1,"l":0,"t":0,"gxe":55,"acre":1040,"lacre":1040,"oldacre":1000},"endType":"normal"}