{"seed":[52821,59177,12048,34180],"turns":22,"p1":"sleeplesscarp","p2":"Diamond Jax","p1team":[{"name":"Cradily","moves":["gigadrain","stealthrock","rockslide","toxic"],"ability":"Storm Drain","evs":{"hp":85,"atk":85,"def":85,"spa":85,"spd":85,"spe":85},"ivs":{"hp":31,"atk":31,"def":31,"spa":31,"spd":31,"spe":31},"item":"Leftovers","level":81,"shiny":false},{"name":"Glalie","moves":["earthquake","iceshard","spikes","return"],"ability":"Inner Focus","evs":{"hp":81,"atk":89,"def":85,"spa":85,"spd":85,"spe":85},"ivs":{"hp":31,"atk":31,"def":31,"spa":31,"spd":31,"spe":31},"item":"Glalitite","level":79,"shiny":false},{"name":"Celebi","moves":["healbell","uturn","gigadrain","psychic"],"ability":"Natural Cure","evs":{"hp":85,"atk":85,"def":85,"spa":85,"spd":85,"spe":85},"ivs":{"hp":31,"atk":31,"def":31,"spa":31,"spd":31,"spe":31},"item":"Leftovers","level":75,"shiny":false},{"name":"Delphox","moves":["calmmind","fireblast","psyshock","grassknot"],"ability":"Magician","evs":{"hp":81,"atk":85,"def":85,"spa":89,"spd":85,"spe":85},"ivs":{"hp":31,"atk":31,"def":31,"spa":31,"spd":31,"spe":31},"item":"Life Orb","level":79,"shiny":false},{"name":"Whiscash","moves":["waterfall","zenheadbutt","dragondance","earthquake"],"ability":"Hydration","evs":{"hp":85,"atk":85,"def":85,"spa":85,"spd":85,"spe":85},"ivs":{"hp":31,"atk":31,"def":31,"spa":31,"spd":31,"spe":31},"item":"Life Orb","level":83,"shiny":false},{"name":"Poliwrath","moves":["scald","circlethrow","rest","sleeptalk"],"ability":"Water Absorb","evs":{"hp":85,"atk":85,"def":85,"spa":85,"spd":85,"spe":85},"ivs":{"hp":31,"atk":31,"def":31,"spa":31,"spd":31,"spe":31},"item":"Leftovers","level":83,"shiny":false}],"p2team":[{"name":"Golduck","moves":["signalbeam","encore","substitute","hydropump"],"ability":"Cloud Nine","evs":{"hp":85,"atk":85,"def":85,"spa":85,"spd":85,"spe":85},"ivs":{"hp":31,"atk":31,"def":31,"spa":31,"spd":31,"spe":31},"item":"Leftovers","level":83,"shiny":false},{"name":"Beedrill","moves":["uturn","xscissor","drillrun","poisonjab"],"ability":"Swarm","evs":{"hp":85,"atk":85,"def":85,"spa":85,"spd":85,"spe":85},"ivs":{"hp":31,"atk":31,"def":31,"spa":31,"spd":31,"spe":31},"item":"Beedrillite","level":77,"shiny":false},{"name":"Scyther","moves":["aerialace","swordsdance","batonpass","brickbreak"],"ability":"Technician","evs":{"hp":81,"atk":89,"def":85,"spa":85,"spd":85,"spe":85},"ivs":{"hp":31,"atk":31,"def":31,"spa":31,"spd":31,"spe":31},"item":"Eviolite","level":81,"shiny":false},{"name":"Cofagrigus","moves":["trickroom","hiddenpowerfighting","shadowball","willowisp"],"ability":"Mummy","evs":{"hp":170,"atk":85,"def":85,"spa":85,"spd":85,"spe":0},"ivs":{"hp":31,"atk":31,"def":30,"spa":30,"spd":30,"spe":0},"item":"Leftovers","level":79,"shiny":false},{"name":"Magnezone","moves":["hiddenpowerfire","chargebeam","substitute","flashcannon"],"ability":"Magnet Pull","evs":{"hp":85,"atk":85,"def":85,"spa":85,"spd":85,"spe":85},"ivs":{"hp":31,"atk":30,"def":31,"spa":30,"spd":31,"spe":30},"item":"Air Balloon","level":75,"shiny":false},{"name":"Malamar","moves":["knockoff","rockslide","substitute","trickroom"],"ability":"Infiltrator","evs":{"hp":170,"atk":85,"def":85,"spa":85,"spd":85,"spe":0},"ivs":{"hp":31,"atk":31,"def":31,"spa":31,"spd":31,"spe":0},"item":"Leftovers","level":81,"shiny":false}],"log":["|player|p1|sleeplesscarp|170","|player|p2|Diamond Jax|diamondjax.png","|gametype|singles","|gen|6","|tier|Random Battle","|rated","|rule|Sleep Clause Mod: Limit one foe put to sleep","|rule|HP Percentage Mod: HP is shown in percentages","|","|start","|switch|p1a: Cradily|Cradily, L81, M|272/272","|switch|p2a: Golduck|Golduck, L83, F|268/268","|-ability|p2a: Golduck|Cloud Nine","|turn|1","|","|switch|p2a: Beedrill|Beedrill, L77, M|227/227","|move|p1a: Cradily|Stealth Rock|p2a: Beedrill","|-sidestart|p2: Diamond Jax|move: Stealth Rock","|","|turn|2","|","|detailschange|p2a: Beedrill|Beedrill-Mega, L77, M","|-mega|p2a: Beedrill|Beedrill|Beedrillite","|move|p2a: Beedrill|X-Scissor|p1a: Cradily","|-supereffective|p1a: Cradily","|-damage|p1a: Cradily|0 fnt","|faint|p1a: Cradily","|","|","|switch|p1a: Delphox|Delphox, L79, F|247/247","|turn|3","|","|move|p2a: Beedrill|Drill Run|p1a: Delphox","|-supereffective|p1a: Delphox","|-damage|p1a: Delphox|77/247","|move|p1a: Delphox|Psyshock|p2a: Beedrill","|-supereffective|p2a: Beedrill","|-damage|p2a: Beedrill|0 fnt","|-damage|p1a: Delphox|53/247|[from] item: Life Orb","|faint|p2a: Beedrill","|","|","|switch|p2a: Scyther|Scyther, L81, F|245/245","|-damage|p2a: Scyther|123/245|[from] Stealth Rock","|turn|4","|","|move|p2a: Scyther|Aerial Ace|p1a: Delphox","|-damage|p1a: Delphox|0 fnt","|faint|p1a: Delphox","|","|","|switch|p1a: Glalie|Glalie, L79, M|255/255","|turn|5","|","|detailschange|p1a: Glalie|Glalie-Mega, L79, M","|-mega|p1a: Glalie|Glalie|Glalitite","|move|p1a: Glalie|Ice Shard|p2a: Scyther","|-supereffective|p2a: Scyther","|-damage|p2a: Scyther|51/245","|move|p2a: Scyther|Brick Break|p1a: Glalie","|-supereffective|p1a: Glalie","|-damage|p1a: Glalie|133/255","|","|turn|6","|","|move|p1a: Glalie|Ice Shard|p2a: Scyther","|-supereffective|p2a: Scyther","|-damage|p2a: Scyther|0 fnt","|faint|p2a: Scyther","|","|","|switch|p2a: Magnezone|Magnezone, L75|229/229","|-damage|p2a: Magnezone|215/229|[from] Stealth Rock","|-item|p2a: Magnezone|Air Balloon","|turn|7","|","|switch|p1a: Whiscash|Whiscash, L83, M|318/318","|move|p2a: Magnezone|Substitute|p2a: Magnezone","|-start|p2a: Magnezone|Substitute","|-damage|p2a: Magnezone|158/229","|","|turn|8","|","|move|p1a: Whiscash|Waterfall|p2a: Magnezone","|-end|p2a: Magnezone|Substitute","|-enditem|p2a: Magnezone|Air Balloon","|-damage|p1a: Whiscash|287/318|[from] item: Life Orb","|move|p2a: Magnezone|Flash Cannon|p1a: Whiscash","|-resisted|p1a: Whiscash","|-damage|p1a: Whiscash|235/318","|","|turn|9","|","|switch|p2a: Golduck|Golduck, L83, F|268/268","|-damage|p2a: Golduck|235/268|[from] Stealth Rock","|-ability|p2a: Golduck|Cloud Nine","|move|p1a: Whiscash|Dragon Dance|p1a: Whiscash","|-boost|p1a: Whiscash|atk|1","|-boost|p1a: Whiscash|spe|1","|","|-heal|p2a: Golduck|251/268|[from] item: Leftovers","|turn|10","|","|move|p1a: Whiscash|Earthquake|p2a: Golduck","|-damage|p2a: Golduck|63/268","|-damage|p1a: Whiscash|204/318|[from] item: Life Orb","|move|p2a: Golduck|Encore|p1a: Whiscash","|-start|p1a: Whiscash|Encore","|","|-heal|p2a: Golduck|79/268|[from] item: Leftovers","|turn|11","|","|move|p1a: Whiscash|Earthquake|p2a: Golduck","|-damage|p2a: Golduck|0 fnt","|-damage|p1a: Whiscash|173/318|[from] item: Life Orb","|faint|p2a: Golduck","|","|","|switch|p2a: Cofagrigus|Cofagrigus, L79, F|238/238","|-damage|p2a: Cofagrigus|209/238|[from] Stealth Rock","|turn|12","|","|switch|p1a: Celebi|Celebi, L75|274/274","|move|p2a: Cofagrigus|Will-O-Wisp|p1a: Celebi","|-status|p1a: Celebi|brn","|","|-heal|p2a: Cofagrigus|223/238|[from] item: Leftovers","|-damage|p1a: Celebi|240/274 brn|[from] brn","|turn|13","|","|move|p1a: Celebi|U-turn|p2a: Cofagrigus","|-resisted|p2a: Cofagrigus","|-damage|p2a: Cofagrigus|216/238","|-endability|p1a: Celebi|naturalcure|[from] Mummy","|-ability|p1a: Celebi|Mummy|[from] Mummy","|","|switch|p1a: Poliwrath|Poliwrath, L83, F|285/285","|move|p2a: Cofagrigus|Shadow Ball|p1a: Poliwrath","|-damage|p1a: Poliwrath|204/285","|-unboost|p1a: Poliwrath|spd|1","|","|-heal|p1a: Poliwrath|221/285|[from] item: Leftovers","|-heal|p2a: Cofagrigus|230/238|[from] item: Leftovers","|turn|14","|","|move|p1a: Poliwrath|Scald|p2a: Cofagrigus","|-damage|p2a: Cofagrigus|173/238","|move|p2a: Cofagrigus|Shadow Ball|p1a: Poliwrath","|-damage|p1a: Poliwrath|106/285","|","|-heal|p1a: Poliwrath|123/285|[from] item: Leftovers","|-heal|p2a: Cofagrigus|187/238|[from] item: Leftovers","|turn|15","|","|move|p1a: Poliwrath|Scald|p2a: Cofagrigus","|-damage|p2a: Cofagrigus|120/238","|move|p2a: Cofagrigus|Shadow Ball|p1a: Poliwrath","|-damage|p1a: Poliwrath|15/285","|","|-heal|p1a: Poliwrath|32/285|[from] item: Leftovers","|-heal|p2a: Cofagrigus|134/238|[from] item: Leftovers","|turn|16","|","|move|p1a: Poliwrath|Scald|p2a: Cofagrigus","|-damage|p2a: Cofagrigus|68/238","|-status|p2a: Cofagrigus|brn","|move|p2a: Cofagrigus|Shadow Ball|p1a: Poliwrath","|-damage|p1a: Poliwrath|0 fnt","|faint|p1a: Poliwrath","|","|-heal|p2a: Cofagrigus|82/238 brn|[from] item: Leftovers","|-damage|p2a: Cofagrigus|53/238 brn|[from] brn","|","|switch|p1a: Glalie|Glalie-Mega, L79, M|133/255","|turn|17","|","|move|p1a: Glalie|Return|p2a: Cofagrigus","|-damage|p2a: Cofagrigus|0 fnt","|-endability|p1a: Glalie|refrigerate|[from] Mummy","|-ability|p1a: Glalie|Mummy|[from] Mummy","|faint|p2a: Cofagrigus","|","|","|switch|p2a: Magnezone|Magnezone, L75|158/229","|-damage|p2a: Magnezone|144/229|[from] Stealth Rock","|turn|18","|","|move|p1a: Glalie|Earthquake|p2a: Magnezone","|-supereffective|p2a: Magnezone","|-damage|p2a: Magnezone|0 fnt","|faint|p2a: Magnezone","|","|","|switch|p2a: Malamar|Malamar, L81, F|289/289","|-damage|p2a: Malamar|253/289|[from] Stealth Rock","|turn|19","|","|switch|p1a: Celebi|Celebi, L75|240/274 brn","|move|p2a: Malamar|Rock Slide|p1a: Celebi","|-damage|p1a: Celebi|194/274 brn","|","|-heal|p1a: Celebi|211/274 brn|[from] item: Leftovers","|-heal|p2a: Malamar|271/289|[from] item: Leftovers","|-damage|p1a: Celebi|177/274 brn|[from] brn","|turn|20","|","|move|p1a: Celebi|U-turn|p2a: Malamar","|-supereffective|p2a: Malamar","|-damage|p2a: Malamar|183/289","|","|switch|p1a: Glalie|Glalie-Mega, L79, M|133/255","|move|p2a: Malamar|Knock Off|p1a: Glalie","|-damage|p1a: Glalie|66/255","|","|-heal|p2a: Malamar|201/289|[from] item: Leftovers","|turn|21","|","|move|p1a: Glalie|Return|p2a: Malamar","|-damage|p2a: Malamar|39/289","|move|p2a: Malamar|Knock Off|p1a: Glalie","|-damage|p1a: Glalie|0 fnt","|faint|p1a: Glalie","|","|-heal|p2a: Malamar|57/289|[from] item: Leftovers","|","|switch|p1a: Celebi|Celebi, L75|177/274","|turn|22","|","|move|p1a: Celebi|U-turn|p2a: Malamar","|-supereffective|p2a: Malamar","|-damage|p2a: Malamar|0 fnt","|faint|p2a: Malamar","|","|win|sleeplesscarp"],"p1rating":{"entryid":7321011,"formatid":"randombattle","userid":"sleeplesscarp","username":"sleeplesscarp","r":1500,"rd":130,"sigma":0,"rpr":1544.7605531496,"rprd":122.84408599528,"rpsigma":0,"rptime":1438419600,"w":1,"l":0,"t":0,"gxe":55.6,"acre":1043.0144871484,"lacre":1043.0144871484,"oldacre":1000},"p2rating":{"entryid":"6936432","serverid":"eos","formatid":"randombattle","userid":"diamondjax","username":"Diamond Jax","w":"1","l":2,"t":"0","gxe":46.5,"r":1507.4778622161,"rd":119.36356560589,"sigma":"0","rptime":1438419600,"rpr":1472.3563925407,"rprd":113.76620795556,"rpsigma":"0","acre":1011.2480844861,"lacre":1011.2480844861,"oldacre":"1026.2332416589"},"endType":"normal"}