{"seed":[15535,51032,323,18168],"turns":27,"p1":"Fairy Fee","p2":"RektByAnAlt","p1team":[{"name":"Muk","moves":["poisonjab","icepunch","shadowsneak","firepunch"],"ability":"Poison Touch","evs":{"hp":85,"atk":85,"def":85,"spa":85,"spd":85,"spe":85},"ivs":{"hp":31,"atk":31,"def":31,"spa":31,"spd":31,"spe":31},"item":"Choice Band","level":81,"shiny":false},{"name":"Genesect-Chill","moves":["technoblast","bugbuzz","flamethrower","blazekick"],"ability":"Download","evs":{"hp":85,"atk":85,"def":85,"spa":85,"spd":85,"spe":85},"ivs":{"hp":31,"atk":31,"def":31,"spa":31,"spd":31,"spe":31},"item":"Chill Drive","level":74,"shiny":false},{"name":"Conkeldurr","moves":["machpunch","icepunch","bulkup","knockoff"],"ability":"Sheer Force","evs":{"hp":85,"atk":85,"def":85,"spa":85,"spd":85,"spe":85},"ivs":{"hp":31,"atk":31,"def":31,"spa":31,"spd":31,"spe":31},"item":"Life Orb","level":75,"shiny":false},{"name":"Persian","moves":["fakeout","return","knockoff","taunt"],"ability":"Technician","evs":{"hp":85,"atk":85,"def":85,"spa":85,"spd":85,"spe":85},"ivs":{"hp":31,"atk":31,"def":31,"spa":31,"spd":31,"spe":31},"item":"Life Orb","level":83,"shiny":false},{"name":"Wormadam","moves":["synthesis","gigadrain","toxic","protect"],"ability":"Overcoat","evs":{"hp":85,"atk":85,"def":85,"spa":85,"spd":85,"spe":85},"ivs":{"hp":31,"atk":31,"def":31,"spa":31,"spd":31,"spe":31},"item":"Leftovers","level":83,"shiny":false},{"name":"Arcanine","moves":["flareblitz","roar","toxic","crunch"],"ability":"Intimidate","evs":{"hp":85,"atk":85,"def":85,"spa":85,"spd":85,"spe":85},"ivs":{"hp":31,"atk":31,"def":31,"spa":31,"spd":31,"spe":31},"item":"Leftovers","level":77,"shiny":false}],"p2team":[{"name":"Cryogonal","moves":["haze","toxic","icebeam","hiddenpowerground"],"ability":"Levitate","evs":{"hp":85,"atk":85,"def":85,"spa":85,"spd":85,"spe":85},"ivs":{"hp":31,"atk":31,"def":31,"spa":30,"spd":30,"spe":31},"item":"Focus Sash","level":81,"shiny":false},{"name":"Quagsire","moves":["icebeam","earthquake","scald","toxic"],"ability":"Unaware","evs":{"hp":85,"atk":85,"def":85,"spa":85,"spd":85,"spe":85},"ivs":{"hp":31,"atk":31,"def":31,"spa":31,"spd":31,"spe":31},"item":"Life Orb","level":81,"shiny":false},{"name":"Pachirisu","moves":["uturn","nuzzle","thunderbolt","superfang"],"ability":"Volt Absorb","evs":{"hp":85,"atk":85,"def":85,"spa":85,"spd":85,"spe":85},"ivs":{"hp":31,"atk":31,"def":31,"spa":31,"spd":31,"spe":31},"item":"Life Orb","level":83,"shiny":false},{"name":"Weezing","moves":["willowisp","sludgebomb","fireblast","toxicspikes"],"ability":"Levitate","evs":{"hp":85,"atk":85,"def":85,"spa":85,"spd":85,"spe":85},"ivs":{"hp":31,"atk":31,"def":31,"spa":31,"spd":31,"spe":31},"item":"Black Sludge","level":81,"shiny":false},{"name":"Spinda","moves":["superpower","trickroom","return","suckerpunch"],"ability":"Contrary","evs":{"hp":170,"atk":85,"def":85,"spa":85,"spd":85,"spe":0},"ivs":{"hp":31,"atk":31,"def":31,"spa":31,"spd":31,"spe":0},"item":"Life Orb","level":83,"shiny":false},{"name":"Dugtrio","moves":["reversal","stealthrock","substitute","earthquake"],"ability":"Arena Trap","evs":{"hp":85,"atk":85,"def":85,"spa":85,"spd":85,"spe":85},"ivs":{"hp":31,"atk":31,"def":31,"spa":31,"spd":31,"spe":31},"item":"Focus Sash","level":79,"shiny":false}],"log":["|player|p1|Fairy Fee|62","|player|p2|RektByAnAlt|265","|gametype|singles","|gen|6","|tier|Random Battle","|rated","|rule|Sleep Clause Mod: Limit one foe put to sleep","|rule|HP Percentage Mod: HP is shown in percentages","|","|start","|switch|p1a: Muk|Muk, L81, F|303/303","|switch|p2a: Cryogonal|Cryogonal, L81|246/246","|turn|1","|","|move|p2a: Cryogonal|Ice Beam|p1a: Muk","|-damage|p1a: Muk|227/303","|move|p1a: Muk|Poison Jab|p2a: Cryogonal","|-enditem|p2a: Cryogonal|Focus Sash","|-damage|p2a: Cryogonal|1/246","|","|turn|2","|","|switch|p2a: Dugtrio|Dugtrio, L79, F|185/185","|move|p1a: Muk|Poison Jab|p2a: Dugtrio","|-resisted|p2a: Dugtrio","|-damage|p2a: Dugtrio|88/185","|","|turn|3","|","|move|p2a: Dugtrio|Earthquake|p1a: Muk","|-supereffective|p1a: Muk","|-damage|p1a: Muk|45/303","|move|p1a: Muk|Poison Jab|p2a: Dugtrio","|-resisted|p2a: Dugtrio","|-damage|p2a: Dugtrio|0 fnt","|faint|p2a: Dugtrio","|","|","|switch|p2a: Cryogonal|Cryogonal, L81|1/246","|turn|4","|","|move|p2a: Cryogonal|Hidden Power|p1a: Muk","|-crit|p1a: Muk","|-supereffective|p1a: Muk","|-damage|p1a: Muk|0 fnt","|faint|p1a: Muk","|","|","|switch|p1a: Persian|Persian, L83, F|244/244","|turn|5","|","|move|p1a: Persian|Knock Off|p2a: Cryogonal","|-damage|p2a: Cryogonal|0 fnt","|-damage|p1a: Persian|220/244|[from] item: Life Orb","|faint|p2a: Cryogonal","|","|","|switch|p2a: Spinda|Spinda, L83, F|253/253","|turn|6","|","|switch|p1a: Wormadam|Wormadam, L83, F|235/235","|move|p2a: Spinda|Trick Room|p2a: Spinda","|-fieldstart|move: Trick Room|[of] p2a: Spinda","|","|turn|7","|","|switch|p2a: Weezing|Weezing, L81, M|238/238","|move|p1a: Wormadam|Toxic|p2a: Weezing","|-immune|p2a: Weezing|[msg]","|","|turn|8","|","|switch|p1a: Conkeldurr|Conkeldurr, L75, M|281/281","|move|p2a: Weezing|Toxic Spikes|p1a: Conkeldurr","|-sidestart|p1: Fairy Fee|move: Toxic Spikes","|","|turn|9","|","|move|p1a: Conkeldurr|Knock Off|p2a: Weezing","|-damage|p2a: Weezing|152/238","|-enditem|p2a: Weezing|Black Sludge|[from] move: Knock Off|[of] p1a: Conkeldurr","|-damage|p1a: Conkeldurr|253/281|[from] item: Life Orb","|move|p2a: Weezing|Toxic Spikes|p1a: Conkeldurr","|-sidestart|p1: Fairy Fee|move: Toxic Spikes","|","|turn|10","|","|switch|p2a: Quagsire|Quagsire, L81, F|287/287","|move|p1a: Conkeldurr|Bulk Up|p1a: Conkeldurr","|-boost|p1a: Conkeldurr|atk|1","|-boost|p1a: Conkeldurr|def|1","|","|-fieldend|move: Trick Room","|turn|11","|","|move|p1a: Conkeldurr|Knock Off|p2a: Quagsire","|-damage|p2a: Quagsire|192/287","|-enditem|p2a: Quagsire|Life Orb|[from] move: Knock Off|[of] p1a: Conkeldurr","|-damage|p1a: Conkeldurr|225/281|[from] item: Life Orb","|move|p2a: Quagsire|Scald|p1a: Conkeldurr","|-crit|p1a: Conkeldurr","|-damage|p1a: Conkeldurr|110/281","|","|turn|12","|","|switch|p1a: Wormadam|Wormadam, L83, F|235/235","|-status|p1a: Wormadam|tox","|move|p2a: Quagsire|Scald|p1a: Wormadam","|-resisted|p1a: Wormadam","|-damage|p1a: Wormadam|210/235 tox","|","|-heal|p1a: Wormadam|224/235 tox|[from] item: Leftovers","|-damage|p1a: Wormadam|210/235 tox|[from] psn","|turn|13","|","|switch|p1a: Genesect-Chill|Genesect-Chill, L74|227/227","|-boost|p1a: Genesect-Chill|spa|1|[from] ability: Download","|move|p2a: Quagsire|Ice Beam|p1a: Genesect-Chill","|-resisted|p1a: Genesect-Chill","|-damage|p1a: Genesect-Chill|204/227","|","|turn|14","|","|move|p1a: Genesect-Chill|Bug Buzz|p2a: Quagsire","|-crit|p2a: Quagsire","|-damage|p2a: Quagsire|32/287","|move|p2a: Quagsire|Ice Beam|p1a: Genesect-Chill","|-resisted|p1a: Genesect-Chill","|-damage|p1a: Genesect-Chill|182/227","|","|turn|15","|","|move|p1a: Genesect-Chill|Techno Blast|p2a: Quagsire","|-damage|p2a: Quagsire|0 fnt","|faint|p2a: Quagsire","|","|","|switch|p2a: Pachirisu|Pachirisu, L83, M|235/235","|turn|16","|","|move|p2a: Pachirisu|Nuzzle|p1a: Genesect-Chill","|-damage|p1a: Genesect-Chill|163/227","|-status|p1a: Genesect-Chill|par","|-damage|p2a: Pachirisu|212/235|[from] item: Life Orb","|move|p1a: Genesect-Chill|Bug Buzz|p2a: Pachirisu","|-damage|p2a: Pachirisu|83/235","|","|turn|17","|","|move|p2a: Pachirisu|Thunderbolt|p1a: Genesect-Chill","|-damage|p1a: Genesect-Chill|89/227 par","|-damage|p2a: Pachirisu|60/235|[from] item: Life Orb","|cant|p1a: Genesect-Chill|par","|","|turn|18","|","|move|p2a: Pachirisu|Thunderbolt|p1a: Genesect-Chill","|-damage|p1a: Genesect-Chill|7/227 par","|-damage|p2a: Pachirisu|37/235|[from] item: Life Orb","|move|p1a: Genesect-Chill|Bug Buzz|p2a: Pachirisu","|-damage|p2a: Pachirisu|0 fnt","|faint|p2a: Pachirisu","|","|","|switch|p2a: Weezing|Weezing, L81, M|152/238","|turn|19","|","|move|p2a: Weezing|Fire Blast|p1a: Genesect-Chill","|-supereffective|p1a: Genesect-Chill","|-damage|p1a: Genesect-Chill|0 fnt","|faint|p1a: Genesect-Chill","|","|","|switch|p1a: Persian|Persian, L83, F|220/244","|-status|p1a: Persian|tox","|turn|20","|","|move|p1a: Persian|Return|p2a: Weezing","|-damage|p2a: Weezing|70/238","|-damage|p1a: Persian|196/244 tox|[from] item: Life Orb","|move|p2a: Weezing|Sludge Bomb|p1a: Persian","|-damage|p1a: Persian|100/244 tox","|","|-damage|p1a: Persian|85/244 tox|[from] psn","|turn|21","|","|move|p1a: Persian|Return|p2a: Weezing","|-damage|p2a: Weezing|0 fnt","|-damage|p1a: Persian|61/244 tox|[from] item: Life Orb","|faint|p2a: Weezing","|","|-damage|p1a: Persian|31/244 tox|[from] psn","|","|switch|p2a: Spinda|Spinda, L83, F|253/253","|turn|22","|","|move|p2a: Spinda|Sucker Punch|p1a: Persian","|-fail|p2a: Spinda","|move|p1a: Persian|Taunt|p2a: Spinda","|-start|p2a: Spinda|move: Taunt","|","|-damage|p1a: Persian|0 fnt|[from] psn","|faint|p1a: Persian","|","|switch|p1a: Wormadam|Wormadam, L83, F|210/235 tox","|turn|23","|","|move|p1a: Wormadam|Toxic|p2a: Spinda","|-status|p2a: Spinda|tox","|move|p2a: Spinda|Return|p1a: Wormadam","|-damage|p1a: Wormadam|116/235 tox","|-damage|p2a: Spinda|228/253 tox|[from] item: Life Orb","|","|-heal|p1a: Wormadam|130/235 tox|[from] item: Leftovers","|-damage|p1a: Wormadam|116/235 tox|[from] psn","|-damage|p2a: Spinda|213/253 tox|[from] psn","|turn|24","|","|move|p1a: Wormadam|Synthesis|p1a: Wormadam","|-heal|p1a: Wormadam|233/235 tox","|move|p2a: Spinda|Return|p1a: Wormadam","|-damage|p1a: Wormadam|126/235 tox","|-damage|p2a: Spinda|188/253 tox|[from] item: Life Orb","|","|-heal|p1a: Wormadam|140/235 tox|[from] item: Leftovers","|-damage|p1a: Wormadam|112/235 tox|[from] psn","|-damage|p2a: Spinda|158/253 tox|[from] psn","|turn|25","|","|move|p1a: Wormadam|Synthesis|p1a: Wormadam","|-heal|p1a: Wormadam|229/235 tox","|move|p2a: Spinda|Superpower|p1a: Wormadam","|-resisted|p1a: Wormadam","|-damage|p1a: Wormadam|189/235 tox","|-boost|p2a: Spinda|atk|1","|-boost|p2a: Spinda|def|1","|-damage|p2a: Spinda|133/253 tox|[from] item: Life Orb","|","|-heal|p1a: Wormadam|203/235 tox|[from] item: Leftovers","|-damage|p1a: Wormadam|161/235 tox|[from] psn","|-damage|p2a: Spinda|88/253 tox|[from] psn","|-end|p2a: Spinda|move: Taunt","|turn|26","|","|move|p1a: Wormadam|Protect|p1a: Wormadam","|-singleturn|p1a: Wormadam|Protect","|move|p2a: Spinda|Return|p1a: Wormadam","|-activate|p1a: Wormadam|Protect","|","|-heal|p1a: Wormadam|175/235 tox|[from] item: Leftovers","|-damage|p1a: Wormadam|119/235 tox|[from] psn","|-damage|p2a: Spinda|28/253 tox|[from] psn","|turn|27","|","|move|p1a: Wormadam|Protect|p1a: Wormadam","|-singleturn|p1a: Wormadam|Protect","|move|p2a: Spinda|Return|p1a: Wormadam","|-activate|p1a: Wormadam|Protect","|","|-heal|p1a: Wormadam|133/235 tox|[from] item: Leftovers","|-damage|p1a: Wormadam|63/235 tox|[from] psn","|-damage|p2a: Spinda|0 fnt|[from] psn","|faint|p2a: Spinda","|","|win|Fairy Fee"],"p1rating":{"entryid":"6818807","serverid":"eos","formatid":"randombattle","userid":"fairyfee","username":"Fairy Fee","w":4,"l":"1","t":"0","gxe":61.3,"r":"1565.3301451387","rd":"110.50157789517","sigma":"0","rptime":"1438419600","rpr":1590.1459616041,"rprd":106.13965971035,"rpsigma":"0","acre":1100.7451824528,"lacre":1100.7451824528,"oldacre":"1078.8609557064"},"p2rating":{"entryid":7322422,"formatid":"randombattle","userid":"rektbyanalt","username":"RektByAnAlt","r":1500,"rd":130,"sigma":0,"rpr":1466.2383339535,"rprd":122.79319370436,"rpsigma":0,"rptime":1438419600,"w":0,"l":1,"t":0,"gxe":45.8,"acre":1000,"lacre":1000,"oldacre":1000},"endType":"normal"}