{"seed":[4132,17933,10861,25045],"turns":22,"p1":"Emg GL Linket","p2":"Fallout 4 the hype","p1team":[{"name":"Shedinja","moves":["shadowsneak","xscissor","willowisp","swordsdance"],"ability":"Wonder Guard","evs":{"hp":0,"atk":255,"def":0,"spa":85,"spd":0,"spe":85},"ivs":{"hp":31,"atk":31,"def":31,"spa":31,"spd":31,"spe":31},"item":"Focus Sash","level":83,"shiny":false},{"name":"Eelektross","moves":["gigadrain","knockoff","thunderbolt","uturn"],"ability":"Levitate","evs":{"hp":85,"atk":85,"def":85,"spa":85,"spd":85,"spe":85},"ivs":{"hp":31,"atk":31,"def":31,"spa":31,"spd":31,"spe":31},"item":"Expert Belt","level":79,"shiny":false},{"name":"Dusknoir","moves":["shadowsneak","earthquake","icepunch","painsplit"],"ability":"Pressure","evs":{"hp":85,"atk":85,"def":85,"spa":85,"spd":85,"spe":85},"ivs":{"hp":31,"atk":31,"def":31,"spa":31,"spd":31,"spe":31},"item":"Leftovers","level":83,"shiny":false},{"name":"Sudowoodo","moves":["woodhammer","earthquake","stealthrock","stoneedge"],"ability":"Rock Head","evs":{"hp":85,"atk":85,"def":85,"spa":85,"spd":85,"spe":85},"ivs":{"hp":31,"atk":31,"def":31,"spa":31,"spd":31,"spe":31},"item":"Life Orb","level":83,"shiny":false},{"name":"Jumpluff","moves":["seedbomb","encore","leechseed","acrobatics"],"ability":"Infiltrator","evs":{"hp":81,"atk":89,"def":85,"spa":85,"spd":85,"spe":85},"ivs":{"hp":31,"atk":31,"def":31,"spa":31,"spd":31,"spe":31},"item":"Flying Gem","level":83,"shiny":false},{"name":"Slurpuff","moves":["playrough","drainingkiss","drainpunch","substitute"],"ability":"Unburden","evs":{"hp":85,"atk":85,"def":85,"spa":85,"spd":85,"spe":85},"ivs":{"hp":31,"atk":31,"def":31,"spa":31,"spd":31,"spe":31},"item":"Sitrus Berry","level":77,"shiny":false}],"p2team":[{"name":"Octillery","moves":["hydropump","fireblast","energyball","waterspout"],"ability":"Suction Cups","evs":{"hp":85,"atk":85,"def":85,"spa":85,"spd":85,"spe":85},"ivs":{"hp":31,"atk":31,"def":31,"spa":31,"spd":31,"spe":31},"item":"Choice Specs","level":83,"shiny":false},{"name":"Heatmor","moves":["knockoff","fireblast","focusblast","gigadrain"],"ability":"Flash Fire","evs":{"hp":85,"atk":85,"def":85,"spa":85,"spd":85,"spe":85},"ivs":{"hp":31,"atk":31,"def":31,"spa":31,"spd":31,"spe":31},"item":"Expert Belt","level":83,"shiny":false},{"name":"Dustox","moves":["shadowball","defog","sludgebomb","roost"],"ability":"Shield Dust","evs":{"hp":85,"atk":85,"def":85,"spa":85,"spd":85,"spe":85},"ivs":{"hp":31,"atk":31,"def":31,"spa":31,"spd":31,"spe":31},"item":"Black Sludge","level":83,"shiny":false},{"name":"Malamar","moves":["knockoff","superpower","trickroom","psychocut"],"ability":"Contrary","evs":{"hp":170,"atk":85,"def":85,"spa":85,"spd":85,"spe":0},"ivs":{"hp":31,"atk":31,"def":31,"spa":31,"spd":31,"spe":0},"item":"Life Orb","level":81,"shiny":false},{"name":"Rotom-Heat","moves":["overheat","hiddenpowerice","trick","willowisp"],"ability":"Levitate","evs":{"hp":81,"atk":85,"def":85,"spa":89,"spd":85,"spe":85},"ivs":{"hp":31,"atk":30,"def":30,"spa":31,"spd":31,"spe":31},"item":"Choice Scarf","level":77,"shiny":false},{"name":"Accelgor","moves":["focusblast","gigadrain","spikes","bugbuzz"],"ability":"Hydration","evs":{"hp":81,"atk":85,"def":85,"spa":89,"spd":85,"spe":85},"ivs":{"hp":31,"atk":31,"def":31,"spa":31,"spd":31,"spe":31},"item":"Life Orb","level":79,"shiny":false}],"log":["|player|p1|Emg GL Linket|265","|player|p2|Fallout 4 the hype|10","|gametype|singles","|gen|6","|tier|Random Battle","|rated","|rule|Sleep Clause Mod: Limit one foe put to sleep","|rule|HP Percentage Mod: HP is shown in percentages","|","|start","|switch|p1a: Shedinja|Shedinja, L83|1/1","|switch|p2a: Octillery|Octillery, L83, M|260/260","|turn|1","|","|switch|p2a: Rotom-Heat|Rotom-Heat, L77|203/203","|move|p1a: Shedinja|Will-O-Wisp|p2a: Rotom-Heat","|-immune|p2a: Rotom-Heat|[msg]","|","|turn|2","|","|switch|p1a: Slurpuff|Slurpuff, L77, F|253/253","|move|p2a: Rotom-Heat|Will-O-Wisp|p1a: Slurpuff","|-status|p1a: Slurpuff|brn","|","|-damage|p1a: Slurpuff|222/253 brn|[from] brn","|turn|3","|","|switch|p2a: Heatmor|Heatmor, L83, M|277/277","|move|p1a: Slurpuff|Drain Punch|p2a: Heatmor","|-damage|p2a: Heatmor|252/277","|-heal|p1a: Slurpuff|235/253 brn|[from] drain|[of] p2a: Heatmor","|","|-damage|p1a: Slurpuff|204/253 brn|[from] brn","|turn|4","|","|move|p2a: Heatmor|Knock Off|p1a: Slurpuff","|-resisted|p1a: Slurpuff","|-damage|p1a: Slurpuff|165/253 brn","|-enditem|p1a: Slurpuff|Sitrus Berry|[from] move: Knock Off|[of] p2a: Heatmor","|move|p1a: Slurpuff|Drain Punch|p2a: Heatmor","|-damage|p2a: Heatmor|230/277","|-heal|p1a: Slurpuff|176/253 brn|[from] drain|[of] p2a: Heatmor","|","|-damage|p1a: Slurpuff|145/253 brn|[from] brn","|turn|5","|","|move|p1a: Slurpuff|Drain Punch|p2a: Heatmor","|-damage|p2a: Heatmor|207/277","|-heal|p1a: Slurpuff|157/253 brn|[from] drain|[of] p2a: Heatmor","|move|p2a: Heatmor|Fire Blast|p1a: Slurpuff","|-damage|p1a: Slurpuff|12/253 brn","|","|-damage|p1a: Slurpuff|0 fnt|[from] brn","|faint|p1a: Slurpuff","|","|switch|p1a: Dusknoir|Dusknoir, L83, M|210/210","|-ability|p1a: Dusknoir|Pressure","|turn|6","|","|move|p2a: Heatmor|Knock Off|p1a: Dusknoir","|-supereffective|p1a: Dusknoir","|-damage|p1a: Dusknoir|95/210","|-enditem|p1a: Dusknoir|Leftovers|[from] move: Knock Off|[of] p2a: Heatmor","|move|p1a: Dusknoir|Earthquake|p2a: Heatmor","|-supereffective|p2a: Heatmor","|-damage|p2a: Heatmor|35/277","|","|turn|7","|","|move|p1a: Dusknoir|Shadow Sneak|p2a: Heatmor","|-damage|p2a: Heatmor|0 fnt","|faint|p2a: Heatmor","|","|","|switch|p2a: Accelgor|Accelgor, L79, F|255/255","|turn|8","|","|move|p1a: Dusknoir|Shadow Sneak|p2a: Accelgor","|-damage|p2a: Accelgor|171/255","|move|p2a: Accelgor|Spikes|p1a: Dusknoir","|-sidestart|p1: Emg GL Linket|Spikes","|","|turn|9","|","|switch|p1a: Shedinja|Shedinja, L83|1/1","|-damage|p1a: Shedinja|0 fnt|[from] Spikes","|faint|p1a: Shedinja","|move|p2a: Accelgor|Giga Drain|p1: Shedinja|[notarget]","|-notarget","|","|","|switch|p1a: Jumpluff|Jumpluff, L83, M|259/259","|turn|10","|","|switch|p2a: Rotom-Heat|Rotom-Heat, L77|203/203","|move|p1a: Jumpluff|Acrobatics|p2a: Rotom-Heat","|-enditem|p1a: Jumpluff|Flying Gem|[from] gem|[move] Acrobatics","|-resisted|p2a: Rotom-Heat","|-damage|p2a: Rotom-Heat|154/203","|","|turn|11","|","|move|p2a: Rotom-Heat|Hidden Power|p1a: Jumpluff","|-supereffective|p1a: Jumpluff","|-damage|p1a: Jumpluff|111/259","|move|p1a: Jumpluff|Acrobatics|p2a: Rotom-Heat","|-resisted|p2a: Rotom-Heat","|-damage|p2a: Rotom-Heat|115/203","|","|turn|12","|","|move|p2a: Rotom-Heat|Hidden Power|p1a: Jumpluff","|-supereffective|p1a: Jumpluff","|-damage|p1a: Jumpluff|0 fnt","|faint|p1a: Jumpluff","|","|","|switch|p1a: Eelektross|Eelektross, L79, M|264/264","|turn|13","|","|switch|p2a: Dustox|Dustox, L83, F|235/235","|move|p1a: Eelektross|Knock Off|p2a: Dustox","|-damage|p2a: Dustox|147/235","|-enditem|p2a: Dustox|Black Sludge|[from] move: Knock Off|[of] p1a: Eelektross","|","|turn|14","|","|move|p2a: Dustox|Sludge Bomb|p1a: Eelektross","|-damage|p1a: Eelektross|194/264","|move|p1a: Eelektross|U-turn|p2a: Dustox","|-resisted|p2a: Dustox","|-damage|p2a: Dustox|119/235","|","|switch|p1a: Dusknoir|Dusknoir, L83, M|95/210","|-damage|p1a: Dusknoir|69/210|[from] Spikes","|-ability|p1a: Dusknoir|Pressure","|","|turn|15","|","|move|p1a: Dusknoir|Shadow Sneak|p2a: Dustox","|-damage|p2a: Dustox|70/235","|move|p2a: Dustox|Roost|p2a: Dustox","|-heal|p2a: Dustox|188/235","|","|turn|16","|","|move|p2a: Dustox|Sludge Bomb|p1a: Dusknoir","|-resisted|p1a: Dusknoir","|-damage|p1a: Dusknoir|47/210","|-status|p1a: Dusknoir|psn","|move|p1a: Dusknoir|Earthquake|p2a: Dustox","|-damage|p2a: Dustox|106/235","|","|-damage|p1a: Dusknoir|21/210 psn|[from] psn","|turn|17","|","|move|p2a: Dustox|Roost|p2a: Dustox","|-heal|p2a: Dustox|224/235","|move|p1a: Dusknoir|Earthquake|p2a: Dustox","|-damage|p2a: Dustox|134/235","|","|-damage|p1a: Dusknoir|0 fnt|[from] psn","|faint|p1a: Dusknoir","|","|switch|p1a: Sudowoodo|Sudowoodo, L83, M|252/252","|-damage|p1a: Sudowoodo|221/252|[from] Spikes","|turn|18","|","|move|p2a: Dustox|Shadow Ball|p1a: Sudowoodo","|-damage|p1a: Sudowoodo|173/252","|move|p1a: Sudowoodo|Stone Edge|p2a: Dustox","|-supereffective|p2a: Dustox","|-damage|p2a: Dustox|0 fnt","|-damage|p1a: Sudowoodo|148/252|[from] item: Life Orb","|faint|p2a: Dustox","|","|","|switch|p2a: Accelgor|Accelgor, L79, F|171/255","|turn|19","|","|move|p2a: Accelgor|Giga Drain|p1a: Sudowoodo","|-supereffective|p1a: Sudowoodo","|-damage|p1a: Sudowoodo|2/252","|-heal|p2a: Accelgor|244/255|[from] drain|[of] p1a: Sudowoodo","|-damage|p2a: Accelgor|219/255|[from] item: Life Orb","|move|p1a: Sudowoodo|Stone Edge|p2a: Accelgor|[miss]","|-miss|p1a: Sudowoodo|p2a: Accelgor","|","|turn|20","|","|move|p2a: Accelgor|Giga Drain|p1a: Sudowoodo","|-supereffective|p1a: Sudowoodo","|-damage|p1a: Sudowoodo|0 fnt","|-heal|p2a: Accelgor|220/255|[from] drain|[of] p1a: Sudowoodo","|-damage|p2a: Accelgor|195/255|[from] item: Life Orb","|faint|p1a: Sudowoodo","|","|","|switch|p1a: Eelektross|Eelektross, L79, M|194/264","|turn|21","|","|move|p2a: Accelgor|Bug Buzz|p1a: Eelektross","|-damage|p1a: Eelektross|65/264","|-damage|p2a: Accelgor|170/255|[from] item: Life Orb","|move|p1a: Eelektross|Thunderbolt|p2a: Accelgor","|-damage|p2a: Accelgor|44/255","|","|turn|22","|","|move|p2a: Accelgor|Giga Drain|p1a: Eelektross","|-damage|p1a: Eelektross|0 fnt","|-heal|p2a: Accelgor|77/255|[from] drain|[of] p1a: Eelektross","|-damage|p2a: Accelgor|52/255|[from] item: Life Orb","|faint|p1a: Eelektross","|","|win|Fallout 4 the hype"],"p1rating":{"entryid":"7099396","serverid":"eos","formatid":"randombattle","userid":"emggllinket","username":"Emg GL Linket","w":"3","l":5,"t":"0","gxe":44.4,"r":"1449.807565319","rd":"99.316322025105","sigma":"0","rptime":"1438419600","rpr":1455.9351155042,"rprd":93.132996348427,"rpsigma":"0","acre":1054.1901181868,"lacre":1054.1901181868,"oldacre":"1081.5463674974"},"p2rating":{"entryid":7328552,"formatid":"randombattle","userid":"fallout4thehype","username":"Fallout 4 the hype","r":1500,"rd":130,"sigma":0,"rpr":1535.5924561046,"rprd":122.5671697292,"rpsigma":0,"rptime":1438419600,"w":1,"l":0,"t":0,"gxe":54.4,"acre":1049.2196914887,"lacre":1049.2196914887,"oldacre":1000},"endType":"normal"}