{"seed":[29986,55985,5305,26131],"turns":24,"p1":"Vadeinspace","p2":"Fallout 4 the hype","p1team":[{"name":"Slaking","moves":["earthquake","doubleedge","nightslash","retaliate"],"ability":"Truant","evs":{"hp":85,"atk":85,"def":85,"spa":85,"spd":85,"spe":85},"ivs":{"hp":31,"atk":31,"def":31,"spa":31,"spd":31,"spe":31},"item":"Choice Band","level":83,"shiny":false},{"name":"Jirachi","moves":["ironhead","firepunch","uturn","wish"],"ability":"Serene Grace","evs":{"hp":85,"atk":85,"def":85,"spa":85,"spd":85,"spe":85},"ivs":{"hp":31,"atk":31,"def":31,"spa":31,"spd":31,"spe":31},"item":"Leftovers","level":75,"shiny":false},{"name":"Lugia","moves":["whirlwind","aeroblast","toxic","substitute"],"ability":"Multiscale","evs":{"hp":85,"atk":85,"def":85,"spa":85,"spd":85,"spe":85},"ivs":{"hp":31,"atk":31,"def":31,"spa":31,"spd":31,"spe":31},"item":"Leftovers","level":73,"shiny":false},{"name":"Flygon","moves":["roost","fireblast","stoneedge","outrage"],"ability":"Levitate","evs":{"hp":85,"atk":85,"def":85,"spa":85,"spd":85,"spe":85},"ivs":{"hp":31,"atk":31,"def":31,"spa":31,"spd":31,"spe":31},"item":"Life Orb","level":79,"shiny":false},{"name":"Breloom","moves":["bulletseed","swordsdance","rocktomb","spore"],"ability":"Technician","evs":{"hp":85,"atk":85,"def":85,"spa":85,"spd":85,"spe":85},"ivs":{"hp":31,"atk":31,"def":31,"spa":31,"spd":31,"spe":31},"item":"Leftovers","level":75,"shiny":false},{"name":"Beedrill","moves":["swordsdance","knockoff","xscissor","drillrun"],"ability":"Swarm","evs":{"hp":85,"atk":85,"def":85,"spa":85,"spd":85,"spe":85},"ivs":{"hp":31,"atk":31,"def":31,"spa":31,"spd":31,"spe":31},"item":"Beedrillite","level":77,"shiny":false}],"p2team":[{"name":"Beedrill","moves":["xscissor","swordsdance","drillrun","poisonjab"],"ability":"Swarm","evs":{"hp":85,"atk":85,"def":85,"spa":85,"spd":85,"spe":85},"ivs":{"hp":31,"atk":31,"def":31,"spa":31,"spd":31,"spe":31},"item":"Beedrillite","level":77,"shiny":false},{"name":"Persian","moves":["taunt","uturn","return","knockoff"],"ability":"Unnerve","evs":{"hp":85,"atk":85,"def":85,"spa":85,"spd":85,"spe":85},"ivs":{"hp":31,"atk":31,"def":31,"spa":31,"spd":31,"spe":31},"item":"Life Orb","level":83,"shiny":false},{"name":"Rhyperior","moves":["megahorn","aquatail","rockblast","earthquake"],"ability":"Solid Rock","evs":{"hp":85,"atk":85,"def":85,"spa":85,"spd":85,"spe":85},"ivs":{"hp":31,"atk":31,"def":31,"spa":31,"spd":31,"spe":31},"item":"Choice Band","level":79,"shiny":false},{"name":"Yanmega","moves":["uturn","gigadrain","protect","airslash"],"ability":"Speed Boost","evs":{"hp":81,"atk":85,"def":85,"spa":89,"spd":85,"spe":85},"ivs":{"hp":31,"atk":31,"def":31,"spa":31,"spd":31,"spe":31},"item":"Life Orb","level":78,"shiny":false},{"name":"Eelektross","moves":["superpower","thunderbolt","gigadrain","acidspray"],"ability":"Levitate","evs":{"hp":85,"atk":85,"def":85,"spa":85,"spd":85,"spe":85},"ivs":{"hp":31,"atk":31,"def":31,"spa":31,"spd":31,"spe":31},"item":"Expert Belt","level":79,"shiny":false},{"name":"Archeops","moves":["headsmash","uturn","pluck","earthquake"],"ability":"Defeatist","evs":{"hp":85,"atk":85,"def":85,"spa":85,"spd":85,"spe":85},"ivs":{"hp":31,"atk":31,"def":31,"spa":31,"spd":31,"spe":31},"item":"Choice Band","level":81,"shiny":false}],"log":["|player|p1|Vadeinspace|16","|player|p2|Fallout 4 the hype|10","|gametype|singles","|gen|6","|tier|Random Battle","|rated","|rule|Sleep Clause Mod: Limit one foe put to sleep","|rule|HP Percentage Mod: HP is shown in percentages","|","|start","|switch|p1a: Slaking|Slaking, L83, F|385/385","|switch|p2a: Beedrill|Beedrill, L77, M|227/227","|turn|1","|","|switch|p2a: Rhyperior|Rhyperior, L79, F|311/311","|move|p1a: Slaking|Double-Edge|p2a: Rhyperior","|-crit|p2a: Rhyperior","|-resisted|p2a: Rhyperior","|-damage|p2a: Rhyperior|143/311","|-damage|p1a: Slaking|330/385|[from] recoil|[of] p2a: Rhyperior","|","|turn|2","|","|switch|p1a: Breloom|Breloom, L75, F|214/214","|move|p2a: Rhyperior|Megahorn|p1a: Breloom","|-damage|p1a: Breloom|19/214","|","|-heal|p1a: Breloom|32/214|[from] item: Leftovers","|turn|3","|","|switch|p2a: Yanmega|Yanmega, L78, M|261/261","|move|p1a: Breloom|Bullet Seed|p2a: Yanmega","|-resisted|p2a: Yanmega","|-damage|p2a: Yanmega|250/261","|-resisted|p2a: Yanmega","|-damage|p2a: Yanmega|239/261","|-hitcount|p2a: Yanmega|2","|","|-heal|p1a: Breloom|45/214|[from] item: Leftovers","|turn|4","|","|switch|p1a: Flygon|Flygon, L79, M|256/256","|move|p2a: Yanmega|Air Slash|p1a: Flygon","|-damage|p1a: Flygon|131/256","|-damage|p2a: Yanmega|213/261|[from] item: Life Orb","|","|-boost|p2a: Yanmega|spe|1|[from] ability: Speed Boost","|turn|5","|","|move|p2a: Yanmega|U-turn|p1a: Flygon","|-damage|p1a: Flygon|52/256","|-damage|p2a: Yanmega|187/261|[from] item: Life Orb","|","|switch|p2a: Archeops|Archeops, L81, M|254/254","|move|p1a: Flygon|Stone Edge|p2a: Archeops","|-crit|p2a: Archeops","|-supereffective|p2a: Archeops","|-damage|p2a: Archeops|0 fnt","|-damage|p1a: Flygon|27/256|[from] item: Life Orb","|faint|p2a: Archeops","|","|","|switch|p2a: Yanmega|Yanmega, L78, M|187/261","|turn|6","|","|move|p2a: Yanmega|Protect|p2a: Yanmega","|-singleturn|p2a: Yanmega|Protect","|move|p1a: Flygon|Roost|p1a: Flygon","|-heal|p1a: Flygon|155/256","|","|-boost|p2a: Yanmega|spe|1|[from] ability: Speed Boost","|turn|7","|","|move|p2a: Yanmega|Air Slash|p1a: Flygon","|-damage|p1a: Flygon|26/256","|-damage|p2a: Yanmega|161/261|[from] item: Life Orb","|cant|p1a: Flygon|flinch","|","|-boost|p2a: Yanmega|spe|1|[from] ability: Speed Boost","|turn|8","|","|move|p2a: Yanmega|Giga Drain|p1a: Flygon","|-damage|p1a: Flygon|0 fnt","|-heal|p2a: Yanmega|174/261|[from] drain|[of] p1a: Flygon","|-damage|p2a: Yanmega|148/261|[from] item: Life Orb","|faint|p1a: Flygon","|","|-boost|p2a: Yanmega|spe|1|[from] ability: Speed Boost","|","|switch|p1a: Lugia|Lugia, L73|275/275","|turn|9","|","|move|p2a: Yanmega|Air Slash|p1a: Lugia","|-damage|p1a: Lugia|234/275","|-damage|p2a: Yanmega|122/261|[from] item: Life Orb","|cant|p1a: Lugia|flinch","|","|-heal|p1a: Lugia|251/275|[from] item: Leftovers","|-boost|p2a: Yanmega|spe|1|[from] ability: Speed Boost","|turn|10","|","|move|p2a: Yanmega|U-turn|p1a: Lugia","|-damage|p1a: Lugia|193/275","|-damage|p2a: Yanmega|96/261|[from] item: Life Orb","|","|switch|p2a: Eelektross|Eelektross, L79, F|264/264","|move|p1a: Lugia|Substitute|p1a: Lugia","|-start|p1a: Lugia|Substitute","|-damage|p1a: Lugia|125/275","|","|-heal|p1a: Lugia|142/275|[from] item: Leftovers","|turn|11","|","|move|p1a: Lugia|Toxic|p2a: Eelektross","|-status|p2a: Eelektross|tox","|move|p2a: Eelektross|Thunderbolt|p1a: Lugia","|-supereffective|p1a: Lugia","|-end|p1a: Lugia|Substitute","|","|-heal|p1a: Lugia|159/275|[from] item: Leftovers","|-damage|p2a: Eelektross|248/264 tox|[from] psn","|turn|12","|","|switch|p1a: Breloom|Breloom, L75, F|45/214","|move|p2a: Eelektross|Acid Spray|p1a: Breloom","|-supereffective|p1a: Breloom","|-damage|p1a: Breloom|0 fnt","|faint|p1a: Breloom","|","|-damage|p2a: Eelektross|216/264 tox|[from] psn","|","|switch|p1a: Beedrill|Beedrill, L77, M|227/227","|turn|13","|","|switch|p2a: Rhyperior|Rhyperior, L79, F|143/311","|detailschange|p1a: Beedrill|Beedrill-Mega, L77, M","|-mega|p1a: Beedrill|Beedrill|Beedrillite","|move|p1a: Beedrill|X-Scissor|p2a: Rhyperior","|-damage|p2a: Rhyperior|31/311","|","|turn|14","|","|move|p1a: Beedrill|X-Scissor|p2a: Rhyperior","|-damage|p2a: Rhyperior|0 fnt","|faint|p2a: Rhyperior","|","|","|switch|p2a: Yanmega|Yanmega, L78, M|96/261","|turn|15","|","|move|p1a: Beedrill|Knock Off|p2a: Yanmega","|-damage|p2a: Yanmega|11/261","|-enditem|p2a: Yanmega|Life Orb|[from] move: Knock Off|[of] p1a: Beedrill","|move|p2a: Yanmega|U-turn|p1a: Beedrill","|-resisted|p1a: Beedrill","|-damage|p1a: Beedrill|179/227","|","|switch|p2a: Persian|Persian, L83, F|244/244","|-ability|p2a: Persian|Unnerve|p1: Vadeinspace","|","|turn|16","|","|move|p1a: Beedrill|X-Scissor|p2a: Persian","|-damage|p2a: Persian|60/244","|move|p2a: Persian|Return|p1a: Beedrill","|-damage|p1a: Beedrill|0 fnt","|-damage|p2a: Persian|36/244|[from] item: Life Orb","|faint|p1a: Beedrill","|","|","|switch|p1a: Jirachi|Jirachi, L75|274/274","|turn|17","|","|move|p2a: Persian|Knock Off|p1a: Jirachi","|-supereffective|p1a: Jirachi","|-damage|p1a: Jirachi|144/274","|-enditem|p1a: Jirachi|Leftovers|[from] move: Knock Off|[of] p2a: Persian","|-damage|p2a: Persian|12/244|[from] item: Life Orb","|move|p1a: Jirachi|Fire Punch|p2a: Persian","|-damage|p2a: Persian|0 fnt","|faint|p2a: Persian","|","|","|switch|p2a: Beedrill|Beedrill, L77, M|227/227","|turn|18","|","|detailschange|p2a: Beedrill|Beedrill-Mega, L77, M","|-mega|p2a: Beedrill|Beedrill|Beedrillite","|move|p1a: Jirachi|Fire Punch|p2a: Beedrill","|-supereffective|p2a: Beedrill","|-damage|p2a: Beedrill|63/227","|move|p2a: Beedrill|Drill Run|p1a: Jirachi","|-supereffective|p1a: Jirachi","|-damage|p1a: Jirachi|10/274","|","|turn|19","|","|move|p2a: Beedrill|X-Scissor|p1a: Jirachi","|-damage|p1a: Jirachi|0 fnt","|faint|p1a: Jirachi","|","|","|switch|p1a: Slaking|Slaking, L83, F|330/385","|turn|20","|","|switch|p2a: Yanmega|Yanmega, L78, M|11/261","|move|p1a: Slaking|Retaliate|p2a: Yanmega","|-damage|p2a: Yanmega|0 fnt","|faint|p2a: Yanmega","|","|","|switch|p2a: Beedrill|Beedrill-Mega, L77, M|63/227","|turn|21","|","|switch|p1a: Lugia|Lugia, L73|159/275","|move|p2a: Beedrill|Swords Dance|p2a: Beedrill","|-boost|p2a: Beedrill|atk|2","|","|-heal|p1a: Lugia|176/275|[from] item: Leftovers","|turn|22","|","|move|p2a: Beedrill|X-Scissor|p1a: Lugia","|-damage|p1a: Lugia|0 fnt","|faint|p1a: Lugia","|","|","|switch|p1a: Slaking|Slaking, L83, F|330/385","|turn|23","|","|move|p2a: Beedrill|X-Scissor|p1a: Slaking","|-damage|p1a: Slaking|66/385","|move|p1a: Slaking|Night Slash|p2a: Beedrill","|-damage|p2a: Beedrill|0 fnt","|faint|p2a: Beedrill","|","|","|switch|p2a: Eelektross|Eelektross, L79, F|216/264 tox","|turn|24","|player|p1","|","|win|Fallout 4 the hype"],"p1rating":{"entryid":"5763154","serverid":"eos","formatid":"randombattle","userid":"vadeinspace","username":"Vadeinspace","w":"4","l":1,"t":"0","gxe":62.1,"r":"1580.0349873798","rd":"127.84859695732","sigma":"0","rptime":"1438419600","rpr":1597.3234394423,"rprd":110.39319796093,"rpsigma":"0","acre":1093.4110821715,"lacre":1093.4110821715,"oldacre":"1123.6890008626"},"p2rating":{"entryid":"7328552","serverid":"eos","formatid":"randombattle","userid":"fallout4thehype","username":"Fallout 4 the hype","w":2,"l":"0","t":"0","gxe":59.5,"r":"1500","rd":"130","sigma":"0","rptime":"1438419600","rpr":1576.2916240531,"rprd":116.75002484452,"rpsigma":"0","acre":1088.7227424931,"lacre":1088.7227424931,"oldacre":"1049.2196914887"},"endType":"forfeit"}