{"seed":[30851,455,65281,59103],"turns":29,"p1":"GL♅Reshiram","p2":"GTX♅Bzumzum","p1team":[{"name":"Heatran","species":"Heatran","item":"assaultvest","ability":"Flash Fire","moves":["lavaplume","earthpower","dragonpulse","flashcannon"],"nature":"Mild","evs":{"hp":4,"atk":0,"def":0,"spa":252,"spd":252,"spe":0},"ivs":{"hp":31,"atk":31,"def":31,"spa":31,"spd":31,"spe":31}},{"name":"Ninetales","species":"Ninetales","item":"focussash","ability":"Drought","moves":["flamethrower","solarbeam","roar","nastyplot"],"nature":"Timid","evs":{"hp":0,"atk":0,"def":0,"spa":252,"spd":4,"spe":252},"ivs":{"hp":31,"atk":31,"def":31,"spa":31,"spd":31,"spe":31}},{"name":"Torkoal","species":"Torkoal","item":"leftovers","ability":"Shell Armor","moves":["protect","willowisp","clearsmog","rapidspin"],"nature":"Bold","evs":{"hp":252,"atk":0,"def":252,"spa":4,"spd":0,"spe":0},"ivs":{"hp":31,"atk":31,"def":31,"spa":31,"spd":31,"spe":31}},{"name":"Rotom-Heat","species":"Rotom-Heat","item":"lightclay","ability":"Levitate","moves":["voltswitch","painsplit","reflect","lightscreen"],"nature":"Timid","evs":{"hp":236,"atk":0,"def":8,"spa":4,"spd":8,"spe":252},"ivs":{"hp":31,"atk":31,"def":31,"spa":31,"spd":31,"spe":31}},{"name":"Infernape","species":"Infernape","item":"focussash","ability":"Iron Fist","moves":["firepunch","machpunch","thunderpunch","swordsdance"],"nature":"Adamant","evs":{"hp":4,"atk":252,"def":0,"spa":0,"spd":0,"spe":252},"ivs":{"hp":31,"atk":31,"def":31,"spa":31,"spd":31,"spe":31}},{"name":"Charizard","species":"Charizard","item":"charizarditey","ability":"Blaze","moves":["fireblast","solarbeam","airslash","roost"],"nature":"Timid","evs":{"hp":0,"atk":0,"def":0,"spa":252,"spd":4,"spe":252},"ivs":{"hp":31,"atk":31,"def":31,"spa":31,"spd":31,"spe":31}}],"p2team":[{"name":"Thorns","species":"ferrothorn","item":"leftovers","ability":"Iron Barbs","moves":["stealthrock","gyroball","leechseed","protect"],"nature":"Jolly","evs":{"hp":128,"atk":100,"def":116,"spa":0,"spd":120,"spe":44},"gender":"M","ivs":{"hp":31,"atk":31,"def":31,"spa":31,"spd":31,"spe":0}},{"name":"Brawloom","species":"breloom","item":"focussash","ability":"Technician","moves":["bulletseed","forcepalm","machpunch","spore"],"nature":"Jolly","evs":{"hp":4,"atk":252,"def":0,"spa":0,"spd":0,"spe":252},"gender":"M","shiny":true,"ivs":{"hp":31,"atk":31,"def":31,"spa":31,"spd":31,"spe":31}},{"name":"Celebrity","species":"celebi","item":"leftovers","ability":"Natural Cure","moves":["waterpulse","calmmind","gigadrain","healbell"],"nature":"Calm","evs":{"hp":220,"atk":0,"def":0,"spa":252,"spd":0,"spe":36},"ivs":{"hp":31,"atk":31,"def":31,"spa":31,"spd":31,"spe":31}},{"name":"Ludicool","species":"ludicolo","item":"leftovers","ability":"Rain Dish","moves":["icebeam","scald","gigadrain","raindance"],"nature":"Modest","evs":{"hp":200,"atk":0,"def":0,"spa":184,"spd":4,"spe":120},"gender":"M","shiny":true,"ivs":{"hp":31,"atk":31,"def":31,"spa":31,"spd":31,"spe":31}},{"name":"Great-ily","species":"cradily","item":"leftovers","ability":"Storm Drain","moves":["ancientpower","brine","recover","toxic"],"nature":"Calm","evs":{"hp":232,"atk":24,"def":0,"spa":0,"spd":252,"spe":0},"gender":"M","shiny":true,"ivs":{"hp":31,"atk":31,"def":31,"spa":31,"spd":31,"spe":31}},{"name":"Plantasaurus","species":"venusaur","item":"venusaurite","ability":"Chlorophyll","moves":["gigadrain","hiddenpowerrock","sludgebomb","synthesis"],"nature":"Modest","evs":{"hp":0,"atk":0,"def":68,"spa":188,"spd":0,"spe":252},"gender":"M","ivs":{"hp":31,"atk":31,"def":30,"spa":31,"spd":30,"spe":30},"shiny":true}],"log":["|player|p1|GL♅Reshiram|163","|player|p2|GTX♅Bzumzum|225","|gametype|singles","|gen|6","|tier|Monotype","|rated","|rule|Baton Pass Clause: Limit one Baton Passer, can't pass Spe and other stats simultaneously","|rule|Swagger Clause: Swagger is banned","|rule|Same Type Clause: Pokémon in a team must share a type","|clearpoke","|poke|p1|Heatran, F","|poke|p1|Ninetales, F","|poke|p1|Torkoal, M","|poke|p1|Rotom-Heat","|poke|p1|Infernape, M","|poke|p1|Charizard, F","|poke|p2|Ferrothorn, M","|poke|p2|Breloom, M, shiny","|poke|p2|Celebi","|poke|p2|Ludicolo, M, shiny","|poke|p2|Cradily, M, shiny","|poke|p2|Venusaur, M, shiny","|rule|Sleep Clause Mod: Limit one foe put to sleep","|rule|Species Clause: Limit one of each Pokémon","|rule|OHKO Clause: OHKO moves are banned","|rule|Moody Clause: Moody is banned","|rule|Evasion Moves Clause: Evasion moves are banned","|rule|Endless Battle Clause: Forcing endless battles is banned","|rule|HP Percentage Mod: HP is shown in percentages","|teampreview","|","|start","|switch|p1a: Rotom-Heat|Rotom-Heat|300/300","|switch|p2a: Thorns|Ferrothorn, M|321/321","|turn|1","|","|move|p1a: Rotom-Heat|Volt Switch|p2a: Thorns","|-resisted|p2a: Thorns","|-damage|p2a: Thorns|288/321","|","|switch|p1a: Torkoal|Torkoal, M|344/344","|move|p2a: Thorns|Leech Seed|p1a: Torkoal","|-start|p1a: Torkoal|move: Leech Seed","|","|-heal|p2a: Thorns|308/321|[from] item: Leftovers","|-damage|p1a: Torkoal|301/344|[from] Leech Seed|[of] p2a: Thorns","|-heal|p2a: Thorns|321/321|[silent]","|turn|2","|","|switch|p2a: Great-ily|Cradily, M, shiny|371/371","|move|p1a: Torkoal|Rapid Spin|p2a: Great-ily","|-resisted|p2a: Great-ily","|-damage|p2a: Great-ily|365/371","|-end|p1a: Torkoal|Leech Seed|[from] move: Rapid Spin|[of] p1a: Torkoal","|","|-heal|p2a: Great-ily|371/371|[from] item: Leftovers","|-heal|p1a: Torkoal|322/344|[from] item: Leftovers","|turn|3","|","|switch|p1a: Heatran|Heatran, F|324/324","|move|p2a: Great-ily|Ancient Power|p1a: Heatran","|-damage|p1a: Heatran|294/324","|","|turn|4","|","|move|p1a: Heatran|Lava Plume|p2a: Great-ily","|-damage|p2a: Great-ily|254/371","|move|p2a: Great-ily|Brine|p1a: Heatran","|-supereffective|p1a: Heatran","|-damage|p1a: Heatran|252/324","|","|-heal|p2a: Great-ily|277/371|[from] item: Leftovers","|turn|5","|","|move|p1a: Heatran|Flash Cannon|p2a: Great-ily","|-supereffective|p2a: Great-ily","|-damage|p2a: Great-ily|43/371","|move|p2a: Great-ily|Ancient Power|p1a: Heatran","|-damage|p1a: Heatran|219/324","|","|-heal|p2a: Great-ily|66/371|[from] item: Leftovers","|turn|6","|","|switch|p2a: Thorns|Ferrothorn, M|321/321","|move|p1a: Heatran|Lava Plume|p2a: Thorns","|-supereffective|p2a: Thorns","|-damage|p2a: Thorns|0 fnt","|faint|p2a: Thorns","|","|","|switch|p2a: Brawloom|Breloom, M, shiny|262/262","|turn|7","|","|move|p2a: Brawloom|Force Palm|p1a: Heatran","|-supereffective|p1a: Heatran","|-damage|p1a: Heatran|0 fnt","|faint|p1a: Heatran","|","|","|switch|p1a: Torkoal|Torkoal, M|322/344","|turn|8","|","|move|p2a: Brawloom|Spore|p1a: Torkoal","|-status|p1a: Torkoal|slp","|cant|p1a: Torkoal|slp","|","|-heal|p1a: Torkoal|343/344 slp|[from] item: Leftovers","|turn|9","|","|switch|p1a: Rotom-Heat|Rotom-Heat|300/300","|move|p2a: Brawloom|Mach Punch|p1a: Rotom-Heat","|-crit|p1a: Rotom-Heat","|-damage|p1a: Rotom-Heat|159/300","|","|turn|10","|","|switch|p2a: Great-ily|Cradily, M, shiny|66/371","|move|p1a: Rotom-Heat|Reflect|p1a: Rotom-Heat","|-sidestart|p1: GL♅Reshiram|Reflect","|","|-heal|p2a: Great-ily|89/371|[from] item: Leftovers","|turn|11","|","|move|p1a: Rotom-Heat|Light Screen|p1a: Rotom-Heat","|-sidestart|p1: GL♅Reshiram|move: Light Screen","|move|p2a: Great-ily|Recover|p2a: Great-ily","|-heal|p2a: Great-ily|275/371","|","|-heal|p2a: Great-ily|298/371|[from] item: Leftovers","|turn|12","|","|move|p1a: Rotom-Heat|Volt Switch|p2a: Great-ily","|-resisted|p2a: Great-ily","|-damage|p2a: Great-ily|268/371","|","|switch|p1a: Torkoal|Torkoal, M|343/344 slp","|move|p2a: Great-ily|Toxic|p1a: Torkoal","|-fail|p1a: Torkoal","|","|-heal|p2a: Great-ily|291/371|[from] item: Leftovers","|-heal|p1a: Torkoal|344/344 slp|[from] item: Leftovers","|turn|13","|","|move|p2a: Great-ily|Ancient Power|p1a: Torkoal","|-supereffective|p1a: Torkoal","|-damage|p1a: Torkoal|266/344 slp","|cant|p1a: Torkoal|slp","|","|-heal|p2a: Great-ily|314/371|[from] item: Leftovers","|-heal|p1a: Torkoal|287/344 slp|[from] item: Leftovers","|turn|14","|","|move|p2a: Great-ily|Ancient Power|p1a: Torkoal","|-supereffective|p1a: Torkoal","|-damage|p1a: Torkoal|206/344 slp","|-curestatus|p1a: Torkoal|slp","|move|p1a: Torkoal|Will-O-Wisp|p2a: Great-ily","|-status|p2a: Great-ily|brn","|","|-heal|p2a: Great-ily|337/371 brn|[from] item: Leftovers","|-heal|p1a: Torkoal|227/344|[from] item: Leftovers","|-damage|p2a: Great-ily|291/371 brn|[from] brn","|turn|15","|","|move|p1a: Torkoal|Protect|p1a: Torkoal","|-singleturn|p1a: Torkoal|Protect","|move|p2a: Great-ily|Ancient Power|p1a: Torkoal","|-activate|p1a: Torkoal|Protect","|","|-heal|p2a: Great-ily|314/371 brn|[from] item: Leftovers","|-heal|p1a: Torkoal|248/344|[from] item: Leftovers","|-damage|p2a: Great-ily|268/371 brn|[from] brn","|turn|16","|","|switch|p1a: Infernape|Infernape, M|294/294","|move|p2a: Great-ily|Ancient Power|p1a: Infernape","|-damage|p1a: Infernape|258/294","|","|-heal|p2a: Great-ily|291/371 brn|[from] item: Leftovers","|-damage|p2a: Great-ily|245/371 brn|[from] brn","|turn|17","|","|switch|p2a: Celebrity|Celebi|396/396","|move|p1a: Infernape|Swords Dance|p1a: Infernape","|-boost|p1a: Infernape|atk|2","|","|-sideend|p1: GL♅Reshiram|Reflect","|turn|18","|","|move|p1a: Infernape|Fire Punch|p2a: Celebrity","|-supereffective|p2a: Celebrity","|-damage|p2a: Celebrity|0 fnt","|faint|p2a: Celebrity","|","|-sideend|p1: GL♅Reshiram|move: Light Screen","|","|switch|p2a: Plantasaurus|Venusaur, M, shiny|301/301","|turn|19","|","|detailschange|p2a: Plantasaurus|Venusaur-Mega, M, shiny","|-mega|p2a: Plantasaurus|Venusaur|Venusaurite","|move|p1a: Infernape|Swords Dance|p1a: Infernape","|-boost|p1a: Infernape|atk|2","|move|p2a: Plantasaurus|Sludge Bomb|p1a: Infernape","|-damage|p1a: Infernape|51/294","|","|turn|20","|","|move|p1a: Infernape|Fire Punch|p2a: Plantasaurus","|-crit|p2a: Plantasaurus","|-supereffective|p2a: Plantasaurus","|-damage|p2a: Plantasaurus|0 fnt","|faint|p2a: Plantasaurus","|","|","|switch|p2a: Ludicool|Ludicolo, M, shiny|351/351","|turn|21","|","|move|p1a: Infernape|Fire Punch|p2a: Ludicool","|-damage|p2a: Ludicool|0 fnt","|faint|p2a: Ludicool","|","|","|switch|p2a: Brawloom|Breloom, M, shiny|262/262","|turn|22","|","|move|p1a: Infernape|Mach Punch|p2a: Brawloom","|-enditem|p2a: Brawloom|Focus Sash","|-damage|p2a: Brawloom|1/262","|move|p2a: Brawloom|Mach Punch|p1a: Infernape","|-damage|p1a: Infernape|0 fnt","|faint|p1a: Infernape","|","|","|switch|p1a: Ninetales|Ninetales, F|287/287","|-weather|SunnyDay","|turn|23","|","|move|p1a: Ninetales|Flamethrower|p2a: Brawloom","|-supereffective|p2a: Brawloom","|-damage|p2a: Brawloom|0 fnt","|faint|p2a: Brawloom","|","|-weather|SunnyDay|[upkeep]","|","|switch|p2a: Great-ily|Cradily, M, shiny|245/371 brn","|turn|24","|","|move|p1a: Ninetales|Nasty Plot|p1a: Ninetales","|-boost|p1a: Ninetales|spa|2","|move|p2a: Great-ily|Ancient Power|p1a: Ninetales","|-supereffective|p1a: Ninetales","|-damage|p1a: Ninetales|167/287","|-boost|p2a: Great-ily|atk|1","|-boost|p2a: Great-ily|def|1","|-boost|p2a: Great-ily|spa|1","|-boost|p2a: Great-ily|spd|1","|-boost|p2a: Great-ily|spe|1","|","|-weather|SunnyDay|[upkeep]","|-heal|p2a: Great-ily|268/371 brn|[from] item: Leftovers","|-damage|p2a: Great-ily|222/371 brn|[from] brn","|turn|25","|","|move|p1a: Ninetales|Flamethrower|p2a: Great-ily","|-damage|p2a: Great-ily|51/371 brn","|move|p2a: Great-ily|Recover|p2a: Great-ily","|-heal|p2a: Great-ily|237/371 brn","|","|-weather|SunnyDay|[upkeep]","|-heal|p2a: Great-ily|260/371 brn|[from] item: Leftovers","|-damage|p2a: Great-ily|214/371 brn|[from] brn","|turn|26","|","|move|p1a: Ninetales|Flamethrower|p2a: Great-ily","|-damage|p2a: Great-ily|40/371 brn","|move|p2a: Great-ily|Recover|p2a: Great-ily","|-heal|p2a: Great-ily|226/371 brn","|","|-weather|SunnyDay|[upkeep]","|-heal|p2a: Great-ily|249/371 brn|[from] item: Leftovers","|-damage|p2a: Great-ily|203/371 brn|[from] brn","|turn|27","|","|move|p1a: Ninetales|Flamethrower|p2a: Great-ily","|-damage|p2a: Great-ily|35/371 brn","|move|p2a: Great-ily|Recover|p2a: Great-ily","|-heal|p2a: Great-ily|221/371 brn","|","|-weather|none","|-heal|p2a: Great-ily|244/371 brn|[from] item: Leftovers","|-damage|p2a: Great-ily|198/371 brn|[from] brn","|turn|28","|","|move|p1a: Ninetales|Flamethrower|p2a: Great-ily","|-damage|p2a: Great-ily|83/371 brn","|move|p2a: Great-ily|Ancient Power|p1a: Ninetales","|-supereffective|p1a: Ninetales","|-damage|p1a: Ninetales|0 fnt","|faint|p1a: Ninetales","|","|-heal|p2a: Great-ily|106/371 brn|[from] item: Leftovers","|-damage|p2a: Great-ily|60/371 brn|[from] brn","|","|switch|p1a: Charizard|Charizard, F|297/297","|turn|29","|","|move|p1a: Charizard|Air Slash|p2a: Great-ily","|-damage|p2a: Great-ily|2/371 brn","|move|p2a: Great-ily|Brine|p1a: Charizard","|-supereffective|p1a: Charizard","|-damage|p1a: Charizard|149/297","|","|-heal|p2a: Great-ily|25/371 brn|[from] item: Leftovers","|-damage|p2a: Great-ily|0 fnt|[from] brn","|faint|p2a: Great-ily","|","|win|GL♅Reshiram"],"p1rating":{"entryid":"319032","serverid":"eos","formatid":"monotype","userid":"glreshiram","username":"GL♅Reshiram","w":3,"l":"0","t":"0","gxe":59.9,"r":"1500","rd":"130","sigma":"0","rptime":"1440234000","rpr":1578.9829839442,"rprd":111.56154546379,"rpsigma":"0","acre":1105.2553616054,"lacre":1105.2553616054,"oldacre":"1083.2599436612"},"p2rating":{"entryid":"1463","serverid":"eos","formatid":"monotype","userid":"gtxbzumzum","username":"GTX♅Bzumzum","w":"8","l":25,"t":"0","gxe":29.1,"r":"1339.7443087109","rd":"62.238830549052","sigma":"0","rptime":"1440234000","rpr":1329.935515522,"rprd":60.985541747611,"rpsigma":"0","acre":1003.1354051478,"lacre":1003.1354051478,"oldacre":"1012.6472899712"},"endType":"normal"}