{"seed":[6591,48469,22370,32492],"turns":22,"p1":"Suichika","p2":"Alpha알파α큐레무Kyurem","p1team":[{"name":"Bellossom","species":"Bellossom","item":"choicespecs","ability":"Chlorophyll","moves":["leafstorm","gigadrain","moonblast","hiddenpowerfire"],"nature":"Modest","evs":{"hp":92,"atk":0,"def":0,"spa":252,"spd":4,"spe":160},"ivs":{"hp":31,"atk":30,"def":31,"spa":30,"spd":31,"spe":30}},{"name":"Abomasnow","species":"Abomasnow","item":"abomasite","ability":"Snow Warning","moves":["iceshard","swordsdance","earthquake","woodhammer"],"nature":"Adamant","evs":{"hp":24,"atk":252,"def":0,"spa":0,"spd":0,"spe":232},"ivs":{"hp":31,"atk":31,"def":31,"spa":31,"spd":31,"spe":31}},{"name":"Roserade","species":"Roserade","item":"choicescarf","ability":"Technician","moves":["hiddenpowerrock","extrasensory","sludgebomb","gigadrain"],"nature":"Timid","evs":{"hp":0,"atk":0,"def":0,"spa":252,"spd":4,"spe":252},"ivs":{"hp":31,"atk":31,"def":30,"spa":31,"spd":30,"spe":30}},{"name":"Shiftry","species":"Shiftry","item":"lifeorb","ability":"Chlorophyll","moves":["fakeout","suckerpunch","knockoff","leafblade"],"nature":"Adamant","evs":{"hp":0,"atk":252,"def":0,"spa":0,"spd":4,"spe":252},"ivs":{"hp":31,"atk":31,"def":31,"spa":31,"spd":31,"spe":31}},{"name":"Ferrothorn","species":"Ferrothorn","item":"occaberry","ability":"Iron Barbs","moves":["stealthrock","thunderwave","knockoff","gyroball"],"nature":"Impish","evs":{"hp":252,"atk":0,"def":88,"spa":0,"spd":168,"spe":0},"ivs":{"hp":31,"atk":31,"def":31,"spa":31,"spd":31,"spe":31}},{"name":"Breloom","species":"Breloom","item":"focussash","ability":"Technician","moves":["spore","machpunch","bulletseed","rocktomb"],"nature":"Jolly","evs":{"hp":0,"atk":252,"def":0,"spa":0,"spd":4,"spe":252},"ivs":{"hp":31,"atk":31,"def":31,"spa":31,"spd":31,"spe":31}}],"p2team":[{"name":"ラティオス","species":"latios","item":"choicescarf","ability":"Levitate","moves":["shadowball","dragonpulse","psyshock","icebeam"],"nature":"Timid","evs":{"hp":0,"atk":0,"def":4,"spa":252,"spd":0,"spe":252},"ivs":{"hp":31,"atk":0,"def":31,"spa":31,"spd":31,"spe":31}},{"name":"キュレム","species":"kyuremblack","item":"choiceband","ability":"Teravolt","moves":["zenheadbutt","outrage","fusionbolt","ironhead"],"nature":"Adamant","evs":{"hp":0,"atk":252,"def":4,"spa":0,"spd":0,"spe":252},"shiny":true,"ivs":{"hp":31,"atk":31,"def":31,"spa":31,"spd":31,"spe":31}},{"name":"サザンドラ","species":"hydreigon","item":"lifeorb","ability":"Levitate","moves":["darkpulse","flamethrower","dracometeor","flashcannon"],"nature":"Timid","evs":{"hp":0,"atk":0,"def":4,"spa":252,"spd":0,"spe":252},"shiny":true,"ivs":{"hp":31,"atk":31,"def":31,"spa":31,"spd":31,"spe":31}},{"name":"ガブリアス","species":"garchomp","item":"rockyhelmet","ability":"Rough Skin","moves":["stealthrock","earthquake","dragontail","endure"],"nature":"Impish","evs":{"hp":252,"atk":0,"def":232,"spa":0,"spd":24,"spe":0},"ivs":{"hp":31,"atk":31,"def":31,"spa":31,"spd":31,"spe":31}},{"name":"ラティアス","species":"latias","item":"latiasite","ability":"Levitate","moves":["calmmind","recover","storedpower","substitute"],"nature":"Bold","evs":{"hp":252,"atk":0,"def":240,"spa":0,"spd":0,"spe":16},"ivs":{"hp":31,"atk":0,"def":31,"spa":31,"spd":31,"spe":31}},{"name":"ヌメルゴン","species":"goodra","item":"assaultvest","ability":"Gooey","moves":["fireblast","dracometeor","sludgebomb","muddywater"],"nature":"Modest","evs":{"hp":248,"atk":0,"def":8,"spa":252,"spd":0,"spe":0},"ivs":{"hp":31,"atk":31,"def":31,"spa":31,"spd":31,"spe":31}}],"log":["|player|p1|Suichika|265","|player|p2|Alpha알파α큐레무Kyurem|alphakyurem.gif","|gametype|singles","|gen|6","|tier|Monotype","|rated","|rule|Baton Pass Clause: Limit one Baton Passer, can't pass Spe and other stats simultaneously","|rule|Swagger Clause: Swagger is banned","|rule|Same Type Clause: Pokémon in a team must share a type","|clearpoke","|poke|p1|Bellossom, F","|poke|p1|Abomasnow, F","|poke|p1|Roserade, F","|poke|p1|Shiftry, M","|poke|p1|Ferrothorn, F","|poke|p1|Breloom, F","|poke|p2|Latios, M","|poke|p2|Kyurem-Black, shiny","|poke|p2|Hydreigon, M, shiny","|poke|p2|Garchomp, M","|poke|p2|Latias, F","|poke|p2|Goodra, M","|rule|Sleep Clause Mod: Limit one foe put to sleep","|rule|Species Clause: Limit one of each Pokémon","|rule|OHKO Clause: OHKO moves are banned","|rule|Moody Clause: Moody is banned","|rule|Evasion Moves Clause: Evasion moves are banned","|rule|Endless Battle Clause: Forcing endless battles is banned","|rule|HP Percentage Mod: HP is shown in percentages","|teampreview","|","|start","|switch|p1a: Shiftry|Shiftry, M|321/321","|switch|p2a: ヌメルゴン|Goodra, M|383/383","|turn|1","|","|switch|p2a: ガブリアス|Garchomp, M|420/420","|move|p1a: Shiftry|Fake Out|p2a: ガブリアス","|-crit|p2a: ガブリアス","|-damage|p2a: ガブリアス|355/420","|-damage|p1a: Shiftry|281/321|[from] ability: Rough Skin|[of] p2a: ガブリアス","|-damage|p1a: Shiftry|228/321|[from] item: Rocky Helmet|[of] p2a: ガブリアス","|-damage|p1a: Shiftry|196/321|[from] item: Life Orb","|","|turn|2","|","|switch|p1a: Ferrothorn|Ferrothorn, F|352/352","|move|p2a: ガブリアス|Stealth Rock|p1a: Ferrothorn","|-sidestart|p1: Suichika|move: Stealth Rock","|","|turn|3","|","|switch|p2a: サザンドラ|Hydreigon, M, shiny|325/325","|move|p1a: Ferrothorn|Stealth Rock|p2a: サザンドラ","|-sidestart|p2: Alpha알파α큐레무Kyurem|move: Stealth Rock","|","|turn|4","|","|move|p2a: サザンドラ|Flamethrower|p1a: Ferrothorn","|-supereffective|p1a: Ferrothorn","|-enditem|p1a: Ferrothorn|Occa Berry|[eat]","|-damage|p1a: Ferrothorn|141/352","|-damage|p2a: サザンドラ|293/325|[from] item: Life Orb","|move|p1a: Ferrothorn|Thunder Wave|p2a: サザンドラ","|-status|p2a: サザンドラ|par","|","|turn|5","|","|cant|p2a: サザンドラ|par","|move|p1a: Ferrothorn|Gyro Ball|p2a: サザンドラ","|-crit|p2a: サザンドラ","|-damage|p2a: サザンドラ|241/325 par","|","|turn|6","|","|move|p2a: サザンドラ|Flamethrower|p1a: Ferrothorn","|-supereffective|p1a: Ferrothorn","|-damage|p1a: Ferrothorn|0 fnt","|-damage|p2a: サザンドラ|209/325 par|[from] item: Life Orb","|faint|p1a: Ferrothorn","|","|","|switch|p1a: Bellossom|Bellossom, F|314/314","|-damage|p1a: Bellossom|275/314|[from] Stealth Rock","|turn|7","|","|move|p1a: Bellossom|Moonblast|p2a: サザンドラ","|-supereffective|p2a: サザンドラ","|-damage|p2a: サザンドラ|0 fnt","|faint|p2a: サザンドラ","|","|","|switch|p2a: ラティオス|Latios, M|301/301","|-damage|p2a: ラティオス|264/301|[from] Stealth Rock","|turn|8","|","|move|p2a: ラティオス|Ice Beam|p1a: Bellossom","|-supereffective|p1a: Bellossom","|-damage|p1a: Bellossom|57/314","|move|p1a: Bellossom|Moonblast|p2a: ラティオス","|-supereffective|p2a: ラティオス","|-damage|p2a: ラティオス|0 fnt","|faint|p2a: ラティオス","|","|","|switch|p2a: キュレム|Kyurem-Black, shiny|391/391","|-damage|p2a: キュレム|294/391|[from] Stealth Rock","|-ability|p2a: キュレム|Teravolt","|turn|9","|","|move|p2a: キュレム|Iron Head|p1a: Bellossom","|-damage|p1a: Bellossom|0 fnt","|faint|p1a: Bellossom","|","|","|switch|p1a: Roserade|Roserade, F|261/261","|-damage|p1a: Roserade|229/261|[from] Stealth Rock","|turn|10","|","|move|p1a: Roserade|Hidden Power|p2a: キュレム","|-supereffective|p2a: キュレム","|-damage|p2a: キュレム|50/391","|move|p2a: キュレム|Iron Head|p1a: Roserade","|-damage|p1a: Roserade|0 fnt","|faint|p1a: Roserade","|","|","|switch|p1a: Breloom|Breloom, F|261/261","|-damage|p1a: Breloom|245/261|[from] Stealth Rock","|turn|11","|","|move|p1a: Breloom|Mach Punch|p2a: キュレム","|-supereffective|p2a: キュレム","|-damage|p2a: キュレム|0 fnt","|faint|p2a: キュレム","|","|","|switch|p2a: ガブリアス|Garchomp, M|355/420","|-damage|p2a: ガブリアス|329/420|[from] Stealth Rock","|turn|12","|","|move|p1a: Breloom|Mach Punch|p2a: ガブリアス","|-crit|p2a: ガブリアス","|-damage|p2a: ガブリアス|202/420","|-damage|p1a: Breloom|213/261|[from] ability: Rough Skin|[of] p2a: ガブリアス","|-damage|p1a: Breloom|170/261|[from] item: Rocky Helmet|[of] p2a: ガブリアス","|move|p2a: ガブリアス|Dragon Tail|p1a: Breloom","|-damage|p1a: Breloom|59/261","|drag|p1a: Abomasnow|Abomasnow, F|327/327","|-damage|p1a: Abomasnow|246/327|[from] Stealth Rock","|-weather|Hail","|","|-weather|Hail|[upkeep]","|-damage|p2a: ガブリアス|176/420|[from] hail","|turn|13","|","|detailschange|p1a: Abomasnow|Abomasnow-Mega, F","|-mega|p1a: Abomasnow|Abomasnow|Abomasite","|move|p1a: Abomasnow|Ice Shard|p2a: ガブリアス","|-supereffective|p2a: ガブリアス","|-damage|p2a: ガブリアス|0 fnt","|faint|p2a: ガブリアス","|","|-weather|Hail|[upkeep]","|","|switch|p2a: ヌメルゴン|Goodra, M|383/383","|-damage|p2a: ヌメルゴン|336/383|[from] Stealth Rock","|turn|14","|","|move|p1a: Abomasnow|Ice Shard|p2a: ヌメルゴン","|-supereffective|p2a: ヌメルゴン","|-damage|p2a: ヌメルゴン|118/383","|move|p2a: ヌメルゴン|Fire Blast|p1a: Abomasnow","|-supereffective|p1a: Abomasnow","|-damage|p1a: Abomasnow|0 fnt","|faint|p1a: Abomasnow","|","|-weather|Hail|[upkeep]","|-damage|p2a: ヌメルゴン|95/383|[from] hail","|","|switch|p1a: Shiftry|Shiftry, M|196/321","|-damage|p1a: Shiftry|156/321|[from] Stealth Rock","|turn|15","|","|move|p1a: Shiftry|Knock Off|p2a: ヌメルゴン","|-damage|p2a: ヌメルゴン|0 fnt","|-unboost|p1a: Shiftry|spe|1","|-enditem|p2a: ヌメルゴン|Assault Vest|[from] move: Knock Off|[of] p1a: Shiftry","|-damage|p1a: Shiftry|124/321|[from] item: Life Orb","|faint|p2a: ヌメルゴン","|","|-weather|Hail|[upkeep]","|-damage|p1a: Shiftry|104/321|[from] hail","|","|switch|p2a: ラティアス|Latias, F|364/364","|-damage|p2a: ラティアス|319/364|[from] Stealth Rock","|turn|16","|","|switch|p1a: Breloom|Breloom, F|59/261","|-damage|p1a: Breloom|43/261|[from] Stealth Rock","|detailschange|p2a: ラティアス|Latias-Mega, F","|-mega|p2a: ラティアス|Latias|Latiasite","|move|p2a: ラティアス|Substitute|p2a: ラティアス","|-start|p2a: ラティアス|Substitute","|-damage|p2a: ラティアス|228/364","|","|-weather|none","|turn|17","|","|move|p1a: Breloom|Bullet Seed|p2a: ラティアス","|-resisted|p2a: ラティアス","|-activate|p2a: ラティアス|Substitute|[damage]","|-resisted|p2a: ラティアス","|-activate|p2a: ラティアス|Substitute|[damage]","|-hitcount|p2a: ラティアス|2","|move|p2a: ラティアス|Calm Mind|p2a: ラティアス","|-boost|p2a: ラティアス|spa|1","|-boost|p2a: ラティアス|spd|1","|","|turn|18","|","|move|p1a: Breloom|Bullet Seed|p2a: ラティアス","|-resisted|p2a: ラティアス","|-activate|p2a: ラティアス|Substitute|[damage]","|-resisted|p2a: ラティアス","|-activate|p2a: ラティアス|Substitute|[damage]","|-hitcount|p2a: ラティアス|2","|move|p2a: ラティアス|Recover|p2a: ラティアス","|-heal|p2a: ラティアス|364/364","|","|turn|19","|","|move|p1a: Breloom|Bullet Seed|p2a: ラティアス","|-resisted|p2a: ラティアス","|-end|p2a: ラティアス|Substitute","|-resisted|p2a: ラティアス","|-damage|p2a: ラティアス|344/364","|-hitcount|p2a: ラティアス|2","|move|p2a: ラティアス|Substitute|p2a: ラティアス","|-start|p2a: ラティアス|Substitute","|-damage|p2a: ラティアス|253/364","|","|turn|20","|","|move|p1a: Breloom|Rock Tomb|p2a: ラティアス","|-activate|p2a: ラティアス|Substitute|[damage]","|move|p2a: ラティアス|Stored Power|p1a: Breloom","|-supereffective|p1a: Breloom","|-damage|p1a: Breloom|0 fnt","|faint|p1a: Breloom","|","|","|switch|p1a: Shiftry|Shiftry, M|104/321","|-damage|p1a: Shiftry|64/321|[from] Stealth Rock","|turn|21","|","|move|p1a: Shiftry|Fake Out|p2a: ラティアス","|-crit|p2a: ラティアス","|-end|p2a: ラティアス|Substitute","|-damage|p1a: Shiftry|32/321|[from] item: Life Orb","|move|p2a: ラティアス|Recover|p2a: ラティアス","|-heal|p2a: ラティアス|364/364","|","|turn|22","|","|move|p2a: ラティアス|Recover|p2a: ラティアス","|-fail|p2a: ラティアス","|move|p1a: Shiftry|Knock Off|p2a: ラティアス","|-supereffective|p2a: ラティアス","|-damage|p2a: ラティアス|169/364","|-damage|p1a: Shiftry|0 fnt|[from] item: Life Orb","|faint|p1a: Shiftry","|","|win|Alpha알파α큐레무Kyurem"],"p1rating":{"entryid":"158116","serverid":"eos","formatid":"monotype","userid":"suichika","username":"Suichika","w":"7","l":10,"t":"0","gxe":43.6,"r":"1397.9507165891","rd":"99.397110185641","sigma":"0","rptime":"1440147600","rpr":1450.6850490098,"rprd":75.434039346018,"rpsigma":"0","acre":1070.0559183509,"lacre":1070.0559183509,"oldacre":"1079.7858257877"},"p2rating":{"entryid":"22404","serverid":"eos","formatid":"monotype","userid":"alphakyurem","username":"Alpha알파α큐레무Kyurem","w":30,"l":"6","t":"0","gxe":76,"r":"1688.7297524747","rd":"65.859096528998","sigma":"0","rptime":"1440147600","rpr":1719.940374789,"rprd":59.264039441907,"rpsigma":"0","acre":1309.2553302882,"lacre":1309.2553302882,"oldacre":"1298.1824477971"},"endType":"normal"}