{"seed":[23808,15909,59635,47718],"turns":28,"p1":"Apex Salamence","p2":"Apex Infinite","p1team":[{"name":"Jupiter","species":"thundurus","item":"lifeorb","ability":"Prankster","moves":["taunt","thunderwave","thunderbolt","flashcannon"],"nature":"Timid","evs":{"hp":0,"atk":0,"def":0,"spa":252,"spd":4,"spe":252},"ivs":{"hp":31,"atk":31,"def":31,"spa":31,"spd":31,"spe":31}},{"name":"Gaea","species":"landorus","item":"lifeorb","ability":"Sheer Force","moves":["earthpower","sludgewave","psychic","stealthrock"],"nature":"Timid","evs":{"hp":0,"atk":0,"def":0,"spa":252,"spd":4,"spe":252},"shiny":true,"ivs":{"hp":31,"atk":31,"def":31,"spa":31,"spd":31,"spe":31}},{"name":"Porunga","species":"dragonite","item":"weaknesspolicy","ability":"Multiscale","moves":["dragonclaw","dragondance","extremespeed","firepunch"],"nature":"","gender":"M","shiny":true,"evs":{"hp":0,"atk":0,"def":0,"spa":0,"spd":0,"spe":0},"ivs":{"hp":31,"atk":31,"def":31,"spa":31,"spd":31,"spe":31}},{"name":"BIRD JESUS","species":"pidgeot","item":"pidgeotite","ability":"Big Pecks","moves":["heatwave","hurricane","protect","hiddenpowerground"],"nature":"Timid","evs":{"hp":0,"atk":0,"def":0,"spa":252,"spd":4,"spe":252},"gender":"M","ivs":{"hp":31,"atk":31,"def":31,"spa":30,"spd":30,"spe":31},"shiny":true},{"name":"Raptor","species":"staraptor","item":"choicescarf","ability":"Reckless","moves":["bravebird","closecombat","doubleedge","uturn"],"nature":"Jolly","evs":{"hp":0,"atk":252,"def":0,"spa":0,"spd":4,"spe":252},"gender":"M","shiny":true,"ivs":{"hp":31,"atk":31,"def":31,"spa":31,"spd":31,"spe":31}},{"name":"BoneZ","species":"mandibuzz","item":"leftovers","ability":"Overcoat","moves":["defog","foulplay","toxic","roost"],"nature":"Bold","evs":{"hp":252,"atk":0,"def":252,"spa":0,"spd":4,"spe":0},"shiny":true,"ivs":{"hp":31,"atk":31,"def":31,"spa":31,"spd":31,"spe":31}}],"p2team":[{"name":"Seismitoad","species":"Seismitoad","item":"assaultvest","ability":"Water Absorb","moves":["scald","earthpower","hiddenpowerfire","grassknot"],"nature":"Modest","evs":{"hp":100,"atk":0,"def":80,"spa":180,"spd":56,"spe":92},"ivs":{"hp":31,"atk":30,"def":31,"spa":30,"spd":31,"spe":30}},{"name":"Mamoswine","species":"Mamoswine","item":"focussash","ability":"Thick Fat","moves":["iciclecrash","earthquake","iceshard","knockoff"],"nature":"Jolly","evs":{"hp":0,"atk":252,"def":0,"spa":0,"spd":4,"spe":252},"ivs":{"hp":31,"atk":31,"def":31,"spa":0,"spd":31,"spe":31}},{"name":"Excadrill","species":"Excadrill","item":"lifeorb","ability":"Sand Rush","moves":["earthquake","rockslide","ironhead","rapidspin"],"nature":"Adamant","evs":{"hp":0,"atk":252,"def":0,"spa":0,"spd":4,"spe":252},"ivs":{"hp":31,"atk":31,"def":31,"spa":0,"spd":31,"spe":31}},{"name":"Landorus","species":"Landorus","item":"lifeorb","ability":"Sheer Force","moves":["earthpower","focusblast","psychic","sludgewave"],"nature":"Timid","evs":{"hp":0,"atk":0,"def":4,"spa":252,"spd":0,"spe":252},"ivs":{"hp":31,"atk":0,"def":31,"spa":31,"spd":31,"spe":31}},{"name":"Hippowdon","species":"Hippowdon","item":"leftovers","ability":"Sand Stream","moves":["earthquake","stealthrock","whirlwind","slackoff"],"nature":"Impish","evs":{"hp":252,"atk":4,"def":252,"spa":0,"spd":0,"spe":0},"ivs":{"hp":31,"atk":31,"def":31,"spa":0,"spd":31,"spe":31}},{"name":"Gliscor","species":"Gliscor","item":"toxicorb","ability":"Poison Heal","moves":["earthquake","protect","toxic","substitute"],"nature":"Impish","evs":{"hp":252,"atk":0,"def":56,"spa":0,"spd":0,"spe":200},"ivs":{"hp":31,"atk":31,"def":31,"spa":0,"spd":31,"spe":31}}],"log":["|player|p1|Apex Salamence|102","|player|p2|Apex Infinite|129","|gametype|singles","|gen|6","|tier|Monotype","|rated","|rule|Baton Pass Clause: Limit one Baton Passer, can't pass Spe and other stats simultaneously","|rule|Swagger Clause: Swagger is banned","|rule|Same Type Clause: Pokémon in a team must share a type","|clearpoke","|poke|p1|Thundurus, M","|poke|p1|Landorus, M, shiny","|poke|p1|Dragonite, M, shiny","|poke|p1|Pidgeot, M, shiny","|poke|p1|Staraptor, M, shiny","|poke|p1|Mandibuzz, F, shiny","|poke|p2|Seismitoad, M","|poke|p2|Mamoswine, M","|poke|p2|Excadrill, M","|poke|p2|Landorus, M","|poke|p2|Hippowdon, F","|poke|p2|Gliscor, M","|rule|Sleep Clause Mod: Limit one foe put to sleep","|rule|Species Clause: Limit one of each Pokémon","|rule|OHKO Clause: OHKO moves are banned","|rule|Moody Clause: Moody is banned","|rule|Evasion Moves Clause: Evasion moves are banned","|rule|Endless Battle Clause: Forcing endless battles is banned","|rule|HP Percentage Mod: HP is shown in percentages","|teampreview","|","|start","|switch|p1a: Jupiter|Thundurus, M|299/299","|switch|p2a: Hippowdon|Hippowdon, F|420/420","|-weather|Sandstorm","|turn|1","|","|move|p1a: Jupiter|Taunt|p2a: Hippowdon","|-start|p2a: Hippowdon|move: Taunt","|cant|p2a: Hippowdon|move: Taunt|Stealth Rock","|","|-weather|Sandstorm|[upkeep]","|-damage|p1a: Jupiter|281/299|[from] sandstorm","|turn|2","|","|switch|p2a: Gliscor|Gliscor, M|354/354","|move|p1a: Jupiter|Flash Cannon|p2a: Gliscor","|-damage|p2a: Gliscor|198/354","|-damage|p1a: Jupiter|252/299|[from] item: Life Orb","|","|-weather|Sandstorm|[upkeep]","|-damage|p1a: Jupiter|234/299|[from] sandstorm","|-status|p2a: Gliscor|tox|[from] item: Toxic Orb","|turn|3","|","|move|p2a: Gliscor|Protect|p2a: Gliscor","|-singleturn|p2a: Gliscor|Protect","|move|p1a: Jupiter|Flash Cannon|p2a: Gliscor","|-activate|p2a: Gliscor|Protect","|","|-weather|Sandstorm|[upkeep]","|-damage|p1a: Jupiter|216/299|[from] sandstorm","|-heal|p2a: Gliscor|242/354 tox|[from] ability: Poison Heal","|turn|4","|","|move|p1a: Jupiter|Flash Cannon|p2a: Gliscor","|-damage|p2a: Gliscor|87/354 tox","|-damage|p1a: Jupiter|187/299|[from] item: Life Orb","|move|p2a: Gliscor|Toxic|p1a: Jupiter","|-status|p1a: Jupiter|tox","|","|-weather|Sandstorm|[upkeep]","|-damage|p1a: Jupiter|169/299 tox|[from] sandstorm","|-damage|p1a: Jupiter|151/299 tox|[from] psn","|-heal|p2a: Gliscor|131/354 tox|[from] ability: Poison Heal","|turn|5","|","|move|p2a: Gliscor|Protect|p2a: Gliscor","|-singleturn|p2a: Gliscor|Protect","|move|p1a: Jupiter|Flash Cannon|p2a: Gliscor","|-activate|p2a: Gliscor|Protect","|","|-weather|none","|-damage|p1a: Jupiter|115/299 tox|[from] psn","|-heal|p2a: Gliscor|175/354 tox|[from] ability: Poison Heal","|turn|6","|","|switch|p2a: Seismitoad|Seismitoad, M|376/376","|move|p1a: Jupiter|Flash Cannon|p2a: Seismitoad","|-resisted|p2a: Seismitoad","|-damage|p2a: Seismitoad|332/376","|-damage|p1a: Jupiter|86/299 tox|[from] item: Life Orb","|","|-damage|p1a: Jupiter|32/299 tox|[from] psn","|turn|7","|","|move|p1a: Jupiter|Flash Cannon|p2a: Seismitoad","|-resisted|p2a: Seismitoad","|-damage|p2a: Seismitoad|288/376","|-damage|p1a: Jupiter|3/299 tox|[from] item: Life Orb","|move|p2a: Seismitoad|Scald|p1a: Jupiter","|-damage|p1a: Jupiter|0 fnt","|faint|p1a: Jupiter","|","|","|switch|p1a: Raptor|Staraptor, M, shiny|311/311","|turn|8","|","|move|p1a: Raptor|Close Combat|p2a: Seismitoad","|-damage|p2a: Seismitoad|145/376","|-unboost|p1a: Raptor|def|1","|-unboost|p1a: Raptor|spd|1","|move|p2a: Seismitoad|Scald|p1a: Raptor","|-damage|p1a: Raptor|82/311","|","|turn|9","|","|move|p1a: Raptor|Close Combat|p2a: Seismitoad","|-damage|p2a: Seismitoad|0 fnt","|-unboost|p1a: Raptor|def|1","|-unboost|p1a: Raptor|spd|1","|faint|p2a: Seismitoad","|","|","|switch|p2a: Hippowdon|Hippowdon, F|420/420","|-weather|Sandstorm","|turn|10","|","|switch|p1a: BoneZ|Mandibuzz, F, shiny|424/424","|move|p2a: Hippowdon|Stealth Rock|p1a: BoneZ","|-sidestart|p1: Apex Salamence|move: Stealth Rock","|","|-weather|Sandstorm|[upkeep]","|turn|11","|","|move|p1a: BoneZ|Toxic|p2a: Hippowdon","|-status|p2a: Hippowdon|tox","|move|p2a: Hippowdon|Whirlwind|p1a: BoneZ","|drag|p1a: Gaea|Landorus, M, shiny|319/319","|-damage|p1a: Gaea|280/319|[from] Stealth Rock","|","|-weather|Sandstorm|[upkeep]","|-damage|p2a: Hippowdon|394/420 tox|[from] psn","|turn|12","|","|switch|p2a: Landorus|Landorus, M|319/319","|move|p1a: Gaea|Earth Power|p2a: Landorus","|-immune|p2a: Landorus|[msg]","|","|-weather|Sandstorm|[upkeep]","|turn|13","|","|move|p2a: Landorus|Sludge Wave|p1a: Gaea","|-resisted|p1a: Gaea","|-damage|p1a: Gaea|181/319","|move|p1a: Gaea|Sludge Wave|p2a: Landorus","|-resisted|p2a: Landorus","|-damage|p2a: Landorus|219/319","|","|-weather|Sandstorm|[upkeep]","|turn|14","|","|move|p1a: Gaea|Psychic|p2a: Landorus","|-damage|p2a: Landorus|10/319","|move|p2a: Landorus|Psychic|p1a: Gaea","|-damage|p1a: Gaea|0 fnt","|faint|p1a: Gaea","|","|-weather|none","|","|switch|p1a: BoneZ|Mandibuzz, F, shiny|424/424","|-damage|p1a: BoneZ|318/424|[from] Stealth Rock","|turn|15","|","|move|p2a: Landorus|Focus Blast|p1a: BoneZ","|-damage|p1a: BoneZ|78/424","|move|p1a: BoneZ|Foul Play|p2a: Landorus","|-damage|p2a: Landorus|0 fnt","|faint|p2a: Landorus","|","|-heal|p1a: BoneZ|104/424|[from] item: Leftovers","|","|switch|p2a: Mamoswine|Mamoswine, M|361/361","|turn|16","|","|move|p2a: Mamoswine|Icicle Crash|p1a: BoneZ","|-supereffective|p1a: BoneZ","|-damage|p1a: BoneZ|0 fnt","|faint|p1a: BoneZ","|","|","|switch|p1a: BIRD JESUS|Pidgeot, M, shiny|307/307","|-damage|p1a: BIRD JESUS|231/307|[from] Stealth Rock","|turn|17","|","|switch|p2a: Hippowdon|Hippowdon, F|394/420 tox","|-weather|Sandstorm","|detailschange|p1a: BIRD JESUS|Pidgeot-Mega, M, shiny","|-mega|p1a: BIRD JESUS|Pidgeot|Pidgeotite","|move|p1a: BIRD JESUS|Protect|p1a: BIRD JESUS","|-fail|p1a: BIRD JESUS","|","|-weather|Sandstorm|[upkeep]","|-damage|p1a: BIRD JESUS|212/307|[from] sandstorm","|-heal|p2a: Hippowdon|420/420 tox|[from] item: Leftovers","|-damage|p2a: Hippowdon|394/420 tox|[from] psn","|turn|18","|","|move|p1a: BIRD JESUS|Hurricane|p2a: Hippowdon","|-damage|p2a: Hippowdon|141/420 tox","|-start|p2a: Hippowdon|confusion","|-activate|p2a: Hippowdon|confusion","|move|p2a: Hippowdon|Whirlwind|p1a: BIRD JESUS","|drag|p1a: Porunga|Dragonite, M, shiny|323/323","|-damage|p1a: Porunga|243/323|[from] Stealth Rock","|","|-weather|Sandstorm|[upkeep]","|-damage|p1a: Porunga|223/323|[from] sandstorm","|-heal|p2a: Hippowdon|167/420 tox|[from] item: Leftovers","|-damage|p2a: Hippowdon|115/420 tox|[from] psn","|turn|19","|","|switch|p2a: Gliscor|Gliscor, M|175/354 tox","|move|p1a: Porunga|Dragon Claw|p2a: Gliscor","|-damage|p2a: Gliscor|87/354 tox","|","|-weather|Sandstorm|[upkeep]","|-damage|p1a: Porunga|203/323|[from] sandstorm","|-heal|p2a: Gliscor|131/354 tox|[from] ability: Poison Heal","|turn|20","|","|move|p2a: Gliscor|Toxic|p1a: Porunga","|-status|p1a: Porunga|tox","|move|p1a: Porunga|Dragon Dance|p1a: Porunga","|-boost|p1a: Porunga|atk|1","|-boost|p1a: Porunga|spe|1","|","|-weather|Sandstorm|[upkeep]","|-damage|p1a: Porunga|183/323 tox|[from] sandstorm","|-damage|p1a: Porunga|163/323 tox|[from] psn","|-heal|p2a: Gliscor|175/354 tox|[from] ability: Poison Heal","|turn|21","|","|move|p2a: Gliscor|Protect|p2a: Gliscor","|-singleturn|p2a: Gliscor|Protect","|move|p1a: Porunga|Dragon Dance|p1a: Porunga","|-boost|p1a: Porunga|atk|1","|-boost|p1a: Porunga|spe|1","|","|-weather|none","|-damage|p1a: Porunga|123/323 tox|[from] psn","|-heal|p2a: Gliscor|219/354 tox|[from] ability: Poison Heal","|turn|22","|","|move|p1a: Porunga|Dragon Claw|p2a: Gliscor","|-damage|p2a: Gliscor|59/354 tox","|move|p2a: Gliscor|Toxic|p1a: Porunga","|-fail|p1a: Porunga|tox","|","|-damage|p1a: Porunga|63/323 tox|[from] psn","|-heal|p2a: Gliscor|103/354 tox|[from] ability: Poison Heal","|turn|23","|","|move|p2a: Gliscor|Protect|p2a: Gliscor","|-singleturn|p2a: Gliscor|Protect","|move|p1a: Porunga|Dragon Dance|p1a: Porunga","|-boost|p1a: Porunga|atk|1","|-boost|p1a: Porunga|spe|1","|","|-damage|p1a: Porunga|0 fnt|[from] psn","|-heal|p2a: Gliscor|147/354 tox|[from] ability: Poison Heal","|faint|p1a: Porunga","|","|switch|p1a: BIRD JESUS|Pidgeot-Mega, M, shiny|212/307","|-damage|p1a: BIRD JESUS|136/307|[from] Stealth Rock","|turn|24","|","|move|p1a: BIRD JESUS|Hurricane|p2a: Gliscor","|-damage|p2a: Gliscor|0 fnt","|faint|p2a: Gliscor","|","|","|switch|p2a: Hippowdon|Hippowdon, F|115/420 tox","|-weather|Sandstorm","|turn|25","|","|move|p1a: BIRD JESUS|Hurricane|p2a: Hippowdon","|-damage|p2a: Hippowdon|0 fnt","|faint|p2a: Hippowdon","|","|-weather|Sandstorm|[upkeep]","|-damage|p1a: BIRD JESUS|117/307|[from] sandstorm","|","|switch|p2a: Excadrill|Excadrill, M|361/361","|turn|26","|","|move|p1a: BIRD JESUS|Protect|p1a: BIRD JESUS","|-singleturn|p1a: BIRD JESUS|Protect","|move|p2a: Excadrill|Rock Slide|p1a: BIRD JESUS","|-activate|p1a: BIRD JESUS|Protect","|","|-weather|Sandstorm|[upkeep]","|-damage|p1a: BIRD JESUS|98/307|[from] sandstorm","|turn|27","|","|move|p2a: Excadrill|Iron Head|p1a: BIRD JESUS","|-damage|p1a: BIRD JESUS|0 fnt","|-damage|p2a: Excadrill|325/361|[from] item: Life Orb","|faint|p1a: BIRD JESUS","|","|-weather|Sandstorm|[upkeep]","|","|switch|p1a: Raptor|Staraptor, M, shiny|82/311","|-damage|p1a: Raptor|5/311|[from] Stealth Rock","|turn|28","|","|move|p2a: Excadrill|Iron Head|p1a: Raptor","|-damage|p1a: Raptor|0 fnt","|-damage|p2a: Excadrill|289/361|[from] item: Life Orb","|faint|p1a: Raptor","|","|win|Apex Infinite"],"p1rating":{"entryid":"1755","serverid":"eos","formatid":"monotype","userid":"apexsalamence","username":"Apex Salamence","w":"28","l":23,"t":"0","gxe":56.1,"r":"1564.2187828348","rd":"51.148676714321","sigma":"0","rptime":"1440234000","rpr":1546.2464349006,"rprd":48.525828913333,"rpsigma":"0","acre":1088.1751879533,"lacre":1088.1751879533,"oldacre":"1121.5833578779"},"p2rating":{"entryid":"3188","serverid":"eos","formatid":"monotype","userid":"apexinfinite","username":"Apex Infinite","w":1,"l":"3","t":"0","gxe":43,"r":"1396.7576832612","rd":"112.60015258218","sigma":"0","rptime":"1440234000","rpr":1444.7797200255,"rprd":108.23597613253,"rpsigma":"0","acre":1053.4530718794,"lacre":1053.4530718794,"oldacre":"1000"},"endType":"normal"}