{"seed":[16698,2806,29542,1716],"turns":24,"p1":"Alliance - Mxy","p2":"Knight♕Altair","p1team":[{"name":"Lapras","species":"Lapras","item":"expertbelt","ability":"Water Absorb","moves":["freezedry","hydropump","hiddenpowerfire","healbell"],"nature":"Modest","evs":{"hp":184,"atk":0,"def":0,"spa":252,"spd":0,"spe":72},"ivs":{"hp":31,"atk":30,"def":31,"spa":30,"spd":31,"spe":30}},{"name":"Weavile","species":"Weavile","item":"lifeorb","ability":"Pressure","moves":["knockoff","iceshard","lowkick","fakeout"],"nature":"Jolly","evs":{"hp":0,"atk":252,"def":0,"spa":0,"spd":4,"spe":252},"ivs":{"hp":31,"atk":31,"def":31,"spa":31,"spd":31,"spe":31}},{"name":"Let it go","species":"kyuremblack","item":"choiceband","ability":"Teravolt","moves":["outrage","fusionbolt","zenheadbutt","earthpower"],"nature":"Naive","evs":{"hp":0,"atk":216,"def":0,"spa":40,"spd":0,"spe":252},"ivs":{"hp":31,"atk":31,"def":31,"spa":31,"spd":31,"spe":31}},{"name":"Articuno","species":"Articuno","item":"custapberry","ability":"Pressure","moves":["hurricane","defog","tailwind","endure"],"nature":"Calm","evs":{"hp":240,"atk":0,"def":0,"spa":16,"spd":252,"spe":0},"ivs":{"hp":31,"atk":31,"def":31,"spa":31,"spd":31,"spe":31}},{"name":"Homage to Broc","species":"aurorus","item":"focussash","ability":"Snow Warning","moves":["freezedry","stealthrock","thunderwave","blizzard"],"nature":"Modest","evs":{"hp":0,"atk":0,"def":0,"spa":252,"spd":4,"spe":252},"ivs":{"hp":31,"atk":31,"def":31,"spa":31,"spd":31,"spe":31}},{"name":"Mamoswine","species":"Mamoswine","item":"assaultvest","ability":"Thick Fat","moves":["earthquake","iceshard","iciclespear","stoneedge"],"nature":"Jolly","evs":{"hp":0,"atk":252,"def":0,"spa":0,"spd":4,"spe":252},"ivs":{"hp":31,"atk":31,"def":31,"spa":31,"spd":31,"spe":31}}],"p2team":[{"name":"Money Shark","species":"sharpedo","item":"sharpedonite","ability":"Speed Boost","moves":["protect","crunch","waterfall","poisonfang"],"nature":"Jolly","evs":{"hp":0,"atk":252,"def":4,"spa":0,"spd":0,"spe":252},"ivs":{"hp":31,"atk":31,"def":31,"spa":31,"spd":31,"spe":31}},{"name":"Your Mother","species":"hydreigon","item":"choicescarf","ability":"Levitate","moves":["dracometeor","darkpulse","flashcannon","fireblast"],"nature":"Timid","evs":{"hp":0,"atk":4,"def":0,"spa":252,"spd":0,"spe":252},"ivs":{"hp":31,"atk":31,"def":31,"spa":31,"spd":31,"spe":31}},{"name":"Gary MF Oak","species":"umbreon","item":"leftovers","ability":"Synchronize","moves":["wish","protect","healbell","foulplay"],"nature":"Calm","evs":{"hp":252,"atk":0,"def":4,"spa":0,"spd":252,"spe":0},"ivs":{"hp":31,"atk":31,"def":31,"spa":31,"spd":31,"spe":31}},{"name":"The Dark Magician","species":"hoopaunbound","item":"choicescarf","ability":"Magician","moves":["firepunch","hyperspacefury","gunkshot","zenheadbutt"],"nature":"Jolly","evs":{"hp":4,"atk":252,"def":0,"spa":0,"spd":0,"spe":252},"ivs":{"hp":31,"atk":31,"def":31,"spa":31,"spd":31,"spe":31}},{"name":"Greedy ho","species":"sableye","item":"leftovers","ability":"Prankster","moves":["willowisp","knockoff","taunt","recover"],"nature":"Careful","evs":{"hp":0,"atk":8,"def":0,"spa":0,"spd":248,"spe":0},"gender":"M","ivs":{"hp":31,"atk":31,"def":31,"spa":31,"spd":31,"spe":31}},{"name":"Lucius Yami","species":"weavile","item":"lifeorb","ability":"Pressure","moves":["iciclecrash","knockoff","iceshard","lowkick"],"nature":"Jolly","evs":{"hp":0,"atk":252,"def":4,"spa":0,"spd":0,"spe":252},"ivs":{"hp":31,"atk":31,"def":31,"spa":31,"spd":31,"spe":31}}],"log":["|player|p1|Alliance - Mxy|270","|player|p2|Knight♕Altair|104","|gametype|singles","|gen|6","|tier|Monotype","|rated","|rule|Baton Pass Clause: Limit one Baton Passer, can't pass Spe and other stats simultaneously","|rule|Swagger Clause: Swagger is banned","|rule|Same Type Clause: Pokémon in a team must share a type","|clearpoke","|poke|p1|Lapras, F","|poke|p1|Weavile, F","|poke|p1|Kyurem-Black","|poke|p1|Articuno","|poke|p1|Aurorus, F","|poke|p1|Mamoswine, F","|poke|p2|Sharpedo, F","|poke|p2|Hydreigon, M","|poke|p2|Umbreon, F","|poke|p2|Hoopa-Unbound","|poke|p2|Sableye, M","|poke|p2|Weavile, F","|rule|Sleep Clause Mod: Limit one foe put to sleep","|rule|Species Clause: Limit one of each Pokémon","|rule|OHKO Clause: OHKO moves are banned","|rule|Moody Clause: Moody is banned","|rule|Evasion Moves Clause: Evasion moves are banned","|rule|Endless Battle Clause: Forcing endless battles is banned","|rule|HP Percentage Mod: HP is shown in percentages","|teampreview","|","|start","|switch|p1a: Homage to Broc|Aurorus, F|387/387","|switch|p2a: Greedy ho|Sableye, M|241/241","|-weather|Hail","|turn|1","|","|move|p2a: Greedy ho|Will-O-Wisp|p1a: Homage to Broc","|-status|p1a: Homage to Broc|brn","|move|p1a: Homage to Broc|Blizzard|p2a: Greedy ho","|-damage|p2a: Greedy ho|72/241","|-status|p2a: Greedy ho|frz","|","|-weather|Hail|[upkeep]","|-damage|p2a: Greedy ho|57/241 frz|[from] hail","|-heal|p2a: Greedy ho|72/241 frz|[from] item: Leftovers","|-damage|p1a: Homage to Broc|339/387 brn|[from] brn","|turn|2","|","|switch|p2a: Gary MF Oak|Umbreon, F|394/394","|move|p1a: Homage to Broc|Stealth Rock|p2a: Gary MF Oak","|-sidestart|p2: Knight♕Altair|move: Stealth Rock","|","|-weather|Hail|[upkeep]","|-damage|p2a: Gary MF Oak|370/394|[from] hail","|-heal|p2a: Gary MF Oak|394/394|[from] item: Leftovers","|-damage|p1a: Homage to Broc|291/387 brn|[from] brn","|turn|3","|","|switch|p1a: Let it go|Kyurem-Black|391/391","|-ability|p1a: Let it go|Teravolt","|move|p2a: Gary MF Oak|Wish|p2a: Gary MF Oak","|","|-weather|Hail|[upkeep]","|-damage|p2a: Gary MF Oak|370/394|[from] hail","|-heal|p2a: Gary MF Oak|394/394|[from] item: Leftovers","|turn|4","|","|switch|p1a: Weavile|Weavile, F|281/281","|-ability|p1a: Weavile|Pressure","|move|p2a: Gary MF Oak|Foul Play|p1a: Weavile","|-resisted|p1a: Weavile","|-damage|p1a: Weavile|161/281","|","|-weather|Hail|[upkeep]","|-damage|p2a: Gary MF Oak|370/394|[from] hail","|-heal|p2a: Gary MF Oak|394/394|[from] move: Wish|[wisher] Gary MF Oak","|turn|5","|","|move|p2a: Gary MF Oak|Protect|p2a: Gary MF Oak","|-singleturn|p2a: Gary MF Oak|Protect","|move|p1a: Weavile|Knock Off|p2a: Gary MF Oak","|-activate|p2a: Gary MF Oak|Protect","|","|-weather|none","|turn|6","|","|switch|p2a: Greedy ho|Sableye, M|72/241 frz","|-damage|p2a: Greedy ho|42/241 frz|[from] Stealth Rock","|move|p1a: Weavile|Knock Off|p2a: Greedy ho","|-damage|p2a: Greedy ho|0 fnt","|-enditem|p2a: Greedy ho|Leftovers|[from] move: Knock Off|[of] p1a: Weavile","|-damage|p1a: Weavile|133/281|[from] item: Life Orb","|faint|p2a: Greedy ho","|","|","|switch|p2a: Your Mother|Hydreigon, M|325/325","|-damage|p2a: Your Mother|285/325|[from] Stealth Rock","|turn|7","|","|switch|p1a: Homage to Broc|Aurorus, F|291/387 brn","|-weather|Hail","|move|p2a: Your Mother|Flash Cannon|p1a: Homage to Broc","|-supereffective|p1a: Homage to Broc","|-damage|p1a: Homage to Broc|0 fnt","|faint|p1a: Homage to Broc","|","|-weather|Hail|[upkeep]","|-damage|p2a: Your Mother|265/325|[from] hail","|","|switch|p1a: Mamoswine|Mamoswine, F|361/361","|turn|8","|","|move|p2a: Your Mother|Flash Cannon|p1a: Mamoswine","|-supereffective|p1a: Mamoswine","|-damage|p1a: Mamoswine|163/361","|move|p1a: Mamoswine|Icicle Spear|p2a: Your Mother","|-supereffective|p2a: Your Mother","|-damage|p2a: Your Mother|169/325","|-crit|p2a: Your Mother","|-supereffective|p2a: Your Mother","|-damage|p2a: Your Mother|7/325","|-supereffective|p2a: Your Mother","|-damage|p2a: Your Mother|0 fnt","|-hitcount|p2a: Your Mother|3","|faint|p2a: Your Mother","|","|-weather|Hail|[upkeep]","|","|switch|p2a: The Dark Magician|Hoopa-Unbound|302/302","|-damage|p2a: The Dark Magician|265/302|[from] Stealth Rock","|turn|9","|","|move|p2a: The Dark Magician|Fire Punch|p1a: Mamoswine","|-supereffective|p1a: Mamoswine","|-damage|p1a: Mamoswine|35/361","|move|p1a: Mamoswine|Earthquake|p2a: The Dark Magician","|-damage|p2a: The Dark Magician|0 fnt","|faint|p2a: The Dark Magician","|","|-weather|Hail|[upkeep]","|","|switch|p2a: Lucius Yami|Weavile, F|281/281","|-damage|p2a: Lucius Yami|211/281|[from] Stealth Rock","|-ability|p2a: Lucius Yami|Pressure","|turn|10","|","|move|p2a: Lucius Yami|Low Kick|p1a: Mamoswine","|-supereffective|p1a: Mamoswine","|-damage|p1a: Mamoswine|0 fnt","|-damage|p2a: Lucius Yami|183/281|[from] item: Life Orb","|faint|p1a: Mamoswine","|","|-weather|Hail|[upkeep]","|","|switch|p1a: Lapras|Lapras, F|447/447","|turn|11","|","|move|p2a: Lucius Yami|Low Kick|p1a: Lapras","|-supereffective|p1a: Lapras","|-damage|p1a: Lapras|0 fnt","|-damage|p2a: Lucius Yami|155/281|[from] item: Life Orb","|faint|p1a: Lapras","|","|-weather|none","|","|switch|p1a: Articuno|Articuno|381/381","|-ability|p1a: Articuno|Pressure","|turn|12","|","|move|p2a: Lucius Yami|Knock Off|p1a: Articuno","|-damage|p1a: Articuno|182/381","|-enditem|p1a: Articuno|Custap Berry|[from] move: Knock Off|[of] p2a: Lucius Yami","|-damage|p2a: Lucius Yami|127/281|[from] item: Life Orb","|move|p1a: Articuno|Hurricane|p2a: Lucius Yami","|-damage|p2a: Lucius Yami|0 fnt","|faint|p2a: Lucius Yami","|","|","|switch|p2a: Money Shark|Sharpedo, F|281/281","|-damage|p2a: Money Shark|246/281|[from] Stealth Rock","|turn|13","|","|move|p2a: Money Shark|Protect|p2a: Money Shark","|-singleturn|p2a: Money Shark|Protect","|move|p1a: Articuno|Hurricane|p2a: Money Shark","|-activate|p2a: Money Shark|Protect","|","|-boost|p2a: Money Shark|spe|1|[from] ability: Speed Boost","|turn|14","|","|detailschange|p2a: Money Shark|Sharpedo-Mega, F","|-mega|p2a: Money Shark|Sharpedo|Sharpedonite","|move|p2a: Money Shark|Crunch|p1a: Articuno","|-damage|p1a: Articuno|0 fnt","|faint|p1a: Articuno","|","|","|switch|p1a: Let it go|Kyurem-Black|391/391","|-ability|p1a: Let it go|Teravolt","|turn|15","|","|move|p2a: Money Shark|Protect|p2a: Money Shark","|-singleturn|p2a: Money Shark|Protect","|move|p1a: Let it go|Fusion Bolt|p2a: Money Shark","|-activate|p2a: Money Shark|Protect","|","|turn|16","|","|move|p2a: Money Shark|Crunch|p1a: Let it go","|-damage|p1a: Let it go|150/391","|move|p1a: Let it go|Fusion Bolt|p2a: Money Shark","|-supereffective|p2a: Money Shark","|-damage|p2a: Money Shark|0 fnt","|faint|p2a: Money Shark","|","|","|switch|p2a: Gary MF Oak|Umbreon, F|394/394","|-damage|p2a: Gary MF Oak|345/394|[from] Stealth Rock","|turn|17","|","|switch|p1a: Weavile|Weavile, F|133/281","|-ability|p1a: Weavile|Pressure","|move|p2a: Gary MF Oak|Protect|p2a: Gary MF Oak","|-fail|p2a: Gary MF Oak","|","|-heal|p2a: Gary MF Oak|369/394|[from] item: Leftovers","|turn|18","|","|move|p1a: Weavile|Fake Out|p2a: Gary MF Oak","|-damage|p2a: Gary MF Oak|316/394","|-damage|p1a: Weavile|105/281|[from] item: Life Orb","|cant|p2a: Gary MF Oak|flinch","|","|-heal|p2a: Gary MF Oak|340/394|[from] item: Leftovers","|turn|19","|","|move|p2a: Gary MF Oak|Protect|p2a: Gary MF Oak","|-singleturn|p2a: Gary MF Oak|Protect","|move|p1a: Weavile|Knock Off|p2a: Gary MF Oak","|-activate|p2a: Gary MF Oak|Protect","|","|-heal|p2a: Gary MF Oak|364/394|[from] item: Leftovers","|turn|20","|","|move|p1a: Weavile|Knock Off|p2a: Gary MF Oak","|-resisted|p2a: Gary MF Oak","|-damage|p2a: Gary MF Oak|263/394","|-enditem|p2a: Gary MF Oak|Leftovers|[from] move: Knock Off|[of] p1a: Weavile","|-damage|p1a: Weavile|77/281|[from] item: Life Orb","|move|p2a: Gary MF Oak|Wish|p2a: Gary MF Oak","|","|turn|21","|","|switch|p1a: Let it go|Kyurem-Black|150/391","|-ability|p1a: Let it go|Teravolt","|move|p2a: Gary MF Oak|Protect|p2a: Gary MF Oak","|-fail|p2a: Gary MF Oak","|","|-heal|p2a: Gary MF Oak|394/394|[from] move: Wish|[wisher] Gary MF Oak","|turn|22","|","|move|p1a: Let it go|Outrage|p2a: Gary MF Oak","|-damage|p2a: Gary MF Oak|30/394","|move|p2a: Gary MF Oak|Wish|p2a: Gary MF Oak","|","|turn|23","|","|move|p2a: Gary MF Oak|Protect|p2a: Gary MF Oak","|-singleturn|p2a: Gary MF Oak|Protect","|move|p1a: Let it go|Outrage|p2a: Gary MF Oak|[from]lockedmove","|-activate|p2a: Gary MF Oak|Protect","|-start|p1a: Let it go|confusion|[fatigue]","|","|-heal|p2a: Gary MF Oak|227/394|[from] move: Wish|[wisher] Gary MF Oak","|turn|24","|","|-activate|p1a: Let it go|confusion","|move|p1a: Let it go|Outrage|p2a: Gary MF Oak","|-damage|p2a: Gary MF Oak|0 fnt","|faint|p2a: Gary MF Oak","|","|win|Alliance - Mxy"],"p1rating":{"entryid":"127788","serverid":"eos","formatid":"monotype","userid":"alliancemxy","username":"Alliance - Mxy","w":16,"l":"6","t":"0","gxe":65.6,"r":"1582.4327299161","rd":"73.581737262743","sigma":"0","rptime":"1440234000","rpr":1623.9337628181,"rprd":68.622652748521,"rpsigma":"0","acre":1228.3396773747,"lacre":1228.3396773747,"oldacre":"1214.3553541757"},"p2rating":{"entryid":"39559","serverid":"eos","formatid":"monotype","userid":"knightaltair","username":"Knight♕Altair","w":"4","l":6,"t":"0","gxe":45.3,"r":"1493.0366039664","rd":"92.595214940274","sigma":"0","rptime":"1440234000","rpr":1463.6120880426,"rprd":87.436544657351,"rpsigma":"0","acre":1040.2249928098,"lacre":1040.2249928098,"oldacre":"1050.0153030673"},"endType":"normal"}