{"seed":[36987,8423,45264,47100],"turns":23,"p1":"key7","p2":"Sovereing Serocult","p1team":[{"name":"Aggron","species":"Aggron","item":"lifeorb","ability":"Rock Head","moves":["rockpolish","headsmash","ironhead","earthquake"],"nature":"Adamant","evs":{"hp":0,"atk":252,"def":0,"spa":0,"spd":4,"spe":252},"ivs":{"hp":31,"atk":31,"def":31,"spa":31,"spd":31,"spe":31}},{"name":"Scizor","species":"Scizor","item":"scizorite","ability":"Technician","moves":["swordsdance","xscissor","bulletpunch","roost"],"nature":"Adamant","evs":{"hp":248,"atk":252,"def":0,"spa":0,"spd":8,"spe":0},"ivs":{"hp":31,"atk":31,"def":31,"spa":31,"spd":31,"spe":31}},{"name":"Lucario","species":"Lucario","item":"focussash","ability":"Inner Focus","moves":["nastyplot","aurasphere","flashcannon","vacuumwave"],"nature":"Timid","evs":{"hp":0,"atk":0,"def":0,"spa":252,"spd":4,"spe":252},"ivs":{"hp":31,"atk":31,"def":31,"spa":31,"spd":31,"spe":31}},{"name":"Heatran","species":"Heatran","item":"airballoon","ability":"Flash Fire","moves":["fireblast","flashcannon","earthpower","protect"],"nature":"Modest","evs":{"hp":240,"atk":0,"def":0,"spa":252,"spd":8,"spe":8},"ivs":{"hp":31,"atk":31,"def":31,"spa":31,"spd":31,"spe":31}},{"name":"Skarmory","species":"Skarmory","item":"leftovers","ability":"Sturdy","moves":["spikes","toxic","protect","bravebird"],"nature":"Impish","evs":{"hp":252,"atk":0,"def":232,"spa":0,"spd":0,"spe":24},"ivs":{"hp":31,"atk":31,"def":31,"spa":31,"spd":31,"spe":31}},{"name":"Registeel","species":"Registeel","item":"leftovers","ability":"Clear Body","moves":["stealthrock","protect","toxic","seismictoss"],"nature":"Calm","evs":{"hp":252,"atk":0,"def":4,"spa":0,"spd":252,"spe":0},"ivs":{"hp":31,"atk":31,"def":31,"spa":31,"spd":31,"spe":31}}],"p2team":[{"name":"Darmanitan","species":"Darmanitan","item":"lifeorb","ability":"Sheer Force","moves":["flareblitz","rockslide","uturn","earthquake"],"nature":"Jolly","evs":{"hp":0,"atk":252,"def":0,"spa":0,"spd":4,"spe":252},"ivs":{"hp":31,"atk":31,"def":31,"spa":31,"spd":31,"spe":31}},{"name":"Houndoom","species":"Houndoom","item":"houndoominite","ability":"Flash Fire","moves":["fireblast","darkpulse","solarbeam","nastyplot"],"nature":"Timid","evs":{"hp":0,"atk":0,"def":0,"spa":252,"spd":4,"spe":252},"ivs":{"hp":31,"atk":31,"def":31,"spa":31,"spd":31,"spe":31}},{"name":"Ninetales","species":"Ninetales","item":"heatrock","ability":"Drought","moves":["fireblast","solarbeam","nastyplot","willowisp"],"nature":"Timid","evs":{"hp":0,"atk":0,"def":4,"spa":252,"spd":0,"spe":252},"shiny":true,"ivs":{"hp":31,"atk":31,"def":31,"spa":31,"spd":31,"spe":31}},{"name":"Torkoal","species":"Torkoal","item":"leftovers","ability":"Shell Armor","moves":["protect","rapidspin","lavaplume","toxic"],"nature":"Calm","evs":{"hp":248,"atk":0,"def":0,"spa":8,"spd":252,"spe":0},"ivs":{"hp":31,"atk":31,"def":31,"spa":31,"spd":31,"spe":31}},{"name":"Heatran","species":"Heatran","item":"airballoon","ability":"Flash Fire","moves":["lavaplume","toxic","protect","sunnyday"],"nature":"","evs":{"hp":248,"atk":0,"def":0,"spa":0,"spd":152,"spe":108},"ivs":{"hp":31,"atk":31,"def":31,"spa":31,"spd":31,"spe":31}},{"name":"Infernape","species":"Infernape","item":"focussash","ability":"Blaze","moves":["stealthrock","machpunch","endeavor","overheat"],"nature":"Timid","evs":{"hp":0,"atk":0,"def":0,"spa":252,"spd":4,"spe":252},"ivs":{"hp":31,"atk":31,"def":31,"spa":31,"spd":31,"spe":31}}],"log":["|player|p1|key7|key7.png","|player|p2|Sovereing Serocult|155","|gametype|singles","|gen|6","|tier|Monotype","|rated","|rule|Baton Pass Clause: Limit one Baton Passer, can't pass Spe and other stats simultaneously","|rule|Swagger Clause: Swagger is banned","|rule|Same Type Clause: Pokémon in a team must share a type","|clearpoke","|poke|p1|Aggron, F","|poke|p1|Scizor, F","|poke|p1|Lucario, M","|poke|p1|Heatran, M","|poke|p1|Skarmory, M","|poke|p1|Registeel","|poke|p2|Darmanitan, F","|poke|p2|Houndoom, F","|poke|p2|Ninetales, F, shiny","|poke|p2|Torkoal, M","|poke|p2|Heatran, F","|poke|p2|Infernape, F","|rule|Sleep Clause Mod: Limit one foe put to sleep","|rule|Species Clause: Limit one of each Pokémon","|rule|OHKO Clause: OHKO moves are banned","|rule|Moody Clause: Moody is banned","|rule|Evasion Moves Clause: Evasion moves are banned","|rule|Endless Battle Clause: Forcing endless battles is banned","|rule|HP Percentage Mod: HP is shown in percentages","|teampreview","|","|start","|switch|p1a: Registeel|Registeel|364/364","|switch|p2a: Infernape|Infernape, F|293/293","|turn|1","|","|move|p2a: Infernape|Stealth Rock|p1a: Registeel","|-sidestart|p1: key7|move: Stealth Rock","|move|p1a: Registeel|Toxic|p2a: Infernape","|-status|p2a: Infernape|tox","|","|-damage|p2a: Infernape|275/293 tox|[from] psn","|turn|2","|","|move|p2a: Infernape|Overheat|p1a: Registeel","|-supereffective|p1a: Registeel","|-damage|p1a: Registeel|130/364","|-unboost|p2a: Infernape|spa|2","|move|p1a: Registeel|Stealth Rock|p2a: Infernape","|-sidestart|p2: Sovereing Serocult|move: Stealth Rock","|","|-heal|p1a: Registeel|152/364|[from] item: Leftovers","|-damage|p2a: Infernape|239/293 tox|[from] psn","|turn|3","|","|switch|p2a: Torkoal|Torkoal, M|343/343","|-damage|p2a: Torkoal|258/343|[from] Stealth Rock","|move|p1a: Registeel|Protect|p1a: Registeel","|-fail|p1a: Registeel","|","|-heal|p1a: Registeel|174/364|[from] item: Leftovers","|-heal|p2a: Torkoal|279/343|[from] item: Leftovers","|turn|4","|","|move|p1a: Registeel|Toxic|p2a: Torkoal","|-status|p2a: Torkoal|tox","|move|p2a: Torkoal|Rapid Spin|p1a: Registeel","|-resisted|p1a: Registeel","|-damage|p1a: Registeel|169/364","|-sideend|p2: Sovereing Serocult|Stealth Rock|[from] move: Rapid Spin|[of] p2a: Torkoal","|","|-heal|p1a: Registeel|191/364|[from] item: Leftovers","|-heal|p2a: Torkoal|300/343 tox|[from] item: Leftovers","|-damage|p2a: Torkoal|279/343 tox|[from] psn","|turn|5","|","|move|p1a: Registeel|Protect|p1a: Registeel","|-singleturn|p1a: Registeel|Protect","|move|p2a: Torkoal|Lava Plume|p1a: Registeel","|-activate|p1a: Registeel|Protect","|","|-heal|p1a: Registeel|213/364|[from] item: Leftovers","|-heal|p2a: Torkoal|300/343 tox|[from] item: Leftovers","|-damage|p2a: Torkoal|258/343 tox|[from] psn","|turn|6","|","|move|p1a: Registeel|Stealth Rock|p2a: Torkoal","|-sidestart|p2: Sovereing Serocult|move: Stealth Rock","|move|p2a: Torkoal|Lava Plume|p1a: Registeel","|-crit|p1a: Registeel","|-supereffective|p1a: Registeel","|-damage|p1a: Registeel|87/364","|","|-heal|p1a: Registeel|109/364|[from] item: Leftovers","|-heal|p2a: Torkoal|279/343 tox|[from] item: Leftovers","|-damage|p2a: Torkoal|216/343 tox|[from] psn","|turn|7","|","|move|p1a: Registeel|Protect|p1a: Registeel","|-singleturn|p1a: Registeel|Protect","|move|p2a: Torkoal|Rapid Spin|p1a: Registeel","|-activate|p1a: Registeel|Protect","|","|-heal|p1a: Registeel|131/364|[from] item: Leftovers","|-heal|p2a: Torkoal|237/343 tox|[from] item: Leftovers","|-damage|p2a: Torkoal|153/343 tox|[from] psn","|turn|8","|","|move|p1a: Registeel|Protect|p1a: Registeel","|-singleturn|p1a: Registeel|Protect","|move|p2a: Torkoal|Lava Plume|p1a: Registeel","|-activate|p1a: Registeel|Protect","|","|-heal|p1a: Registeel|153/364|[from] item: Leftovers","|-heal|p2a: Torkoal|174/343 tox|[from] item: Leftovers","|-damage|p2a: Torkoal|69/343 tox|[from] psn","|turn|9","|","|move|p1a: Registeel|Seismic Toss|p2a: Torkoal","|-damage|p2a: Torkoal|0 fnt","|faint|p2a: Torkoal","|","|-heal|p1a: Registeel|175/364|[from] item: Leftovers","|","|switch|p2a: Ninetales|Ninetales, F, shiny|287/287","|-damage|p2a: Ninetales|216/287|[from] Stealth Rock","|-weather|SunnyDay","|turn|10","|","|move|p2a: Ninetales|Will-O-Wisp|p1a: Registeel","|-status|p1a: Registeel|brn","|move|p1a: Registeel|Toxic|p2a: Ninetales","|-status|p2a: Ninetales|tox","|","|-weather|SunnyDay|[upkeep]","|-heal|p1a: Registeel|197/364 brn|[from] item: Leftovers","|-damage|p2a: Ninetales|199/287 tox|[from] psn","|-damage|p1a: Registeel|152/364 brn|[from] brn","|turn|11","|","|switch|p2a: Houndoom|Houndoom, F|291/291","|-damage|p2a: Houndoom|219/291|[from] Stealth Rock","|move|p1a: Registeel|Protect|p1a: Registeel","|-fail|p1a: Registeel","|","|-weather|SunnyDay|[upkeep]","|-heal|p1a: Registeel|174/364 brn|[from] item: Leftovers","|-damage|p1a: Registeel|129/364 brn|[from] brn","|turn|12","|","|detailschange|p2a: Houndoom|Houndoom-Mega, F","|-mega|p2a: Houndoom|Houndoom|Houndoominite","|move|p2a: Houndoom|Fire Blast|p1a: Registeel","|-supereffective|p1a: Registeel","|-damage|p1a: Registeel|0 fnt","|faint|p1a: Registeel","|","|-weather|SunnyDay|[upkeep]","|-damage|p2a: Houndoom|183/291|[from] ability: Solar Power","|","|switch|p1a: Scizor|Scizor, F|343/343","|-damage|p1a: Scizor|301/343|[from] Stealth Rock","|turn|13","|","|switch|p1a: Heatran|Heatran, M|383/383","|-damage|p1a: Heatran|336/383|[from] Stealth Rock","|-item|p1a: Heatran|Air Balloon","|move|p2a: Houndoom|Fire Blast|p1a: Heatran","|-start|p1a: Heatran|ability: Flash Fire","|","|-weather|SunnyDay|[upkeep]","|-damage|p2a: Houndoom|147/291|[from] ability: Solar Power","|turn|14","|","|move|p2a: Houndoom|Dark Pulse|p1a: Heatran","|-damage|p1a: Heatran|131/383","|-enditem|p1a: Heatran|Air Balloon","|move|p1a: Heatran|Earth Power|p2a: Houndoom","|-supereffective|p2a: Houndoom","|-damage|p2a: Houndoom|0 fnt","|faint|p2a: Houndoom","|","|-weather|SunnyDay|[upkeep]","|","|switch|p2a: Darmanitan|Darmanitan, F|351/351","|-damage|p2a: Darmanitan|264/351|[from] Stealth Rock","|turn|15","|","|move|p1a: Heatran|Protect|p1a: Heatran","|-singleturn|p1a: Heatran|Protect","|move|p2a: Darmanitan|Earthquake|p1a: Heatran","|-activate|p1a: Heatran|Protect","|","|-weather|SunnyDay|[upkeep]","|turn|16","|","|-end|p1a: Heatran|ability: Flash Fire|[silent]","|switch|p1a: Skarmory|Skarmory, M|334/334","|-damage|p1a: Skarmory|293/334|[from] Stealth Rock","|move|p2a: Darmanitan|Flare Blitz|p1a: Skarmory","|-supereffective|p1a: Skarmory","|-damage|p1a: Skarmory|0 fnt","|-damage|p2a: Darmanitan|167/351|[from] recoil|[of] p1a: Skarmory","|faint|p1a: Skarmory","|","|-weather|SunnyDay|[upkeep]","|","|switch|p1a: Scizor|Scizor, F|301/343","|-damage|p1a: Scizor|259/343|[from] Stealth Rock","|turn|17","|","|detailschange|p1a: Scizor|Scizor-Mega, F","|-mega|p1a: Scizor|Scizor|Scizorite","|move|p1a: Scizor|Bullet Punch|p2a: Darmanitan","|-crit|p2a: Darmanitan","|-resisted|p2a: Darmanitan","|-damage|p2a: Darmanitan|11/351","|move|p2a: Darmanitan|Earthquake|p1a: Scizor","|-crit|p1a: Scizor","|-damage|p1a: Scizor|89/343","|-damage|p2a: Darmanitan|0 fnt|[from] item: Life Orb","|faint|p2a: Darmanitan","|","|-weather|none","|","|switch|p2a: Heatran|Heatran, F|385/385","|-damage|p2a: Heatran|337/385|[from] Stealth Rock","|-item|p2a: Heatran|Air Balloon","|turn|18","|","|switch|p2a: Infernape|Infernape, F|239/293 tox","|-damage|p2a: Infernape|203/293 tox|[from] Stealth Rock","|move|p1a: Scizor|Bullet Punch|p2a: Infernape","|-resisted|p2a: Infernape","|-damage|p2a: Infernape|117/293 tox","|","|-damage|p2a: Infernape|99/293 tox|[from] psn","|turn|19","|","|move|p1a: Scizor|Bullet Punch|p2a: Infernape","|-resisted|p2a: Infernape","|-damage|p2a: Infernape|14/293 tox","|move|p2a: Infernape|Overheat|p1a: Scizor","|-supereffective|p1a: Scizor","|-damage|p1a: Scizor|0 fnt","|-unboost|p2a: Infernape|spa|2","|faint|p1a: Scizor","|","|-damage|p2a: Infernape|0 fnt|[from] psn","|faint|p2a: Infernape","|","|switch|p2a: Ninetales|Ninetales, F, shiny|199/287 tox","|switch|p1a: Heatran|Heatran, M|131/383","|-damage|p2a: Ninetales|128/287 tox|[from] Stealth Rock","|-weather|SunnyDay","|-damage|p1a: Heatran|84/383|[from] Stealth Rock","|turn|20","|","|move|p1a: Heatran|Protect|p1a: Heatran","|-singleturn|p1a: Heatran|Protect","|move|p2a: Ninetales|Solar Beam|p1a: Heatran|[still]","|-prepare|p2a: Ninetales|Solar Beam|p1a: Heatran","|-anim|p2a: Ninetales|Solar Beam|p1a: Heatran","|-activate|p1a: Heatran|Protect","|","|-weather|SunnyDay|[upkeep]","|-damage|p2a: Ninetales|111/287 tox|[from] psn","|turn|21","|","|move|p2a: Ninetales|Fire Blast|p1a: Heatran","|-start|p1a: Heatran|ability: Flash Fire","|move|p1a: Heatran|Earth Power|p2a: Ninetales","|-supereffective|p2a: Ninetales","|-damage|p2a: Ninetales|0 fnt","|faint|p2a: Ninetales","|","|-weather|SunnyDay|[upkeep]","|","|switch|p2a: Heatran|Heatran, F|337/385","|-damage|p2a: Heatran|289/385|[from] Stealth Rock","|-item|p2a: Heatran|Air Balloon","|turn|22","|","|move|p2a: Heatran|Toxic|p1a: Heatran|[miss]","|-miss|p2a: Heatran|p1a: Heatran","|move|p1a: Heatran|Flash Cannon|p2a: Heatran","|-resisted|p2a: Heatran","|-damage|p2a: Heatran|258/385","|-enditem|p2a: Heatran|Air Balloon","|","|-weather|SunnyDay|[upkeep]","|turn|23","|","|move|p2a: Heatran|Lava Plume|p1a: Heatran","|-immune|p1a: Heatran|[msg]","|move|p1a: Heatran|Earth Power|p2a: Heatran","|-supereffective|p2a: Heatran","|-damage|p2a: Heatran|0 fnt","|faint|p2a: Heatran","|","|win|key7"],"p1rating":{"entryid":"188976","serverid":"eos","formatid":"monotype","userid":"key7","username":"key7","w":14,"l":"8","t":"0","gxe":63.2,"r":"1573.5569175671","rd":"72.895405283569","sigma":"0","rptime":"1440234000","rpr":1603.4066246135,"rprd":69.127686191733,"rpsigma":"0","acre":1178.1840593911,"lacre":1178.1840593911,"oldacre":"1164.1910974201"},"p2rating":{"entryid":285405,"formatid":"monotype","userid":"sovereingserocult","username":"Sovereing Serocult","r":1500,"rd":130,"sigma":0,"rpr":1466.5141675908,"rprd":122.4350103243,"rpsigma":0,"rptime":1440234000,"w":0,"l":1,"t":0,"gxe":45.8,"acre":1000,"lacre":1000,"oldacre":1000},"endType":"normal"}