{"seed":[24881,43992,8177,8507],"turns":19,"p1":"KGBeast","p2":"Alliance - Broken","p1team":[{"name":"Charizard","species":"Charizard","item":"charizarditey","ability":"Blaze","moves":["defog","focusblast","fireblast","solarbeam"],"nature":"Timid","evs":{"hp":0,"atk":0,"def":0,"spa":252,"spd":4,"spe":252},"ivs":{"hp":31,"atk":0,"def":31,"spa":31,"spd":31,"spe":31}},{"name":"Infernape","species":"Infernape","item":"focussash","ability":"Blaze","moves":["closecombat","fireblast","stoneedge","machpunch"],"nature":"Naive","evs":{"hp":0,"atk":252,"def":0,"spa":4,"spd":0,"spe":252},"ivs":{"hp":31,"atk":31,"def":31,"spa":31,"spd":31,"spe":31}},{"name":"Darmanitan","species":"Darmanitan","item":"choicescarf","ability":"Sheer Force","moves":["flareblitz","uturn","rockslide","superpower"],"nature":"Jolly","evs":{"hp":0,"atk":252,"def":0,"spa":0,"spd":4,"spe":252},"ivs":{"hp":31,"atk":31,"def":31,"spa":31,"spd":31,"spe":31}},{"name":"Heatran","species":"Heatran","item":"leftovers","ability":"Flash Fire","moves":["lavaplume","toxic","earthpower","flashcannon"],"nature":"Calm","evs":{"hp":248,"atk":0,"def":0,"spa":0,"spd":252,"spe":8},"ivs":{"hp":31,"atk":0,"def":31,"spa":31,"spd":31,"spe":31}},{"name":"Volcarona","species":"Volcarona","item":"leftovers","ability":"Flame Body","moves":["quiverdance","fierydance","bugbuzz","gigadrain"],"nature":"Bold","evs":{"hp":248,"atk":0,"def":252,"spa":0,"spd":0,"spe":8},"ivs":{"hp":31,"atk":0,"def":31,"spa":31,"spd":31,"spe":31}},{"name":"Torkoal","species":"Torkoal","item":"leftovers","ability":"White Smoke","moves":["stealthrock","willowisp","yawn","rapidspin"],"nature":"Bold","evs":{"hp":248,"atk":0,"def":252,"spa":0,"spd":0,"spe":8},"ivs":{"hp":31,"atk":0,"def":31,"spa":31,"spd":31,"spe":31}}],"p2team":[{"name":"Bolt","species":"manectric","item":"manectite","ability":"Lightning Rod","moves":["thunderbolt","voltswitch","flamethrower","hiddenpowerice"],"nature":"Timid","evs":{"hp":0,"atk":0,"def":0,"spa":252,"spd":4,"spe":252},"gender":"M","ivs":{"hp":31,"atk":30,"def":30,"spa":31,"spd":31,"spe":31},"shiny":true},{"name":"Amaan","species":"zapdos","item":"leftovers","ability":"Pressure","moves":["defog","roost","discharge","heatwave"],"nature":"Calm","evs":{"hp":252,"atk":0,"def":0,"spa":4,"spd":252,"spe":0},"shiny":true,"ivs":{"hp":31,"atk":31,"def":31,"spa":31,"spd":31,"spe":31}},{"name":"Washington","species":"rotomwash","item":"leftovers","ability":"Levitate","moves":["hydropump","painsplit","willowisp","voltswitch"],"nature":"","evs":{"hp":252,"atk":0,"def":252,"spa":4,"spd":0,"spe":0},"shiny":true,"ivs":{"hp":31,"atk":31,"def":31,"spa":31,"spd":31,"spe":31}},{"name":"Genie","species":"thundurus","item":"lifeorb","ability":"Prankster","moves":["thunderbolt","thunderwave","knockoff","superpower"],"nature":"Timid","evs":{"hp":0,"atk":0,"def":0,"spa":252,"spd":4,"spe":252},"shiny":true,"ivs":{"hp":31,"atk":31,"def":31,"spa":31,"spd":31,"spe":31}},{"name":"Magneto's Balls","species":"magnezone","item":"choicespecs","ability":"Sturdy","moves":["thunderbolt","voltswitch","flashcannon","hiddenpowergrass"],"nature":"Timid","evs":{"hp":4,"atk":0,"def":0,"spa":252,"spd":0,"spe":252},"ivs":{"hp":31,"atk":30,"def":31,"spa":30,"spd":31,"spe":31},"shiny":true},{"name":"Tylacto","species":"luxray","item":"choiceband","ability":"Guts","moves":["quickattack","superpower","wildcharge","crunch"],"nature":"Adamant","evs":{"hp":252,"atk":252,"def":0,"spa":0,"spd":4,"spe":0},"shiny":true,"ivs":{"hp":31,"atk":31,"def":31,"spa":31,"spd":31,"spe":31}}],"log":["|player|p1|KGBeast|kgbeast.png","|player|p2|Alliance - Broken|149","|gametype|singles","|gen|6","|tier|Monotype","|rated","|rule|Baton Pass Clause: Limit one Baton Passer, can't pass Spe and other stats simultaneously","|rule|Swagger Clause: Swagger is banned","|rule|Same Type Clause: Pokémon in a team must share a type","|clearpoke","|poke|p1|Charizard, F","|poke|p1|Infernape, F","|poke|p1|Darmanitan, F","|poke|p1|Heatran, M","|poke|p1|Volcarona, F","|poke|p1|Torkoal, F","|poke|p2|Manectric, M, shiny","|poke|p2|Zapdos, shiny","|poke|p2|Rotom-Wash, shiny","|poke|p2|Thundurus, M, shiny","|poke|p2|Magnezone, shiny","|poke|p2|Luxray, M, shiny","|rule|Sleep Clause Mod: Limit one foe put to sleep","|rule|Species Clause: Limit one of each Pokémon","|rule|OHKO Clause: OHKO moves are banned","|rule|Moody Clause: Moody is banned","|rule|Evasion Moves Clause: Evasion moves are banned","|rule|Endless Battle Clause: Forcing endless battles is banned","|rule|HP Percentage Mod: HP is shown in percentages","|teampreview","|","|start","|switch|p1a: Charizard|Charizard, F|297/297","|switch|p2a: Washington|Rotom-Wash, shiny|304/304","|turn|1","|","|detailschange|p1a: Charizard|Charizard-Mega-Y, F","|-mega|p1a: Charizard|Charizard|Charizardite Y","|-weather|SunnyDay","|move|p1a: Charizard|Fire Blast|p2a: Washington","|-resisted|p2a: Washington","|-damage|p2a: Washington|149/304","|move|p2a: Washington|Volt Switch|p1a: Charizard","|-supereffective|p1a: Charizard","|-damage|p1a: Charizard|151/297","|","|switch|p2a: Bolt|Manectric, M, shiny|281/281","|","|-weather|SunnyDay|[upkeep]","|turn|2","|","|switch|p1a: Heatran|Heatran, M|385/385","|detailschange|p2a: Bolt|Manectric-Mega, M, shiny","|-mega|p2a: Bolt|Manectric|Manectite","|-ability|p2a: Bolt|Intimidate","|-unboost|p1a: Heatran|atk|1","|move|p2a: Bolt|Thunderbolt|p1a: Heatran","|-damage|p1a: Heatran|277/385","|","|-weather|SunnyDay|[upkeep]","|-heal|p1a: Heatran|301/385|[from] item: Leftovers","|turn|3","|","|move|p2a: Bolt|Volt Switch|p1a: Heatran","|-damage|p1a: Heatran|204/385","|","|switch|p2a: Amaan|Zapdos, shiny|384/384","|-ability|p2a: Amaan|Pressure","|move|p1a: Heatran|Toxic|p2a: Amaan","|-status|p2a: Amaan|tox","|","|-weather|SunnyDay|[upkeep]","|-heal|p1a: Heatran|228/385|[from] item: Leftovers","|-damage|p2a: Amaan|360/384 tox|[from] psn","|turn|4","|","|move|p2a: Amaan|Discharge|p1a: Heatran","|-damage|p1a: Heatran|147/385","|move|p1a: Heatran|Lava Plume|p2a: Amaan","|-damage|p2a: Amaan|234/384 tox","|","|-weather|SunnyDay|[upkeep]","|-heal|p2a: Amaan|258/384 tox|[from] item: Leftovers","|-heal|p1a: Heatran|171/385|[from] item: Leftovers","|-damage|p2a: Amaan|210/384 tox|[from] psn","|turn|5","|","|move|p2a: Amaan|Discharge|p1a: Heatran","|-damage|p1a: Heatran|98/385","|move|p1a: Heatran|Lava Plume|p2a: Amaan","|-damage|p2a: Amaan|75/384 tox","|","|-weather|none","|-heal|p2a: Amaan|99/384 tox|[from] item: Leftovers","|-heal|p1a: Heatran|122/385|[from] item: Leftovers","|-damage|p2a: Amaan|27/384 tox|[from] psn","|turn|6","|","|switch|p2a: Washington|Rotom-Wash, shiny|149/304","|move|p1a: Heatran|Lava Plume|p2a: Washington","|-resisted|p2a: Washington","|-damage|p2a: Washington|89/304","|","|-heal|p2a: Washington|108/304|[from] item: Leftovers","|-heal|p1a: Heatran|146/385|[from] item: Leftovers","|turn|7","|","|move|p2a: Washington|Hydro Pump|p1a: Heatran","|-supereffective|p1a: Heatran","|-damage|p1a: Heatran|0 fnt","|faint|p1a: Heatran","|","|-heal|p2a: Washington|127/304|[from] item: Leftovers","|","|switch|p1a: Infernape|Infernape, F|293/293","|turn|8","|","|move|p1a: Infernape|Close Combat|p2a: Washington","|-damage|p2a: Washington|0 fnt","|-unboost|p1a: Infernape|def|1","|-unboost|p1a: Infernape|spd|1","|faint|p2a: Washington","|","|","|switch|p2a: Bolt|Manectric-Mega, M, shiny|281/281","|-ability|p2a: Bolt|Intimidate","|-unboost|p1a: Infernape|atk|1","|turn|9","|","|move|p2a: Bolt|Volt Switch|p1a: Infernape","|-damage|p1a: Infernape|28/293","|","|switch|p2a: Amaan|Zapdos, shiny|27/384 tox","|-ability|p2a: Amaan|Pressure","|move|p1a: Infernape|Fire Blast|p2a: Amaan","|-damage|p2a: Amaan|0 fnt","|faint|p2a: Amaan","|","|","|switch|p2a: Bolt|Manectric-Mega, M, shiny|281/281","|-ability|p2a: Bolt|Intimidate","|-unboost|p1a: Infernape|atk|1","|turn|10","|","|move|p2a: Bolt|Volt Switch|p1a: Infernape","|-damage|p1a: Infernape|0 fnt","|faint|p1a: Infernape","|","|switch|p2a: Genie|Thundurus, M, shiny|299/299","|","|","|switch|p1a: Darmanitan|Darmanitan, F|351/351","|turn|11","|","|move|p2a: Genie|Thunder Wave|p1a: Darmanitan","|-status|p1a: Darmanitan|par","|move|p1a: Darmanitan|Flare Blitz|p2a: Genie","|-damage|p2a: Genie|0 fnt","|-damage|p1a: Darmanitan|252/351 par|[from] recoil|[of] p2a: Genie","|faint|p2a: Genie","|","|","|switch|p2a: Magneto's Balls|Magnezone, shiny|282/282","|turn|12","|","|move|p2a: Magneto's Balls|Thunderbolt|p1a: Darmanitan","|-damage|p1a: Darmanitan|0 fnt","|faint|p1a: Darmanitan","|","|","|switch|p1a: Volcarona|Volcarona, F|373/373","|turn|13","|","|switch|p2a: Tylacto|Luxray, M, shiny|364/364","|move|p1a: Volcarona|Fiery Dance|p2a: Tylacto","|-damage|p2a: Tylacto|211/364","|-boost|p1a: Volcarona|spa|1","|","|turn|14","|","|move|p1a: Volcarona|Fiery Dance|p2a: Tylacto","|-crit|p2a: Tylacto","|-damage|p2a: Tylacto|0 fnt","|faint|p2a: Tylacto","|","|","|switch|p2a: Magneto's Balls|Magnezone, shiny|282/282","|turn|15","|","|move|p2a: Magneto's Balls|Thunderbolt|p1a: Volcarona","|-damage|p1a: Volcarona|151/373","|move|p1a: Volcarona|Quiver Dance|p1a: Volcarona","|-boost|p1a: Volcarona|spa|1","|-boost|p1a: Volcarona|spd|1","|-boost|p1a: Volcarona|spe|1","|","|-heal|p1a: Volcarona|174/373|[from] item: Leftovers","|turn|16","|","|move|p1a: Volcarona|Quiver Dance|p1a: Volcarona","|-boost|p1a: Volcarona|spa|1","|-boost|p1a: Volcarona|spd|1","|-boost|p1a: Volcarona|spe|1","|move|p2a: Magneto's Balls|Thunderbolt|p1a: Volcarona","|-damage|p1a: Volcarona|56/373","|","|-heal|p1a: Volcarona|79/373|[from] item: Leftovers","|turn|17","|","|move|p1a: Volcarona|Fiery Dance|p2a: Magneto's Balls","|-supereffective|p2a: Magneto's Balls","|-ability|p2a: Magneto's Balls|Sturdy","|-damage|p2a: Magneto's Balls|1/282","|move|p2a: Magneto's Balls|Thunderbolt|p1a: Volcarona","|-damage|p1a: Volcarona|0 fnt","|faint|p1a: Volcarona","|","|","|switch|p1a: Torkoal|Torkoal, F|343/343","|turn|18","|","|move|p2a: Magneto's Balls|Thunderbolt|p1a: Torkoal","|-damage|p1a: Torkoal|24/343","|move|p1a: Torkoal|Will-O-Wisp|p2a: Magneto's Balls","|-status|p2a: Magneto's Balls|brn","|","|-heal|p1a: Torkoal|45/343|[from] item: Leftovers","|-damage|p2a: Magneto's Balls|0 fnt|[from] brn","|faint|p2a: Magneto's Balls","|","|switch|p2a: Bolt|Manectric-Mega, M, shiny|281/281","|-ability|p2a: Bolt|Intimidate","|-fail|p1a: Torkoal|unboost|[from] ability: White Smoke|[of] p1a: Torkoal","|turn|19","|","|win|Alliance - Broken"],"p1rating":{"entryid":"262469","serverid":"eos","formatid":"monotype","userid":"kgbeast","username":"KGBeast","w":"5","l":7,"t":"0","gxe":45,"r":"1579.3834396316","rd":"116.66335634972","sigma":"0","rptime":"1440234000","rpr":1461.4781166202,"rprd":83.697590631067,"rpsigma":"0","acre":1016.042851577,"lacre":1016.042851577,"oldacre":"1032.2546238754"},"p2rating":{"entryid":304639,"formatid":"monotype","userid":"alliancebroken","username":"Alliance - Broken","r":1500,"rd":130,"sigma":0,"rpr":1549.4281995766,"rprd":122.9680694398,"rpsigma":0,"rptime":1440234000,"w":1,"l":0,"t":0,"gxe":56.2,"acre":1043.7028192402,"lacre":1043.7028192402,"oldacre":1000},"endType":"forfeit"}