{"seed":[480,61105,34966,40291],"turns":21,"p1":"Knight Applejack","p2":"TIL4-codypoke","p1team":[{"name":"Delibird","species":"Delibird","item":"choiceband","ability":"Hustle","moves":["aerialace","icepunch","iceshard","seedbomb"],"nature":"Jolly","evs":{"hp":0,"atk":252,"def":0,"spa":0,"spd":4,"spe":252},"ivs":{"hp":31,"atk":31,"def":31,"spa":31,"spd":31,"spe":31}},{"name":"Landorus-Therian","species":"Landorus-Therian","item":"choicescarf","ability":"Intimidate","moves":["earthquake","knockoff","stoneedge","uturn"],"nature":"Jolly","evs":{"hp":0,"atk":252,"def":0,"spa":0,"spd":4,"spe":252},"ivs":{"hp":31,"atk":31,"def":31,"spa":31,"spd":31,"spe":31}},{"name":"Aerodactyl","species":"Aerodactyl","item":"focussash","ability":"Rock Head","moves":["stealthrock","tailwind","taunt","stoneedge"],"nature":"Jolly","evs":{"hp":0,"atk":252,"def":0,"spa":0,"spd":0,"spe":252},"ivs":{"hp":31,"atk":31,"def":31,"spa":31,"spd":31,"spe":31}},{"name":"Mantine","species":"Mantine","item":"leftovers","ability":"Water Absorb","moves":["defog","scald","icebeam","toxic"],"nature":"Calm","evs":{"hp":252,"atk":0,"def":0,"spa":4,"spd":252,"spe":0},"ivs":{"hp":31,"atk":30,"def":30,"spa":31,"spd":31,"spe":31}},{"name":"Pidgeot","species":"Pidgeot","item":"pidgeotite","ability":"Keen Eye","moves":["hurricane","roost","substitute","heatwave"],"nature":"Timid","evs":{"hp":0,"atk":0,"def":0,"spa":252,"spd":4,"spe":252},"ivs":{"hp":31,"atk":30,"def":30,"spa":31,"spd":31,"spe":31}},{"name":"Salamence","species":"Salamence","item":"assaultvest","ability":"Intimidate","moves":["dracometeor","dragonclaw","flamethrower","earthquake"],"nature":"Hasty","evs":{"hp":0,"atk":252,"def":0,"spa":4,"spd":0,"spe":252},"ivs":{"hp":31,"atk":31,"def":31,"spa":31,"spd":31,"spe":31}}],"p2team":[{"name":"Gardevoir","species":"Gardevoir","item":"gardevoirite","ability":"Trace","moves":["hypervoice","psyshock","focusblast","willowisp"],"nature":"Timid","evs":{"hp":0,"atk":0,"def":24,"spa":232,"spd":0,"spe":252},"ivs":{"hp":31,"atk":31,"def":31,"spa":31,"spd":31,"spe":31}},{"name":"Diancie","species":"Diancie","item":"mentalherb","ability":"Clear Body","moves":["trickroom","stealthrock","explosion","diamondstorm"],"nature":"Sassy","evs":{"hp":252,"atk":0,"def":88,"spa":0,"spd":168,"spe":0},"ivs":{"hp":31,"atk":31,"def":31,"spa":31,"spd":31,"spe":31}},{"name":"Aromatisse","species":"Aromatisse","item":"leftovers","ability":"Aroma Veil","moves":["wish","protect","moonblast","aromatherapy"],"nature":"Bold","evs":{"hp":252,"atk":0,"def":244,"spa":0,"spd":0,"spe":12},"ivs":{"hp":31,"atk":31,"def":31,"spa":31,"spd":31,"spe":31}},{"name":"Klefki","species":"Klefki","item":"leftovers","ability":"Prankster","moves":["spikes","thunderwave","magnetrise","playrough"],"nature":"Careful","evs":{"hp":252,"atk":0,"def":4,"spa":0,"spd":252,"spe":0},"ivs":{"hp":31,"atk":31,"def":31,"spa":31,"spd":31,"spe":31}},{"name":"Togekiss","species":"Togekiss","item":"leftovers","ability":"Serene Grace","moves":["nastyplot","airslash","thunderwave","roost"],"nature":"Timid","evs":{"hp":252,"atk":0,"def":76,"spa":0,"spd":4,"spe":176},"ivs":{"hp":31,"atk":31,"def":31,"spa":31,"spd":31,"spe":31}},{"name":"Azumarill","species":"Azumarill","item":"choiceband","ability":"Huge Power","moves":["playrough","waterfall","aquajet","superpower"],"nature":"Adamant","evs":{"hp":172,"atk":252,"def":0,"spa":0,"spd":0,"spe":84},"ivs":{"hp":31,"atk":31,"def":31,"spa":31,"spd":31,"spe":31}}],"log":["|player|p1|Knight Applejack|27","|player|p2|TIL4-codypoke|1","|gametype|singles","|gen|6","|tier|Monotype","|rated","|rule|Baton Pass Clause: Limit one Baton Passer, can't pass Spe and other stats simultaneously","|rule|Swagger Clause: Swagger is banned","|rule|Same Type Clause: Pokémon in a team must share a type","|clearpoke","|poke|p1|Delibird, M","|poke|p1|Landorus-Therian, M","|poke|p1|Aerodactyl, F","|poke|p1|Mantine, M","|poke|p1|Pidgeot, F","|poke|p1|Salamence, M","|poke|p2|Gardevoir, M","|poke|p2|Diancie","|poke|p2|Aromatisse, M","|poke|p2|Klefki, M","|poke|p2|Togekiss, F","|poke|p2|Azumarill, M","|rule|Sleep Clause Mod: Limit one foe put to sleep","|rule|Species Clause: Limit one of each Pokémon","|rule|OHKO Clause: OHKO moves are banned","|rule|Moody Clause: Moody is banned","|rule|Evasion Moves Clause: Evasion moves are banned","|rule|Endless Battle Clause: Forcing endless battles is banned","|rule|HP Percentage Mod: HP is shown in percentages","|teampreview","|","|start","|switch|p1a: Mantine|Mantine, M|334/334","|switch|p2a: Klefki|Klefki, M|318/318","|turn|1","|","|move|p2a: Klefki|Thunder Wave|p1a: Mantine","|-status|p1a: Mantine|par","|cant|p1a: Mantine|par","|","|turn|2","|","|move|p2a: Klefki|Spikes|p1a: Mantine","|-sidestart|p1: Knight Applejack|Spikes","|move|p1a: Mantine|Scald|p2a: Klefki","|-damage|p2a: Klefki|252/318","|","|-heal|p2a: Klefki|271/318|[from] item: Leftovers","|turn|3","|","|move|p2a: Klefki|Spikes|p1a: Mantine","|-sidestart|p1: Knight Applejack|Spikes","|move|p1a: Mantine|Scald|p2a: Klefki","|-damage|p2a: Klefki|211/318","|-status|p2a: Klefki|brn","|","|-heal|p2a: Klefki|230/318 brn|[from] item: Leftovers","|-damage|p2a: Klefki|191/318 brn|[from] brn","|turn|4","|","|move|p2a: Klefki|Spikes|p1a: Mantine","|-sidestart|p1: Knight Applejack|Spikes","|cant|p1a: Mantine|par","|","|-heal|p2a: Klefki|210/318 brn|[from] item: Leftovers","|-damage|p2a: Klefki|171/318 brn|[from] brn","|turn|5","|","|move|p2a: Klefki|Play Rough|p1a: Mantine","|-damage|p1a: Mantine|277/334 par","|move|p1a: Mantine|Scald|p2a: Klefki","|-damage|p2a: Klefki|111/318 brn","|","|-heal|p2a: Klefki|130/318 brn|[from] item: Leftovers","|-heal|p1a: Mantine|297/334 par|[from] item: Leftovers","|-damage|p2a: Klefki|91/318 brn|[from] brn","|turn|6","|","|move|p2a: Klefki|Play Rough|p1a: Mantine","|-damage|p1a: Mantine|243/334 par","|move|p1a: Mantine|Scald|p2a: Klefki","|-damage|p2a: Klefki|31/318 brn","|","|-heal|p2a: Klefki|50/318 brn|[from] item: Leftovers","|-heal|p1a: Mantine|263/334 par|[from] item: Leftovers","|-damage|p2a: Klefki|11/318 brn|[from] brn","|turn|7","|","|move|p2a: Klefki|Play Rough|p1a: Mantine","|-damage|p1a: Mantine|200/334 par","|move|p1a: Mantine|Scald|p2a: Klefki","|-damage|p2a: Klefki|0 fnt","|faint|p2a: Klefki","|","|-heal|p1a: Mantine|220/334 par|[from] item: Leftovers","|","|switch|p2a: Gardevoir|Gardevoir, M|277/277","|-ability|p2a: Gardevoir|Water Absorb|[from] ability: Trace|[of] p1a: Mantine","|turn|8","|","|detailschange|p2a: Gardevoir|Gardevoir-Mega, M","|-mega|p2a: Gardevoir|Gardevoir|Gardevoirite","|move|p2a: Gardevoir|Hyper Voice|p1a: Mantine","|-damage|p1a: Mantine|87/334 par","|move|p1a: Mantine|Toxic|p2a: Gardevoir","|-status|p2a: Gardevoir|tox","|","|-heal|p1a: Mantine|107/334 par|[from] item: Leftovers","|-damage|p2a: Gardevoir|260/277 tox|[from] psn","|turn|9","|","|move|p2a: Gardevoir|Hyper Voice|p1a: Mantine","|-damage|p1a: Mantine|0 fnt","|faint|p1a: Mantine","|","|-damage|p2a: Gardevoir|226/277 tox|[from] psn","|","|switch|p1a: Aerodactyl|Aerodactyl, F|301/301","|turn|10","|","|move|p1a: Aerodactyl|Stealth Rock|p2a: Gardevoir","|-sidestart|p2: TIL4-codypoke|move: Stealth Rock","|move|p2a: Gardevoir|Hyper Voice|p1a: Aerodactyl","|-enditem|p1a: Aerodactyl|Focus Sash","|-damage|p1a: Aerodactyl|1/301","|","|-damage|p2a: Gardevoir|175/277 tox|[from] psn","|turn|11","|","|move|p1a: Aerodactyl|Stone Edge|p2a: Gardevoir","|-damage|p2a: Gardevoir|0 fnt","|faint|p2a: Gardevoir","|","|","|switch|p2a: Diancie|Diancie|304/304","|-damage|p2a: Diancie|266/304|[from] Stealth Rock","|turn|12","|","|move|p1a: Aerodactyl|Tailwind|p1a: Aerodactyl","|-sidestart|p1: Knight Applejack|move: Tailwind","|move|p2a: Diancie|Trick Room|p2a: Diancie","|-fieldstart|move: Trick Room|[of] p2a: Diancie","|","|turn|13","|","|move|p2a: Diancie|Stealth Rock|p1a: Aerodactyl","|-sidestart|p1: Knight Applejack|move: Stealth Rock","|move|p1a: Aerodactyl|Taunt|p2a: Diancie","|-start|p2a: Diancie|move: Taunt","|-enditem|p2a: Diancie|Mental Herb","|-end|p2a: Diancie|move: Attract|[from] item: Mental Herb","|-end|p2a: Diancie|move: Taunt","|","|turn|14","|","|move|p2a: Diancie|Diamond Storm|p1a: Aerodactyl","|-supereffective|p1a: Aerodactyl","|-damage|p1a: Aerodactyl|0 fnt","|-boost|p2a: Diancie|def|1","|faint|p1a: Aerodactyl","|","|","|switch|p1a: Salamence|Salamence, M|331/331","|-damage|p1a: Salamence|249/331|[from] Stealth Rock","|-ability|p1a: Salamence|Intimidate","|-fail|p2a: Diancie|unboost|[from] ability: Clear Body|[of] p2a: Diancie","|turn|15","|","|move|p2a: Diancie|Diamond Storm|p1a: Salamence","|-supereffective|p1a: Salamence","|-damage|p1a: Salamence|0 fnt","|faint|p1a: Salamence","|","|-sideend|p1: Knight Applejack|move: Tailwind","|","|switch|p1a: Landorus-Therian|Landorus-Therian, M|319/319","|-damage|p1a: Landorus-Therian|280/319|[from] Stealth Rock","|-ability|p1a: Landorus-Therian|Intimidate","|-fail|p2a: Diancie|unboost|[from] ability: Clear Body|[of] p2a: Diancie","|turn|16","|","|move|p2a: Diancie|Diamond Storm|p1a: Landorus-Therian","|-damage|p1a: Landorus-Therian|150/319","|-boost|p2a: Diancie|def|1","|move|p1a: Landorus-Therian|Earthquake|p2a: Diancie","|-supereffective|p2a: Diancie","|-damage|p2a: Diancie|134/304","|","|-fieldend|move: Trick Room","|turn|17","|","|move|p1a: Landorus-Therian|Earthquake|p2a: Diancie","|-crit|p2a: Diancie","|-supereffective|p2a: Diancie","|-damage|p2a: Diancie|0 fnt","|faint|p2a: Diancie","|","|","|switch|p2a: Azumarill|Azumarill, M|384/384","|-damage|p2a: Azumarill|336/384|[from] Stealth Rock","|turn|18","|","|move|p2a: Azumarill|Aqua Jet|p1a: Landorus-Therian","|-supereffective|p1a: Landorus-Therian","|-damage|p1a: Landorus-Therian|0 fnt","|faint|p1a: Landorus-Therian","|","|","|switch|p1a: Delibird|Delibird, M|231/231","|-damage|p1a: Delibird|116/231|[from] Stealth Rock","|turn|19","|","|move|p2a: Azumarill|Aqua Jet|p1a: Delibird","|-damage|p1a: Delibird|0 fnt","|faint|p1a: Delibird","|","|","|switch|p1a: Pidgeot|Pidgeot, F|307/307","|-damage|p1a: Pidgeot|231/307|[from] Stealth Rock","|turn|20","|","|detailschange|p1a: Pidgeot|Pidgeot-Mega, F","|-mega|p1a: Pidgeot|Pidgeot|Pidgeotite","|move|p2a: Azumarill|Aqua Jet|p1a: Pidgeot","|-damage|p1a: Pidgeot|60/307","|move|p1a: Pidgeot|Hurricane|p2a: Azumarill","|-damage|p2a: Azumarill|108/384","|","|turn|21","|","|move|p2a: Azumarill|Aqua Jet|p1a: Pidgeot","|-damage|p1a: Pidgeot|0 fnt","|faint|p1a: Pidgeot","|","|win|TIL4-codypoke"],"p1rating":{"entryid":"323490","serverid":"eos","formatid":"monotype","userid":"knightapplejack","username":"Knight Applejack","w":"0","l":2,"t":"0","gxe":39.4,"r":"1500","rd":"130","sigma":"0","rptime":"1440234000","rpr":1414.0770137809,"rprd":116.70152494595,"rpsigma":"0","acre":1000,"lacre":1000,"oldacre":"1000"},"p2rating":{"entryid":323976,"formatid":"monotype","userid":"til4codypoke","username":"TIL4-codypoke","r":1500,"rd":130,"sigma":0,"rpr":1540.1606143388,"rprd":122.8583080769,"rpsigma":0,"rptime":1440234000,"w":1,"l":0,"t":0,"gxe":55,"acre":1040,"lacre":1040,"oldacre":1000},"endType":"normal"}