{"seed":[23825,11682,21077,53742],"turns":24,"p1":"TS Articuno","p2":"Knight♕Altair","p1team":[{"name":"purply","species":"jynx","item":"leftovers","ability":"Forewarn","moves":["psychic","icebeam","nastyplot","lovelykiss"],"nature":"Modest","evs":{"hp":252,"atk":0,"def":0,"spa":252,"spd":4,"spe":0},"ivs":{"hp":31,"atk":31,"def":31,"spa":31,"spd":31,"spe":31}},{"name":"Kyurem-Black","species":"Kyurem-Black","item":"choicescarf","ability":"Teravolt","moves":["dragonclaw","stoneedge","fusionbolt","ironhead"],"nature":"Jolly","evs":{"hp":0,"atk":252,"def":0,"spa":0,"spd":4,"spe":252},"ivs":{"hp":31,"atk":31,"def":31,"spa":31,"spd":31,"spe":31}},{"name":"Froslass","species":"Froslass","item":"leftovers","ability":"Cursed Body","moves":["spikes","psychic","rest","shadowball"],"nature":"Timid","evs":{"hp":0,"atk":0,"def":0,"spa":252,"spd":4,"spe":252},"ivs":{"hp":31,"atk":31,"def":31,"spa":31,"spd":31,"spe":31}},{"name":"Avalugg","species":"Avalugg","item":"leftovers","ability":"Own Tempo","moves":["recover","rapidspin","earthquake","avalanche"],"nature":"Impish","evs":{"hp":252,"atk":4,"def":252,"spa":0,"spd":0,"spe":0},"shiny":true,"ivs":{"hp":31,"atk":31,"def":31,"spa":31,"spd":31,"spe":31}},{"name":"arti","species":"articuno","item":"leftovers","ability":"Pressure","moves":["roost","hurricane","hiddenpowerground","freezedry"],"nature":"Modest","evs":{"hp":252,"atk":0,"def":0,"spa":252,"spd":4,"spe":0},"ivs":{"hp":31,"atk":31,"def":31,"spa":30,"spd":30,"spe":31}},{"name":"Walrein","species":"Walrein","item":"choicespecs","ability":"Thick Fat","moves":["hiddenpowerfire","icebeam","signalbeam","waterpulse"],"nature":"Relaxed","evs":{"hp":248,"atk":8,"def":248,"spa":4,"spd":0,"spe":0},"ivs":{"hp":31,"atk":30,"def":31,"spa":30,"spd":31,"spe":30}}],"p2team":[{"name":"Take a Chance xd","species":"chansey","item":"eviolite","ability":"Natural Cure","moves":["thunderwave","softboiled","seismictoss","healbell"],"nature":"Bold","evs":{"hp":0,"atk":252,"def":4,"spa":0,"spd":0,"spe":252},"ivs":{"hp":31,"atk":31,"def":31,"spa":31,"spd":31,"spe":31}},{"name":"Im very Punny xd","species":"lopunny","item":"lopunnite","ability":"Limber","moves":["highjumpkick","return","fakeout","icepunch"],"nature":"Jolly","evs":{"hp":0,"atk":252,"def":4,"spa":0,"spd":0,"spe":252},"ivs":{"hp":31,"atk":31,"def":31,"spa":31,"spd":31,"spe":31}},{"name":"Pory is gone 2 far","species":"porygon2","item":"eviolite","ability":"Trace","moves":["toxic","icebeam","discharge","recover"],"nature":"Bold","evs":{"hp":252,"atk":0,"def":252,"spa":4,"spd":0,"spe":0},"ivs":{"hp":31,"atk":31,"def":31,"spa":31,"spd":31,"spe":31}},{"name":"Mellow Out D00d","species":"meloetta","item":"lifeorb","ability":"Serene Grace","moves":["relicsong","psychic","closecombat","knockoff"],"nature":"Naive","evs":{"hp":0,"atk":128,"def":0,"spa":128,"spd":0,"spe":252},"ivs":{"hp":31,"atk":31,"def":31,"spa":31,"spd":31,"spe":31}},{"name":"The Raptorz Star","species":"staraptor","item":"choicescarf","ability":"Intimidate","moves":["bravebird","doubleedge","closecombat","uturn"],"nature":"Jolly","evs":{"hp":0,"atk":252,"def":4,"spa":0,"spd":0,"spe":252},"ivs":{"hp":31,"atk":31,"def":31,"spa":31,"spd":31,"spe":31}},{"name":"TheFunniestBunny","species":"diggersby","item":"focussash","ability":"Huge Power","moves":["return","earthquake","quickattack","firepunch"],"nature":"Adamant","evs":{"hp":0,"atk":252,"def":4,"spa":0,"spd":0,"spe":252},"ivs":{"hp":31,"atk":31,"def":31,"spa":31,"spd":31,"spe":31}}],"log":["|player|p1|TS Articuno|268","|player|p2|Knight♕Altair|104","|gametype|singles","|gen|6","|tier|Monotype","|rated","|rule|Baton Pass Clause: Limit one Baton Passer, can't pass Spe and other stats simultaneously","|rule|Swagger Clause: Swagger is banned","|rule|Same Type Clause: Pokémon in a team must share a type","|clearpoke","|poke|p1|Jynx, F","|poke|p1|Kyurem-Black","|poke|p1|Froslass, F","|poke|p1|Avalugg, F, shiny","|poke|p1|Articuno","|poke|p1|Walrein, F","|poke|p2|Chansey, F","|poke|p2|Lopunny, F","|poke|p2|Porygon2","|poke|p2|Meloetta","|poke|p2|Staraptor, F","|poke|p2|Diggersby, F","|rule|Sleep Clause Mod: Limit one foe put to sleep","|rule|Species Clause: Limit one of each Pokémon","|rule|OHKO Clause: OHKO moves are banned","|rule|Moody Clause: Moody is banned","|rule|Evasion Moves Clause: Evasion moves are banned","|rule|Endless Battle Clause: Forcing endless battles is banned","|rule|HP Percentage Mod: HP is shown in percentages","|teampreview","|","|start","|switch|p1a: Froslass|Froslass, F|281/281","|switch|p2a: TheFunniestBunny|Diggersby, F|311/311","|turn|1","|","|move|p1a: Froslass|Spikes|p2a: TheFunniestBunny","|-sidestart|p2: Knight♕Altair|Spikes","|move|p2a: TheFunniestBunny|Fire Punch|p1a: Froslass","|-supereffective|p1a: Froslass","|-damage|p1a: Froslass|0 fnt","|faint|p1a: Froslass","|","|","|switch|p1a: Walrein|Walrein, F|423/423","|turn|2","|","|switch|p2a: Mellow Out D00d|Meloetta|341/341","|-damage|p2a: Mellow Out D00d|299/341|[from] Spikes","|move|p1a: Walrein|Water Pulse|p2a: Mellow Out D00d","|-damage|p2a: Mellow Out D00d|200/341","|-start|p2a: Mellow Out D00d|confusion","|","|turn|3","|","|-activate|p2a: Mellow Out D00d|confusion","|-damage|p2a: Mellow Out D00d|148/341|[from] confusion","|move|p1a: Walrein|Water Pulse|p2a: Mellow Out D00d","|-damage|p2a: Mellow Out D00d|52/341","|","|turn|4","|","|-end|p2a: Mellow Out D00d|confusion","|move|p2a: Mellow Out D00d|Relic Song|p1a: Walrein","|-damage|p1a: Walrein|244/423","|-damage|p2a: Mellow Out D00d|18/341|[from] item: Life Orb","|-formechange|p2a: Mellow Out D00d|Meloetta-Pirouette|[msg]","|move|p1a: Walrein|Water Pulse|p2a: Mellow Out D00d","|-damage|p2a: Mellow Out D00d|0 fnt","|faint|p2a: Mellow Out D00d","|","|","|switch|p2a: Im very Punny xd|Lopunny, F|271/271","|-damage|p2a: Im very Punny xd|238/271|[from] Spikes","|turn|5","|","|switch|p1a: Avalugg|Avalugg, F, shiny|394/394","|detailschange|p2a: Im very Punny xd|Lopunny-Mega, F","|-mega|p2a: Im very Punny xd|Lopunny|Lopunnite","|move|p2a: Im very Punny xd|Fake Out|p1a: Avalugg","|-damage|p1a: Avalugg|357/394","|","|-heal|p1a: Avalugg|381/394|[from] item: Leftovers","|turn|6","|","|move|p2a: Im very Punny xd|High Jump Kick|p1a: Avalugg|[miss]","|-miss|p2a: Im very Punny xd|p1a: Avalugg","|-damage|p2a: Im very Punny xd|103/271|[from] highjumpkick","|move|p1a: Avalugg|Avalanche|p2a: Im very Punny xd","|-damage|p2a: Im very Punny xd|21/271","|","|-heal|p1a: Avalugg|394/394|[from] item: Leftovers","|turn|7","|","|move|p2a: Im very Punny xd|High Jump Kick|p1a: Avalugg","|-supereffective|p1a: Avalugg","|-damage|p1a: Avalugg|164/394","|move|p1a: Avalugg|Recover|p1a: Avalugg","|-heal|p1a: Avalugg|361/394","|","|-heal|p1a: Avalugg|385/394|[from] item: Leftovers","|turn|8","|","|switch|p1a: arti|Articuno|384/384","|-ability|p1a: arti|Pressure","|move|p2a: Im very Punny xd|High Jump Kick|p1a: arti","|-damage|p1a: arti|131/384","|","|-heal|p1a: arti|155/384|[from] item: Leftovers","|turn|9","|","|move|p2a: Im very Punny xd|Return|p1a: arti","|-damage|p1a: arti|0 fnt","|faint|p1a: arti","|","|","|switch|p1a: Kyurem-Black|Kyurem-Black|391/391","|-ability|p1a: Kyurem-Black|Teravolt","|turn|10","|","|move|p1a: Kyurem-Black|Dragon Claw|p2a: Im very Punny xd","|-damage|p2a: Im very Punny xd|0 fnt","|faint|p2a: Im very Punny xd","|","|","|switch|p2a: The Raptorz Star|Staraptor, F|311/311","|-ability|p2a: The Raptorz Star|Intimidate","|-unboost|p1a: Kyurem-Black|atk|1","|turn|11","|","|switch|p1a: Walrein|Walrein, F|244/423","|move|p2a: The Raptorz Star|Close Combat|p1a: Walrein","|-supereffective|p1a: Walrein","|-damage|p1a: Walrein|40/423","|-unboost|p2a: The Raptorz Star|def|1","|-unboost|p2a: The Raptorz Star|spd|1","|","|turn|12","|","|move|p2a: The Raptorz Star|Close Combat|p1a: Walrein","|-supereffective|p1a: Walrein","|-damage|p1a: Walrein|0 fnt","|-unboost|p2a: The Raptorz Star|def|1","|-unboost|p2a: The Raptorz Star|spd|1","|faint|p1a: Walrein","|","|","|switch|p1a: purply|Jynx, F|334/334","|-activate|p1a: purply|ability: Forewarn|Brave Bird|[of] p2a: The Raptorz Star","|turn|13","|","|switch|p2a: TheFunniestBunny|Diggersby, F|311/311","|-damage|p2a: TheFunniestBunny|273/311|[from] Spikes","|move|p1a: purply|Lovely Kiss|p2a: TheFunniestBunny","|-status|p2a: TheFunniestBunny|slp","|","|turn|14","|","|switch|p2a: The Raptorz Star|Staraptor, F|311/311","|-ability|p2a: The Raptorz Star|Intimidate","|-unboost|p1a: purply|atk|1","|move|p1a: purply|Nasty Plot|p1a: purply","|-boost|p1a: purply|spa|2","|","|turn|15","|","|move|p2a: The Raptorz Star|Brave Bird|p1a: purply","|-damage|p1a: purply|0 fnt","|-damage|p2a: The Raptorz Star|201/311|[from] recoil|[of] p1a: purply","|faint|p1a: purply","|","|","|switch|p1a: Avalugg|Avalugg, F, shiny|385/394","|turn|16","|","|switch|p2a: TheFunniestBunny|Diggersby, F|273/311 slp","|-damage|p2a: TheFunniestBunny|235/311 slp|[from] Spikes","|move|p1a: Avalugg|Avalanche|p2a: TheFunniestBunny","|-supereffective|p2a: TheFunniestBunny","|-damage|p2a: TheFunniestBunny|49/311 slp","|","|-heal|p1a: Avalugg|394/394|[from] item: Leftovers","|turn|17","|","|cant|p2a: TheFunniestBunny|slp","|move|p1a: Avalugg|Avalanche|p2a: TheFunniestBunny","|-supereffective|p2a: TheFunniestBunny","|-damage|p2a: TheFunniestBunny|0 fnt","|faint|p2a: TheFunniestBunny","|","|","|switch|p2a: The Raptorz Star|Staraptor, F|201/311","|-ability|p2a: The Raptorz Star|Intimidate","|-unboost|p1a: Avalugg|atk|1","|turn|18","|","|move|p2a: The Raptorz Star|Close Combat|p1a: Avalugg","|-supereffective|p1a: Avalugg","|-damage|p1a: Avalugg|264/394","|-unboost|p2a: The Raptorz Star|def|1","|-unboost|p2a: The Raptorz Star|spd|1","|move|p1a: Avalugg|Avalanche|p2a: The Raptorz Star","|-supereffective|p2a: The Raptorz Star","|-damage|p2a: The Raptorz Star|0 fnt","|faint|p2a: The Raptorz Star","|","|-heal|p1a: Avalugg|288/394|[from] item: Leftovers","|","|switch|p2a: Pory is gone 2 far|Porygon2|374/374","|-damage|p2a: Pory is gone 2 far|328/374|[from] Spikes","|-ability|p2a: Pory is gone 2 far|Own Tempo|[from] ability: Trace|[of] p1a: Avalugg","|turn|19","|","|move|p2a: Pory is gone 2 far|Toxic|p1a: Avalugg","|-status|p1a: Avalugg|tox","|move|p1a: Avalugg|Avalanche|p2a: Pory is gone 2 far","|-damage|p2a: Pory is gone 2 far|298/374","|","|-heal|p1a: Avalugg|312/394 tox|[from] item: Leftovers","|-damage|p1a: Avalugg|288/394 tox|[from] psn","|turn|20","|","|switch|p1a: Kyurem-Black|Kyurem-Black|391/391","|-ability|p1a: Kyurem-Black|Teravolt","|move|p2a: Pory is gone 2 far|Discharge|p1a: Kyurem-Black","|-resisted|p1a: Kyurem-Black","|-damage|p1a: Kyurem-Black|353/391","|-status|p1a: Kyurem-Black|par","|","|turn|21","|","|move|p2a: Pory is gone 2 far|Recover|p2a: Pory is gone 2 far","|-heal|p2a: Pory is gone 2 far|374/374","|move|p1a: Kyurem-Black|Stone Edge|p2a: Pory is gone 2 far","|-crit|p2a: Pory is gone 2 far","|-damage|p2a: Pory is gone 2 far|255/374","|","|turn|22","|","|move|p2a: Pory is gone 2 far|Discharge|p1a: Kyurem-Black","|-resisted|p1a: Kyurem-Black","|-damage|p1a: Kyurem-Black|319/391 par","|move|p1a: Kyurem-Black|Stone Edge|p2a: Pory is gone 2 far","|-damage|p2a: Pory is gone 2 far|185/374","|","|turn|23","|","|move|p2a: Pory is gone 2 far|Recover|p2a: Pory is gone 2 far","|-heal|p2a: Pory is gone 2 far|372/374","|move|p1a: Kyurem-Black|Stone Edge|p2a: Pory is gone 2 far","|-damage|p2a: Pory is gone 2 far|299/374","|","|turn|24","|","|win|Knight♕Altair"],"p1rating":{"entryid":"301882","serverid":"eos","formatid":"monotype","userid":"tsarticuno","username":"TS Articuno","w":"0","l":2,"t":"0","gxe":40.9,"r":"1500","rd":"130","sigma":"0","rptime":"1440234000","rpr":1426.976195821,"rprd":115.94034076304,"rpsigma":"0","acre":1000,"lacre":1000,"oldacre":"1000"},"p2rating":{"entryid":"39559","serverid":"eos","formatid":"monotype","userid":"knightaltair","username":"Knight♕Altair","w":5,"l":"7","t":"0","gxe":45.5,"r":"1493.0366039664","rd":"92.595214940274","sigma":"0","rptime":"1440234000","rpr":1465.0493986081,"rprd":83.041787746755,"rpsigma":"0","acre":1056.6381053702,"lacre":1056.6381053702,"oldacre":"1022.3431572203"},"endType":"forfeit"}