{"seed":[63059,23933,23563,1852],"turns":32,"p1":"Adviser♕Boo","p2":"Adviser♕Dooms","p1team":[{"name":"Mandibuzz","species":"Mandibuzz","item":"rockyhelmet","ability":"Overcoat","moves":["knockoff","foulplay","roost","defog"],"nature":"Impish","evs":{"hp":248,"atk":8,"def":252,"spa":0,"spd":0,"spe":0},"ivs":{"hp":31,"atk":31,"def":31,"spa":31,"spd":31,"spe":31}},{"name":"Hoopa-Unbound","species":"Hoopa-Unbound","item":"leftovers","ability":"Magician","moves":["drainpunch","darkpulse","foulplay","gunkshot"],"nature":"Lonely","evs":{"hp":252,"atk":144,"def":0,"spa":112,"spd":0,"spe":0},"ivs":{"hp":31,"atk":31,"def":31,"spa":31,"spd":31,"spe":31}},{"name":"Sableye","species":"Sableye","item":"sablenite","ability":"Prankster","moves":["willowisp","calmmind","darkpulse","recover"],"nature":"Careful","evs":{"hp":252,"atk":4,"def":0,"spa":0,"spd":252,"spe":0},"ivs":{"hp":31,"atk":31,"def":31,"spa":31,"spd":31,"spe":31}},{"name":"Scrafty","species":"Scrafty","item":"lifeorb","ability":"Moxie","moves":["dragondance","crunch","drainpunch","ironhead"],"nature":"Adamant","evs":{"hp":0,"atk":252,"def":0,"spa":0,"spd":4,"spe":252},"ivs":{"hp":31,"atk":31,"def":31,"spa":31,"spd":31,"spe":31}},{"name":"Hydreigon","species":"Hydreigon","item":"lifeorb","ability":"Levitate","moves":["dracometeor","darkpulse","fireblast","roost"],"nature":"Timid","evs":{"hp":0,"atk":0,"def":0,"spa":252,"spd":4,"spe":252},"ivs":{"hp":31,"atk":31,"def":31,"spa":31,"spd":31,"spe":31}},{"name":"Umbreon","species":"Umbreon","item":"leftovers","ability":"Synchronize","moves":["moonlight","foulplay","toxic","healbell"],"nature":"Calm","evs":{"hp":252,"atk":0,"def":4,"spa":0,"spd":252,"spe":0},"ivs":{"hp":31,"atk":31,"def":31,"spa":31,"spd":31,"spe":31}}],"p2team":[{"name":"Invasi0n","species":"gyarados","item":"gyaradosite","ability":"Intimidate","moves":["dragondance","waterfall","rest","sleeptalk"],"nature":"Careful","evs":{"hp":248,"atk":0,"def":92,"spa":0,"spd":68,"spe":100},"gender":"M","shiny":true,"ivs":{"hp":31,"atk":31,"def":31,"spa":31,"spd":31,"spe":31}},{"name":"Dark Crow","species":"mandibuzz","item":"leftovers","ability":"Overcoat","moves":["taunt","roost","defog","foulplay"],"nature":"Careful","evs":{"hp":196,"atk":0,"def":56,"spa":0,"spd":200,"spe":56},"shiny":true,"ivs":{"hp":31,"atk":31,"def":31,"spa":31,"spd":31,"spe":31}},{"name":"Skarmory","species":"Skarmory","item":"rockyhelmet","ability":"Sturdy","moves":["bravebird","roost","whirlwind","defog"],"nature":"Impish","evs":{"hp":248,"atk":0,"def":236,"spa":0,"spd":0,"spe":24},"gender":"M","shiny":true,"ivs":{"hp":31,"atk":31,"def":31,"spa":31,"spd":31,"spe":31}},{"name":"Diamond Check","species":"gliscor","item":"toxicorb","ability":"Poison Heal","moves":["earthquake","toxic","stealthrock","roost"],"nature":"Careful","evs":{"hp":252,"atk":4,"def":0,"spa":0,"spd":252,"spe":0},"gender":"M","shiny":true,"ivs":{"hp":31,"atk":31,"def":31,"spa":31,"spd":31,"spe":31}},{"name":"Almighty","species":"landorus","item":"lifeorb","ability":"Sheer Force","moves":["earthpower","sludgewave","psychic","focusblast"],"nature":"Timid","evs":{"hp":0,"atk":0,"def":0,"spa":252,"spd":4,"spe":252},"shiny":true,"ivs":{"hp":31,"atk":31,"def":31,"spa":31,"spd":31,"spe":31}},{"name":"Zapdos","species":"Zapdos","item":"leftovers","ability":"Pressure","moves":["toxic","heatwave","roost","discharge"],"nature":"Bold","evs":{"hp":248,"atk":0,"def":252,"spa":0,"spd":8,"spe":0},"ivs":{"hp":31,"atk":0,"def":31,"spa":31,"spd":31,"spe":31},"shiny":true}],"log":["|player|p1|Adviser♕Boo|adviserboo.gif","|player|p2|Adviser♕Dooms|154","|gametype|singles","|gen|6","|tier|Monotype","|rated","|rule|Baton Pass Clause: Limit one Baton Passer, can't pass Spe and other stats simultaneously","|rule|Swagger Clause: Swagger is banned","|rule|Same Type Clause: Pokémon in a team must share a type","|clearpoke","|poke|p1|Mandibuzz, F","|poke|p1|Hoopa-Unbound","|poke|p1|Sableye, M","|poke|p1|Scrafty, M","|poke|p1|Hydreigon, M","|poke|p1|Umbreon, F","|poke|p2|Gyarados, M, shiny","|poke|p2|Mandibuzz, F, shiny","|poke|p2|Skarmory, M, shiny","|poke|p2|Gliscor, M, shiny","|poke|p2|Landorus, M, shiny","|poke|p2|Zapdos, shiny","|rule|Sleep Clause Mod: Limit one foe put to sleep","|rule|Species Clause: Limit one of each Pokémon","|rule|OHKO Clause: OHKO moves are banned","|rule|Moody Clause: Moody is banned","|rule|Evasion Moves Clause: Evasion moves are banned","|rule|Endless Battle Clause: Forcing endless battles is banned","|rule|HP Percentage Mod: HP is shown in percentages","|teampreview","|","|start","|switch|p1a: Sableye|Sableye, M|304/304","|switch|p2a: Diamond Check|Gliscor, M, shiny|354/354","|turn|1","|","|detailschange|p1a: Sableye|Sableye-Mega, M","|-mega|p1a: Sableye|Sableye|Sablenite","|move|p1a: Sableye|Calm Mind|p1a: Sableye","|-boost|p1a: Sableye|spa|1","|-boost|p1a: Sableye|spd|1","|move|p2a: Diamond Check|Toxic|p1a: Sableye","|move|p1a: Sableye|Toxic|p2a: Diamond Check|[from]Magic Bounce","|-status|p2a: Diamond Check|tox","|","|turn|2","|","|move|p2a: Diamond Check|Earthquake|p1a: Sableye","|-damage|p1a: Sableye|210/304","|move|p1a: Sableye|Calm Mind|p1a: Sableye","|-boost|p1a: Sableye|spa|1","|-boost|p1a: Sableye|spd|1","|","|turn|3","|","|switch|p2a: Invasi0n|Gyarados, M, shiny|393/393","|-ability|p2a: Invasi0n|Intimidate","|-unboost|p1a: Sableye|atk|1","|move|p1a: Sableye|Recover|p1a: Sableye","|-heal|p1a: Sableye|304/304","|","|turn|4","|","|switch|p2a: Skarmory|Skarmory, M, shiny|333/333","|move|p1a: Sableye|Will-O-Wisp|p2a: Skarmory|[miss]","|-miss|p1a: Sableye|p2a: Skarmory","|","|turn|5","|","|switch|p2a: Invasi0n|Gyarados, M, shiny|393/393","|-ability|p2a: Invasi0n|Intimidate","|-unboost|p1a: Sableye|atk|1","|move|p1a: Sableye|Dark Pulse|p2a: Invasi0n","|-damage|p2a: Invasi0n|278/393","|","|turn|6","|","|detailschange|p2a: Invasi0n|Gyarados-Mega, M, shiny","|-mega|p2a: Invasi0n|Gyarados|Gyaradosite","|-ability|p2a: Invasi0n|Mold Breaker","|move|p2a: Invasi0n|Dragon Dance|p2a: Invasi0n","|-boost|p2a: Invasi0n|atk|1","|-boost|p2a: Invasi0n|spe|1","|move|p1a: Sableye|Will-O-Wisp|p2a: Invasi0n","|-status|p2a: Invasi0n|brn","|","|-damage|p2a: Invasi0n|229/393 brn|[from] brn","|turn|7","|","|move|p2a: Invasi0n|Dragon Dance|p2a: Invasi0n","|-boost|p2a: Invasi0n|atk|1","|-boost|p2a: Invasi0n|spe|1","|move|p1a: Sableye|Calm Mind|p1a: Sableye","|-boost|p1a: Sableye|spa|1","|-boost|p1a: Sableye|spd|1","|","|-damage|p2a: Invasi0n|180/393 brn|[from] brn","|turn|8","|","|move|p2a: Invasi0n|Rest|p2a: Invasi0n","|-status|p2a: Invasi0n|slp","|-heal|p2a: Invasi0n|393/393 slp|[silent]","|-status|p2a: Invasi0n|slp|[from] move: Rest","|move|p1a: Sableye|Dark Pulse|p2a: Invasi0n","|-resisted|p2a: Invasi0n","|-damage|p2a: Invasi0n|330/393 slp","|","|turn|9","|","|switch|p1a: Mandibuzz|Mandibuzz, F|423/423","|cant|p2a: Invasi0n|slp","|move|p2a: Invasi0n|Sleep Talk|p2a: Invasi0n","|move|p2a: Invasi0n|Waterfall|p1a: Mandibuzz|[from]Sleep Talk","|-damage|p1a: Mandibuzz|234/423","|-damage|p2a: Invasi0n|265/393 slp|[from] item: Rocky Helmet|[of] p1a: Mandibuzz","|","|turn|10","|","|cant|p2a: Invasi0n|slp","|move|p2a: Invasi0n|Sleep Talk|p2a: Invasi0n","|move|p2a: Invasi0n|Rest|p2a: Invasi0n|[from]Sleep Talk","|-fail|p2a: Invasi0n","|move|p1a: Mandibuzz|Foul Play|p2a: Invasi0n","|-resisted|p2a: Invasi0n","|-damage|p2a: Invasi0n|133/393 slp","|","|turn|11","|","|-curestatus|p2a: Invasi0n|slp","|move|p2a: Invasi0n|Rest|p2a: Invasi0n","|-status|p2a: Invasi0n|slp","|-heal|p2a: Invasi0n|393/393 slp|[silent]","|-status|p2a: Invasi0n|slp|[from] move: Rest","|move|p1a: Mandibuzz|Foul Play|p2a: Invasi0n","|-resisted|p2a: Invasi0n","|-damage|p2a: Invasi0n|243/393 slp","|","|turn|12","|","|cant|p2a: Invasi0n|slp","|move|p2a: Invasi0n|Sleep Talk|p2a: Invasi0n","|move|p2a: Invasi0n|Rest|p2a: Invasi0n|[from]Sleep Talk","|-fail|p2a: Invasi0n","|move|p1a: Mandibuzz|Foul Play|p2a: Invasi0n","|-resisted|p2a: Invasi0n","|-damage|p2a: Invasi0n|116/393 slp","|","|turn|13","|","|cant|p2a: Invasi0n|slp","|move|p2a: Invasi0n|Sleep Talk|p2a: Invasi0n","|move|p2a: Invasi0n|Dragon Dance|p2a: Invasi0n|[from]Sleep Talk","|-boost|p2a: Invasi0n|atk|1","|-boost|p2a: Invasi0n|spe|1","|move|p1a: Mandibuzz|Foul Play|p2a: Invasi0n","|-resisted|p2a: Invasi0n","|-damage|p2a: Invasi0n|0 fnt","|faint|p2a: Invasi0n","|","|","|switch|p2a: Zapdos|Zapdos, shiny|383/383","|-ability|p2a: Zapdos|Pressure","|turn|14","|","|switch|p1a: Umbreon|Umbreon, F|394/394","|move|p2a: Zapdos|Discharge|p1a: Umbreon","|-crit|p1a: Umbreon","|-damage|p1a: Umbreon|294/394","|","|-heal|p1a: Umbreon|318/394|[from] item: Leftovers","|turn|15","|","|move|p2a: Zapdos|Toxic|p1a: Umbreon|[miss]","|-miss|p2a: Zapdos|p1a: Umbreon","|move|p1a: Umbreon|Toxic|p2a: Zapdos","|-status|p2a: Zapdos|tox","|","|-heal|p1a: Umbreon|342/394|[from] item: Leftovers","|-damage|p2a: Zapdos|360/383 tox|[from] psn","|turn|16","|","|move|p2a: Zapdos|Toxic|p1a: Umbreon","|-status|p1a: Umbreon|tox","|move|p1a: Umbreon|Foul Play|p2a: Zapdos","|-damage|p2a: Zapdos|297/383 tox","|","|-heal|p2a: Zapdos|320/383 tox|[from] item: Leftovers","|-heal|p1a: Umbreon|366/394 tox|[from] item: Leftovers","|-damage|p2a: Zapdos|274/383 tox|[from] psn","|-damage|p1a: Umbreon|342/394 tox|[from] psn","|turn|17","|","|switch|p2a: Diamond Check|Gliscor, M, shiny|354/354 tox","|move|p1a: Umbreon|Heal Bell|p1a: Umbreon","|-cureteam|p1a: Umbreon|[from] move: HealBell","|","|-heal|p1a: Umbreon|366/394|[from] item: Leftovers","|turn|18","|","|switch|p1a: Mandibuzz|Mandibuzz, F|234/423","|move|p2a: Diamond Check|Stealth Rock|p1a: Mandibuzz","|-sidestart|p1: Adviser♕Boo|move: Stealth Rock","|","|turn|19","|","|move|p2a: Diamond Check|Toxic|p1a: Mandibuzz","|-status|p1a: Mandibuzz|tox","|move|p1a: Mandibuzz|Knock Off|p2a: Diamond Check","|-crit|p2a: Diamond Check","|-damage|p2a: Diamond Check|251/354 tox","|-enditem|p2a: Diamond Check|Toxic Orb|[from] move: Knock Off|[of] p1a: Mandibuzz","|","|-heal|p2a: Diamond Check|295/354 tox|[from] ability: Poison Heal","|-damage|p1a: Mandibuzz|208/423 tox|[from] psn","|turn|20","|","|move|p2a: Diamond Check|Roost|p2a: Diamond Check","|-heal|p2a: Diamond Check|354/354 tox","|move|p1a: Mandibuzz|Defog|p2a: Diamond Check","|-unboost|p2a: Diamond Check|evasion|1","|-sideend|p1: Adviser♕Boo|Stealth Rock|[from] move: Defog|[of] p1a: Mandibuzz","|","|-damage|p1a: Mandibuzz|156/423 tox|[from] psn","|turn|21","|","|switch|p1a: Sableye|Sableye-Mega, M|304/304","|move|p2a: Diamond Check|Stealth Rock|p1a: Sableye","|move|p1a: Sableye|Stealth Rock|p2a: Diamond Check|[from]Magic Bounce","|-sidestart|p2: Adviser♕Dooms|move: Stealth Rock","|","|turn|22","|","|move|p2a: Diamond Check|Earthquake|p1a: Sableye","|-crit|p1a: Sableye","|-damage|p1a: Sableye|175/304","|move|p1a: Sableye|Calm Mind|p1a: Sableye","|-boost|p1a: Sableye|spa|1","|-boost|p1a: Sableye|spd|1","|","|turn|23","|","|move|p2a: Diamond Check|Earthquake|p1a: Sableye","|-damage|p1a: Sableye|87/304","|move|p1a: Sableye|Recover|p1a: Sableye","|-heal|p1a: Sableye|239/304","|","|turn|24","|","|move|p2a: Diamond Check|Earthquake|p1a: Sableye","|-damage|p1a: Sableye|143/304","|move|p1a: Sableye|Recover|p1a: Sableye","|-heal|p1a: Sableye|295/304","|","|turn|25","|","|switch|p2a: Skarmory|Skarmory, M, shiny|333/333","|-damage|p2a: Skarmory|292/333|[from] Stealth Rock","|move|p1a: Sableye|Dark Pulse|p2a: Skarmory","|-damage|p2a: Skarmory|141/333","|","|turn|26","|","|move|p2a: Skarmory|Defog|p1a: Sableye","|move|p1a: Sableye|Defog|p2a: Skarmory|[from]Magic Bounce","|-unboost|p2a: Skarmory|evasion|1","|-sideend|p2: Adviser♕Dooms|Stealth Rock|[from] move: Defog|[of] p2a: Skarmory","|move|p1a: Sableye|Calm Mind|p1a: Sableye","|-boost|p1a: Sableye|spa|1","|-boost|p1a: Sableye|spd|1","|","|turn|27","|","|move|p2a: Skarmory|Brave Bird|p1a: Sableye","|-damage|p1a: Sableye|189/304","|-damage|p2a: Skarmory|106/333|[from] recoil|[of] p1a: Sableye","|move|p1a: Sableye|Dark Pulse|p2a: Skarmory","|-damage|p2a: Skarmory|0 fnt","|faint|p2a: Skarmory","|","|","|switch|p2a: Dark Crow|Mandibuzz, F, shiny|410/410","|turn|28","|","|move|p2a: Dark Crow|Foul Play|p1a: Sableye","|-damage|p1a: Sableye|110/304","|move|p1a: Sableye|Recover|p1a: Sableye","|-heal|p1a: Sableye|262/304","|","|turn|29","|","|move|p2a: Dark Crow|Foul Play|p1a: Sableye","|-damage|p1a: Sableye|178/304","|move|p1a: Sableye|Will-O-Wisp|p2a: Dark Crow","|-status|p2a: Dark Crow|brn","|","|-damage|p2a: Dark Crow|359/410 brn|[from] brn","|turn|30","|","|move|p2a: Dark Crow|Foul Play|p1a: Sableye","|-damage|p1a: Sableye|138/304","|move|p1a: Sableye|Recover|p1a: Sableye","|-heal|p1a: Sableye|290/304","|","|-heal|p2a: Dark Crow|384/410 brn|[from] item: Leftovers","|-damage|p2a: Dark Crow|333/410 brn|[from] brn","|turn|31","|","|move|p2a: Dark Crow|Foul Play|p1a: Sableye","|-damage|p1a: Sableye|250/304","|move|p1a: Sableye|Calm Mind|p1a: Sableye","|-boost|p1a: Sableye|spa|1","|-boost|p1a: Sableye|spd|1","|","|-heal|p2a: Dark Crow|358/410 brn|[from] item: Leftovers","|-damage|p2a: Dark Crow|307/410 brn|[from] brn","|turn|32","|","|win|Adviser♕Boo"],"p1rating":{"entryid":283327,"formatid":"monotype","userid":"adviserboo","username":"Adviser♕Boo","r":1500,"rd":130,"sigma":0,"rpr":1538.8094693615,"rprd":122.11700538908,"rpsigma":0,"rptime":1440234000,"w":1,"l":0,"t":0,"gxe":54.8,"acre":1053.0449051202,"lacre":1053.0449051202,"oldacre":1000},"p2rating":{"entryid":"117867","serverid":"eos","formatid":"monotype","userid":"adviserdooms","username":"Adviser♕Dooms","w":"11","l":14,"t":"0","gxe":45.1,"r":"1472.9855500102","rd":"66.427070670777","sigma":"0","rptime":"1440234000","rpr":1462.4160569199,"rprd":65.418363083436,"rpsigma":"0","acre":1084.4480591355,"lacre":1084.4480591355,"oldacre":"1117.6011248356"},"endType":"forfeit"}