{"seed":[57358,53714,64778,57674],"turns":40,"p1":"ApexProf🔰SmogOn","p2":"Union Wepp","p1team":[{"name":"One Shot?","species":"chansey","item":"eviolite","ability":"Natural Cure","moves":["toxic","softboiled","seismictoss","healbell"],"nature":"Bold","evs":{"hp":248,"atk":0,"def":252,"spa":0,"spd":8,"spe":0},"ivs":{"hp":31,"atk":31,"def":31,"spa":31,"spd":31,"spe":31}},{"name":"'murica fk yeah!","species":"braviary","item":"leftovers","ability":"Defiant","moves":["defog","bulkup","facade","roost"],"nature":"Careful","evs":{"hp":252,"atk":4,"def":0,"spa":0,"spd":252,"spe":0},"ivs":{"hp":31,"atk":31,"def":31,"spa":31,"spd":31,"spe":31}},{"name":"Staraptor","species":"Staraptor","item":"choicescarf","ability":"Reckless","moves":["bravebird","doubleedge","finalgambit","uturn"],"nature":"Jolly","evs":{"hp":0,"atk":252,"def":0,"spa":0,"spd":4,"spe":252},"ivs":{"hp":31,"atk":31,"def":31,"spa":31,"spd":31,"spe":31}},{"name":"Brooklyn Slut","species":"lopunny","item":"lopunnite","ability":"Cute Charm","moves":["fakeout","highjumpkick","facade","poweruppunch"],"nature":"Jolly","evs":{"hp":0,"atk":252,"def":0,"spa":0,"spd":4,"spe":252},"gender":"F","ivs":{"hp":31,"atk":31,"def":31,"spa":31,"spd":31,"spe":31}},{"name":"Duck. EXE 2.0","species":"porygon2","item":"eviolite","ability":"Trace","moves":["thunderwave","triattack","recover","icebeam"],"nature":"Bold","evs":{"hp":252,"atk":0,"def":104,"spa":0,"spd":152,"spe":0},"ivs":{"hp":31,"atk":31,"def":31,"spa":31,"spd":31,"spe":31}},{"name":"Niggersby","species":"diggersby","item":"focussash","ability":"Huge Power","moves":["return","earthquake","quickattack","firepunch"],"nature":"Adamant","evs":{"hp":4,"atk":252,"def":0,"spa":0,"spd":0,"spe":252},"gender":"M","ivs":{"hp":31,"atk":31,"def":31,"spa":31,"spd":31,"spe":31}}],"p2team":[{"name":"Hoopa-Unbound","species":"Hoopa-Unbound","item":"choicescarf","ability":"Magician","moves":["hyperspacefury","gunkshot","zenheadbutt","knockoff"],"nature":"Jolly","evs":{"hp":0,"atk":252,"def":0,"spa":0,"spd":4,"spe":252},"ivs":{"hp":31,"atk":31,"def":31,"spa":31,"spd":31,"spe":31}},{"name":"Mandibuzz","species":"Mandibuzz","item":"rockyhelmet","ability":"Overcoat","moves":["foulplay","roost","uturn","bravebird"],"nature":"Impish","evs":{"hp":252,"atk":4,"def":252,"spa":0,"spd":0,"spe":0},"ivs":{"hp":31,"atk":31,"def":31,"spa":31,"spd":31,"spe":31}},{"name":"Sableye","species":"Sableye","item":"sablenite","ability":"Prankster","moves":["calmmind","recover","shadowball","toxic"],"nature":"Bold","evs":{"hp":252,"atk":0,"def":252,"spa":4,"spd":0,"spe":0},"ivs":{"hp":31,"atk":31,"def":31,"spa":31,"spd":31,"spe":31}},{"name":"Hydreigon","species":"Hydreigon","item":"choicespecs","ability":"Levitate","moves":["dracometeor","darkpulse","surf","flashcannon"],"nature":"Timid","evs":{"hp":0,"atk":0,"def":0,"spa":252,"spd":4,"spe":252},"gender":"M","ivs":{"hp":31,"atk":31,"def":31,"spa":31,"spd":31,"spe":31}},{"name":"Weavile","species":"Weavile","item":"lifeorb","ability":"Pressure","moves":["iciclecrash","knockoff","iceshard","fakeout"],"nature":"Jolly","evs":{"hp":0,"atk":252,"def":0,"spa":0,"spd":4,"spe":252},"ivs":{"hp":31,"atk":31,"def":31,"spa":31,"spd":31,"spe":31}},{"name":"Umbreon","species":"Umbreon","item":"leftovers","ability":"Synchronize","moves":["wish","psychic","toxic","protect"],"nature":"Calm","evs":{"hp":252,"atk":0,"def":4,"spa":0,"spd":252,"spe":0},"gender":"M","ivs":{"hp":31,"atk":31,"def":31,"spa":31,"spd":31,"spe":31}}],"log":["|player|p1|ApexProf🔰SmogOn|290","|player|p2|Union Wepp|257","|gametype|singles","|gen|6","|tier|Monotype","|rated","|rule|Baton Pass Clause: Limit one Baton Passer, can't pass Spe and other stats simultaneously","|rule|Swagger Clause: Swagger is banned","|rule|Same Type Clause: Pokémon in a team must share a type","|clearpoke","|poke|p1|Chansey, F","|poke|p1|Braviary, M","|poke|p1|Staraptor, M","|poke|p1|Lopunny, F","|poke|p1|Porygon2","|poke|p1|Diggersby, M","|poke|p2|Hoopa-Unbound","|poke|p2|Mandibuzz, F","|poke|p2|Sableye, F","|poke|p2|Hydreigon, M","|poke|p2|Weavile, F","|poke|p2|Umbreon, M","|rule|Sleep Clause Mod: Limit one foe put to sleep","|rule|Species Clause: Limit one of each Pokémon","|rule|OHKO Clause: OHKO moves are banned","|rule|Moody Clause: Moody is banned","|rule|Evasion Moves Clause: Evasion moves are banned","|rule|Endless Battle Clause: Forcing endless battles is banned","|rule|HP Percentage Mod: HP is shown in percentages","|teampreview","|","|start","|switch|p1a: Brooklyn Slut|Lopunny, F|271/271","|switch|p2a: Sableye|Sableye, F|304/304","|turn|1","|","|detailschange|p1a: Brooklyn Slut|Lopunny-Mega, F","|-mega|p1a: Brooklyn Slut|Lopunny|Lopunnite","|detailschange|p2a: Sableye|Sableye-Mega, F","|-mega|p2a: Sableye|Sableye|Sablenite","|move|p1a: Brooklyn Slut|Fake Out|p2a: Sableye","|-damage|p2a: Sableye|259/304","|cant|p2a: Sableye|flinch","|","|turn|2","|","|move|p1a: Brooklyn Slut|Power-Up Punch|p2a: Sableye","|-supereffective|p2a: Sableye","|-damage|p2a: Sableye|163/304","|-boost|p1a: Brooklyn Slut|atk|1","|move|p2a: Sableye|Toxic|p1a: Brooklyn Slut","|-status|p1a: Brooklyn Slut|tox","|","|-damage|p1a: Brooklyn Slut|255/271 tox|[from] psn","|turn|3","|","|move|p1a: Brooklyn Slut|Facade|p2a: Sableye","|-damage|p2a: Sableye|0 fnt","|faint|p2a: Sableye","|","|-damage|p1a: Brooklyn Slut|223/271 tox|[from] psn","|","|switch|p2a: Umbreon|Umbreon, M|394/394","|turn|4","|","|move|p1a: Brooklyn Slut|Facade|p2a: Umbreon","|-damage|p2a: Umbreon|10/394","|move|p2a: Umbreon|Wish|p2a: Umbreon","|","|-heal|p2a: Umbreon|34/394|[from] item: Leftovers","|-damage|p1a: Brooklyn Slut|175/271 tox|[from] psn","|turn|5","|","|switch|p1a: Niggersby|Diggersby, M|312/312","|move|p2a: Umbreon|Protect|p2a: Umbreon","|-fail|p2a: Umbreon","|","|-heal|p2a: Umbreon|231/394|[from] move: Wish|[wisher] Umbreon","|-heal|p2a: Umbreon|255/394|[from] item: Leftovers","|turn|6","|","|move|p1a: Niggersby|Return|p2a: Umbreon","|-damage|p2a: Umbreon|27/394","|move|p2a: Umbreon|Toxic|p1a: Niggersby","|-status|p1a: Niggersby|tox","|","|-heal|p2a: Umbreon|51/394|[from] item: Leftovers","|-damage|p1a: Niggersby|293/312 tox|[from] psn","|turn|7","|","|move|p2a: Umbreon|Protect|p2a: Umbreon","|-singleturn|p2a: Umbreon|Protect","|move|p1a: Niggersby|Earthquake|p2a: Umbreon","|-activate|p2a: Umbreon|Protect","|","|-heal|p2a: Umbreon|75/394|[from] item: Leftovers","|-damage|p1a: Niggersby|255/312 tox|[from] psn","|turn|8","|","|move|p2a: Umbreon|Protect|p2a: Umbreon","|-singleturn|p2a: Umbreon|Protect","|move|p1a: Niggersby|Earthquake|p2a: Umbreon","|-activate|p2a: Umbreon|Protect","|","|-heal|p2a: Umbreon|99/394|[from] item: Leftovers","|-damage|p1a: Niggersby|198/312 tox|[from] psn","|turn|9","|","|move|p1a: Niggersby|Earthquake|p2a: Umbreon","|-damage|p2a: Umbreon|0 fnt","|faint|p2a: Umbreon","|","|-damage|p1a: Niggersby|122/312 tox|[from] psn","|","|switch|p2a: Hydreigon|Hydreigon, M|325/325","|turn|10","|","|move|p1a: Niggersby|Quick Attack|p2a: Hydreigon","|-damage|p2a: Hydreigon|225/325","|move|p2a: Hydreigon|Surf|p1a: Niggersby","|-supereffective|p1a: Niggersby","|-damage|p1a: Niggersby|0 fnt","|faint|p1a: Niggersby","|","|","|switch|p1a: One Shot?|Chansey, F|703/703","|turn|11","|","|move|p2a: Hydreigon|Surf|p1a: One Shot?","|-damage|p1a: One Shot?|599/703","|move|p1a: One Shot?|Heal Bell|p1a: One Shot?","|-cureteam|p1a: One Shot?|[from] move: HealBell","|","|turn|12","|","|switch|p2a: Hoopa-Unbound|Hoopa-Unbound|301/301","|move|p1a: One Shot?|Toxic|p2a: Hoopa-Unbound","|-status|p2a: Hoopa-Unbound|tox","|","|-damage|p2a: Hoopa-Unbound|283/301 tox|[from] psn","|turn|13","|","|switch|p1a: Duck. EXE 2.0|Porygon2|374/374","|-ability|p1a: Duck. EXE 2.0|Magician|[from] ability: Trace|[of] p2a: Hoopa-Unbound","|move|p2a: Hoopa-Unbound|Knock Off|p1a: Duck. EXE 2.0","|-damage|p1a: Duck. EXE 2.0|262/374","|-enditem|p1a: Duck. EXE 2.0|Eviolite|[from] move: Knock Off|[of] p2a: Hoopa-Unbound","|","|-damage|p2a: Hoopa-Unbound|247/301 tox|[from] psn","|turn|14","|","|switch|p2a: Weavile|Weavile, F|281/281","|-ability|p2a: Weavile|Pressure","|move|p1a: Duck. EXE 2.0|Tri Attack|p2a: Weavile","|-damage|p2a: Weavile|160/281","|-item|p1a: Duck. EXE 2.0|Life Orb|[from] ability: Magician|[of] p2a: Weavile","|-damage|p1a: Duck. EXE 2.0|225/374|[from] item: Life Orb","|","|turn|15","|","|move|p2a: Weavile|Ice Shard|p1a: Duck. EXE 2.0","|-damage|p1a: Duck. EXE 2.0|161/374","|move|p1a: Duck. EXE 2.0|Thunder Wave|p2a: Weavile","|-status|p2a: Weavile|par","|","|turn|16","|","|move|p2a: Weavile|Ice Shard|p1a: Duck. EXE 2.0","|-damage|p1a: Duck. EXE 2.0|101/374","|move|p1a: Duck. EXE 2.0|Recover|p1a: Duck. EXE 2.0","|-heal|p1a: Duck. EXE 2.0|288/374","|","|turn|17","|","|move|p1a: Duck. EXE 2.0|Recover|p1a: Duck. EXE 2.0","|-heal|p1a: Duck. EXE 2.0|374/374","|move|p2a: Weavile|Icicle Crash|p1a: Duck. EXE 2.0","|-damage|p1a: Duck. EXE 2.0|254/374","|","|turn|18","|","|move|p1a: Duck. EXE 2.0|Tri Attack|p2a: Weavile","|-damage|p2a: Weavile|11/281 par","|-damage|p1a: Duck. EXE 2.0|217/374|[from] item: Life Orb","|move|p2a: Weavile|Knock Off|p1a: Duck. EXE 2.0","|-damage|p1a: Duck. EXE 2.0|64/374","|-enditem|p1a: Duck. EXE 2.0|Life Orb|[from] move: Knock Off|[of] p2a: Weavile","|","|turn|19","|","|move|p1a: Duck. EXE 2.0|Recover|p1a: Duck. EXE 2.0","|-heal|p1a: Duck. EXE 2.0|251/374","|move|p2a: Weavile|Knock Off|p1a: Duck. EXE 2.0","|-damage|p1a: Duck. EXE 2.0|158/374","|","|turn|20","|","|move|p1a: Duck. EXE 2.0|Recover|p1a: Duck. EXE 2.0","|-heal|p1a: Duck. EXE 2.0|345/374","|cant|p2a: Weavile|par","|","|turn|21","|","|move|p1a: Duck. EXE 2.0|Ice Beam|p2a: Weavile","|-resisted|p2a: Weavile","|-damage|p2a: Weavile|0 fnt","|faint|p2a: Weavile","|","|","|switch|p2a: Hoopa-Unbound|Hoopa-Unbound|247/301 tox","|turn|22","|","|move|p2a: Hoopa-Unbound|Gunk Shot|p1a: Duck. EXE 2.0","|-damage|p1a: Duck. EXE 2.0|189/374","|move|p1a: Duck. EXE 2.0|Tri Attack|p2a: Hoopa-Unbound","|-damage|p2a: Hoopa-Unbound|175/301 tox","|-item|p1a: Duck. EXE 2.0|Choice Scarf|[from] ability: Magician|[of] p2a: Hoopa-Unbound","|","|-damage|p2a: Hoopa-Unbound|157/301 tox|[from] psn","|turn|23","|","|move|p2a: Hoopa-Unbound|Knock Off|p1a: Duck. EXE 2.0","|-damage|p1a: Duck. EXE 2.0|0 fnt","|-item|p2a: Hoopa-Unbound|Choice Scarf|[from] ability: Magician|[of] p1a: Duck. EXE 2.0","|faint|p1a: Duck. EXE 2.0","|","|-damage|p2a: Hoopa-Unbound|121/301 tox|[from] psn","|","|switch|p1a: Staraptor|Staraptor, M|311/311","|turn|24","|","|move|p1a: Staraptor|U-turn|p2a: Hoopa-Unbound","|-supereffective|p2a: Hoopa-Unbound","|-damage|p2a: Hoopa-Unbound|0 fnt","|faint|p2a: Hoopa-Unbound","|","|switch|p1a: 'murica fk yeah!|Braviary, M|404/404","|","|","|switch|p2a: Mandibuzz|Mandibuzz, F|424/424","|turn|25","|","|move|p2a: Mandibuzz|Foul Play|p1a: 'murica fk yeah!","|-damage|p1a: 'murica fk yeah!|223/404","|move|p1a: 'murica fk yeah!|Bulk Up|p1a: 'murica fk yeah!","|-boost|p1a: 'murica fk yeah!|atk|1","|-boost|p1a: 'murica fk yeah!|def|1","|","|-heal|p1a: 'murica fk yeah!|248/404|[from] item: Leftovers","|turn|26","|","|move|p2a: Mandibuzz|Foul Play|p1a: 'murica fk yeah!","|-damage|p1a: 'murica fk yeah!|71/404","|move|p1a: 'murica fk yeah!|Roost|p1a: 'murica fk yeah!","|-heal|p1a: 'murica fk yeah!|273/404","|","|-heal|p1a: 'murica fk yeah!|298/404|[from] item: Leftovers","|turn|27","|","|move|p2a: Mandibuzz|Brave Bird|p1a: 'murica fk yeah!","|-damage|p1a: 'murica fk yeah!|205/404","|-damage|p2a: Mandibuzz|393/424|[from] recoil|[of] p1a: 'murica fk yeah!","|move|p1a: 'murica fk yeah!|Bulk Up|p1a: 'murica fk yeah!","|-boost|p1a: 'murica fk yeah!|atk|1","|-boost|p1a: 'murica fk yeah!|def|1","|","|-heal|p1a: 'murica fk yeah!|230/404|[from] item: Leftovers","|turn|28","|","|move|p2a: Mandibuzz|Foul Play|p1a: 'murica fk yeah!","|-damage|p1a: 'murica fk yeah!|74/404","|move|p1a: 'murica fk yeah!|Roost|p1a: 'murica fk yeah!","|-heal|p1a: 'murica fk yeah!|276/404","|","|-heal|p1a: 'murica fk yeah!|301/404|[from] item: Leftovers","|turn|29","|","|move|p1a: 'murica fk yeah!|Bulk Up|p1a: 'murica fk yeah!","|-boost|p1a: 'murica fk yeah!|atk|1","|-boost|p1a: 'murica fk yeah!|def|1","|move|p2a: Mandibuzz|Foul Play|p1a: 'murica fk yeah!","|-damage|p1a: 'murica fk yeah!|130/404","|","|-heal|p1a: 'murica fk yeah!|155/404|[from] item: Leftovers","|turn|30","|","|move|p1a: 'murica fk yeah!|Facade|p2a: Mandibuzz","|-damage|p2a: Mandibuzz|210/424","|-damage|p1a: 'murica fk yeah!|88/404|[from] item: Rocky Helmet|[of] p2a: Mandibuzz","|move|p2a: Mandibuzz|Foul Play|p1a: 'murica fk yeah!","|-damage|p1a: 'murica fk yeah!|0 fnt","|faint|p1a: 'murica fk yeah!","|","|","|switch|p1a: Staraptor|Staraptor, M|311/311","|turn|31","|","|move|p1a: Staraptor|Double-Edge|p2a: Mandibuzz","|-damage|p2a: Mandibuzz|44/424","|-damage|p1a: Staraptor|260/311|[from] item: Rocky Helmet|[of] p2a: Mandibuzz","|-damage|p1a: Staraptor|205/311|[from] recoil|[of] p2a: Mandibuzz","|move|p2a: Mandibuzz|Roost|p2a: Mandibuzz","|-heal|p2a: Mandibuzz|256/424","|","|turn|32","|","|switch|p1a: One Shot?|Chansey, F|599/703","|move|p2a: Mandibuzz|Roost|p2a: Mandibuzz","|-heal|p2a: Mandibuzz|424/424","|","|turn|33","|","|move|p2a: Mandibuzz|Brave Bird|p1a: One Shot?","|-damage|p1a: One Shot?|467/703","|-damage|p2a: Mandibuzz|380/424|[from] recoil|[of] p1a: One Shot?","|move|p1a: One Shot?|Toxic|p2a: Mandibuzz","|-status|p2a: Mandibuzz|tox","|","|-damage|p2a: Mandibuzz|354/424 tox|[from] psn","|turn|34","|","|move|p2a: Mandibuzz|Brave Bird|p1a: One Shot?","|-damage|p1a: One Shot?|343/703","|-damage|p2a: Mandibuzz|313/424 tox|[from] recoil|[of] p1a: One Shot?","|move|p1a: One Shot?|Seismic Toss|p2a: Mandibuzz","|-damage|p2a: Mandibuzz|213/424 tox","|-damage|p1a: One Shot?|226/703|[from] item: Rocky Helmet|[of] p2a: Mandibuzz","|","|-damage|p2a: Mandibuzz|161/424 tox|[from] psn","|turn|35","|","|move|p2a: Mandibuzz|Brave Bird|p1a: One Shot?","|-damage|p1a: One Shot?|82/703","|-damage|p2a: Mandibuzz|113/424 tox|[from] recoil|[of] p1a: One Shot?","|move|p1a: One Shot?|Soft-Boiled|p1a: One Shot?","|-heal|p1a: One Shot?|434/703","|","|-damage|p2a: Mandibuzz|35/424 tox|[from] psn","|turn|36","|","|move|p2a: Mandibuzz|Brave Bird|p1a: One Shot?","|-damage|p1a: One Shot?|290/703","|-damage|p2a: Mandibuzz|0 fnt|[from] recoil|[of] p1a: One Shot?","|faint|p2a: Mandibuzz","|move|p1a: One Shot?|Soft-Boiled|p1a: One Shot?","|-heal|p1a: One Shot?|642/703","|","|","|switch|p2a: Hydreigon|Hydreigon, M|225/325","|turn|37","|","|move|p2a: Hydreigon|Draco Meteor|p1a: One Shot?","|-damage|p1a: One Shot?|422/703","|-unboost|p2a: Hydreigon|spa|2","|move|p1a: One Shot?|Toxic|p2a: Hydreigon","|-status|p2a: Hydreigon|tox","|","|-damage|p2a: Hydreigon|205/325 tox|[from] psn","|turn|38","|","|move|p2a: Hydreigon|Draco Meteor|p1a: One Shot?","|-damage|p1a: One Shot?|323/703","|-unboost|p2a: Hydreigon|spa|2","|move|p1a: One Shot?|Seismic Toss|p2a: Hydreigon","|-damage|p2a: Hydreigon|105/325 tox","|","|-damage|p2a: Hydreigon|65/325 tox|[from] psn","|turn|39","|","|move|p2a: Hydreigon|Draco Meteor|p1a: One Shot?","|-damage|p1a: One Shot?|250/703","|-unboost|p2a: Hydreigon|spa|2","|move|p1a: One Shot?|Soft-Boiled|p1a: One Shot?","|-heal|p1a: One Shot?|602/703","|","|-damage|p2a: Hydreigon|5/325 tox|[from] psn","|turn|40","|","|move|p2a: Hydreigon|Draco Meteor|p1a: One Shot?|[miss]","|-miss|p2a: Hydreigon|p1a: One Shot?","|move|p1a: One Shot?|Seismic Toss|p2a: Hydreigon","|-damage|p2a: Hydreigon|0 fnt","|faint|p2a: Hydreigon","|","|win|ApexProf🔰SmogOn"],"p1rating":{"entryid":"318042","serverid":"eos","formatid":"monotype","userid":"apexprofsmogon","username":"ApexProf","w":2,"l":"2","t":"0","gxe":53.1,"r":"1500","rd":"130","sigma":"0","rptime":"1440234000","rpr":1524.0907258551,"rprd":107.23573718583,"rpsigma":"0","acre":1064.7786525607,"lacre":1064.7786525607,"oldacre":"1033.0625231555"},"p2rating":{"entryid":319390,"formatid":"monotype","userid":"unionwepp","username":"Union Wepp","r":1500,"rd":130,"sigma":0,"rpr":1459.8393856612,"rprd":122.8583080769,"rpsigma":0,"rptime":1440234000,"w":0,"l":1,"t":0,"gxe":45,"acre":1000,"lacre":1000,"oldacre":1000},"endType":"normal"}