{"seed":[9329,13926,61647,46745],"turns":22,"p1":"Alpha vodoom","p2":"Rain Hoot","p1team":[{"name":"TNT","species":"tyranitar","item":"assaultvest","ability":"Sand Stream","moves":["earthquake","darkpulse","ancientpower","flamethrower"],"nature":"Quiet","evs":{"hp":248,"atk":8,"def":0,"spa":252,"spd":0,"spe":0},"ivs":{"hp":31,"atk":31,"def":31,"spa":31,"spd":31,"spe":31}},{"name":"Bull","species":"terrakion","item":"choicescarf","ability":"Justified","moves":["closecombat","earthquake","stoneedge","quickattack"],"nature":"Jolly","evs":{"hp":0,"atk":252,"def":0,"spa":0,"spd":4,"spe":252},"ivs":{"hp":31,"atk":31,"def":31,"spa":31,"spd":31,"spe":31}},{"name":"Steel Rex","species":"aggron","item":"aggronite","ability":"Sturdy","moves":["metalburst","firepunch","rest","earthquake"],"nature":"Impish","evs":{"hp":248,"atk":0,"def":252,"spa":0,"spd":8,"spe":0},"ivs":{"hp":31,"atk":31,"def":31,"spa":31,"spd":31,"spe":31}},{"name":"The real deal","species":"lileep","item":"eviolite","ability":"Storm Drain","moves":["recover","toxic","infestation","gigadrain"],"nature":"Calm","evs":{"hp":252,"atk":0,"def":0,"spa":4,"spd":252,"spe":0},"ivs":{"hp":31,"atk":31,"def":31,"spa":31,"spd":31,"spe":31}},{"name":"Diancie","species":"Diancie","item":"diancite","ability":"Clear Body","moves":["protect","earthpower","diamondstorm","moonblast"],"nature":"Hasty","evs":{"hp":0,"atk":4,"def":0,"spa":252,"spd":0,"spe":252},"ivs":{"hp":31,"atk":31,"def":31,"spa":31,"spd":31,"spe":31}},{"name":"Aurorus","species":"Aurorus","item":"choicescarf","ability":"Refrigerate","moves":["freezedry","hypervoice","discharge","ancientpower"],"nature":"Timid","evs":{"hp":0,"atk":0,"def":0,"spa":252,"spd":4,"spe":252},"ivs":{"hp":31,"atk":31,"def":31,"spa":31,"spd":31,"spe":31}}],"p2team":[{"name":"Aerodactyl","species":"Aerodactyl","item":"lifeorb","ability":"Pressure","moves":["aerialace","stoneedge","earthquake","taunt"],"nature":"Jolly","evs":{"hp":0,"atk":252,"def":0,"spa":0,"spd":4,"spe":252},"ivs":{"hp":31,"atk":31,"def":31,"spa":31,"spd":31,"spe":31}},{"name":"Diancie","species":"Diancie","item":"diancite","ability":"Clear Body","moves":["moonblast","diamondstorm","earthpower","protect"],"nature":"Hasty","evs":{"hp":0,"atk":4,"def":0,"spa":252,"spd":0,"spe":252},"ivs":{"hp":31,"atk":31,"def":31,"spa":31,"spd":31,"spe":31}},{"name":"Shuckle","species":"Shuckle","item":"leftovers","ability":"Sturdy","moves":["stealthrock","stickyweb","toxic","encore"],"nature":"Calm","evs":{"hp":252,"atk":0,"def":4,"spa":0,"spd":252,"spe":0},"ivs":{"hp":31,"atk":31,"def":31,"spa":31,"spd":31,"spe":31}},{"name":"Golem","species":"Golem","item":"weaknesspolicy","ability":"Sturdy","moves":["earthquake","rockblast","suckerpunch","poweruppunch"],"nature":"Serious","evs":{"hp":0,"atk":252,"def":4,"spa":0,"spd":0,"spe":252},"ivs":{"hp":31,"atk":31,"def":31,"spa":31,"spd":31,"spe":31}},{"name":"Aurorus","species":"Aurorus","item":"assaultvest","ability":"Refrigerate","moves":["hypervoice","freezedry","darkpulse","mirrorcoat"],"nature":"Modest","evs":{"hp":248,"atk":0,"def":0,"spa":252,"spd":8,"spe":0},"ivs":{"hp":31,"atk":31,"def":31,"spa":31,"spd":31,"spe":31}},{"name":"Omastar","species":"Omastar","item":"focussash","ability":"Swift Swim","moves":["scald","icebeam","shellsmash","toxicspikes"],"nature":"Modest","evs":{"hp":0,"atk":0,"def":0,"spa":252,"spd":4,"spe":252},"ivs":{"hp":31,"atk":31,"def":31,"spa":31,"spd":31,"spe":31}}],"log":["|player|p1|Alpha vodoom|vodoom.png","|player|p2|Rain Hoot|2","|gametype|singles","|gen|6","|tier|Monotype","|rated","|rule|Baton Pass Clause: Limit one Baton Passer, can't pass Spe and other stats simultaneously","|rule|Swagger Clause: Swagger is banned","|rule|Same Type Clause: Pokémon in a team must share a type","|clearpoke","|poke|p1|Tyranitar, F","|poke|p1|Terrakion","|poke|p1|Aggron, F","|poke|p1|Lileep, M","|poke|p1|Diancie","|poke|p1|Aurorus, F","|poke|p2|Aerodactyl, M","|poke|p2|Diancie","|poke|p2|Shuckle, F","|poke|p2|Golem, M","|poke|p2|Aurorus, M","|poke|p2|Omastar, F","|rule|Sleep Clause Mod: Limit one foe put to sleep","|rule|Species Clause: Limit one of each Pokémon","|rule|OHKO Clause: OHKO moves are banned","|rule|Moody Clause: Moody is banned","|rule|Evasion Moves Clause: Evasion moves are banned","|rule|Endless Battle Clause: Forcing endless battles is banned","|rule|HP Percentage Mod: HP is shown in percentages","|teampreview","|","|start","|switch|p1a: Diancie|Diancie|241/241","|switch|p2a: Golem|Golem, M|301/301","|turn|1","|","|detailschange|p1a: Diancie|Diancie-Mega","|-mega|p1a: Diancie|Diancie|Diancite","|move|p1a: Diancie|Protect|p1a: Diancie","|-singleturn|p1a: Diancie|Protect","|move|p2a: Golem|Earthquake|p1a: Diancie","|-activate|p1a: Diancie|Protect","|","|turn|2","|","|switch|p1a: The real deal|Lileep, M|336/336","|move|p2a: Golem|Earthquake|p1a: The real deal","|-damage|p1a: The real deal|191/336","|","|turn|3","|","|switch|p2a: Omastar|Omastar, F|281/281","|move|p1a: The real deal|Recover|p1a: The real deal","|-heal|p1a: The real deal|336/336","|","|turn|4","|","|move|p2a: Omastar|Toxic Spikes|p1a: The real deal","|-sidestart|p1: Alpha vodoom|move: Toxic Spikes","|move|p1a: The real deal|Giga Drain|p2a: Omastar","|-supereffective|p2a: Omastar","|-enditem|p2a: Omastar|Focus Sash","|-damage|p2a: Omastar|1/281","|","|turn|5","|","|move|p2a: Omastar|Scald|p1a: The real deal","|-boost|p1a: The real deal|spa|1|[from] ability: Storm Drain","|move|p1a: The real deal|Giga Drain|p2a: Omastar","|-supereffective|p2a: Omastar","|-damage|p2a: Omastar|0 fnt","|faint|p2a: Omastar","|","|","|switch|p2a: Shuckle|Shuckle, F|244/244","|turn|6","|","|switch|p1a: Diancie|Diancie-Mega|241/241","|-status|p1a: Diancie|psn","|move|p2a: Shuckle|Toxic|p1a: Diancie","|move|p1a: Diancie|Toxic|p2a: Shuckle|[from]Magic Bounce","|-status|p2a: Shuckle|tox","|","|-damage|p1a: Diancie|211/241 psn|[from] psn","|-damage|p2a: Shuckle|229/244 tox|[from] psn","|turn|7","|","|switch|p2a: Aerodactyl|Aerodactyl, M|301/301","|-ability|p2a: Aerodactyl|Pressure","|move|p1a: Diancie|Moonblast|p2a: Aerodactyl","|-damage|p2a: Aerodactyl|40/301","|","|-damage|p1a: Diancie|181/241 psn|[from] psn","|turn|8","|","|switch|p1a: The real deal|Lileep, M|336/336","|-status|p1a: The real deal|psn","|move|p2a: Aerodactyl|Earthquake|p1a: The real deal","|-damage|p1a: The real deal|216/336 psn","|-damage|p2a: Aerodactyl|10/301|[from] item: Life Orb","|","|-damage|p1a: The real deal|174/336 psn|[from] psn","|turn|9","|","|move|p2a: Aerodactyl|Stone Edge|p1a: The real deal|[miss]","|-miss|p2a: Aerodactyl|p1a: The real deal","|move|p1a: The real deal|Recover|p1a: The real deal","|-heal|p1a: The real deal|336/336 psn","|","|-damage|p1a: The real deal|294/336 psn|[from] psn","|turn|10","|","|move|p2a: Aerodactyl|Stone Edge|p1a: The real deal|[miss]","|-miss|p2a: Aerodactyl|p1a: The real deal","|move|p1a: The real deal|Recover|p1a: The real deal","|-heal|p1a: The real deal|336/336 psn","|","|-damage|p1a: The real deal|294/336 psn|[from] psn","|turn|11","|","|move|p2a: Aerodactyl|Taunt|p1a: The real deal","|-start|p1a: The real deal|move: Taunt","|cant|p1a: The real deal|move: Taunt|Recover","|","|-damage|p1a: The real deal|252/336 psn|[from] psn","|turn|12","|","|switch|p1a: Steel Rex|Aggron, F|343/343","|move|p2a: Aerodactyl|Stone Edge|p1a: Steel Rex","|-resisted|p1a: Steel Rex","|-damage|p1a: Steel Rex|298/343","|-damage|p2a: Aerodactyl|0 fnt|[from] item: Life Orb","|faint|p2a: Aerodactyl","|","|","|switch|p2a: Golem|Golem, M|301/301","|turn|13","|","|move|p2a: Golem|Power-Up Punch|p1a: Steel Rex","|-supereffective|p1a: Steel Rex","|-damage|p1a: Steel Rex|210/343","|-boost|p2a: Golem|atk|1","|move|p1a: Steel Rex|Metal Burst|p2a: Golem","|-damage|p2a: Golem|169/301","|","|turn|14","|","|move|p2a: Golem|Earthquake|p1a: Steel Rex","|-supereffective|p1a: Steel Rex","|-damage|p1a: Steel Rex|0 fnt","|faint|p1a: Steel Rex","|","|","|switch|p1a: Bull|Terrakion|323/323","|-status|p1a: Bull|psn","|turn|15","|","|move|p1a: Bull|Close Combat|p2a: Golem","|-supereffective|p2a: Golem","|-damage|p2a: Golem|0 fnt","|-unboost|p1a: Bull|def|1","|-unboost|p1a: Bull|spd|1","|faint|p2a: Golem","|","|-damage|p1a: Bull|283/323 psn|[from] psn","|","|switch|p2a: Diancie|Diancie|241/241","|turn|16","|","|move|p1a: Bull|Close Combat|p2a: Diancie","|-damage|p2a: Diancie|82/241","|-unboost|p1a: Bull|def|1","|-unboost|p1a: Bull|spd|1","|move|p2a: Diancie|Moonblast|p1a: Bull","|-supereffective|p1a: Bull","|-damage|p1a: Bull|0 fnt","|faint|p1a: Bull","|","|","|switch|p1a: TNT|Tyranitar, F|403/403","|-status|p1a: TNT|psn","|-weather|Sandstorm","|turn|17","|","|detailschange|p2a: Diancie|Diancie-Mega","|-mega|p2a: Diancie|Diancie|Diancite","|move|p2a: Diancie|Protect|p2a: Diancie","|-singleturn|p2a: Diancie|Protect","|move|p1a: TNT|Earthquake|p2a: Diancie","|-activate|p2a: Diancie|Protect","|","|-weather|Sandstorm|[upkeep]","|-damage|p1a: TNT|353/403 psn|[from] psn","|turn|18","|","|move|p2a: Diancie|Moonblast|p1a: TNT","|-supereffective|p1a: TNT","|-damage|p1a: TNT|189/403 psn","|move|p1a: TNT|Earthquake|p2a: Diancie","|-supereffective|p2a: Diancie","|-damage|p2a: Diancie|0 fnt","|faint|p2a: Diancie","|","|-weather|Sandstorm|[upkeep]","|-damage|p1a: TNT|139/403 psn|[from] psn","|","|switch|p2a: Shuckle|Shuckle, F|229/244 tox","|turn|19","|","|switch|p1a: Diancie|Diancie-Mega|181/241 psn","|move|p2a: Shuckle|Encore|p1a: Diancie","|move|p1a: Diancie|Encore|p2a: Shuckle|[from]Magic Bounce","|-fail|p2a: Shuckle","|","|-weather|Sandstorm|[upkeep]","|-heal|p2a: Shuckle|244/244 tox|[from] item: Leftovers","|-damage|p1a: Diancie|151/241 psn|[from] psn","|-damage|p2a: Shuckle|229/244 tox|[from] psn","|turn|20","|","|move|p1a: Diancie|Diamond Storm|p2a: Shuckle","|-supereffective|p2a: Shuckle","|-damage|p2a: Shuckle|55/244 tox","|move|p2a: Shuckle|Encore|p1a: Diancie","|move|p1a: Diancie|Encore|p2a: Shuckle|[from]Magic Bounce","|-fail|p2a: Shuckle","|","|-weather|Sandstorm|[upkeep]","|-heal|p2a: Shuckle|70/244 tox|[from] item: Leftovers","|-damage|p1a: Diancie|121/241 psn|[from] psn","|-damage|p2a: Shuckle|40/244 tox|[from] psn","|turn|21","|","|move|p1a: Diancie|Earth Power|p2a: Shuckle","|-crit|p2a: Shuckle","|-damage|p2a: Shuckle|0 fnt","|faint|p2a: Shuckle","|","|-weather|none","|-damage|p1a: Diancie|91/241 psn|[from] psn","|","|switch|p2a: Aurorus|Aurorus, M|449/449","|turn|22","|","|move|p1a: Diancie|Diamond Storm|p2a: Aurorus","|-supereffective|p2a: Aurorus","|-damage|p2a: Aurorus|0 fnt","|-boost|p1a: Diancie|def|1","|faint|p2a: Aurorus","|","|win|Alpha vodoom"],"p1rating":{"entryid":"214259","serverid":"eos","formatid":"monotype","userid":"alphavodoom","username":"Alpha α Vodoom","w":6,"l":"7","t":"0","gxe":50.6,"r":"1474.0257703446","rd":"87.564573761156","sigma":"0","rptime":"1440234000","rpr":1504.7337369962,"rprd":81.074277937356,"rpsigma":"0","acre":1105.8060578147,"lacre":1105.8060578147,"oldacre":"1073.0749187604"},"p2rating":{"entryid":"129353","serverid":"eos","formatid":"monotype","userid":"rainhoot","username":"Rain Hoot","w":"10","l":13,"t":"0","gxe":46.9,"r":"1475.6523826586","rd":"71.093233457809","sigma":"0","rptime":"1440234000","rpr":1476.5275486586,"rprd":68.513461163826,"rpsigma":"0","acre":1089.3141187296,"lacre":1089.3141187296,"oldacre":"1117.4929533203"},"endType":"normal"}