{"seed":[153,48054,39456,31350],"turns":21,"p1":"theace22","p2":"SWL Neßki","p1team":[{"name":"Gallade","species":"Gallade","item":"galladite","ability":"Steadfast","moves":["knockoff","shadowsneak","closecombat","swordsdance"],"nature":"Jolly","evs":{"hp":0,"atk":252,"def":0,"spa":0,"spd":8,"spe":248},"ivs":{"hp":31,"atk":31,"def":31,"spa":31,"spd":31,"spe":31}},{"name":"Mew","species":"Mew","item":"leftovers","ability":"Synchronize","moves":["willowisp","stealthrock","roost","defog"],"nature":"Impish","evs":{"hp":248,"atk":0,"def":64,"spa":0,"spd":196,"spe":0},"ivs":{"hp":31,"atk":31,"def":31,"spa":31,"spd":31,"spe":31}},{"name":"Hoopa-Unbound","species":"Hoopa-Unbound","item":"choicescarf","ability":"Magician","moves":["hyperspacefury","hyperspacehole","gunkshot","energyball"],"nature":"Hasty","evs":{"hp":0,"atk":180,"def":0,"spa":76,"spd":0,"spe":252},"ivs":{"hp":31,"atk":31,"def":31,"spa":31,"spd":31,"spe":31}},{"name":"Slowbro","species":"Slowbro","item":"rockyhelmet","ability":"Regenerator","moves":["slackoff","flamethrower","scald","thunderwave"],"nature":"Bold","evs":{"hp":252,"atk":0,"def":252,"spa":4,"spd":0,"spe":0},"ivs":{"hp":31,"atk":0,"def":31,"spa":31,"spd":31,"spe":31}},{"name":"Victini","species":"Victini","item":"choicescarf","ability":"Victory Star","moves":["blueflare","vcreate","boltstrike","uturn"],"nature":"Hasty","evs":{"hp":0,"atk":252,"def":0,"spa":4,"spd":0,"spe":252},"ivs":{"hp":31,"atk":31,"def":31,"spa":31,"spd":31,"spe":31}},{"name":"Gardevoir","species":"Gardevoir","item":"choicespecs","ability":"Trace","moves":["moonblast","psychic","energyball","trick"],"nature":"Modest","evs":{"hp":248,"atk":0,"def":0,"spa":252,"spd":8,"spe":0},"ivs":{"hp":31,"atk":31,"def":31,"spa":31,"spd":31,"spe":31}}],"p2team":[{"name":"Deoxys-Speed","species":"Deoxys-Speed","item":"lightclay","ability":"Pressure","moves":["taunt","stealthrock","lightscreen","reflect"],"nature":"Timid","evs":{"hp":248,"atk":0,"def":0,"spa":0,"spd":8,"spe":252},"ivs":{"hp":31,"atk":0,"def":31,"spa":31,"spd":31,"spe":31}},{"name":"Gardevoir","species":"Gardevoir","item":"gardevoirite","ability":"Trace","moves":["substitute","hypervoice","psyshock","thunderbolt"],"nature":"Timid","evs":{"hp":0,"atk":0,"def":0,"spa":252,"spd":4,"spe":252},"ivs":{"hp":31,"atk":0,"def":31,"spa":31,"spd":31,"spe":31}},{"name":"Victini","species":"Victini","item":"choicescarf","ability":"Victory Star","moves":["vcreate","uturn","boltstrike","blueflare"],"nature":"Naive","evs":{"hp":0,"atk":252,"def":0,"spa":4,"spd":0,"spe":252},"ivs":{"hp":31,"atk":31,"def":31,"spa":31,"spd":31,"spe":31}},{"name":"Mew","species":"Mew","item":"sitrusberry","ability":"Synchronize","moves":["nastyplot","vacuumwave","flamethrower","psyshock"],"nature":"Modest","evs":{"hp":148,"atk":0,"def":0,"spa":252,"spd":0,"spe":108},"ivs":{"hp":31,"atk":0,"def":31,"spa":31,"spd":31,"spe":31}},{"name":"Meloetta","species":"Meloetta","item":"assaultvest","ability":"Serene Grace","moves":["thunderbolt","energyball","shadowball","hypervoice"],"nature":"Modest","evs":{"hp":248,"atk":0,"def":0,"spa":252,"spd":8,"spe":0},"ivs":{"hp":31,"atk":0,"def":31,"spa":31,"spd":31,"spe":31}},{"name":"Hoopa-Unbound","species":"Hoopa-Unbound","item":"dreadplate","ability":"Magician","moves":["darkpulse","firepunch","knockoff","gunkshot"],"nature":"Lonely","evs":{"hp":248,"atk":252,"def":0,"spa":0,"spd":0,"spe":8},"ivs":{"hp":31,"atk":31,"def":31,"spa":31,"spd":31,"spe":31}}],"log":["|player|p1|theace22|102","|player|p2|SWL Neßki|swlneki.png","|gametype|singles","|gen|6","|tier|Monotype","|rated","|rule|Baton Pass Clause: Limit one Baton Passer, can't pass Spe and other stats simultaneously","|rule|Swagger Clause: Swagger is banned","|rule|Same Type Clause: Pokémon in a team must share a type","|clearpoke","|poke|p1|Gallade, M","|poke|p1|Mew","|poke|p1|Hoopa-Unbound","|poke|p1|Slowbro, M","|poke|p1|Victini","|poke|p1|Gardevoir, M","|poke|p2|Deoxys-Speed","|poke|p2|Gardevoir, F","|poke|p2|Victini","|poke|p2|Mew","|poke|p2|Meloetta","|poke|p2|Hoopa-Unbound","|rule|Sleep Clause Mod: Limit one foe put to sleep","|rule|Species Clause: Limit one of each Pokémon","|rule|OHKO Clause: OHKO moves are banned","|rule|Moody Clause: Moody is banned","|rule|Evasion Moves Clause: Evasion moves are banned","|rule|Endless Battle Clause: Forcing endless battles is banned","|rule|HP Percentage Mod: HP is shown in percentages","|teampreview","|","|start","|switch|p1a: Mew|Mew|403/403","|switch|p2a: Deoxys-Speed|Deoxys-Speed|303/303","|-ability|p2a: Deoxys-Speed|Pressure","|turn|1","|","|switch|p1a: Victini|Victini|341/341","|move|p2a: Deoxys-Speed|Taunt|p1a: Victini","|-start|p1a: Victini|move: Taunt","|","|turn|2","|","|move|p2a: Deoxys-Speed|Reflect|p2a: Deoxys-Speed","|-sidestart|p2: SWL Neßki|Reflect","|move|p1a: Victini|Blue Flare|p2a: Deoxys-Speed","|-damage|p2a: Deoxys-Speed|146/303","|","|turn|3","|","|move|p2a: Deoxys-Speed|Light Screen|p2a: Deoxys-Speed","|-sidestart|p2: SWL Neßki|move: Light Screen","|move|p1a: Victini|Blue Flare|p2a: Deoxys-Speed","|-damage|p2a: Deoxys-Speed|59/303","|","|-end|p1a: Victini|move: Taunt","|turn|4","|","|switch|p2a: Hoopa-Unbound|Hoopa-Unbound|363/363","|move|p1a: Victini|Blue Flare|p2a: Hoopa-Unbound","|-damage|p2a: Hoopa-Unbound|302/363","|","|turn|5","|","|switch|p1a: Slowbro|Slowbro, M|394/394","|move|p2a: Hoopa-Unbound|Knock Off|p1a: Slowbro","|-supereffective|p1a: Slowbro","|-damage|p1a: Slowbro|26/394","|-damage|p2a: Hoopa-Unbound|242/363|[from] item: Rocky Helmet|[of] p1a: Slowbro","|-enditem|p1a: Slowbro|Rocky Helmet|[from] move: Knock Off|[of] p2a: Hoopa-Unbound","|","|turn|6","|","|move|p2a: Hoopa-Unbound|Knock Off|p1a: Slowbro","|-supereffective|p1a: Slowbro","|-damage|p1a: Slowbro|0 fnt","|faint|p1a: Slowbro","|","|","|switch|p1a: Victini|Victini|341/341","|turn|7","|","|switch|p2a: Deoxys-Speed|Deoxys-Speed|59/303","|-ability|p2a: Deoxys-Speed|Pressure","|move|p1a: Victini|U-turn|p2a: Deoxys-Speed","|-supereffective|p2a: Deoxys-Speed","|-damage|p2a: Deoxys-Speed|0 fnt","|faint|p2a: Deoxys-Speed","|","|switch|p1a: Gardevoir|Gardevoir, M|339/339","|","|","|switch|p2a: Hoopa-Unbound|Hoopa-Unbound|242/363","|-ability|p1a: Gardevoir|Magician|[from] ability: Trace|[of] p2a: Hoopa-Unbound","|turn|8","|","|move|p2a: Hoopa-Unbound|Gunk Shot|p1a: Gardevoir|[miss]","|-miss|p2a: Hoopa-Unbound|p1a: Gardevoir","|move|p1a: Gardevoir|Moonblast|p2a: Hoopa-Unbound","|-supereffective|p2a: Hoopa-Unbound","|-damage|p2a: Hoopa-Unbound|25/363","|-unboost|p2a: Hoopa-Unbound|spa|1","|","|turn|9","|","|switch|p1a: Mew|Mew|403/403","|move|p2a: Hoopa-Unbound|Knock Off|p1a: Mew","|-supereffective|p1a: Mew","|-damage|p1a: Mew|0 fnt","|-enditem|p1a: Mew|Leftovers|[from] move: Knock Off|[of] p2a: Hoopa-Unbound","|faint|p1a: Mew","|","|-sideend|p2: SWL Neßki|Reflect","|","|switch|p1a: Victini|Victini|341/341","|turn|10","|","|move|p1a: Victini|U-turn|p2a: Hoopa-Unbound","|-supereffective|p2a: Hoopa-Unbound","|-damage|p2a: Hoopa-Unbound|0 fnt","|faint|p2a: Hoopa-Unbound","|","|switch|p1a: Hoopa-Unbound|Hoopa-Unbound|301/301","|","|-sideend|p2: SWL Neßki|move: Light Screen","|","|switch|p2a: Victini|Victini|341/341","|turn|11","|","|switch|p1a: Victini|Victini|341/341","|move|p2a: Victini|U-turn|p1a: Victini","|-damage|p1a: Victini|268/341","|","|switch|p2a: Gardevoir|Gardevoir, F|277/277","|-ability|p2a: Gardevoir|Victory Star|[from] ability: Trace|[of] p1a: Victini","|","|turn|12","|","|switch|p2a: Victini|Victini|341/341","|move|p1a: Victini|V-create|p2a: Victini","|-resisted|p2a: Victini","|-damage|p2a: Victini|200/341","|-unboost|p1a: Victini|spe|1","|-unboost|p1a: Victini|def|1","|-unboost|p1a: Victini|spd|1","|","|turn|13","|","|move|p2a: Victini|V-create|p1a: Victini","|-resisted|p1a: Victini","|-damage|p1a: Victini|42/341","|-unboost|p2a: Victini|spe|1","|-unboost|p2a: Victini|def|1","|-unboost|p2a: Victini|spd|1","|move|p1a: Victini|V-create|p2a: Victini","|-resisted|p2a: Victini","|-damage|p2a: Victini|0 fnt","|-unboost|p1a: Victini|spe|1","|-unboost|p1a: Victini|def|1","|-unboost|p1a: Victini|spd|1","|faint|p2a: Victini","|","|","|switch|p2a: Mew|Mew|378/378","|turn|14","|","|switch|p1a: Gardevoir|Gardevoir, M|339/339","|-ability|p1a: Gardevoir|Synchronize|[from] ability: Trace|[of] p2a: Mew","|move|p2a: Mew|Nasty Plot|p2a: Mew","|-boost|p2a: Mew|spa|2","|","|turn|15","|","|move|p2a: Mew|Psyshock|p1a: Gardevoir","|-resisted|p1a: Gardevoir","|-damage|p1a: Gardevoir|141/339","|move|p1a: Gardevoir|Moonblast|p2a: Mew","|-damage|p2a: Mew|84/378","|-unboost|p2a: Mew|spa|1","|-enditem|p2a: Mew|Sitrus Berry|[eat]","|-heal|p2a: Mew|178/378|[from] item: Sitrus Berry","|","|turn|16","|","|move|p2a: Mew|Flamethrower|p1a: Gardevoir","|-damage|p1a: Gardevoir|6/339","|move|p1a: Gardevoir|Moonblast|p2a: Mew","|-damage|p2a: Mew|0 fnt","|faint|p2a: Mew","|","|","|switch|p2a: Meloetta|Meloetta|403/403","|turn|17","|","|move|p2a: Meloetta|Thunderbolt|p1a: Gardevoir","|-damage|p1a: Gardevoir|0 fnt","|faint|p1a: Gardevoir","|","|","|switch|p1a: Victini|Victini|42/341","|turn|18","|","|move|p1a: Victini|V-create|p2a: Meloetta","|-damage|p2a: Meloetta|85/403","|-unboost|p1a: Victini|spe|1","|-unboost|p1a: Victini|def|1","|-unboost|p1a: Victini|spd|1","|move|p2a: Meloetta|Shadow Ball|p1a: Victini","|-supereffective|p1a: Victini","|-damage|p1a: Victini|0 fnt","|faint|p1a: Victini","|","|","|switch|p1a: Hoopa-Unbound|Hoopa-Unbound|301/301","|turn|19","|","|move|p1a: Hoopa-Unbound|Hyperspace Fury|p2a: Meloetta","|-supereffective|p2a: Meloetta","|-damage|p2a: Meloetta|0 fnt","|-unboost|p1a: Hoopa-Unbound|def|1","|faint|p2a: Meloetta","|","|","|switch|p2a: Gardevoir|Gardevoir, F|277/277","|-ability|p2a: Gardevoir|Magician|[from] ability: Trace|[of] p1a: Hoopa-Unbound","|turn|20","|","|detailschange|p2a: Gardevoir|Gardevoir-Mega, F","|-mega|p2a: Gardevoir|Gardevoir|Gardevoirite","|move|p1a: Hoopa-Unbound|Hyperspace Fury|p2a: Gardevoir","|-damage|p2a: Gardevoir|18/277","|-unboost|p1a: Hoopa-Unbound|def|1","|move|p2a: Gardevoir|Hyper Voice|p1a: Hoopa-Unbound","|-supereffective|p1a: Hoopa-Unbound","|-damage|p1a: Hoopa-Unbound|0 fnt","|faint|p1a: Hoopa-Unbound","|","|","|switch|p1a: Gallade|Gallade, M|277/277","|turn|21","|","|move|p1a: Gallade|Shadow Sneak|p2a: Gardevoir","|-supereffective|p2a: Gardevoir","|-damage|p2a: Gardevoir|0 fnt","|faint|p2a: Gardevoir","|","|win|theace22"],"p1rating":{"entryid":"301730","serverid":"eos","formatid":"monotype","userid":"theace22","username":"theace22","w":11,"l":"2","t":"0","gxe":71.3,"r":"1500","rd":"130","sigma":"0","rptime":"1440234000","rpr":1676.023438786,"rprd":81.000531082646,"rpsigma":"0","acre":1188.7873767817,"lacre":1188.7873767817,"oldacre":"1161.4270290423"},"p2rating":{"entryid":"388","serverid":"eos","formatid":"monotype","userid":"swlneki","username":"SWL Neßki","w":"20","l":8,"t":"0","gxe":66.6,"r":"1647.3857021699","rd":"65.172404766836","sigma":"0","rptime":"1440234000","rpr":1632.2585083614,"rprd":64.345087225827,"rpsigma":"0","acre":1166.9674256565,"lacre":1166.9674256565,"oldacre":"1194.3277733959"},"endType":"normal"}