{"seed":[55211,10687,1665,18821],"turns":34,"p1":"Alpha Vodoom","p2":"LightOfAKnowing","p1team":[{"name":"TNT","species":"tyranitar","item":"assaultvest","ability":"Sand Stream","moves":["earthquake","darkpulse","ancientpower","flamethrower"],"nature":"Quiet","evs":{"hp":248,"atk":8,"def":0,"spa":252,"spd":0,"spe":0},"ivs":{"hp":31,"atk":31,"def":31,"spa":31,"spd":31,"spe":31}},{"name":"Bull","species":"terrakion","item":"choicescarf","ability":"Justified","moves":["closecombat","earthquake","stoneedge","quickattack"],"nature":"Jolly","evs":{"hp":0,"atk":252,"def":0,"spa":0,"spd":4,"spe":252},"ivs":{"hp":31,"atk":31,"def":31,"spa":31,"spd":31,"spe":31}},{"name":"Steel Rex","species":"aggron","item":"aggronite","ability":"Sturdy","moves":["heavyslam","firepunch","rest","earthquake"],"nature":"Impish","evs":{"hp":248,"atk":0,"def":252,"spa":0,"spd":8,"spe":0},"ivs":{"hp":31,"atk":31,"def":31,"spa":31,"spd":31,"spe":31}},{"name":"The real deal","species":"lileep","item":"eviolite","ability":"Storm Drain","moves":["recover","toxic","infestation","gigadrain"],"nature":"Calm","evs":{"hp":252,"atk":0,"def":0,"spa":4,"spd":252,"spe":0},"ivs":{"hp":31,"atk":31,"def":31,"spa":31,"spd":31,"spe":31}},{"name":"Diancie","species":"Diancie","item":"diancite","ability":"Clear Body","moves":["protect","earthpower","diamondstorm","moonblast"],"nature":"Hasty","evs":{"hp":0,"atk":4,"def":0,"spa":252,"spd":0,"spe":252},"ivs":{"hp":31,"atk":31,"def":31,"spa":31,"spd":31,"spe":31}},{"name":"Aurorus","species":"Aurorus","item":"choicescarf","ability":"Refrigerate","moves":["freezedry","hypervoice","earthpower","ancientpower"],"nature":"Timid","evs":{"hp":0,"atk":0,"def":0,"spa":252,"spd":4,"spe":252},"ivs":{"hp":31,"atk":31,"def":31,"spa":31,"spd":31,"spe":31}}],"p2team":[{"name":"Exploud","species":"Exploud","item":"wiseglasses","ability":"Scrappy","moves":["boomburst","icebeam","flamethrower","shadowball"],"nature":"Modest","evs":{"hp":248,"atk":0,"def":0,"spa":252,"spd":8,"spe":0},"ivs":{"hp":31,"atk":31,"def":31,"spa":31,"spd":31,"spe":31}},{"name":"Chansey","species":"Chansey","item":"eviolite","ability":"Natural Cure","moves":["healbell","wish","toxic","seismictoss"],"nature":"Bold","evs":{"hp":248,"atk":0,"def":252,"spa":0,"spd":8,"spe":0},"ivs":{"hp":31,"atk":31,"def":31,"spa":31,"spd":31,"spe":31}},{"name":"Braviary","species":"Braviary","item":"choicescarf","ability":"Sheer Force","moves":["bravebird","rockslide","thrash","steelwing"],"nature":"Jolly","evs":{"hp":0,"atk":252,"def":0,"spa":0,"spd":4,"spe":252},"shiny":true,"ivs":{"hp":31,"atk":31,"def":31,"spa":31,"spd":31,"spe":31}},{"name":"Meloetta","species":"Meloetta","item":"assaultvest","ability":"Serene Grace","moves":["shadowball","psychic","energyball","hypervoice"],"nature":"Modest","evs":{"hp":248,"atk":0,"def":0,"spa":252,"spd":8,"spe":0},"ivs":{"hp":31,"atk":31,"def":31,"spa":31,"spd":31,"spe":31}},{"name":"Lopunny","species":"Lopunny","item":"lopunnite","ability":"Cute Charm","moves":["fakeout","drainpunch","frustration","icepunch"],"nature":"Jolly","evs":{"hp":0,"atk":252,"def":0,"spa":0,"spd":4,"spe":252},"happiness":0,"ivs":{"hp":31,"atk":31,"def":31,"spa":31,"spd":31,"spe":31}},{"name":"Bibarel","species":"Bibarel","item":"chestoberry","ability":"Simple","moves":["curse","superfang","waterfall","rest"],"nature":"Careful","evs":{"hp":248,"atk":8,"def":0,"spa":0,"spd":252,"spe":0},"ivs":{"hp":31,"atk":31,"def":31,"spa":31,"spd":31,"spe":31}}],"log":["|player|p1|Alpha Vodoom|vodoom.png","|player|p2|LightOfAKnowing|lightofaknowing.gif","|gametype|singles","|gen|6","|tier|Monotype","|rated","|rule|Baton Pass Clause: Limit one Baton Passer, can't pass Spe and other stats simultaneously","|rule|Swagger Clause: Swagger is banned","|rule|Same Type Clause: Pokémon in a team must share a type","|clearpoke","|poke|p1|Tyranitar, F","|poke|p1|Terrakion","|poke|p1|Aggron, F","|poke|p1|Lileep, M","|poke|p1|Diancie","|poke|p1|Aurorus, F","|poke|p2|Exploud, F","|poke|p2|Chansey, F","|poke|p2|Braviary, M, shiny","|poke|p2|Meloetta","|poke|p2|Lopunny, M","|poke|p2|Bibarel, F","|rule|Sleep Clause Mod: Limit one foe put to sleep","|rule|Species Clause: Limit one of each Pokémon","|rule|OHKO Clause: OHKO moves are banned","|rule|Moody Clause: Moody is banned","|rule|Evasion Moves Clause: Evasion moves are banned","|rule|Endless Battle Clause: Forcing endless battles is banned","|rule|HP Percentage Mod: HP is shown in percentages","|teampreview","|","|start","|switch|p1a: Bull|Terrakion|323/323","|switch|p2a: Braviary|Braviary, M, shiny|341/341","|turn|1","|","|switch|p1a: Steel Rex|Aggron, F|343/343","|move|p2a: Braviary|Steel Wing|p1a: Steel Rex","|-damage|p1a: Steel Rex|295/343","|","|turn|2","|","|switch|p2a: Bibarel|Bibarel, F|361/361","|move|p1a: Steel Rex|Heavy Slam|p2a: Bibarel","|-resisted|p2a: Bibarel","|-damage|p2a: Bibarel|252/361","|","|turn|3","|","|switch|p1a: The real deal|Lileep, M|336/336","|move|p2a: Bibarel|Curse|p2a: Bibarel","|-unboost|p2a: Bibarel|spe|2","|-boost|p2a: Bibarel|atk|2","|-boost|p2a: Bibarel|def|2","|","|turn|4","|","|move|p2a: Bibarel|Super Fang|p1a: The real deal","|-damage|p1a: The real deal|168/336","|move|p1a: The real deal|Infestation|p2a: Bibarel","|-damage|p2a: Bibarel|241/361","|-activate|p2a: Bibarel|move: Infestation|[of] p1a: The real deal","|","|-damage|p2a: Bibarel|196/361|[from] move: Infestation|[partiallytrapped]","|turn|5","|","|move|p2a: Bibarel|Super Fang|p1a: The real deal","|-damage|p1a: The real deal|84/336","|move|p1a: The real deal|Recover|p1a: The real deal","|-heal|p1a: The real deal|252/336","|","|-damage|p2a: Bibarel|151/361|[from] move: Infestation|[partiallytrapped]","|turn|6","|","|move|p2a: Bibarel|Super Fang|p1a: The real deal","|-damage|p1a: The real deal|126/336","|move|p1a: The real deal|Recover|p1a: The real deal","|-heal|p1a: The real deal|294/336","|","|-damage|p2a: Bibarel|106/361|[from] move: Infestation|[partiallytrapped]","|turn|7","|","|move|p2a: Bibarel|Super Fang|p1a: The real deal","|-damage|p1a: The real deal|147/336","|move|p1a: The real deal|Recover|p1a: The real deal","|-heal|p1a: The real deal|315/336","|","|-damage|p2a: Bibarel|61/361|[from] move: Infestation|[partiallytrapped]","|turn|8","|","|move|p2a: Bibarel|Rest|p2a: Bibarel","|-status|p2a: Bibarel|slp","|-heal|p2a: Bibarel|361/361 slp|[silent]","|-status|p2a: Bibarel|slp|[from] move: Rest","|-enditem|p2a: Bibarel|Chesto Berry|[eat]","|-curestatus|p2a: Bibarel|slp","|move|p1a: The real deal|Recover|p1a: The real deal","|-heal|p1a: The real deal|336/336","|","|-damage|p2a: Bibarel|316/361|[from] move: Infestation|[partiallytrapped]","|turn|9","|","|move|p2a: Bibarel|Super Fang|p1a: The real deal","|-damage|p1a: The real deal|168/336","|move|p1a: The real deal|Giga Drain|p2a: Bibarel","|-supereffective|p2a: Bibarel","|-damage|p2a: Bibarel|206/361","|-heal|p1a: The real deal|223/336|[from] drain|[of] p2a: Bibarel","|","|-end|p2a: Bibarel|Infestation|[partiallytrapped]","|turn|10","|","|switch|p2a: Braviary|Braviary, M, shiny|341/341","|move|p1a: The real deal|Infestation|p2a: Braviary","|-resisted|p2a: Braviary","|-damage|p2a: Braviary|334/341","|-activate|p2a: Braviary|move: Infestation|[of] p1a: The real deal","|","|-damage|p2a: Braviary|292/341|[from] move: Infestation|[partiallytrapped]","|turn|11","|","|switch|p1a: Steel Rex|Aggron, F|295/343","|move|p2a: Braviary|Steel Wing|p1a: Steel Rex","|-damage|p1a: Steel Rex|247/343","|","|turn|12","|","|switch|p2a: Bibarel|Bibarel, F|206/361","|move|p1a: Steel Rex|Heavy Slam|p2a: Bibarel","|-resisted|p2a: Bibarel","|-damage|p2a: Bibarel|83/361","|","|turn|13","|","|move|p2a: Bibarel|Super Fang|p1a: Steel Rex","|-damage|p1a: Steel Rex|124/343","|move|p1a: Steel Rex|Heavy Slam|p2a: Bibarel","|-resisted|p2a: Bibarel","|-damage|p2a: Bibarel|0 fnt","|faint|p2a: Bibarel","|","|","|switch|p2a: Lopunny|Lopunny, M|271/271","|turn|14","|","|switch|p1a: Aurorus|Aurorus, F|387/387","|detailschange|p2a: Lopunny|Lopunny-Mega, M","|-mega|p2a: Lopunny|Lopunny|Lopunnite","|move|p2a: Lopunny|Drain Punch|p1a: Aurorus","|-supereffective|p1a: Aurorus","|-damage|p1a: Aurorus|0 fnt","|faint|p1a: Aurorus","|","|","|switch|p1a: Bull|Terrakion|323/323","|turn|15","|","|switch|p2a: Chansey|Chansey, F|703/703","|move|p1a: Bull|Close Combat|p2a: Chansey","|-supereffective|p2a: Chansey","|-damage|p2a: Chansey|91/703","|-unboost|p1a: Bull|def|1","|-unboost|p1a: Bull|spd|1","|","|turn|16","|","|move|p1a: Bull|Close Combat|p2a: Chansey","|-supereffective|p2a: Chansey","|-damage|p2a: Chansey|0 fnt","|-unboost|p1a: Bull|def|1","|-unboost|p1a: Bull|spd|1","|faint|p2a: Chansey","|","|","|switch|p2a: Meloetta|Meloetta|403/403","|turn|17","|","|switch|p1a: The real deal|Lileep, M|223/336","|move|p2a: Meloetta|Energy Ball|p1a: The real deal","|-damage|p1a: The real deal|160/336","|","|turn|18","|","|switch|p2a: Exploud|Exploud, F|411/411","|move|p1a: The real deal|Recover|p1a: The real deal","|-heal|p1a: The real deal|328/336","|","|turn|19","|","|move|p2a: Exploud|Flamethrower|p1a: The real deal","|-damage|p1a: The real deal|277/336","|move|p1a: The real deal|Toxic|p2a: Exploud","|-status|p2a: Exploud|tox","|","|-damage|p2a: Exploud|386/411 tox|[from] psn","|turn|20","|","|move|p2a: Exploud|Boomburst|p1a: The real deal","|-crit|p1a: The real deal","|-resisted|p1a: The real deal","|-damage|p1a: The real deal|186/336","|move|p1a: The real deal|Toxic|p2a: Exploud|[miss]","|-miss|p1a: The real deal|p2a: Exploud","|","|-damage|p2a: Exploud|336/411 tox|[from] psn","|turn|21","|","|move|p2a: Exploud|Ice Beam|p1a: The real deal","|-supereffective|p1a: The real deal","|-damage|p1a: The real deal|72/336","|move|p1a: The real deal|Recover|p1a: The real deal","|-heal|p1a: The real deal|240/336","|","|-damage|p2a: Exploud|261/411 tox|[from] psn","|turn|22","|","|move|p2a: Exploud|Ice Beam|p1a: The real deal","|-supereffective|p1a: The real deal","|-damage|p1a: The real deal|136/336","|move|p1a: The real deal|Infestation|p2a: Exploud","|-damage|p2a: Exploud|248/411 tox","|-activate|p2a: Exploud|move: Infestation|[of] p1a: The real deal","|","|-damage|p2a: Exploud|148/411 tox|[from] psn","|-damage|p2a: Exploud|97/411 tox|[from] move: Infestation|[partiallytrapped]","|turn|23","|","|move|p2a: Exploud|Ice Beam|p1a: The real deal","|-supereffective|p1a: The real deal","|-damage|p1a: The real deal|20/336","|move|p1a: The real deal|Recover|p1a: The real deal","|-heal|p1a: The real deal|188/336","|","|-damage|p2a: Exploud|0 fnt|[from] psn","|faint|p2a: Exploud","|","|switch|p2a: Lopunny|Lopunny-Mega, M|271/271","|turn|24","|","|move|p2a: Lopunny|Fake Out|p1a: The real deal","|-resisted|p1a: The real deal","|-damage|p1a: The real deal|157/336","|cant|p1a: The real deal|flinch","|","|turn|25","|","|move|p2a: Lopunny|Ice Punch|p1a: The real deal","|-supereffective|p1a: The real deal","|-damage|p1a: The real deal|11/336","|move|p1a: The real deal|Toxic|p2a: Lopunny","|-status|p2a: Lopunny|tox","|","|-damage|p2a: Lopunny|255/271 tox|[from] psn","|turn|26","|","|move|p2a: Lopunny|Ice Punch|p1a: The real deal","|-supereffective|p1a: The real deal","|-damage|p1a: The real deal|0 fnt","|faint|p1a: The real deal","|","|-damage|p2a: Lopunny|223/271 tox|[from] psn","|","|switch|p1a: Bull|Terrakion|323/323","|turn|27","|","|switch|p2a: Braviary|Braviary, M, shiny|292/341","|move|p1a: Bull|Close Combat|p2a: Braviary","|-damage|p2a: Braviary|3/341","|-unboost|p1a: Bull|def|1","|-unboost|p1a: Bull|spd|1","|","|turn|28","|","|move|p1a: Bull|Close Combat|p2a: Braviary","|-damage|p2a: Braviary|0 fnt","|-unboost|p1a: Bull|def|1","|-unboost|p1a: Bull|spd|1","|faint|p2a: Braviary","|","|","|switch|p2a: Meloetta|Meloetta|403/403","|turn|29","|","|switch|p1a: TNT|Tyranitar, F|403/403","|-weather|Sandstorm","|move|p2a: Meloetta|Energy Ball|p1a: TNT","|-supereffective|p1a: TNT","|-damage|p1a: TNT|301/403","|","|-weather|Sandstorm|[upkeep]","|-damage|p2a: Meloetta|378/403|[from] sandstorm","|turn|30","|","|switch|p2a: Lopunny|Lopunny-Mega, M|223/271 tox","|move|p1a: TNT|Dark Pulse|p2a: Lopunny","|-resisted|p2a: Lopunny","|-damage|p2a: Lopunny|153/271 tox","|","|-weather|Sandstorm|[upkeep]","|-damage|p2a: Lopunny|137/271 tox|[from] sandstorm","|-damage|p2a: Lopunny|121/271 tox|[from] psn","|turn|31","|","|switch|p1a: Steel Rex|Aggron, F|124/343","|move|p2a: Lopunny|Drain Punch|p1a: Steel Rex","|-supereffective|p1a: Steel Rex","|-damage|p1a: Steel Rex|0 fnt","|-heal|p2a: Lopunny|183/271 tox|[from] drain|[of] p1a: Steel Rex","|faint|p1a: Steel Rex","|","|-weather|Sandstorm|[upkeep]","|-damage|p2a: Lopunny|167/271 tox|[from] sandstorm","|-damage|p2a: Lopunny|135/271 tox|[from] psn","|","|switch|p1a: Bull|Terrakion|323/323","|turn|32","|","|move|p1a: Bull|Close Combat|p2a: Lopunny","|-supereffective|p2a: Lopunny","|-damage|p2a: Lopunny|0 fnt","|-unboost|p1a: Bull|def|1","|-unboost|p1a: Bull|spd|1","|faint|p2a: Lopunny","|","|-weather|Sandstorm|[upkeep]","|","|switch|p2a: Meloetta|Meloetta|378/403","|turn|33","|","|move|p1a: Bull|Close Combat|p2a: Meloetta","|-damage|p2a: Meloetta|95/403","|-unboost|p1a: Bull|def|1","|-unboost|p1a: Bull|spd|1","|move|p2a: Meloetta|Energy Ball|p1a: Bull","|-supereffective|p1a: Bull","|-damage|p1a: Bull|0 fnt","|faint|p1a: Bull","|","|-weather|none","|","|switch|p1a: TNT|Tyranitar, F|301/403","|-weather|Sandstorm","|turn|34","|","|move|p2a: Meloetta|Energy Ball|p1a: TNT","|-crit|p1a: TNT","|-supereffective|p1a: TNT","|-damage|p1a: TNT|153/403","|-unboost|p1a: TNT|spd|1","|move|p1a: TNT|Dark Pulse|p2a: Meloetta","|-supereffective|p2a: Meloetta","|-damage|p2a: Meloetta|0 fnt","|faint|p2a: Meloetta","|","|win|Alpha Vodoom"],"p1rating":{"entryid":"214259","serverid":"eos","formatid":"monotype","userid":"alphavodoom","username":"Alpha α Vodoom","w":10,"l":"8","t":"0","gxe":54.6,"r":"1474.0257703446","rd":"87.564573761156","sigma":"0","rptime":"1440234000","rpr":1535.7176329999,"rprd":72.84398195017,"rpsigma":"0","acre":1166.5396740864,"lacre":1166.5396740864,"oldacre":"1146.8415128507"},"p2rating":{"entryid":"386","serverid":"eos","formatid":"monotype","userid":"lightofaknowing","username":"LightOfAKnowing","w":"11","l":21,"t":"0","gxe":38.6,"r":"1389.9462070637","rd":"71.203706456188","sigma":"0","rptime":"1440234000","rpr":1411.3942563482,"rprd":60.771292859492,"rpsigma":"0","acre":1055.6324651294,"lacre":1055.6324651294,"oldacre":"1072.0241948407"},"endType":"normal"}