{"seed":[41589,2552,48196,13451],"turns":28,"p1":"Void HairyChild","p2":"GymLeaderAoi","p1team":[{"name":"Cancer bulk","species":"chansey","item":"eviolite","ability":"Natural Cure","moves":["toxic","stealthrock","wish","healbell"],"nature":"Bold","evs":{"hp":128,"atk":0,"def":252,"spa":0,"spd":128,"spe":0},"ivs":{"hp":31,"atk":31,"def":31,"spa":31,"spd":31,"spe":31}},{"name":"Cancer mega","species":"lopunny","item":"lopunnite","ability":"Limber","moves":["highjumpkick","substitute","poweruppunch","return"],"nature":"Jolly","evs":{"hp":0,"atk":252,"def":0,"spa":0,"spd":4,"spe":252},"shiny":true,"ivs":{"hp":31,"atk":31,"def":31,"spa":31,"spd":31,"spe":31}},{"name":"Cancer Bird","species":"staraptor","item":"leftovers","ability":"Intimidate","moves":["bravebird","featherdance","roost","defog"],"nature":"Impish","evs":{"hp":252,"atk":0,"def":176,"spa":0,"spd":80,"spe":0},"ivs":{"hp":31,"atk":31,"def":31,"spa":31,"spd":31,"spe":31}},{"name":"Cancer AV","species":"meloetta","item":"assaultvest","ability":"Serene Grace","moves":["psychic","focusblast","thunderbolt","shadowball"],"nature":"Modest","evs":{"hp":8,"atk":0,"def":0,"spa":252,"spd":8,"spe":240},"ivs":{"hp":31,"atk":31,"def":31,"spa":31,"spd":31,"spe":31}},{"name":"Cancer transform","species":"ditto","item":"choicescarf","ability":"Imposter","moves":["transform"],"nature":"Bold","evs":{"hp":248,"atk":0,"def":252,"spa":0,"spd":8,"spe":0},"ivs":{"hp":31,"atk":31,"def":31,"spa":31,"spd":31,"spe":31}},{"name":"Cancer band","species":"diggersby","item":"choiceband","ability":"Huge Power","moves":["return","earthquake","quickattack","knockoff"],"nature":"Adamant","evs":{"hp":248,"atk":252,"def":0,"spa":0,"spd":8,"spe":0},"shiny":true,"ivs":{"hp":31,"atk":31,"def":31,"spa":31,"spd":31,"spe":31}}],"p2team":[{"name":"Aerodactyl","species":"Aerodactyl","item":"focussash","ability":"Rock Head","moves":["stealthrock","taunt","earthquake","stoneedge"],"nature":"Jolly","evs":{"hp":0,"atk":252,"def":0,"spa":0,"spd":4,"spe":252},"ivs":{"hp":31,"atk":31,"def":31,"spa":31,"spd":31,"spe":31}},{"name":"Omastar","species":"Omastar","item":"focussash","ability":"Weak Armor","moves":["surf","icebeam","hiddenpowergrass","shellsmash"],"nature":"Modest","evs":{"hp":0,"atk":0,"def":0,"spa":252,"spd":4,"spe":252},"ivs":{"hp":31,"atk":30,"def":31,"spa":30,"spd":31,"spe":31}},{"name":"Tyranitar","species":"Tyranitar","item":"choicescarf","ability":"Sand Stream","moves":["icepunch","pursuit","superpower","stoneedge"],"nature":"Jolly","evs":{"hp":0,"atk":252,"def":0,"spa":0,"spd":4,"spe":252},"ivs":{"hp":31,"atk":31,"def":31,"spa":31,"spd":31,"spe":31}},{"name":"Tyrantrum","species":"Tyrantrum","item":"lifeorb","ability":"Rock Head","moves":["headsmash","dragondance","firefang","stoneedge"],"nature":"Adamant","evs":{"hp":0,"atk":252,"def":0,"spa":0,"spd":4,"spe":252},"ivs":{"hp":31,"atk":31,"def":31,"spa":31,"spd":31,"spe":31}},{"name":"Aggron","species":"Aggron","item":"aggronite","ability":"Sturdy","moves":["icepunch","earthquake","ironhead","dragonclaw"],"nature":"Adamant","evs":{"hp":248,"atk":252,"def":0,"spa":0,"spd":8,"spe":0},"ivs":{"hp":31,"atk":31,"def":31,"spa":31,"spd":31,"spe":31}},{"name":"Kabutops","species":"Kabutops","item":"lifeorb","ability":"Battle Armor","moves":["swordsdance","aquajet","stoneedge","waterfall"],"nature":"","evs":{"hp":0,"atk":252,"def":0,"spa":0,"spd":4,"spe":252},"ivs":{"hp":31,"atk":31,"def":31,"spa":31,"spd":31,"spe":31}}],"log":["|player|p1|Void HairyChild|269","|player|p2|GymLeaderAoi|246","|gametype|singles","|gen|6","|tier|Monotype","|rated","|rule|Baton Pass Clause: Limit one Baton Passer, can't pass Spe and other stats simultaneously","|rule|Swagger Clause: Swagger is banned","|rule|Same Type Clause: Pokémon in a team must share a type","|clearpoke","|poke|p1|Chansey, F","|poke|p1|Lopunny, F, shiny","|poke|p1|Staraptor, F","|poke|p1|Meloetta","|poke|p1|Ditto","|poke|p1|Diggersby, F, shiny","|poke|p2|Aerodactyl, M","|poke|p2|Omastar, M","|poke|p2|Tyranitar, M","|poke|p2|Tyrantrum, F","|poke|p2|Aggron, M","|poke|p2|Kabutops, M","|rule|Sleep Clause Mod: Limit one foe put to sleep","|rule|Species Clause: Limit one of each Pokémon","|rule|OHKO Clause: OHKO moves are banned","|rule|Moody Clause: Moody is banned","|rule|Evasion Moves Clause: Evasion moves are banned","|rule|Endless Battle Clause: Forcing endless battles is banned","|rule|HP Percentage Mod: HP is shown in percentages","|teampreview","|","|start","|switch|p1a: Cancer mega|Lopunny, F, shiny|271/271","|switch|p2a: Aerodactyl|Aerodactyl, M|301/301","|turn|1","|","|switch|p1a: Cancer Bird|Staraptor, F|374/374","|-ability|p1a: Cancer Bird|Intimidate","|-unboost|p2a: Aerodactyl|atk|1","|move|p2a: Aerodactyl|Stealth Rock|p1a: Cancer Bird","|-sidestart|p1: Void HairyChild|move: Stealth Rock","|","|turn|2","|","|move|p2a: Aerodactyl|Stone Edge|p1a: Cancer Bird|[miss]","|-miss|p2a: Aerodactyl|p1a: Cancer Bird","|move|p1a: Cancer Bird|Feather Dance|p2a: Aerodactyl","|-unboost|p2a: Aerodactyl|atk|2","|","|turn|3","|","|move|p2a: Aerodactyl|Taunt|p1a: Cancer Bird","|-start|p1a: Cancer Bird|move: Taunt","|cant|p1a: Cancer Bird|move: Taunt|Defog","|","|turn|4","|","|switch|p1a: Cancer mega|Lopunny, F, shiny|271/271","|-damage|p1a: Cancer mega|238/271|[from] Stealth Rock","|move|p2a: Aerodactyl|Stone Edge|p1a: Cancer mega","|-damage|p1a: Cancer mega|171/271","|","|turn|5","|","|detailschange|p1a: Cancer mega|Lopunny-Mega, F, shiny","|-mega|p1a: Cancer mega|Lopunny|Lopunnite","|move|p2a: Aerodactyl|Earthquake|p1a: Cancer mega","|-damage|p1a: Cancer mega|126/271","|move|p1a: Cancer mega|Substitute|p1a: Cancer mega","|-start|p1a: Cancer mega|Substitute","|-damage|p1a: Cancer mega|59/271","|","|turn|6","|","|move|p1a: Cancer mega|High Jump Kick|p2a: Aerodactyl","|-enditem|p2a: Aerodactyl|Focus Sash","|-damage|p2a: Aerodactyl|1/301","|move|p2a: Aerodactyl|Stone Edge|p1a: Cancer mega","|-resisted|p1a: Cancer mega","|-activate|p1a: Cancer mega|Substitute|[damage]","|","|turn|7","|","|move|p1a: Cancer mega|Power-Up Punch|p2a: Aerodactyl","|-damage|p2a: Aerodactyl|0 fnt","|-boost|p1a: Cancer mega|atk|1","|faint|p2a: Aerodactyl","|","|","|switch|p2a: Aggron|Aggron, M|343/343","|turn|8","|","|detailschange|p2a: Aggron|Aggron-Mega, M","|-mega|p2a: Aggron|Aggron|Aggronite","|move|p1a: Cancer mega|High Jump Kick|p2a: Aggron","|-supereffective|p2a: Aggron","|-damage|p2a: Aggron|105/343","|move|p2a: Aggron|Ice Punch|p1a: Cancer mega","|-end|p1a: Cancer mega|Substitute","|","|turn|9","|","|move|p1a: Cancer mega|High Jump Kick|p2a: Aggron","|-supereffective|p2a: Aggron","|-damage|p2a: Aggron|0 fnt","|faint|p2a: Aggron","|","|","|switch|p2a: Kabutops|Kabutops, M|261/261","|turn|10","|","|move|p2a: Kabutops|Aqua Jet|p1a: Cancer mega","|-damage|p1a: Cancer mega|0 fnt","|-damage|p2a: Kabutops|235/261|[from] item: Life Orb","|faint|p1a: Cancer mega","|","|","|switch|p1a: Cancer Bird|Staraptor, F|374/374","|-damage|p1a: Cancer Bird|281/374|[from] Stealth Rock","|-ability|p1a: Cancer Bird|Intimidate","|-unboost|p2a: Kabutops|atk|1","|turn|11","|","|move|p2a: Kabutops|Swords Dance|p2a: Kabutops","|-boost|p2a: Kabutops|atk|2","|move|p1a: Cancer Bird|Feather Dance|p2a: Kabutops","|-unboost|p2a: Kabutops|atk|2","|","|-heal|p1a: Cancer Bird|304/374|[from] item: Leftovers","|turn|12","|","|move|p2a: Kabutops|Stone Edge|p1a: Cancer Bird","|-supereffective|p1a: Cancer Bird","|-damage|p1a: Cancer Bird|31/374","|-damage|p2a: Kabutops|209/261|[from] item: Life Orb","|move|p1a: Cancer Bird|Feather Dance|p2a: Kabutops","|-unboost|p2a: Kabutops|atk|2","|","|-heal|p1a: Cancer Bird|54/374|[from] item: Leftovers","|turn|13","|","|move|p2a: Kabutops|Aqua Jet|p1a: Cancer Bird","|-damage|p1a: Cancer Bird|15/374","|-damage|p2a: Kabutops|183/261|[from] item: Life Orb","|move|p1a: Cancer Bird|Roost|p1a: Cancer Bird","|-heal|p1a: Cancer Bird|202/374","|","|-heal|p1a: Cancer Bird|225/374|[from] item: Leftovers","|turn|14","|","|move|p2a: Kabutops|Swords Dance|p2a: Kabutops","|-boost|p2a: Kabutops|atk|2","|move|p1a: Cancer Bird|Roost|p1a: Cancer Bird","|-heal|p1a: Cancer Bird|374/374","|","|turn|15","|","|move|p2a: Kabutops|Swords Dance|p2a: Kabutops","|-boost|p2a: Kabutops|atk|2","|move|p1a: Cancer Bird|Feather Dance|p2a: Kabutops","|-unboost|p2a: Kabutops|atk|2","|","|turn|16","|","|move|p2a: Kabutops|Swords Dance|p2a: Kabutops","|-boost|p2a: Kabutops|atk|2","|move|p1a: Cancer Bird|Roost|p1a: Cancer Bird","|-fail|p1a: Cancer Bird","|","|turn|17","|","|move|p2a: Kabutops|Stone Edge|p1a: Cancer Bird","|-supereffective|p1a: Cancer Bird","|-damage|p1a: Cancer Bird|0 fnt","|-damage|p2a: Kabutops|157/261|[from] item: Life Orb","|faint|p1a: Cancer Bird","|","|","|switch|p1a: Cancer transform|Ditto|299/299","|-damage|p1a: Cancer transform|262/299|[from] Stealth Rock","|-transform|p1a: Cancer transform|p2a: Kabutops","|turn|18","|","|switch|p2a: Tyranitar|Tyranitar, M|341/341","|-weather|Sandstorm","|move|p1a: Cancer transform|Aqua Jet|p2a: Tyranitar","|-supereffective|p2a: Tyranitar","|-damage|p2a: Tyranitar|171/341","|","|-weather|Sandstorm|[upkeep]","|turn|19","|","|switch|p1a: Cancer bulk|Chansey, F|673/673","|-damage|p1a: Cancer bulk|589/673|[from] Stealth Rock","|move|p2a: Tyranitar|Superpower|p1a: Cancer bulk","|-supereffective|p1a: Cancer bulk","|-damage|p1a: Cancer bulk|235/673","|-unboost|p2a: Tyranitar|atk|1","|-unboost|p2a: Tyranitar|def|1","|","|-weather|Sandstorm|[upkeep]","|-damage|p1a: Cancer bulk|193/673|[from] sandstorm","|turn|20","|","|move|p2a: Tyranitar|Superpower|p1a: Cancer bulk","|-supereffective|p1a: Cancer bulk","|-damage|p1a: Cancer bulk|0 fnt","|-unboost|p2a: Tyranitar|atk|1","|-unboost|p2a: Tyranitar|def|1","|faint|p1a: Cancer bulk","|","|-weather|Sandstorm|[upkeep]","|","|switch|p1a: Cancer band|Diggersby, F, shiny|373/373","|-damage|p1a: Cancer band|350/373|[from] Stealth Rock","|turn|21","|","|move|p2a: Tyranitar|Superpower|p1a: Cancer band","|-supereffective|p1a: Cancer band","|-damage|p1a: Cancer band|174/373","|-unboost|p2a: Tyranitar|atk|1","|-unboost|p2a: Tyranitar|def|1","|move|p1a: Cancer band|Earthquake|p2a: Tyranitar","|-supereffective|p2a: Tyranitar","|-damage|p2a: Tyranitar|0 fnt","|faint|p2a: Tyranitar","|","|-weather|Sandstorm|[upkeep]","|","|switch|p2a: Kabutops|Kabutops, M|157/261","|turn|22","|","|switch|p1a: Cancer transform|Ditto|262/299","|-damage|p1a: Cancer transform|225/299|[from] Stealth Rock","|-transform|p1a: Cancer transform|p2a: Kabutops","|move|p2a: Kabutops|Aqua Jet|p1a: Cancer transform","|-damage|p1a: Cancer transform|138/299","|-damage|p2a: Kabutops|131/261|[from] item: Life Orb","|","|-weather|none","|turn|23","|","|move|p1a: Cancer transform|Waterfall|p2a: Kabutops","|-damage|p2a: Kabutops|14/261","|move|p2a: Kabutops|Stone Edge|p1a: Cancer transform","|-damage|p1a: Cancer transform|0 fnt","|-damage|p2a: Kabutops|0 fnt|[from] item: Life Orb","|faint|p1a: Cancer transform","|faint|p2a: Kabutops","|","|","|switch|p2a: Omastar|Omastar, M|281/281","|switch|p1a: Cancer band|Diggersby, F, shiny|174/373","|-damage|p1a: Cancer band|151/373|[from] Stealth Rock","|turn|24","|","|move|p2a: Omastar|Shell Smash|p2a: Omastar","|-unboost|p2a: Omastar|def|1","|-unboost|p2a: Omastar|spd|1","|-boost|p2a: Omastar|atk|2","|-boost|p2a: Omastar|spa|2","|-boost|p2a: Omastar|spe|2","|move|p1a: Cancer band|Earthquake|p2a: Omastar","|-supereffective|p2a: Omastar","|-enditem|p2a: Omastar|Focus Sash","|-damage|p2a: Omastar|1/281","|-unboost|p2a: Omastar|def|1|[from] ability: Weak Armor","|-boost|p2a: Omastar|spe|1|[from] ability: Weak Armor","|","|turn|25","|","|switch|p1a: Cancer AV|Meloetta|343/343","|-damage|p1a: Cancer AV|301/343|[from] Stealth Rock","|move|p2a: Omastar|Surf|p1a: Cancer AV","|-damage|p1a: Cancer AV|127/343","|","|turn|26","|","|move|p2a: Omastar|Surf|p1a: Cancer AV","|-damage|p1a: Cancer AV|0 fnt","|faint|p1a: Cancer AV","|","|","|switch|p1a: Cancer band|Diggersby, F, shiny|151/373","|-damage|p1a: Cancer band|128/373|[from] Stealth Rock","|turn|27","|","|move|p1a: Cancer band|Quick Attack|p2a: Omastar","|-resisted|p2a: Omastar","|-damage|p2a: Omastar|0 fnt","|faint|p2a: Omastar","|","|","|switch|p2a: Tyrantrum|Tyrantrum, F|305/305","|turn|28","|","|move|p1a: Cancer band|Quick Attack|p2a: Tyrantrum","|-resisted|p2a: Tyrantrum","|-damage|p2a: Tyrantrum|248/305","|move|p2a: Tyrantrum|Head Smash|p1a: Cancer band","|-resisted|p1a: Cancer band","|-damage|p1a: Cancer band|0 fnt","|-damage|p2a: Tyrantrum|218/305|[from] item: Life Orb","|faint|p1a: Cancer band","|","|win|GymLeaderAoi"],"p1rating":{"entryid":"198549","serverid":"eos","formatid":"monotype","userid":"voidhairychild","username":"Void HairyChild","w":"1","l":2,"t":"0","gxe":44.6,"r":"1489.3321950187","rd":"116.82978455913","sigma":"0","rptime":"1440234000","rpr":1457.1534305265,"rprd":111.56806512776,"rpsigma":"0","acre":1013.540756743,"lacre":1013.540756743,"oldacre":"1029.1076766802"},"p2rating":{"entryid":315962,"formatid":"monotype","userid":"gymleaderaoi","username":"GymLeaderAoi","r":1500,"rd":130,"sigma":0,"rpr":1539.444418767,"rprd":122.67536187664,"rpsigma":0,"rptime":1440234000,"w":1,"l":0,"t":0,"gxe":54.9,"acre":1043.3433266662,"lacre":1043.3433266662,"oldacre":1000},"endType":"normal"}