{"seed":[52040,1644,39834,44324],"turns":26,"p1":"Void~Pixie","p2":"DSV","p1team":[{"name":"Cobalion","species":"Cobalion","item":"focussash","ability":"Justified","moves":["thunderwave","taunt","ironhead","stealthrock"],"nature":"Jolly","evs":{"hp":252,"atk":4,"def":0,"spa":0,"spd":0,"spe":252},"ivs":{"hp":31,"atk":31,"def":31,"spa":31,"spd":31,"spe":31}},{"name":"Terrakion","species":"Terrakion","item":"choicescarf","ability":"Justified","moves":["closecombat","earthquake","ironhead","rockslide"],"nature":"Jolly","evs":{"hp":0,"atk":252,"def":0,"spa":0,"spd":4,"spe":252},"ivs":{"hp":31,"atk":31,"def":31,"spa":31,"spd":31,"spe":31}},{"name":"Keldeo","species":"Keldeo","item":"choicespecs","ability":"Justified","moves":["scald","hiddenpowerdark","secretsword","hydropump"],"nature":"Timid","evs":{"hp":0,"atk":0,"def":0,"spa":252,"spd":4,"spe":252},"ivs":{"hp":31,"atk":31,"def":31,"spe":31,"spa":31,"spd":31}},{"name":"Hawlucha","species":"Hawlucha","item":"powerherb","ability":"Unburden","moves":["skyattack","acrobatics","highjumpkick","swordsdance"],"nature":"Adamant","evs":{"hp":0,"atk":252,"def":0,"spa":0,"spd":4,"spe":252},"ivs":{"hp":31,"atk":31,"def":31,"spa":31,"spd":31,"spe":31}},{"name":"Pangoro","species":"Pangoro","item":"assaultvest","ability":"Scrappy","moves":["circlethrow","crunch","knockoff","ironhead"],"nature":"Adamant","evs":{"hp":248,"atk":252,"def":0,"spa":0,"spd":8,"spe":0},"ivs":{"hp":31,"atk":31,"def":31,"spa":31,"spd":31,"spe":31}},{"name":"Medicham","species":"Medicham","item":"medichamite","ability":"Pure Power","moves":["bulletpunch","fakeout","psychocut","highjumpkick"],"nature":"Jolly","evs":{"hp":0,"atk":252,"def":0,"spa":0,"spd":4,"spe":252},"ivs":{"hp":31,"atk":31,"def":31,"spa":31,"spd":31,"spe":31}}],"p2team":[{"name":"Gallade","species":"Gallade","item":"galladite","ability":"Justified","moves":["swordsdance","stoneedge","drainpunch","knockoff"],"nature":"Jolly","evs":{"hp":0,"atk":252,"def":0,"spa":0,"spd":4,"spe":252},"ivs":{"hp":31,"atk":31,"def":31,"spa":31,"spd":31,"spe":31}},{"name":"Metagross","species":"Metagross","item":"focussash","ability":"Clear Body","moves":["hammerarm","bulletpunch","stealthrock","explosion"],"nature":"Adamant","evs":{"hp":248,"atk":252,"def":0,"spa":0,"spd":8,"spe":0},"ivs":{"hp":31,"atk":31,"def":31,"spa":31,"spd":31,"spe":31}},{"name":"Espeon","species":"Espeon","item":"choicescarf","ability":"Magic Bounce","moves":["hiddenpowerice","psyshock","dazzlinggleam","shadowball"],"nature":"Timid","evs":{"hp":0,"atk":0,"def":0,"spa":252,"spd":4,"spe":252},"ivs":{"hp":31,"atk":30,"def":30,"spa":31,"spd":31,"spe":31}},{"name":"Slowbro","species":"Slowbro","item":"leftovers","ability":"Regenerator","moves":["scald","slackoff","calmmind","toxic"],"nature":"Bold","evs":{"hp":252,"atk":0,"def":252,"spa":0,"spd":4,"spe":0},"ivs":{"hp":31,"atk":31,"def":31,"spa":31,"spd":31,"spe":31}},{"name":"Alakazam","species":"Alakazam","item":"focussash","ability":"Magic Guard","moves":["hiddenpowerfire","energyball","psychic","encore"],"nature":"Timid","evs":{"hp":0,"atk":0,"def":0,"spa":252,"spd":4,"spe":252},"ivs":{"hp":31,"atk":30,"def":31,"spa":30,"spd":31,"spe":30}},{"name":"Gardevoir","species":"Gardevoir","item":"leftovers","ability":"Trace","moves":["moonblast","willowisp","wish","protect"],"nature":"Calm","evs":{"hp":252,"atk":0,"def":0,"spa":4,"spd":252,"spe":0},"ivs":{"hp":31,"atk":31,"def":31,"spa":31,"spd":31,"spe":31}}],"log":["|player|p1|Void~Pixie|138","|player|p2|DSV|dsv.png","|gametype|singles","|gen|6","|tier|Monotype","|rated","|rule|Baton Pass Clause: Limit one Baton Passer, can't pass Spe and other stats simultaneously","|rule|Swagger Clause: Swagger is banned","|rule|Same Type Clause: Pokémon in a team must share a type","|clearpoke","|poke|p1|Cobalion","|poke|p1|Terrakion","|poke|p1|Keldeo","|poke|p1|Hawlucha, F","|poke|p1|Pangoro, M","|poke|p1|Medicham, F","|poke|p2|Gallade, M","|poke|p2|Metagross","|poke|p2|Espeon, M","|poke|p2|Slowbro, M","|poke|p2|Alakazam, M","|poke|p2|Gardevoir, M","|rule|Sleep Clause Mod: Limit one foe put to sleep","|rule|Species Clause: Limit one of each Pokémon","|rule|OHKO Clause: OHKO moves are banned","|rule|Moody Clause: Moody is banned","|rule|Evasion Moves Clause: Evasion moves are banned","|rule|Endless Battle Clause: Forcing endless battles is banned","|rule|HP Percentage Mod: HP is shown in percentages","|teampreview","|","|start","|switch|p1a: Cobalion|Cobalion|386/386","|switch|p2a: Gallade|Gallade, M|277/277","|turn|1","|","|detailschange|p2a: Gallade|Gallade-Mega, M","|-mega|p2a: Gallade|Gallade|Galladite","|move|p1a: Cobalion|Thunder Wave|p2a: Gallade","|-status|p2a: Gallade|par","|move|p2a: Gallade|Drain Punch|p1a: Cobalion","|-supereffective|p1a: Cobalion","|-damage|p1a: Cobalion|138/386","|","|turn|2","|","|move|p1a: Cobalion|Stealth Rock|p2a: Gallade","|-sidestart|p2: DSV|move: Stealth Rock","|move|p2a: Gallade|Drain Punch|p1a: Cobalion","|-crit|p1a: Cobalion","|-supereffective|p1a: Cobalion","|-damage|p1a: Cobalion|0 fnt","|faint|p1a: Cobalion","|","|","|switch|p1a: Hawlucha|Hawlucha, F|297/297","|turn|3","|","|move|p1a: Hawlucha|Sky Attack|p2a: Gallade|[still]","|-prepare|p1a: Hawlucha|Sky Attack|p2a: Gallade","|-enditem|p1a: Hawlucha|Power Herb","|-anim|p1a: Hawlucha|Sky Attack|p2a: Gallade","|-supereffective|p2a: Gallade","|-damage|p2a: Gallade|0 fnt","|faint|p2a: Gallade","|","|","|switch|p2a: Slowbro|Slowbro, M|394/394","|-damage|p2a: Slowbro|345/394|[from] Stealth Rock","|turn|4","|","|move|p1a: Hawlucha|Swords Dance|p1a: Hawlucha","|-boost|p1a: Hawlucha|atk|2","|move|p2a: Slowbro|Toxic|p1a: Hawlucha","|-status|p1a: Hawlucha|tox","|","|-heal|p2a: Slowbro|369/394|[from] item: Leftovers","|-damage|p1a: Hawlucha|279/297 tox|[from] psn","|turn|5","|","|move|p1a: Hawlucha|Acrobatics|p2a: Slowbro","|-damage|p2a: Slowbro|126/394","|move|p2a: Slowbro|Scald|p1a: Hawlucha","|-damage|p1a: Hawlucha|147/297 tox","|","|-heal|p2a: Slowbro|150/394|[from] item: Leftovers","|-damage|p1a: Hawlucha|111/297 tox|[from] psn","|turn|6","|","|switch|p2a: Metagross|Metagross|363/363","|-damage|p2a: Metagross|341/363|[from] Stealth Rock","|move|p1a: Hawlucha|Acrobatics|p2a: Metagross","|-crit|p2a: Metagross","|-resisted|p2a: Metagross","|-damage|p2a: Metagross|125/363","|","|-damage|p1a: Hawlucha|57/297 tox|[from] psn","|turn|7","|","|move|p2a: Metagross|Bullet Punch|p1a: Hawlucha","|-damage|p1a: Hawlucha|0 fnt","|faint|p1a: Hawlucha","|","|","|switch|p1a: Pangoro|Pangoro, M|393/393","|turn|8","|","|move|p2a: Metagross|Explosion|p1a: Pangoro","|-damage|p1a: Pangoro|0 fnt","|faint|p2a: Metagross","|faint|p1a: Pangoro","|","|","|switch|p2a: Espeon|Espeon, M|271/271","|switch|p1a: Medicham|Medicham, F|261/261","|-damage|p2a: Espeon|238/271|[from] Stealth Rock","|turn|9","|","|switch|p2a: Slowbro|Slowbro, M|281/394","|-damage|p2a: Slowbro|232/394|[from] Stealth Rock","|detailschange|p1a: Medicham|Medicham-Mega, F","|-mega|p1a: Medicham|Medicham|Medichamite","|move|p1a: Medicham|Fake Out|p2a: Slowbro","|-damage|p2a: Slowbro|179/394","|","|-heal|p2a: Slowbro|203/394|[from] item: Leftovers","|turn|10","|","|switch|p1a: Keldeo|Keldeo|323/323","|move|p2a: Slowbro|Slack Off|p2a: Slowbro","|-heal|p2a: Slowbro|394/394","|","|turn|11","|","|switch|p2a: Espeon|Espeon, M|238/271","|-damage|p2a: Espeon|205/271|[from] Stealth Rock","|move|p1a: Keldeo|Hidden Power|p2a: Espeon","|-crit|p2a: Espeon","|-supereffective|p2a: Espeon","|-damage|p2a: Espeon|0 fnt","|faint|p2a: Espeon","|","|","|switch|p2a: Gardevoir|Gardevoir, M|340/340","|-damage|p2a: Gardevoir|298/340|[from] Stealth Rock","|-ability|p2a: Gardevoir|Justified|[from] ability: Trace|[of] p1a: Keldeo","|turn|12","|","|switch|p1a: Medicham|Medicham-Mega, F|261/261","|move|p2a: Gardevoir|Moonblast|p1a: Medicham","|-supereffective|p1a: Medicham","|-damage|p1a: Medicham|0 fnt","|faint|p1a: Medicham","|","|-heal|p2a: Gardevoir|319/340|[from] item: Leftovers","|","|switch|p1a: Keldeo|Keldeo|323/323","|turn|13","|","|move|p1a: Keldeo|Hydro Pump|p2a: Gardevoir","|-damage|p2a: Gardevoir|133/340","|move|p2a: Gardevoir|Wish|p2a: Gardevoir","|","|-heal|p2a: Gardevoir|154/340|[from] item: Leftovers","|turn|14","|","|switch|p2a: Slowbro|Slowbro, M|394/394","|-damage|p2a: Slowbro|345/394|[from] Stealth Rock","|move|p1a: Keldeo|Hydro Pump|p2a: Slowbro|[miss]","|-miss|p1a: Keldeo|p2a: Slowbro","|","|-heal|p2a: Slowbro|394/394|[from] move: Wish|[wisher] Gardevoir","|turn|15","|","|move|p1a: Keldeo|Hydro Pump|p2a: Slowbro","|-resisted|p2a: Slowbro","|-damage|p2a: Slowbro|229/394","|move|p2a: Slowbro|Toxic|p1a: Keldeo","|-status|p1a: Keldeo|tox","|","|-heal|p2a: Slowbro|253/394|[from] item: Leftovers","|-damage|p1a: Keldeo|303/323 tox|[from] psn","|turn|16","|","|switch|p1a: Terrakion|Terrakion|323/323","|move|p2a: Slowbro|Slack Off|p2a: Slowbro","|-heal|p2a: Slowbro|394/394","|","|turn|17","|","|switch|p1a: Keldeo|Keldeo|303/323 tox","|move|p2a: Slowbro|Scald|p1a: Keldeo","|-resisted|p1a: Keldeo","|-damage|p1a: Keldeo|249/323 tox","|","|-damage|p1a: Keldeo|229/323 tox|[from] psn","|turn|18","|","|switch|p2a: Gardevoir|Gardevoir, M|154/340","|-damage|p2a: Gardevoir|112/340|[from] Stealth Rock","|-ability|p2a: Gardevoir|Justified|[from] ability: Trace|[of] p1a: Keldeo","|move|p1a: Keldeo|Hidden Power|p2a: Gardevoir","|-damage|p2a: Gardevoir|43/340","|-boost|p2a: Gardevoir|atk|1|[from] ability: Justified","|","|-heal|p2a: Gardevoir|64/340|[from] item: Leftovers","|-damage|p1a: Keldeo|189/323 tox|[from] psn","|turn|19","|","|move|p2a: Gardevoir|Protect|p2a: Gardevoir","|-singleturn|p2a: Gardevoir|Protect","|move|p1a: Keldeo|Hidden Power|p2a: Gardevoir","|-activate|p2a: Gardevoir|Protect","|","|-heal|p2a: Gardevoir|85/340|[from] item: Leftovers","|-damage|p1a: Keldeo|129/323 tox|[from] psn","|turn|20","|","|switch|p1a: Terrakion|Terrakion|323/323","|move|p2a: Gardevoir|Wish|p2a: Gardevoir","|","|-heal|p2a: Gardevoir|106/340|[from] item: Leftovers","|turn|21","|","|switch|p2a: Slowbro|Slowbro, M|394/394","|-damage|p2a: Slowbro|345/394|[from] Stealth Rock","|move|p1a: Terrakion|Earthquake|p2a: Slowbro","|-damage|p2a: Slowbro|262/394","|","|-heal|p2a: Slowbro|394/394|[from] move: Wish|[wisher] Gardevoir","|turn|22","|","|switch|p1a: Keldeo|Keldeo|129/323 tox","|move|p2a: Slowbro|Calm Mind|p2a: Slowbro","|-boost|p2a: Slowbro|spa|1","|-boost|p2a: Slowbro|spd|1","|","|-damage|p1a: Keldeo|109/323 tox|[from] psn","|turn|23","|","|move|p1a: Keldeo|Hidden Power|p2a: Slowbro","|-supereffective|p2a: Slowbro","|-damage|p2a: Slowbro|230/394","|move|p2a: Slowbro|Slack Off|p2a: Slowbro","|-heal|p2a: Slowbro|394/394","|","|-damage|p1a: Keldeo|69/323 tox|[from] psn","|turn|24","|","|move|p1a: Keldeo|Hidden Power|p2a: Slowbro","|-supereffective|p2a: Slowbro","|-damage|p2a: Slowbro|224/394","|move|p2a: Slowbro|Scald|p1a: Keldeo","|-resisted|p1a: Keldeo","|-damage|p1a: Keldeo|0 fnt","|faint|p1a: Keldeo","|","|-heal|p2a: Slowbro|248/394|[from] item: Leftovers","|","|switch|p1a: Terrakion|Terrakion|323/323","|turn|25","|","|move|p1a: Terrakion|Earthquake|p2a: Slowbro","|-damage|p2a: Slowbro|164/394","|move|p2a: Slowbro|Scald|p1a: Terrakion","|-supereffective|p1a: Terrakion","|-damage|p1a: Terrakion|15/323","|","|-heal|p2a: Slowbro|188/394|[from] item: Leftovers","|turn|26","|","|move|p1a: Terrakion|Earthquake|p2a: Slowbro","|-crit|p2a: Slowbro","|-damage|p2a: Slowbro|58/394","|move|p2a: Slowbro|Scald|p1a: Terrakion","|-supereffective|p1a: Terrakion","|-damage|p1a: Terrakion|0 fnt","|faint|p1a: Terrakion","|","|win|DSV"],"p1rating":{"entryid":"271156","serverid":"eos","formatid":"monotype","userid":"voidpixie","username":"Void~Pixie","w":"9","l":8,"t":"0","gxe":50.9,"r":"1459.8393856612","rd":"122.8583080769","sigma":"0","rptime":"1440234000","rpr":1506.8150142031,"rprd":74.132958027977,"rpsigma":"0","acre":1095.502010824,"lacre":1095.502010824,"oldacre":"1124.764565832"},"p2rating":{"entryid":"159982","serverid":"eos","formatid":"monotype","userid":"dsv","username":"DSV","w":3,"l":"3","t":"0","gxe":49.7,"r":"1479.2209682178","rd":"111.99302411103","sigma":"0","rptime":"1440234000","rpr":1497.3496443558,"rprd":99.268572199995,"rpsigma":"0","acre":1100.3596831717,"lacre":1100.3596831717,"oldacre":"1064.9417674049"},"endType":"normal"}