{"seed":[59721,57789,13480,51865],"turns":26,"p1":"Silver LadyLaxus","p2":"Rain Zeref","p1team":[{"name":"Ferrothorn","species":"Ferrothorn","item":"leftovers","ability":"Iron Barbs","moves":["leechseed","powerwhip","thunderwave","protect"],"nature":"Impish","evs":{"hp":252,"atk":4,"def":252,"spa":0,"spd":0,"spe":0},"ivs":{"hp":31,"atk":31,"def":31,"spa":31,"spd":31,"spe":31}},{"name":"Heatran","species":"Heatran","item":"airballoon","ability":"Flash Fire","moves":["lavaplume","earthpower","toxic","protect"],"nature":"Calm","evs":{"hp":248,"atk":0,"def":0,"spa":8,"spd":252,"spe":0},"ivs":{"hp":31,"atk":31,"def":31,"spa":31,"spd":31,"spe":31}},{"name":"Aggron","species":"Aggron","item":"aggronite","ability":"Sturdy","moves":["brickbreak","heavyslam","rockslide","earthquake"],"nature":"Adamant","evs":{"hp":248,"atk":252,"def":0,"spa":0,"spd":8,"spe":0},"ivs":{"hp":31,"atk":31,"def":31,"spa":31,"spd":31,"spe":31}},{"name":"Klinklang","species":"Klinklang","item":"leftovers","ability":"Clear Body","moves":["geargrind","shiftgear","return","substitute"],"nature":"Adamant","evs":{"hp":4,"atk":252,"def":0,"spa":0,"spd":0,"spe":252},"ivs":{"hp":31,"atk":31,"def":31,"spa":31,"spd":31,"spe":31}},{"name":"Empoleon","species":"Empoleon","item":"assaultvest","ability":"Torrent","moves":["scald","icebeam","flashcannon","grassknot"],"nature":"Modest","evs":{"hp":4,"atk":0,"def":0,"spa":252,"spd":0,"spe":0},"ivs":{"hp":31,"atk":31,"def":31,"spa":31,"spd":31,"spe":31}},{"name":"Magnezone","species":"Magnezone","item":"leftovers","ability":"Magnet Pull","moves":["voltswitch","thunderbolt","flashcannon","triattack"],"nature":"Modest","evs":{"hp":252,"atk":0,"def":0,"spa":252,"spd":4,"spe":0},"ivs":{"hp":31,"atk":31,"def":31,"spa":31,"spd":31,"spe":31}}],"p2team":[{"name":"Hydreigon","species":"Hydreigon","item":"lifeorb","ability":"Levitate","moves":["flamethrower","darkpulse","dracometeor","earthpower"],"nature":"Timid","evs":{"hp":0,"atk":0,"def":0,"spa":252,"spd":4,"spe":252},"gender":"F","shiny":true,"ivs":{"hp":31,"atk":31,"def":31,"spa":31,"spd":31,"spe":31}},{"name":"DEEZ NUTS!!","species":"weavile","item":"choicescarf","ability":"Pressure","moves":["iceshard","iciclecrash","knockoff","brickbreak"],"nature":"Adamant","evs":{"hp":0,"atk":252,"def":0,"spa":0,"spd":4,"spe":252},"gender":"F","ivs":{"hp":31,"atk":31,"def":31,"spa":31,"spd":31,"spe":31}},{"name":"DEEZ NUTS!!!","species":"mandibuzz","item":"leftovers","ability":"Overcoat","moves":["toxic","roost","foulplay","whirlwind"],"nature":"Bold","evs":{"hp":252,"atk":0,"def":252,"spa":0,"spd":4,"spe":0},"ivs":{"hp":31,"atk":0,"def":31,"spa":31,"spd":31,"spe":31},"shiny":true},{"name":"Bisharp","species":"Bisharp","item":"lumberry","ability":"Defiant","moves":["swordsdance","knockoff","suckerpunch","ironhead"],"nature":"Jolly","evs":{"hp":4,"atk":252,"def":0,"spa":0,"spd":0,"spe":252},"ivs":{"hp":31,"atk":31,"def":31,"spa":31,"spd":31,"spe":31}},{"name":"DEEZ NUTS!!!!!","species":"hoopaunbound","item":"choicescarf","ability":"Magician","moves":["drainpunch","hyperspacefury","gunkshot","zenheadbutt"],"nature":"Jolly","evs":{"hp":0,"atk":252,"def":0,"spa":0,"spd":4,"spe":252},"ivs":{"hp":31,"atk":31,"def":31,"spa":31,"spd":31,"spe":31}},{"name":"DEEZ NUTS!!!!!!","species":"tyranitar","item":"tyranitarite","ability":"Sand Stream","moves":["dragondance","stoneedge","crunch","earthquake"],"nature":"Jolly","evs":{"hp":0,"atk":252,"def":0,"spa":0,"spd":4,"spe":252},"ivs":{"hp":31,"atk":31,"def":31,"spa":31,"spd":31,"spe":31}}],"log":["|player|p1|Silver LadyLaxus|100","|player|p2|Rain Zeref|rainzeref.png","|gametype|singles","|gen|6","|tier|Monotype","|rated","|rule|Baton Pass Clause: Limit one Baton Passer, can't pass Spe and other stats simultaneously","|rule|Swagger Clause: Swagger is banned","|rule|Same Type Clause: Pokémon in a team must share a type","|clearpoke","|poke|p1|Ferrothorn, M","|poke|p1|Heatran, M","|poke|p1|Aggron, F","|poke|p1|Klinklang","|poke|p1|Empoleon, F","|poke|p1|Magnezone","|poke|p2|Hydreigon, F, shiny","|poke|p2|Weavile, F","|poke|p2|Mandibuzz, F, shiny","|poke|p2|Bisharp, F","|poke|p2|Hoopa-Unbound","|poke|p2|Tyranitar, F","|rule|Sleep Clause Mod: Limit one foe put to sleep","|rule|Species Clause: Limit one of each Pokémon","|rule|OHKO Clause: OHKO moves are banned","|rule|Moody Clause: Moody is banned","|rule|Evasion Moves Clause: Evasion moves are banned","|rule|Endless Battle Clause: Forcing endless battles is banned","|rule|HP Percentage Mod: HP is shown in percentages","|teampreview","|","|start","|switch|p1a: Aggron|Aggron, F|343/343","|switch|p2a: DEEZ NUTS!!|Weavile, F|281/281","|-ability|p2a: DEEZ NUTS!!|Pressure","|turn|1","|","|detailschange|p1a: Aggron|Aggron-Mega, F","|-mega|p1a: Aggron|Aggron|Aggronite","|move|p2a: DEEZ NUTS!!|Brick Break|p1a: Aggron","|-supereffective|p1a: Aggron","|-damage|p1a: Aggron|276/343","|move|p1a: Aggron|Heavy Slam|p2a: DEEZ NUTS!!","|-supereffective|p2a: DEEZ NUTS!!","|-damage|p2a: DEEZ NUTS!!|0 fnt","|faint|p2a: DEEZ NUTS!!","|","|","|switch|p2a: Hydreigon|Hydreigon, F, shiny|325/325","|turn|2","|","|switch|p1a: Heatran|Heatran, M|385/385","|-item|p1a: Heatran|Air Balloon","|move|p2a: Hydreigon|Earth Power|p1a: Heatran","|-immune|p1a: Heatran|[msg]","|","|turn|3","|","|move|p2a: Hydreigon|Dark Pulse|p1a: Heatran","|-damage|p1a: Heatran|268/385","|-enditem|p1a: Heatran|Air Balloon","|-damage|p2a: Hydreigon|293/325|[from] item: Life Orb","|move|p1a: Heatran|Lava Plume|p2a: Hydreigon","|-resisted|p2a: Hydreigon","|-damage|p2a: Hydreigon|224/325","|","|turn|4","|","|switch|p1a: Aggron|Aggron-Mega, F|276/343","|move|p2a: Hydreigon|Earth Power|p1a: Aggron","|-supereffective|p1a: Aggron","|-damage|p1a: Aggron|40/343","|-damage|p2a: Hydreigon|192/325|[from] item: Life Orb","|","|turn|5","|","|move|p2a: Hydreigon|Earth Power|p1a: Aggron","|-crit|p1a: Aggron","|-supereffective|p1a: Aggron","|-damage|p1a: Aggron|0 fnt","|-damage|p2a: Hydreigon|160/325|[from] item: Life Orb","|faint|p1a: Aggron","|","|","|switch|p1a: Klinklang|Klinklang|262/262","|turn|6","|","|switch|p2a: DEEZ NUTS!!!!!!|Tyranitar, F|341/341","|-weather|Sandstorm","|move|p1a: Klinklang|Shift Gear|p1a: Klinklang","|-boost|p1a: Klinklang|spe|2","|-boost|p1a: Klinklang|atk|1","|","|-weather|Sandstorm|[upkeep]","|turn|7","|","|detailschange|p2a: DEEZ NUTS!!!!!!|Tyranitar-Mega, F","|-mega|p2a: DEEZ NUTS!!!!!!|Tyranitar|Tyranitarite","|move|p1a: Klinklang|Gear Grind|p2a: DEEZ NUTS!!!!!!","|-supereffective|p2a: DEEZ NUTS!!!!!!","|-damage|p2a: DEEZ NUTS!!!!!!|159/341","|-supereffective|p2a: DEEZ NUTS!!!!!!","|-damage|p2a: DEEZ NUTS!!!!!!|0 fnt","|-hitcount|p2a: DEEZ NUTS!!!!!!|2","|faint|p2a: DEEZ NUTS!!!!!!","|","|-weather|Sandstorm|[upkeep]","|","|switch|p2a: DEEZ NUTS!!!|Mandibuzz, F, shiny|424/424","|turn|8","|","|move|p1a: Klinklang|Gear Grind|p2a: DEEZ NUTS!!!","|-damage|p2a: DEEZ NUTS!!!|345/424","|-damage|p2a: DEEZ NUTS!!!|261/424","|-hitcount|p2a: DEEZ NUTS!!!|2","|move|p2a: DEEZ NUTS!!!|Foul Play|p1a: Klinklang","|-damage|p1a: Klinklang|66/262","|","|-weather|Sandstorm|[upkeep]","|-heal|p1a: Klinklang|82/262|[from] item: Leftovers","|-heal|p2a: DEEZ NUTS!!!|287/424|[from] item: Leftovers","|turn|9","|","|switch|p1a: Ferrothorn|Ferrothorn, M|352/352","|move|p2a: DEEZ NUTS!!!|Foul Play|p1a: Ferrothorn","|-damage|p1a: Ferrothorn|291/352","|-damage|p2a: DEEZ NUTS!!!|234/424|[from] ability: Iron Barbs|[of] p1a: Ferrothorn","|","|-weather|Sandstorm|[upkeep]","|-heal|p2a: DEEZ NUTS!!!|260/424|[from] item: Leftovers","|-heal|p1a: Ferrothorn|313/352|[from] item: Leftovers","|turn|10","|","|move|p1a: Ferrothorn|Thunder Wave|p2a: DEEZ NUTS!!!","|-status|p2a: DEEZ NUTS!!!|par","|cant|p2a: DEEZ NUTS!!!|par","|","|-weather|none","|-heal|p1a: Ferrothorn|335/352|[from] item: Leftovers","|-heal|p2a: DEEZ NUTS!!!|286/424 par|[from] item: Leftovers","|turn|11","|","|move|p1a: Ferrothorn|Leech Seed|p2a: DEEZ NUTS!!!|[miss]","|-miss|p1a: Ferrothorn|p2a: DEEZ NUTS!!!","|cant|p2a: DEEZ NUTS!!!|par","|","|-heal|p1a: Ferrothorn|352/352|[from] item: Leftovers","|-heal|p2a: DEEZ NUTS!!!|312/424 par|[from] item: Leftovers","|turn|12","|","|move|p1a: Ferrothorn|Leech Seed|p2a: DEEZ NUTS!!!","|-start|p2a: DEEZ NUTS!!!|move: Leech Seed","|cant|p2a: DEEZ NUTS!!!|par","|","|-heal|p2a: DEEZ NUTS!!!|338/424 par|[from] item: Leftovers","|-damage|p2a: DEEZ NUTS!!!|285/424 par|[from] Leech Seed|[of] p1a: Ferrothorn","|turn|13","|","|move|p1a: Ferrothorn|Protect|p1a: Ferrothorn","|-singleturn|p1a: Ferrothorn|Protect","|move|p2a: DEEZ NUTS!!!|Whirlwind|p1a: Ferrothorn","|drag|p1a: Magnezone|Magnezone|344/344","|","|-heal|p2a: DEEZ NUTS!!!|311/424 par|[from] item: Leftovers","|-damage|p2a: DEEZ NUTS!!!|258/424 par|[from] Leech Seed|[of] p1a: Magnezone","|turn|14","|","|move|p1a: Magnezone|Volt Switch|p2a: DEEZ NUTS!!!","|-supereffective|p2a: DEEZ NUTS!!!","|-damage|p2a: DEEZ NUTS!!!|0 fnt","|faint|p2a: DEEZ NUTS!!!","|","|switch|p1a: Ferrothorn|Ferrothorn, M|352/352","|","|","|switch|p2a: Hydreigon|Hydreigon, F, shiny|160/325","|turn|15","|","|move|p1a: Ferrothorn|Protect|p1a: Ferrothorn","|-singleturn|p1a: Ferrothorn|Protect","|move|p2a: Hydreigon|Flamethrower|p1a: Ferrothorn","|-activate|p1a: Ferrothorn|Protect","|","|turn|16","|","|switch|p1a: Empoleon|Empoleon, F|310/310","|move|p2a: Hydreigon|Flamethrower|p1a: Empoleon","|-damage|p1a: Empoleon|220/310","|-damage|p2a: Hydreigon|128/325|[from] item: Life Orb","|","|turn|17","|","|switch|p2a: Bisharp|Bisharp, F|272/272","|move|p1a: Empoleon|Ice Beam|p2a: Bisharp","|-resisted|p2a: Bisharp","|-damage|p2a: Bisharp|201/272","|","|turn|18","|","|move|p2a: Bisharp|Swords Dance|p2a: Bisharp","|-boost|p2a: Bisharp|atk|2","|move|p1a: Empoleon|Scald|p2a: Bisharp","|-damage|p2a: Bisharp|27/272","|-status|p2a: Bisharp|brn","|-enditem|p2a: Bisharp|Lum Berry|[eat]","|-curestatus|p2a: Bisharp|brn","|","|turn|19","|","|switch|p1a: Ferrothorn|Ferrothorn, M|352/352","|move|p2a: Bisharp|Knock Off|p1a: Ferrothorn","|-damage|p1a: Ferrothorn|156/352","|-damage|p2a: Bisharp|0 fnt|[from] ability: Iron Barbs|[of] p1a: Ferrothorn","|faint|p2a: Bisharp","|","|-heal|p1a: Ferrothorn|178/352|[from] item: Leftovers","|","|switch|p2a: DEEZ NUTS!!!!!|Hoopa-Unbound|301/301","|turn|20","|","|move|p2a: DEEZ NUTS!!!!!|Drain Punch|p1a: Ferrothorn","|-supereffective|p1a: Ferrothorn","|-damage|p1a: Ferrothorn|64/352","|-damage|p2a: DEEZ NUTS!!!!!|264/301|[from] ability: Iron Barbs|[of] p1a: Ferrothorn","|move|p1a: Ferrothorn|Thunder Wave|p2a: DEEZ NUTS!!!!!","|-status|p2a: DEEZ NUTS!!!!!|par","|","|-heal|p1a: Ferrothorn|86/352|[from] item: Leftovers","|turn|21","|","|move|p2a: DEEZ NUTS!!!!!|Drain Punch|p1a: Ferrothorn","|-supereffective|p1a: Ferrothorn","|-damage|p1a: Ferrothorn|0 fnt","|-heal|p2a: DEEZ NUTS!!!!!|301/301 par|[from] drain|[of] p1a: Ferrothorn","|-damage|p2a: DEEZ NUTS!!!!!|264/301 par|[from] ability: Iron Barbs|[of] p1a: Ferrothorn","|faint|p1a: Ferrothorn","|","|","|switch|p1a: Klinklang|Klinklang|82/262","|turn|22","|","|move|p1a: Klinklang|Substitute|p1a: Klinklang","|-start|p1a: Klinklang|Substitute","|-damage|p1a: Klinklang|17/262","|move|p2a: DEEZ NUTS!!!!!|Drain Punch|p1a: Klinklang","|-supereffective|p1a: Klinklang","|-end|p1a: Klinklang|Substitute","|-heal|p2a: DEEZ NUTS!!!!!|297/301 par|[from] drain|[of] p1a: Klinklang","|","|-heal|p1a: Klinklang|33/262|[from] item: Leftovers","|turn|23","|","|move|p1a: Klinklang|Gear Grind|p2a: DEEZ NUTS!!!!!","|-damage|p2a: DEEZ NUTS!!!!!|171/301 par","|-damage|p2a: DEEZ NUTS!!!!!|50/301 par","|-hitcount|p2a: DEEZ NUTS!!!!!|2","|move|p2a: DEEZ NUTS!!!!!|Drain Punch|p1a: Klinklang","|-supereffective|p1a: Klinklang","|-damage|p1a: Klinklang|0 fnt","|-heal|p2a: DEEZ NUTS!!!!!|67/301 par|[from] drain|[of] p1a: Klinklang","|faint|p1a: Klinklang","|","|","|switch|p1a: Magnezone|Magnezone|344/344","|turn|24","|","|move|p1a: Magnezone|Flash Cannon|p2a: DEEZ NUTS!!!!!","|-damage|p2a: DEEZ NUTS!!!!!|0 fnt","|faint|p2a: DEEZ NUTS!!!!!","|","|","|switch|p2a: Hydreigon|Hydreigon, F, shiny|128/325","|turn|25","|","|move|p2a: Hydreigon|Earth Power|p1a: Magnezone","|-supereffective|p1a: Magnezone","|-damage|p1a: Magnezone|0 fnt","|-damage|p2a: Hydreigon|96/325|[from] item: Life Orb","|faint|p1a: Magnezone","|","|","|switch|p1a: Empoleon|Empoleon, F|220/310","|turn|26","|","|move|p2a: Hydreigon|Earth Power|p1a: Empoleon","|-supereffective|p1a: Empoleon","|-damage|p1a: Empoleon|48/310","|-damage|p2a: Hydreigon|64/325|[from] item: Life Orb","|move|p1a: Empoleon|Ice Beam|p2a: Hydreigon","|-supereffective|p2a: Hydreigon","|-damage|p2a: Hydreigon|0 fnt","|faint|p2a: Hydreigon","|","|win|Silver LadyLaxus"],"p1rating":{"entryid":"221665","serverid":"eos","formatid":"monotype","userid":"silverladylaxus","username":"Silver LadyLaxus","w":3,"l":"0","t":"0","gxe":62.7,"r":"1540.881883812","rd":"122.43462990656","sigma":"0","rptime":"1440234000","rpr":1602.4941483904,"rprd":111.06946362749,"rpsigma":"0","acre":1103.9803735343,"lacre":1103.9803735343,"oldacre":"1082.8635749323"},"p2rating":{"entryid":"191502","serverid":"eos","formatid":"monotype","userid":"rainzeref","username":"Rain Zeref","w":"3","l":15,"t":"0","gxe":31.2,"r":"1385.7064528291","rd":"80.056159849456","sigma":"0","rptime":"1440234000","rpr":1347.9699892398,"rprd":74.374475773353,"rpsigma":"0","acre":1000,"lacre":1000,"oldacre":"1000"},"endType":"normal"}