{"seed":[45468,47444,46681,64101],"turns":22,"p1":"theace22","p2":"rubensd","p1team":[{"name":"Sableye","species":"Sableye","item":"sablenite","ability":"Prankster","moves":["calmmind","recover","willowisp","snarl"],"nature":"Bold","evs":{"hp":252,"atk":0,"def":196,"spa":0,"spd":60,"spe":0},"ivs":{"hp":31,"atk":31,"def":31,"spa":31,"spd":31,"spe":31}},{"name":"Tyranitar","species":"Tyranitar","item":"leftovers","ability":"Sand Stream","moves":["stoneedge","fireblast","stealthrock","thunderwave"],"nature":"Brave","evs":{"hp":252,"atk":56,"def":0,"spa":0,"spd":200,"spe":0},"ivs":{"hp":31,"atk":31,"def":31,"spa":31,"spd":31,"spe":31}},{"name":"Altercation","species":"hoopaunbound","item":"choicescarf","ability":"Magician","moves":["hyperspacefury","hyperspacehole","gunkshot","energyball"],"nature":"Hasty","evs":{"hp":0,"atk":180,"def":0,"spa":76,"spd":0,"spe":252},"ivs":{"hp":31,"atk":31,"def":31,"spa":31,"spd":31,"spe":31}},{"name":"Damien","species":"crawdaunt","item":"lifeorb","ability":"Adaptability","moves":["knockoff","aquajet","swordsdance","crabhammer"],"nature":"Adamant","evs":{"hp":0,"atk":252,"def":0,"spa":0,"spd":4,"spe":252},"ivs":{"hp":31,"atk":31,"def":31,"spa":31,"spd":31,"spe":31}},{"name":"Billy","species":"mandibuzz","item":"rockyhelmet","ability":"Overcoat","moves":["bravebird","foulplay","roost","defog"],"nature":"Impish","evs":{"hp":248,"atk":8,"def":252,"spa":0,"spd":0,"spe":0},"ivs":{"hp":31,"atk":31,"def":31,"spa":31,"spd":31,"spe":31}},{"name":"Sharp","species":"bisharp","item":"lumberry","ability":"Defiant","moves":["swordsdance","knockoff","ironhead","suckerpunch"],"nature":"Adamant","evs":{"hp":0,"atk":252,"def":0,"spa":0,"spd":4,"spe":252},"ivs":{"hp":31,"atk":31,"def":31,"spa":31,"spd":31,"spe":31}}],"p2team":[{"name":"Ryuuk","species":"lucario","item":"lifeorb","ability":"Steadfast","moves":["closecombat","bulletpunch","icepunch","shadowclaw"],"nature":"Jolly","evs":{"hp":0,"atk":252,"def":0,"spa":0,"spd":4,"spe":252},"gender":"M","ivs":{"hp":31,"atk":31,"def":31,"spa":31,"spd":31,"spe":31}},{"name":"Queens","species":"medicham","item":"medichamite","ability":"Pure Power","moves":["drainpunch","fakeout","zenheadbutt","bulletpunch"],"nature":"Jolly","evs":{"hp":0,"atk":252,"def":0,"spa":0,"spd":4,"spe":252},"gender":"F","shiny":true,"ivs":{"hp":31,"atk":31,"def":31,"spa":31,"spd":31,"spe":31}},{"name":"Legend","species":"terrakion","item":"choiceband","ability":"Justified","moves":["closecombat","rockslide","earthquake","xscissor"],"nature":"Jolly","evs":{"hp":0,"atk":252,"def":0,"spa":0,"spd":4,"spe":252},"ivs":{"hp":31,"atk":31,"def":31,"spa":31,"spd":31,"spe":31}},{"name":"Inferno","species":"infernape","item":"lifeorb","ability":"Iron Fist","moves":["overheat","machpunch","thunderpunch","uturn"],"nature":"Hasty","evs":{"hp":0,"atk":252,"def":0,"spa":4,"spd":0,"spe":252},"gender":"M","ivs":{"hp":31,"atk":31,"def":31,"spa":31,"spd":31,"spe":31}},{"name":"Spores","species":"breloom","item":"focussash","ability":"Technician","moves":["machpunch","bulletseed","spore","swordsdance"],"nature":"Jolly","evs":{"hp":0,"atk":252,"def":0,"spa":0,"spd":4,"spe":252},"gender":"F","shiny":true,"ivs":{"hp":31,"atk":31,"def":31,"spa":31,"spd":31,"spe":31}},{"name":"Hulk","species":"conkeldurr","item":"flameorb","ability":"Guts","moves":["facade","drainpunch","knockoff","rockslide"],"nature":"Adamant","evs":{"hp":248,"atk":252,"def":0,"spa":0,"spd":8,"spe":0},"gender":"M","ivs":{"hp":31,"atk":31,"def":31,"spa":31,"spd":31,"spe":31}}],"log":["|player|p1|theace22|102","|player|p2|rubensd|144","|gametype|singles","|gen|6","|tier|Monotype","|rated","|rule|Baton Pass Clause: Limit one Baton Passer, can't pass Spe and other stats simultaneously","|rule|Swagger Clause: Swagger is banned","|rule|Same Type Clause: Pokémon in a team must share a type","|clearpoke","|poke|p1|Sableye, M","|poke|p1|Tyranitar, M","|poke|p1|Hoopa-Unbound","|poke|p1|Crawdaunt, F","|poke|p1|Mandibuzz, F","|poke|p1|Bisharp, M","|poke|p2|Lucario, M","|poke|p2|Medicham, F, shiny","|poke|p2|Terrakion","|poke|p2|Infernape, M","|poke|p2|Breloom, F, shiny","|poke|p2|Conkeldurr, M","|rule|Sleep Clause Mod: Limit one foe put to sleep","|rule|Species Clause: Limit one of each Pokémon","|rule|OHKO Clause: OHKO moves are banned","|rule|Moody Clause: Moody is banned","|rule|Evasion Moves Clause: Evasion moves are banned","|rule|Endless Battle Clause: Forcing endless battles is banned","|rule|HP Percentage Mod: HP is shown in percentages","|teampreview","|","|start","|switch|p1a: Sableye|Sableye, M|304/304","|switch|p2a: Spores|Breloom, F, shiny|261/261","|turn|1","|","|detailschange|p1a: Sableye|Sableye-Mega, M","|-mega|p1a: Sableye|Sableye|Sablenite","|move|p1a: Sableye|Will-O-Wisp|p2a: Spores","|-status|p2a: Spores|brn","|move|p2a: Spores|Swords Dance|p2a: Spores","|-boost|p2a: Spores|atk|2","|","|-damage|p2a: Spores|229/261 brn|[from] brn","|turn|2","|","|switch|p1a: Billy|Mandibuzz, F|423/423","|move|p2a: Spores|Bullet Seed|p1a: Billy","|-resisted|p1a: Billy","|-damage|p1a: Billy|402/423","|-resisted|p1a: Billy","|-damage|p1a: Billy|378/423","|-resisted|p1a: Billy","|-damage|p1a: Billy|356/423","|-resisted|p1a: Billy","|-damage|p1a: Billy|334/423","|-hitcount|p1a: Billy|4","|","|-damage|p2a: Spores|197/261 brn|[from] brn","|turn|3","|","|move|p2a: Spores|Spore|p1a: Billy","|-immune|p1a: Billy|[msg]","|move|p1a: Billy|Foul Play|p2a: Spores","|-resisted|p2a: Spores","|-damage|p2a: Spores|0 fnt","|faint|p2a: Spores","|","|","|switch|p2a: Ryuuk|Lucario, M|281/281","|turn|4","|","|move|p2a: Ryuuk|Ice Punch|p1a: Billy","|-supereffective|p1a: Billy","|-damage|p1a: Billy|186/423","|-damage|p2a: Ryuuk|235/281|[from] item: Rocky Helmet|[of] p1a: Billy","|-damage|p2a: Ryuuk|207/281|[from] item: Life Orb","|move|p1a: Billy|Foul Play|p2a: Ryuuk","|-crit|p2a: Ryuuk","|-resisted|p2a: Ryuuk","|-damage|p2a: Ryuuk|47/281","|","|turn|5","|","|move|p2a: Ryuuk|Ice Punch|p1a: Billy","|-supereffective|p1a: Billy","|-damage|p1a: Billy|40/423","|-damage|p2a: Ryuuk|1/281|[from] item: Rocky Helmet|[of] p1a: Billy","|-status|p1a: Billy|frz","|-damage|p2a: Ryuuk|0 fnt|[from] item: Life Orb","|faint|p2a: Ryuuk","|cant|p1a: Billy|frz","|","|","|switch|p2a: Hulk|Conkeldurr, M|413/413","|turn|6","|","|-curestatus|p1a: Billy|frz","|move|p1a: Billy|Brave Bird|p2a: Hulk","|-supereffective|p2a: Hulk","|-damage|p2a: Hulk|201/413","|-damage|p1a: Billy|0 fnt|[from] recoil|[of] p2a: Hulk","|faint|p1a: Billy","|move|p2a: Hulk|Rock Slide|p1: Billy|[notarget]","|-notarget","|","|-status|p2a: Hulk|brn|[from] item: Flame Orb","|","|switch|p1a: Sableye|Sableye-Mega, M|304/304","|turn|7","|","|move|p2a: Hulk|Knock Off|p1a: Sableye","|-damage|p1a: Sableye|221/304","|move|p1a: Sableye|Calm Mind|p1a: Sableye","|-boost|p1a: Sableye|spa|1","|-boost|p1a: Sableye|spd|1","|","|-damage|p2a: Hulk|150/413 brn|[from] brn","|turn|8","|","|move|p2a: Hulk|Rock Slide|p1a: Sableye","|-damage|p1a: Sableye|120/304","|move|p1a: Sableye|Calm Mind|p1a: Sableye","|-boost|p1a: Sableye|spa|1","|-boost|p1a: Sableye|spd|1","|","|-damage|p2a: Hulk|99/413 brn|[from] brn","|turn|9","|","|move|p2a: Hulk|Rock Slide|p1a: Sableye","|-damage|p1a: Sableye|25/304","|move|p1a: Sableye|Recover|p1a: Sableye","|-heal|p1a: Sableye|177/304","|","|-damage|p2a: Hulk|48/413 brn|[from] brn","|turn|10","|","|move|p2a: Hulk|Rock Slide|p1a: Sableye","|-damage|p1a: Sableye|74/304","|move|p1a: Sableye|Recover|p1a: Sableye","|-heal|p1a: Sableye|226/304","|","|-damage|p2a: Hulk|0 fnt|[from] brn","|faint|p2a: Hulk","|","|switch|p2a: Legend|Terrakion|323/323","|turn|11","|","|move|p2a: Legend|Rock Slide|p1a: Sableye","|-damage|p1a: Sableye|106/304","|cant|p1a: Sableye|flinch","|","|turn|12","|","|switch|p1a: Tyranitar|Tyranitar, M|404/404","|-weather|Sandstorm","|move|p2a: Legend|Rock Slide|p1a: Tyranitar","|-damage|p1a: Tyranitar|229/404","|","|-weather|Sandstorm|[upkeep]","|-heal|p1a: Tyranitar|254/404|[from] item: Leftovers","|turn|13","|","|switch|p2a: Inferno|Infernape, M|293/293","|move|p1a: Tyranitar|Thunder Wave|p2a: Inferno","|-status|p2a: Inferno|par","|","|-weather|Sandstorm|[upkeep]","|-damage|p2a: Inferno|275/293 par|[from] sandstorm","|-heal|p1a: Tyranitar|279/404|[from] item: Leftovers","|turn|14","|","|cant|p2a: Inferno|par","|move|p1a: Tyranitar|Stealth Rock|p2a: Inferno","|-sidestart|p2: rubensd|move: Stealth Rock","|","|-weather|Sandstorm|[upkeep]","|-damage|p2a: Inferno|257/293 par|[from] sandstorm","|-heal|p1a: Tyranitar|304/404|[from] item: Leftovers","|turn|15","|","|switch|p1a: Sableye|Sableye-Mega, M|106/304","|move|p2a: Inferno|U-turn|p1a: Sableye","|-damage|p1a: Sableye|44/304","|-damage|p2a: Inferno|228/293 par|[from] item: Life Orb","|","|switch|p2a: Legend|Terrakion|323/323","|-damage|p2a: Legend|303/323|[from] Stealth Rock","|","|-weather|Sandstorm|[upkeep]","|-damage|p1a: Sableye|25/304|[from] sandstorm","|turn|16","|","|move|p2a: Legend|Earthquake|p1a: Sableye","|-damage|p1a: Sableye|0 fnt","|faint|p1a: Sableye","|","|-weather|none","|","|switch|p1a: Damien|Crawdaunt, F|267/267","|turn|17","|","|switch|p2a: Inferno|Infernape, M|228/293 par","|-damage|p2a: Inferno|192/293 par|[from] Stealth Rock","|move|p1a: Damien|Crabhammer|p2a: Inferno","|-crit|p2a: Inferno","|-supereffective|p2a: Inferno","|-damage|p2a: Inferno|0 fnt","|-damage|p1a: Damien|241/267|[from] item: Life Orb","|faint|p2a: Inferno","|","|","|switch|p2a: Queens|Medicham, F, shiny|261/261","|-damage|p2a: Queens|245/261|[from] Stealth Rock","|turn|18","|","|detailschange|p2a: Queens|Medicham-Mega, F, shiny","|-mega|p2a: Queens|Medicham|Medichamite","|move|p2a: Queens|Fake Out|p1a: Damien","|-damage|p1a: Damien|143/267","|cant|p1a: Damien|flinch","|","|turn|19","|","|move|p1a: Damien|Aqua Jet|p2a: Queens","|-crit|p2a: Queens","|-damage|p2a: Queens|14/261","|-damage|p1a: Damien|117/267|[from] item: Life Orb","|move|p2a: Queens|Drain Punch|p1a: Damien","|-supereffective|p1a: Damien","|-damage|p1a: Damien|0 fnt","|-heal|p2a: Queens|73/261|[from] drain|[of] p1a: Damien","|faint|p1a: Damien","|","|","|switch|p1a: Altercation|Hoopa-Unbound|301/301","|turn|20","|","|move|p1a: Altercation|Hyperspace Fury|p2a: Queens","|-damage|p2a: Queens|0 fnt","|-unboost|p1a: Altercation|def|1","|faint|p2a: Queens","|","|","|switch|p2a: Legend|Terrakion|303/323","|-damage|p2a: Legend|283/323|[from] Stealth Rock","|turn|21","|","|switch|p1a: Tyranitar|Tyranitar, M|304/404","|-weather|Sandstorm","|move|p2a: Legend|Close Combat|p1a: Tyranitar","|-supereffective|p1a: Tyranitar","|-damage|p1a: Tyranitar|0 fnt","|-unboost|p2a: Legend|def|1","|-unboost|p2a: Legend|spd|1","|faint|p1a: Tyranitar","|","|-weather|Sandstorm|[upkeep]","|","|switch|p1a: Altercation|Hoopa-Unbound|301/301","|turn|22","|","|move|p1a: Altercation|Hyperspace Hole|p2a: Legend","|-supereffective|p2a: Legend","|-damage|p2a: Legend|0 fnt","|faint|p2a: Legend","|","|win|theace22"],"p1rating":{"entryid":"301730","serverid":"eos","formatid":"monotype","userid":"theace22","username":"theace22","w":10,"l":"0","t":"0","gxe":75.3,"r":"1500","rd":"130","sigma":"0","rptime":"1440234000","rpr":1716.0789606849,"rprd":87.613030732189,"rpsigma":"0","acre":1227.2090149142,"lacre":1227.2090149142,"oldacre":"1216.0176250131"},"p2rating":{"entryid":304919,"formatid":"monotype","userid":"rubensd","username":"rubensd","r":1500,"rd":130,"sigma":0,"rpr":1459.8393856612,"rprd":122.8583080769,"rpsigma":0,"rptime":1440234000,"w":0,"l":1,"t":0,"gxe":45,"acre":1000,"lacre":1000,"oldacre":1000},"endType":"normal"}