{"seed":[12149,38075,17686,28878],"turns":20,"p1":"sovereign♕zoroark","p2":"Void~Pixie","p1team":[{"name":"Abomasnow","species":"Abomasnow","item":"abomasite","ability":"Snow Warning","moves":["blizzard","gigadrain","hiddenpowerfire","iceshard"],"nature":"Lax","evs":{"hp":0,"atk":0,"def":4,"spa":252,"spd":252,"spe":0},"ivs":{"hp":31,"atk":30,"def":31,"spa":30,"spd":31,"spe":30},"shiny":true},{"name":"Froslass","species":"Froslass","item":"leftovers","ability":"Snow Cloak","moves":["substitute","thunderbolt","icebeam","destinybond"],"nature":"Timid","evs":{"hp":4,"atk":0,"def":0,"spa":252,"spd":0,"spe":252},"ivs":{"hp":31,"atk":31,"def":31,"spa":31,"spd":31,"spe":31}},{"name":"Kyurem-Black","species":"Kyurem-Black","item":"choicescarf","ability":"Teravolt","moves":["outrage","fusionbolt","stoneedge","facade"],"nature":"Jolly","evs":{"hp":4,"atk":252,"def":0,"spa":0,"spd":0,"spe":252},"shiny":true,"ivs":{"hp":31,"atk":31,"def":31,"spa":31,"spd":31,"spe":31}},{"name":"Mamoswine","species":"Mamoswine","item":"lifeorb","ability":"Snow Cloak","moves":["stealthrock","earthquake","iceshard","stoneedge"],"nature":"Adamant","evs":{"hp":4,"atk":252,"def":0,"spa":0,"spd":0,"spe":252},"ivs":{"hp":31,"atk":31,"def":31,"spa":31,"spd":31,"spe":31}},{"name":"Walrein","species":"Walrein","item":"choicespecs","ability":"Thick Fat","moves":["surf","icebeam","signalbeam","hiddenpowerfire"],"nature":"Modest","evs":{"hp":252,"atk":0,"def":0,"spa":252,"spd":0,"spe":4},"ivs":{"hp":31,"atk":30,"def":31,"spa":30,"spd":31,"spe":30}},{"name":"Cloyster","species":"Cloyster","item":"focussash","ability":"Skill Link","moves":["shellsmash","iciclespear","rockblast","razorshell"],"nature":"Adamant","evs":{"hp":24,"atk":252,"def":0,"spa":0,"spd":0,"spe":232},"ivs":{"hp":31,"atk":31,"def":31,"spa":31,"spd":31,"spe":31}}],"p2team":[{"name":"Cobalion","species":"Cobalion","item":"focussash","ability":"Justified","moves":["thunderwave","taunt","ironhead","stealthrock"],"nature":"Jolly","evs":{"hp":252,"atk":4,"def":0,"spa":0,"spd":0,"spe":252},"ivs":{"hp":31,"atk":31,"def":31,"spa":31,"spd":31,"spe":31}},{"name":"Terrakion","species":"Terrakion","item":"choicescarf","ability":"Justified","moves":["closecombat","earthquake","ironhead","rockslide"],"nature":"Jolly","evs":{"hp":0,"atk":252,"def":0,"spa":0,"spd":4,"spe":252},"ivs":{"hp":31,"atk":31,"def":31,"spa":31,"spd":31,"spe":31}},{"name":"Keldeo","species":"Keldeo","item":"choicespecs","ability":"Justified","moves":["scald","hiddenpowerdark","secretsword","hydropump"],"nature":"Timid","evs":{"hp":0,"atk":0,"def":0,"spa":252,"spd":4,"spe":252},"ivs":{"hp":31,"atk":31,"def":31,"spe":31,"spa":31,"spd":31}},{"name":"Hawlucha","species":"Hawlucha","item":"powerherb","ability":"Unburden","moves":["skyattack","acrobatics","highjumpkick","swordsdance"],"nature":"Adamant","evs":{"hp":0,"atk":252,"def":0,"spa":0,"spd":4,"spe":252},"ivs":{"hp":31,"atk":31,"def":31,"spa":31,"spd":31,"spe":31}},{"name":"Pangoro","species":"Pangoro","item":"assaultvest","ability":"Scrappy","moves":["circlethrow","crunch","knockoff","ironhead"],"nature":"Adamant","evs":{"hp":248,"atk":252,"def":0,"spa":0,"spd":8,"spe":0},"ivs":{"hp":31,"atk":31,"def":31,"spa":31,"spd":31,"spe":31}},{"name":"Medicham","species":"Medicham","item":"medichamite","ability":"Pure Power","moves":["bulletpunch","fakeout","psychocut","highjumpkick"],"nature":"Jolly","evs":{"hp":0,"atk":252,"def":0,"spa":0,"spd":4,"spe":252},"ivs":{"hp":31,"atk":31,"def":31,"spa":31,"spd":31,"spe":31}}],"log":["|player|p1|sovereign♕zoroark|218","|player|p2|Void~Pixie|138","|gametype|singles","|gen|6","|tier|Monotype","|rated","|rule|Baton Pass Clause: Limit one Baton Passer, can't pass Spe and other stats simultaneously","|rule|Swagger Clause: Swagger is banned","|rule|Same Type Clause: Pokémon in a team must share a type","|clearpoke","|poke|p1|Abomasnow, F, shiny","|poke|p1|Froslass, F","|poke|p1|Kyurem-Black, shiny","|poke|p1|Mamoswine, F","|poke|p1|Walrein, M","|poke|p1|Cloyster, M","|poke|p2|Cobalion","|poke|p2|Terrakion","|poke|p2|Keldeo","|poke|p2|Hawlucha, F","|poke|p2|Pangoro, F","|poke|p2|Medicham, F","|rule|Sleep Clause Mod: Limit one foe put to sleep","|rule|Species Clause: Limit one of each Pokémon","|rule|OHKO Clause: OHKO moves are banned","|rule|Moody Clause: Moody is banned","|rule|Evasion Moves Clause: Evasion moves are banned","|rule|Endless Battle Clause: Forcing endless battles is banned","|rule|HP Percentage Mod: HP is shown in percentages","|teampreview","|","|start","|switch|p1a: Cloyster|Cloyster, M|247/247","|switch|p2a: Cobalion|Cobalion|386/386","|turn|1","|","|move|p2a: Cobalion|Thunder Wave|p1a: Cloyster","|-status|p1a: Cloyster|par","|move|p1a: Cloyster|Shell Smash|p1a: Cloyster","|-unboost|p1a: Cloyster|def|1","|-unboost|p1a: Cloyster|spd|1","|-boost|p1a: Cloyster|atk|2","|-boost|p1a: Cloyster|spa|2","|-boost|p1a: Cloyster|spe|2","|","|turn|2","|","|move|p2a: Cobalion|Stealth Rock|p1a: Cloyster","|-sidestart|p1: sovereign♕zoroark|move: Stealth Rock","|move|p1a: Cloyster|Razor Shell|p2a: Cobalion","|-damage|p2a: Cobalion|194/386","|-unboost|p2a: Cobalion|def|1","|","|turn|3","|","|move|p2a: Cobalion|Iron Head|p1a: Cloyster","|-damage|p1a: Cloyster|174/247 par","|cant|p1a: Cloyster|flinch","|","|turn|4","|","|move|p2a: Cobalion|Iron Head|p1a: Cloyster","|-damage|p1a: Cloyster|98/247 par","|cant|p1a: Cloyster|flinch","|","|turn|5","|","|move|p2a: Cobalion|Thunder Wave|p1a: Cloyster","|-fail|p1a: Cloyster|par","|move|p1a: Cloyster|Rock Blast|p2a: Cobalion","|-crit|p2a: Cobalion","|-resisted|p2a: Cobalion","|-damage|p2a: Cobalion|170/386","|-resisted|p2a: Cobalion","|-damage|p2a: Cobalion|154/386","|-resisted|p2a: Cobalion","|-damage|p2a: Cobalion|138/386","|-crit|p2a: Cobalion","|-resisted|p2a: Cobalion","|-damage|p2a: Cobalion|113/386","|-resisted|p2a: Cobalion","|-damage|p2a: Cobalion|97/386","|-hitcount|p2a: Cobalion|5","|","|turn|6","|","|move|p2a: Cobalion|Iron Head|p1a: Cloyster","|-damage|p1a: Cloyster|16/247 par","|move|p1a: Cloyster|Razor Shell|p2a: Cobalion","|-damage|p2a: Cobalion|0 fnt","|faint|p2a: Cobalion","|","|","|switch|p2a: Hawlucha|Hawlucha, F|297/297","|turn|7","|","|move|p2a: Hawlucha|Swords Dance|p2a: Hawlucha","|-boost|p2a: Hawlucha|atk|2","|move|p1a: Cloyster|Rock Blast|p2a: Hawlucha","|-damage|p2a: Hawlucha|233/297","|-damage|p2a: Hawlucha|162/297","|-damage|p2a: Hawlucha|91/297","|-damage|p2a: Hawlucha|21/297","|-damage|p2a: Hawlucha|0 fnt","|-hitcount|p2a: Hawlucha|5","|faint|p2a: Hawlucha","|","|","|switch|p2a: Keldeo|Keldeo|323/323","|turn|8","|","|move|p2a: Keldeo|Scald|p1a: Cloyster","|-resisted|p1a: Cloyster","|-damage|p1a: Cloyster|0 fnt","|faint|p1a: Cloyster","|","|","|switch|p1a: Abomasnow|Abomasnow, F, shiny|321/321","|-damage|p1a: Abomasnow|241/321|[from] Stealth Rock","|-weather|Hail","|turn|9","|","|switch|p2a: Pangoro|Pangoro, F|393/393","|detailschange|p1a: Abomasnow|Abomasnow-Mega, F, shiny","|-mega|p1a: Abomasnow|Abomasnow|Abomasite","|move|p1a: Abomasnow|Giga Drain|p2a: Pangoro","|-damage|p2a: Pangoro|279/393","|-heal|p1a: Abomasnow|298/321|[from] drain|[of] p2a: Pangoro","|","|-weather|Hail|[upkeep]","|-damage|p2a: Pangoro|255/393|[from] hail","|turn|10","|","|move|p1a: Abomasnow|Ice Shard|p2a: Pangoro","|-damage|p2a: Pangoro|180/393","|move|p2a: Pangoro|Circle Throw|p1a: Abomasnow","|-supereffective|p1a: Abomasnow","|-damage|p1a: Abomasnow|88/321","|drag|p1a: Walrein|Walrein, M|424/424","|-damage|p1a: Walrein|318/424|[from] Stealth Rock","|","|-weather|Hail|[upkeep]","|-damage|p2a: Pangoro|156/393|[from] hail","|turn|11","|","|move|p1a: Walrein|Surf|p2a: Pangoro","|-damage|p2a: Pangoro|0 fnt","|faint|p2a: Pangoro","|","|-weather|Hail|[upkeep]","|","|switch|p2a: Keldeo|Keldeo|323/323","|turn|12","|","|move|p2a: Keldeo|Secret Sword|p1a: Walrein","|-supereffective|p1a: Walrein","|-damage|p1a: Walrein|0 fnt","|faint|p1a: Walrein","|","|-weather|Hail|[upkeep]","|-damage|p2a: Keldeo|303/323|[from] hail","|","|switch|p1a: Kyurem-Black|Kyurem-Black, shiny|392/392","|-damage|p1a: Kyurem-Black|294/392|[from] Stealth Rock","|-ability|p1a: Kyurem-Black|Teravolt","|turn|13","|","|switch|p2a: Terrakion|Terrakion|323/323","|move|p1a: Kyurem-Black|Fusion Bolt|p2a: Terrakion","|-damage|p2a: Terrakion|151/323","|","|-weather|none","|turn|14","|","|move|p2a: Terrakion|Rock Slide|p1a: Kyurem-Black","|-supereffective|p1a: Kyurem-Black","|-damage|p1a: Kyurem-Black|46/392","|cant|p1a: Kyurem-Black|flinch","|","|turn|15","|","|move|p2a: Terrakion|Rock Slide|p1a: Kyurem-Black","|-supereffective|p1a: Kyurem-Black","|-damage|p1a: Kyurem-Black|0 fnt","|faint|p1a: Kyurem-Black","|","|","|switch|p1a: Abomasnow|Abomasnow-Mega, F, shiny|88/321","|-damage|p1a: Abomasnow|8/321|[from] Stealth Rock","|-weather|Hail","|turn|16","|","|move|p1a: Abomasnow|Ice Shard|p2a: Terrakion","|-damage|p2a: Terrakion|82/323","|move|p2a: Terrakion|Rock Slide|p1a: Abomasnow","|-supereffective|p1a: Abomasnow","|-damage|p1a: Abomasnow|0 fnt","|faint|p1a: Abomasnow","|","|-weather|Hail|[upkeep]","|-damage|p2a: Terrakion|62/323|[from] hail","|","|switch|p1a: Mamoswine|Mamoswine, F|362/362","|-damage|p1a: Mamoswine|317/362|[from] Stealth Rock","|turn|17","|","|move|p1a: Mamoswine|Ice Shard|p2a: Terrakion","|-damage|p2a: Terrakion|0 fnt","|-damage|p1a: Mamoswine|281/362|[from] item: Life Orb","|faint|p2a: Terrakion","|","|-weather|Hail|[upkeep]","|","|switch|p2a: Medicham|Medicham, F|261/261","|turn|18","|","|detailschange|p2a: Medicham|Medicham-Mega, F","|-mega|p2a: Medicham|Medicham|Medichamite","|move|p2a: Medicham|Fake Out|p1a: Mamoswine","|-damage|p1a: Mamoswine|191/362","|cant|p1a: Mamoswine|flinch","|","|-weather|Hail|[upkeep]","|-damage|p2a: Medicham|245/261|[from] hail","|turn|19","|","|move|p1a: Mamoswine|Ice Shard|p2a: Medicham","|-damage|p2a: Medicham|120/261","|-damage|p1a: Mamoswine|155/362|[from] item: Life Orb","|move|p2a: Medicham|High Jump Kick|p1a: Mamoswine","|-supereffective|p1a: Mamoswine","|-damage|p1a: Mamoswine|0 fnt","|faint|p1a: Mamoswine","|","|-weather|Hail|[upkeep]","|-damage|p2a: Medicham|104/261|[from] hail","|","|switch|p1a: Froslass|Froslass, F|282/282","|-damage|p1a: Froslass|212/282|[from] Stealth Rock","|turn|20","|","|move|p2a: Medicham|Bullet Punch|p1a: Froslass","|-supereffective|p1a: Froslass","|-damage|p1a: Froslass|0 fnt","|faint|p1a: Froslass","|","|win|Void~Pixie"],"p1rating":{"entryid":"313593","serverid":"eos","formatid":"monotype","userid":"sovereignzoroark","username":"sovereign♕zoroark","w":"2","l":2,"t":"0","gxe":47.6,"r":"1500","rd":"130","sigma":"0","rptime":"1440234000","rpr":1480.8726046588,"rprd":107.04546537386,"rpsigma":"0","acre":1035.0563215014,"lacre":1035.0563215014,"oldacre":"1051.419257883"},"p2rating":{"entryid":"271156","serverid":"eos","formatid":"monotype","userid":"voidpixie","username":"Void~Pixie","w":5,"l":"3","t":"0","gxe":54.1,"r":"1459.8393856612","rd":"122.8583080769","sigma":"0","rptime":"1440234000","rpr":1532.2131181505,"rprd":92.179791263905,"rpsigma":"0","acre":1104.099937987,"lacre":1104.099937987,"oldacre":"1077.9498111862"},"endType":"normal"}