{"seed":[9018,41989,37559,34322],"turns":20,"p1":"sovereign♕zoroark","p2":"SWL HB","p1team":[{"name":"Abomasnow","species":"Abomasnow","item":"abomasite","ability":"Snow Warning","moves":["blizzard","gigadrain","hiddenpowerfire","iceshard"],"nature":"Lax","evs":{"hp":0,"atk":0,"def":4,"spa":252,"spd":252,"spe":0},"ivs":{"hp":31,"atk":30,"def":31,"spa":30,"spd":31,"spe":30},"shiny":true},{"name":"Froslass","species":"Froslass","item":"leftovers","ability":"Snow Cloak","moves":["substitute","thunderbolt","icebeam","destinybond"],"nature":"Timid","evs":{"hp":4,"atk":0,"def":0,"spa":252,"spd":0,"spe":252},"ivs":{"hp":31,"atk":31,"def":31,"spa":31,"spd":31,"spe":31}},{"name":"Kyurem-Black","species":"Kyurem-Black","item":"choicescarf","ability":"Teravolt","moves":["outrage","fusionbolt","stoneedge","facade"],"nature":"Jolly","evs":{"hp":4,"atk":252,"def":0,"spa":0,"spd":0,"spe":252},"shiny":true,"ivs":{"hp":31,"atk":31,"def":31,"spa":31,"spd":31,"spe":31}},{"name":"Mamoswine","species":"Mamoswine","item":"lifeorb","ability":"Snow Cloak","moves":["stealthrock","earthquake","iceshard","stoneedge"],"nature":"Adamant","evs":{"hp":4,"atk":252,"def":0,"spa":0,"spd":0,"spe":252},"ivs":{"hp":31,"atk":31,"def":31,"spa":31,"spd":31,"spe":31}},{"name":"Walrein","species":"Walrein","item":"choicespecs","ability":"Thick Fat","moves":["surf","icebeam","signalbeam","hiddenpowerfire"],"nature":"Modest","evs":{"hp":252,"atk":0,"def":0,"spa":252,"spd":0,"spe":4},"ivs":{"hp":31,"atk":30,"def":31,"spa":30,"spd":31,"spe":30}},{"name":"Cloyster","species":"Cloyster","item":"focussash","ability":"Skill Link","moves":["shellsmash","iciclespear","rockblast","razorshell"],"nature":"Adamant","evs":{"hp":24,"atk":252,"def":0,"spa":0,"spd":0,"spe":232},"ivs":{"hp":31,"atk":31,"def":31,"spa":31,"spd":31,"spe":31}}],"p2team":[{"name":"Venusaur","species":"Venusaur","item":"venusaurite","ability":"Chlorophyll","moves":["synthesis","gigadrain","amnesia","sludgebomb"],"nature":"Bold","evs":{"hp":248,"atk":0,"def":212,"spa":8,"spd":40,"spe":0},"ivs":{"hp":31,"atk":30,"def":31,"spa":30,"spd":31,"spe":30}},{"name":"Gengar","species":"Gengar","item":"blacksludge","ability":"Levitate","moves":["shadowball","icywind","focusblast","trick"],"nature":"Timid","evs":{"hp":0,"atk":0,"def":0,"spa":252,"spd":4,"spe":252},"ivs":{"hp":31,"atk":31,"def":31,"spa":31,"spd":31,"spe":31}},{"name":"Roserade","species":"Roserade","item":"lifeorb","ability":"Natural Cure","moves":["gigadrain","sludgebomb","hiddenpowerfire","dazzlinggleam"],"nature":"Timid","evs":{"hp":0,"atk":0,"def":4,"spa":252,"spd":0,"spe":252},"ivs":{"hp":31,"atk":30,"def":31,"spa":30,"spd":31,"spe":30}},{"name":"Nidoqueen","species":"Nidoqueen","item":"blacksludge","ability":"Sheer Force","moves":["stealthrock","earthpower","flamethrower","icebeam"],"nature":"Bold","evs":{"hp":248,"atk":0,"def":240,"spa":20,"spd":0,"spe":0},"ivs":{"hp":31,"atk":31,"def":31,"spa":31,"spd":31,"spe":31}},{"name":"Drapion","species":"Drapion","item":"lumberry","ability":"Battle Armor","moves":["substitute","knockoff","earthquake","poisonjab"],"nature":"Adamant","evs":{"hp":220,"atk":48,"def":0,"spa":0,"spd":216,"spe":24},"ivs":{"hp":31,"atk":31,"def":31,"spa":31,"spd":31,"spe":31}},{"name":"Scolipede","species":"Scolipede","item":"focussash","ability":"Speed Boost","moves":["swordsdance","megahorn","earthquake","rockslide"],"nature":"Jolly","evs":{"hp":0,"atk":252,"def":0,"spa":0,"spd":4,"spe":252},"ivs":{"hp":31,"atk":31,"def":31,"spa":31,"spd":31,"spe":31}}],"log":["|player|p1|sovereign♕zoroark|218","|player|p2|SWL HB|swlhb.gif","|gametype|singles","|gen|6","|tier|Monotype","|rated","|rule|Baton Pass Clause: Limit one Baton Passer, can't pass Spe and other stats simultaneously","|rule|Swagger Clause: Swagger is banned","|rule|Same Type Clause: Pokémon in a team must share a type","|clearpoke","|poke|p1|Abomasnow, F, shiny","|poke|p1|Froslass, F","|poke|p1|Kyurem-Black, shiny","|poke|p1|Mamoswine, M","|poke|p1|Walrein, F","|poke|p1|Cloyster, M","|poke|p2|Venusaur, F","|poke|p2|Gengar, F","|poke|p2|Roserade, F","|poke|p2|Nidoqueen, F","|poke|p2|Drapion, M","|poke|p2|Scolipede, M","|rule|Sleep Clause Mod: Limit one foe put to sleep","|rule|Species Clause: Limit one of each Pokémon","|rule|OHKO Clause: OHKO moves are banned","|rule|Moody Clause: Moody is banned","|rule|Evasion Moves Clause: Evasion moves are banned","|rule|Endless Battle Clause: Forcing endless battles is banned","|rule|HP Percentage Mod: HP is shown in percentages","|teampreview","|","|start","|switch|p1a: Abomasnow|Abomasnow, F, shiny|321/321","|switch|p2a: Drapion|Drapion, M|336/336","|-weather|Hail","|turn|1","|","|detailschange|p1a: Abomasnow|Abomasnow-Mega, F, shiny","|-mega|p1a: Abomasnow|Abomasnow|Abomasite","|move|p2a: Drapion|Poison Jab|p1a: Abomasnow","|-supereffective|p1a: Abomasnow","|-damage|p1a: Abomasnow|145/321","|-status|p1a: Abomasnow|psn","|move|p1a: Abomasnow|Blizzard|p2a: Drapion","|-damage|p2a: Drapion|128/336","|","|-weather|Hail|[upkeep]","|-damage|p2a: Drapion|107/336|[from] hail","|-damage|p1a: Abomasnow|105/321 psn|[from] psn","|turn|2","|","|move|p1a: Abomasnow|Ice Shard|p2a: Drapion","|-damage|p2a: Drapion|52/336","|move|p2a: Drapion|Poison Jab|p1a: Abomasnow","|-crit|p1a: Abomasnow","|-supereffective|p1a: Abomasnow","|-damage|p1a: Abomasnow|0 fnt","|faint|p1a: Abomasnow","|","|-weather|Hail|[upkeep]","|-damage|p2a: Drapion|31/336|[from] hail","|","|switch|p1a: Mamoswine|Mamoswine, M|362/362","|turn|3","|","|move|p1a: Mamoswine|Ice Shard|p2a: Drapion","|-damage|p2a: Drapion|0 fnt","|-damage|p1a: Mamoswine|326/362|[from] item: Life Orb","|faint|p2a: Drapion","|","|-weather|Hail|[upkeep]","|","|switch|p2a: Gengar|Gengar, F|261/261","|turn|4","|","|move|p2a: Gengar|Focus Blast|p1a: Mamoswine|[miss]","|-miss|p2a: Gengar|p1a: Mamoswine","|move|p1a: Mamoswine|Stealth Rock|p2a: Gengar","|-sidestart|p2: SWL HB|move: Stealth Rock","|","|-weather|Hail|[upkeep]","|-damage|p2a: Gengar|245/261|[from] hail","|-heal|p2a: Gengar|261/261|[from] item: Black Sludge","|turn|5","|","|move|p1a: Mamoswine|Ice Shard|p2a: Gengar","|-damage|p2a: Gengar|112/261","|-damage|p1a: Mamoswine|290/362|[from] item: Life Orb","|move|p2a: Gengar|Focus Blast|p1a: Mamoswine|[miss]","|-miss|p2a: Gengar|p1a: Mamoswine","|","|-weather|none","|-heal|p2a: Gengar|128/261|[from] item: Black Sludge","|turn|6","|player|p2","|player|p2|SWL HB|swlhb.gif","|","|move|p1a: Mamoswine|Ice Shard|p2a: Gengar","|-damage|p2a: Gengar|0 fnt","|-damage|p1a: Mamoswine|254/362|[from] item: Life Orb","|faint|p2a: Gengar","|","|","|switch|p2a: Venusaur|Venusaur, F|363/363","|-damage|p2a: Venusaur|318/363|[from] Stealth Rock","|turn|7","|","|detailschange|p2a: Venusaur|Venusaur-Mega, F","|-mega|p2a: Venusaur|Venusaur|Venusaurite","|move|p1a: Mamoswine|Earthquake|p2a: Venusaur","|-damage|p2a: Venusaur|161/363","|-damage|p1a: Mamoswine|218/362|[from] item: Life Orb","|move|p2a: Venusaur|Giga Drain|p1a: Mamoswine","|-supereffective|p1a: Mamoswine","|-damage|p1a: Mamoswine|0 fnt","|-heal|p2a: Venusaur|270/363|[from] drain|[of] p1a: Mamoswine","|faint|p1a: Mamoswine","|","|","|switch|p1a: Froslass|Froslass, F|282/282","|turn|8","|","|move|p1a: Froslass|Substitute|p1a: Froslass","|-start|p1a: Froslass|Substitute","|-damage|p1a: Froslass|212/282","|move|p2a: Venusaur|Amnesia|p2a: Venusaur","|-boost|p2a: Venusaur|spd|2","|","|-heal|p1a: Froslass|229/282|[from] item: Leftovers","|turn|9","|","|move|p1a: Froslass|Ice Beam|p2a: Venusaur","|-supereffective|p2a: Venusaur","|-damage|p2a: Venusaur|222/363","|move|p2a: Venusaur|Synthesis|p2a: Venusaur","|-heal|p2a: Venusaur|363/363","|","|-heal|p1a: Froslass|246/282|[from] item: Leftovers","|turn|10","|","|move|p1a: Froslass|Ice Beam|p2a: Venusaur","|-supereffective|p2a: Venusaur","|-damage|p2a: Venusaur|313/363","|move|p2a: Venusaur|Sludge Bomb|p1a: Froslass","|-resisted|p1a: Froslass","|-end|p1a: Froslass|Substitute","|","|-heal|p1a: Froslass|263/282|[from] item: Leftovers","|turn|11","|","|move|p1a: Froslass|Substitute|p1a: Froslass","|-start|p1a: Froslass|Substitute","|-damage|p1a: Froslass|193/282","|move|p2a: Venusaur|Sludge Bomb|p1a: Froslass","|-crit|p1a: Froslass","|-resisted|p1a: Froslass","|-end|p1a: Froslass|Substitute","|","|-heal|p1a: Froslass|210/282|[from] item: Leftovers","|turn|12","|","|move|p1a: Froslass|Substitute|p1a: Froslass","|-start|p1a: Froslass|Substitute","|-damage|p1a: Froslass|140/282","|move|p2a: Venusaur|Sludge Bomb|p1a: Froslass","|-resisted|p1a: Froslass","|-end|p1a: Froslass|Substitute","|","|-heal|p1a: Froslass|157/282|[from] item: Leftovers","|turn|13","|","|move|p1a: Froslass|Substitute|p1a: Froslass","|-start|p1a: Froslass|Substitute","|-damage|p1a: Froslass|87/282","|move|p2a: Venusaur|Sludge Bomb|p1a: Froslass","|-resisted|p1a: Froslass","|-end|p1a: Froslass|Substitute","|","|-heal|p1a: Froslass|104/282|[from] item: Leftovers","|turn|14","|","|move|p1a: Froslass|Substitute|p1a: Froslass","|-start|p1a: Froslass|Substitute","|-damage|p1a: Froslass|34/282","|move|p2a: Venusaur|Sludge Bomb|p1a: Froslass","|-resisted|p1a: Froslass","|-end|p1a: Froslass|Substitute","|","|-heal|p1a: Froslass|51/282|[from] item: Leftovers","|turn|15","|","|move|p1a: Froslass|Destiny Bond|p1a: Froslass","|-singlemove|p1a: Froslass|Destiny Bond","|move|p2a: Venusaur|Amnesia|p2a: Venusaur","|-boost|p2a: Venusaur|spd|2","|","|-heal|p1a: Froslass|68/282|[from] item: Leftovers","|turn|16","|","|move|p1a: Froslass|Destiny Bond|p1a: Froslass","|-singlemove|p1a: Froslass|Destiny Bond","|move|p2a: Venusaur|Giga Drain|p1a: Froslass","|-damage|p1a: Froslass|0 fnt","|-heal|p2a: Venusaur|347/363|[from] drain|[of] p1a: Froslass","|faint|p1a: Froslass","|-activate|p1a: Froslass|Destiny Bond","|faint|p2a: Venusaur","|","|","|switch|p1a: Kyurem-Black|Kyurem-Black, shiny|392/392","|switch|p2a: Nidoqueen|Nidoqueen, F|383/383","|-ability|p1a: Kyurem-Black|Teravolt","|-damage|p2a: Nidoqueen|360/383|[from] Stealth Rock","|turn|17","|","|move|p1a: Kyurem-Black|Outrage|p2a: Nidoqueen","|-damage|p2a: Nidoqueen|156/383","|move|p2a: Nidoqueen|Stealth Rock|p1a: Kyurem-Black","|-sidestart|p1: sovereign♕zoroark|move: Stealth Rock","|","|-heal|p2a: Nidoqueen|179/383|[from] item: Black Sludge","|turn|18","|","|move|p1a: Kyurem-Black|Outrage|p2a: Nidoqueen|[from]lockedmove","|-damage|p2a: Nidoqueen|0 fnt","|faint|p2a: Nidoqueen","|","|","|switch|p2a: Scolipede|Scolipede, M|261/261","|-damage|p2a: Scolipede|196/261|[from] Stealth Rock","|turn|19","|","|move|p1a: Kyurem-Black|Outrage|p2a: Scolipede|[from]lockedmove","|-damage|p2a: Scolipede|0 fnt","|-start|p1a: Kyurem-Black|confusion|[fatigue]","|faint|p2a: Scolipede","|","|","|switch|p2a: Roserade|Roserade, F|261/261","|-damage|p2a: Roserade|229/261|[from] Stealth Rock","|turn|20","|","|-activate|p1a: Kyurem-Black|confusion","|move|p1a: Kyurem-Black|Outrage|p2a: Roserade","|-damage|p2a: Roserade|0 fnt","|faint|p2a: Roserade","|","|win|sovereign♕zoroark"],"p1rating":{"entryid":"313593","serverid":"eos","formatid":"monotype","userid":"sovereignzoroark","username":"sovereign♕zoroark","w":3,"l":"2","t":"0","gxe":51.4,"r":"1500","rd":"130","sigma":"0","rptime":"1440234000","rpr":1510.8736464473,"rprd":102.84503865828,"rpsigma":"0","acre":1071.5180381274,"lacre":1071.5180381274,"oldacre":"1035.0563215014"},"p2rating":{"entryid":"2316","serverid":"eos","formatid":"monotype","userid":"swlhb","username":"SWL HB","w":"1","l":2,"t":"0","gxe":45.8,"r":"1500.029275973","rd":"117.41249930101","sigma":"0","rptime":"1440234000","rpr":1466.6087629444,"rprd":112.07119397711,"rpsigma":"0","acre":1033.5487232211,"lacre":1033.5487232211,"oldacre":"1052.2730420903"},"endType":"normal"}