{"seed":[34069,21874,9037,54016],"turns":21,"p1":"LightOfAKnowing","p2":"sovereign♕zoroark","p1team":[{"name":"Exploud","species":"Exploud","item":"wiseglasses","ability":"Scrappy","moves":["boomburst","icebeam","flamethrower","shadowball"],"nature":"Modest","evs":{"hp":248,"atk":0,"def":0,"spa":252,"spd":8,"spe":0},"ivs":{"hp":31,"atk":31,"def":31,"spa":31,"spd":31,"spe":31}},{"name":"Chansey","species":"Chansey","item":"eviolite","ability":"Natural Cure","moves":["healbell","wish","toxic","seismictoss"],"nature":"Bold","evs":{"hp":248,"atk":0,"def":252,"spa":0,"spd":8,"spe":0},"ivs":{"hp":31,"atk":31,"def":31,"spa":31,"spd":31,"spe":31}},{"name":"Braviary","species":"Braviary","item":"choicescarf","ability":"Sheer Force","moves":["bravebird","rockslide","thrash","steelwing"],"nature":"Jolly","evs":{"hp":0,"atk":252,"def":0,"spa":0,"spd":4,"spe":252},"shiny":true,"ivs":{"hp":31,"atk":31,"def":31,"spa":31,"spd":31,"spe":31}},{"name":"Meloetta","species":"Meloetta","item":"assaultvest","ability":"Serene Grace","moves":["shadowball","psychic","energyball","hypervoice"],"nature":"Modest","evs":{"hp":248,"atk":0,"def":0,"spa":252,"spd":8,"spe":0},"ivs":{"hp":31,"atk":31,"def":31,"spa":31,"spd":31,"spe":31}},{"name":"Lopunny","species":"Lopunny","item":"lopunnite","ability":"Cute Charm","moves":["fakeout","drainpunch","frustration","icepunch"],"nature":"Jolly","evs":{"hp":0,"atk":252,"def":0,"spa":0,"spd":4,"spe":252},"happiness":0,"ivs":{"hp":31,"atk":31,"def":31,"spa":31,"spd":31,"spe":31}},{"name":"Bibarel","species":"Bibarel","item":"chestoberry","ability":"Simple","moves":["curse","superfang","waterfall","rest"],"nature":"Careful","evs":{"hp":248,"atk":8,"def":0,"spa":0,"spd":252,"spe":0},"ivs":{"hp":31,"atk":31,"def":31,"spa":31,"spd":31,"spe":31}}],"p2team":[{"name":"Abomasnow","species":"Abomasnow","item":"abomasite","ability":"Snow Warning","moves":["blizzard","gigadrain","hiddenpowerfire","iceshard"],"nature":"Lax","evs":{"hp":0,"atk":0,"def":4,"spa":252,"spd":252,"spe":0},"ivs":{"hp":31,"atk":30,"def":31,"spa":30,"spd":31,"spe":30},"shiny":true},{"name":"Froslass","species":"Froslass","item":"leftovers","ability":"Snow Cloak","moves":["substitute","thunderbolt","icebeam","destinybond"],"nature":"Timid","evs":{"hp":4,"atk":0,"def":0,"spa":252,"spd":0,"spe":252},"ivs":{"hp":31,"atk":31,"def":31,"spa":31,"spd":31,"spe":31}},{"name":"Kyurem-Black","species":"Kyurem-Black","item":"choicescarf","ability":"Teravolt","moves":["outrage","fusionbolt","stoneedge","facade"],"nature":"Jolly","evs":{"hp":4,"atk":252,"def":0,"spa":0,"spd":0,"spe":252},"shiny":true,"ivs":{"hp":31,"atk":31,"def":31,"spa":31,"spd":31,"spe":31}},{"name":"Mamoswine","species":"Mamoswine","item":"lifeorb","ability":"Snow Cloak","moves":["stealthrock","earthquake","iceshard","stoneedge"],"nature":"Adamant","evs":{"hp":4,"atk":252,"def":0,"spa":0,"spd":0,"spe":252},"ivs":{"hp":31,"atk":31,"def":31,"spa":31,"spd":31,"spe":31}},{"name":"Walrein","species":"Walrein","item":"choicespecs","ability":"Thick Fat","moves":["surf","icebeam","signalbeam","hiddenpowerfire"],"nature":"Modest","evs":{"hp":252,"atk":0,"def":0,"spa":252,"spd":0,"spe":4},"ivs":{"hp":31,"atk":30,"def":31,"spa":30,"spd":31,"spe":30}},{"name":"Cloyster","species":"Cloyster","item":"focussash","ability":"Skill Link","moves":["shellsmash","iciclespear","rockblast","razorshell"],"nature":"Adamant","evs":{"hp":24,"atk":252,"def":0,"spa":0,"spd":0,"spe":232},"ivs":{"hp":31,"atk":31,"def":31,"spa":31,"spd":31,"spe":31}}],"log":["|player|p1|LightOfAKnowing|lightofaknowing.gif","|player|p2|sovereign♕zoroark|218","|gametype|singles","|gen|6","|tier|Monotype","|rated","|rule|Baton Pass Clause: Limit one Baton Passer, can't pass Spe and other stats simultaneously","|rule|Swagger Clause: Swagger is banned","|rule|Same Type Clause: Pokémon in a team must share a type","|clearpoke","|poke|p1|Exploud, F","|poke|p1|Chansey, F","|poke|p1|Braviary, M, shiny","|poke|p1|Meloetta","|poke|p1|Lopunny, F","|poke|p1|Bibarel, M","|poke|p2|Abomasnow, F, shiny","|poke|p2|Froslass, F","|poke|p2|Kyurem-Black, shiny","|poke|p2|Mamoswine, M","|poke|p2|Walrein, F","|poke|p2|Cloyster, M","|rule|Sleep Clause Mod: Limit one foe put to sleep","|rule|Species Clause: Limit one of each Pokémon","|rule|OHKO Clause: OHKO moves are banned","|rule|Moody Clause: Moody is banned","|rule|Evasion Moves Clause: Evasion moves are banned","|rule|Endless Battle Clause: Forcing endless battles is banned","|rule|HP Percentage Mod: HP is shown in percentages","|teampreview","|","|start","|switch|p1a: Lopunny|Lopunny, F|271/271","|switch|p2a: Abomasnow|Abomasnow, F, shiny|321/321","|-weather|Hail","|turn|1","|","|detailschange|p2a: Abomasnow|Abomasnow-Mega, F, shiny","|-mega|p2a: Abomasnow|Abomasnow|Abomasite","|move|p1a: Lopunny|Fake Out|p2a: Abomasnow","|-damage|p2a: Abomasnow|279/321","|cant|p2a: Abomasnow|flinch","|","|-weather|Hail|[upkeep]","|-damage|p1a: Lopunny|255/271|[from] hail","|turn|2","|","|detailschange|p1a: Lopunny|Lopunny-Mega, F","|-mega|p1a: Lopunny|Lopunny|Lopunnite","|move|p1a: Lopunny|Drain Punch|p2a: Abomasnow","|-supereffective|p2a: Abomasnow","|-damage|p2a: Abomasnow|57/321","|-heal|p1a: Lopunny|271/271|[from] drain|[of] p2a: Abomasnow","|move|p2a: Abomasnow|Blizzard|p1a: Lopunny","|-damage|p1a: Lopunny|61/271","|","|-weather|Hail|[upkeep]","|-damage|p1a: Lopunny|45/271|[from] hail","|turn|3","|","|move|p2a: Abomasnow|Ice Shard|p1a: Lopunny","|-damage|p1a: Lopunny|0 fnt","|faint|p1a: Lopunny","|","|-weather|Hail|[upkeep]","|","|switch|p1a: Meloetta|Meloetta|403/403","|turn|4","|","|move|p2a: Abomasnow|Ice Shard|p1a: Meloetta","|-damage|p1a: Meloetta|328/403","|move|p1a: Meloetta|Hyper Voice|p2a: Abomasnow","|-damage|p2a: Abomasnow|0 fnt","|faint|p2a: Abomasnow","|","|-weather|Hail|[upkeep]","|-damage|p1a: Meloetta|303/403|[from] hail","|","|switch|p2a: Froslass|Froslass, F|282/282","|turn|5","|","|move|p2a: Froslass|Substitute|p2a: Froslass","|-start|p2a: Froslass|Substitute","|-damage|p2a: Froslass|212/282","|move|p1a: Meloetta|Shadow Ball|p2a: Froslass","|-supereffective|p2a: Froslass","|-end|p2a: Froslass|Substitute","|","|-weather|none","|-heal|p2a: Froslass|229/282|[from] item: Leftovers","|turn|6","|","|move|p2a: Froslass|Destiny Bond|p2a: Froslass","|-singlemove|p2a: Froslass|Destiny Bond","|move|p1a: Meloetta|Shadow Ball|p2a: Froslass","|-supereffective|p2a: Froslass","|-damage|p2a: Froslass|0 fnt","|faint|p2a: Froslass","|-activate|p2a: Froslass|Destiny Bond","|faint|p1a: Meloetta","|","|","|switch|p2a: Kyurem-Black|Kyurem-Black, shiny|392/392","|switch|p1a: Chansey|Chansey, F|703/703","|-ability|p2a: Kyurem-Black|Teravolt","|turn|7","|","|move|p2a: Kyurem-Black|Fusion Bolt|p1a: Chansey","|-damage|p1a: Chansey|501/703","|move|p1a: Chansey|Toxic|p2a: Kyurem-Black","|-status|p2a: Kyurem-Black|tox","|","|-damage|p2a: Kyurem-Black|368/392 tox|[from] psn","|turn|8","|","|move|p2a: Kyurem-Black|Fusion Bolt|p1a: Chansey","|-damage|p1a: Chansey|299/703","|move|p1a: Chansey|Wish|p1a: Chansey","|","|-damage|p2a: Kyurem-Black|320/392 tox|[from] psn","|turn|9","|","|switch|p2a: Cloyster|Cloyster, M|247/247","|move|p1a: Chansey|Seismic Toss|p2a: Cloyster","|-damage|p2a: Cloyster|147/247","|","|-heal|p1a: Chansey|650/703|[from] move: Wish|[wisher] Chansey","|turn|10","|","|move|p2a: Cloyster|Shell Smash|p2a: Cloyster","|-unboost|p2a: Cloyster|def|1","|-unboost|p2a: Cloyster|spd|1","|-boost|p2a: Cloyster|atk|2","|-boost|p2a: Cloyster|spa|2","|-boost|p2a: Cloyster|spe|2","|move|p1a: Chansey|Toxic|p2a: Cloyster","|-status|p2a: Cloyster|tox","|","|-damage|p2a: Cloyster|132/247 tox|[from] psn","|turn|11","|","|move|p2a: Cloyster|Icicle Spear|p1a: Chansey","|-damage|p1a: Chansey|550/703","|-damage|p1a: Chansey|453/703","|-damage|p1a: Chansey|345/703","|-damage|p1a: Chansey|236/703","|-damage|p1a: Chansey|133/703","|-hitcount|p1a: Chansey|5","|move|p1a: Chansey|Seismic Toss|p2a: Cloyster","|-damage|p2a: Cloyster|32/247 tox","|","|-damage|p2a: Cloyster|2/247 tox|[from] psn","|turn|12","|","|move|p2a: Cloyster|Icicle Spear|p1a: Chansey","|-damage|p1a: Chansey|34/703","|-damage|p1a: Chansey|0 fnt","|-hitcount|p1a: Chansey|2","|faint|p1a: Chansey","|","|-damage|p2a: Cloyster|0 fnt|[from] psn","|faint|p2a: Cloyster","|","|switch|p2a: Mamoswine|Mamoswine, M|362/362","|switch|p1a: Exploud|Exploud, F|411/411","|turn|13","|","|move|p2a: Mamoswine|Stealth Rock|p1a: Exploud","|-sidestart|p1: LightOfAKnowing|move: Stealth Rock","|move|p1a: Exploud|Boomburst|p2a: Mamoswine","|-damage|p2a: Mamoswine|0 fnt","|faint|p2a: Mamoswine","|","|","|switch|p2a: Kyurem-Black|Kyurem-Black, shiny|320/392 tox","|-ability|p2a: Kyurem-Black|Teravolt","|turn|14","|","|move|p2a: Kyurem-Black|Facade|p1a: Exploud","|-damage|p1a: Exploud|123/411","|move|p1a: Exploud|Boomburst|p2a: Kyurem-Black","|-damage|p2a: Kyurem-Black|74/392 tox","|","|-damage|p2a: Kyurem-Black|50/392 tox|[from] psn","|turn|15","|","|move|p2a: Kyurem-Black|Facade|p1a: Exploud","|-damage|p1a: Exploud|0 fnt","|faint|p1a: Exploud","|","|-damage|p2a: Kyurem-Black|2/392 tox|[from] psn","|","|switch|p1a: Bibarel|Bibarel, M|361/361","|-damage|p1a: Bibarel|316/361|[from] Stealth Rock","|turn|16","|","|move|p2a: Kyurem-Black|Facade|p1a: Bibarel","|-damage|p1a: Bibarel|18/361","|move|p1a: Bibarel|Rest|p1a: Bibarel","|-status|p1a: Bibarel|slp","|-heal|p1a: Bibarel|361/361 slp|[silent]","|-status|p1a: Bibarel|slp|[from] move: Rest","|-enditem|p1a: Bibarel|Chesto Berry|[eat]","|-curestatus|p1a: Bibarel|slp","|","|-damage|p2a: Kyurem-Black|0 fnt|[from] psn","|faint|p2a: Kyurem-Black","|","|switch|p2a: Walrein|Walrein, F|424/424","|turn|17","|","|move|p1a: Bibarel|Super Fang|p2a: Walrein","|-damage|p2a: Walrein|212/424","|move|p2a: Walrein|Surf|p1a: Bibarel","|-resisted|p1a: Bibarel","|-damage|p1a: Bibarel|265/361","|","|turn|18","|","|move|p1a: Bibarel|Super Fang|p2a: Walrein","|-damage|p2a: Walrein|106/424","|move|p2a: Walrein|Surf|p1a: Bibarel","|-resisted|p1a: Bibarel","|-damage|p1a: Bibarel|152/361","|","|turn|19","|","|move|p1a: Bibarel|Super Fang|p2a: Walrein","|-damage|p2a: Walrein|53/424","|move|p2a: Walrein|Surf|p1a: Bibarel","|-resisted|p1a: Bibarel","|-damage|p1a: Bibarel|56/361","|","|turn|20","|","|move|p1a: Bibarel|Waterfall|p2a: Walrein","|-resisted|p2a: Walrein","|-damage|p2a: Walrein|11/424","|move|p2a: Walrein|Surf|p1a: Bibarel","|-resisted|p1a: Bibarel","|-damage|p1a: Bibarel|0 fnt","|faint|p1a: Bibarel","|","|","|switch|p1a: Braviary|Braviary, M, shiny|341/341","|-damage|p1a: Braviary|256/341|[from] Stealth Rock","|turn|21","|","|move|p1a: Braviary|Thrash|p2a: Walrein","|-damage|p2a: Walrein|0 fnt","|faint|p2a: Walrein","|","|win|LightOfAKnowing"],"p1rating":{"entryid":"386","serverid":"eos","formatid":"monotype","userid":"lightofaknowing","username":"LightOfAKnowing","w":11,"l":"19","t":"0","gxe":40.7,"r":"1389.9462070637","rd":"71.203706456188","sigma":"0","rptime":"1440234000","rpr":1428.2708435142,"rprd":62.38078823293,"rpsigma":"0","acre":1104.3123906675,"lacre":1104.3123906675,"oldacre":"1081.7765840023"},"p2rating":{"entryid":"313593","serverid":"eos","formatid":"monotype","userid":"sovereignzoroark","username":"sovereign♕zoroark","w":"3","l":7,"t":"0","gxe":38.2,"r":"1500","rd":"130","sigma":"0","rptime":"1440234000","rpr":1406.7321895978,"rprd":87.582587796771,"rpsigma":"0","acre":1005.8209645152,"lacre":1005.8209645152,"oldacre":"1015.882709005"},"endType":"normal"}