{"seed":[32205,38624,28147,14372],"turns":19,"p1":"SWL Neßki","p2":"Union Wepp","p1team":[{"name":"Volcarona","species":"Volcarona","item":"lumberry","ability":"Flame Body","moves":["quiverdance","bugbuzz","gigadrain","fierydance"],"nature":"Timid","evs":{"hp":248,"atk":0,"def":0,"spa":164,"spd":0,"spe":96},"gender":"F","ivs":{"hp":31,"atk":0,"def":31,"spa":31,"spd":31,"spe":31},"shiny":true},{"name":"Torkoal","species":"Torkoal","item":"leftovers","ability":"Shell Armor","moves":["yawn","stealthrock","rapidspin","lavaplume"],"nature":"Bold","evs":{"hp":252,"atk":0,"def":252,"spa":0,"spd":0,"spe":0},"gender":"M","ivs":{"hp":31,"atk":0,"def":31,"spa":31,"spd":31,"spe":31}},{"name":"FletchinCiel","species":"fletchinder","item":"","ability":"Gale Wings","moves":["tailwind","swordsdance","overheat","acrobatics"],"nature":"Naughty","evs":{"hp":232,"atk":252,"def":0,"spa":0,"spd":0,"spe":24},"ivs":{"hp":31,"atk":31,"def":31,"spa":31,"spd":31,"spe":31}},{"name":"Jak","species":"charizard","item":"charizarditey","ability":"Blaze","moves":["solarbeam","defog","earthquake","flamethrower"],"nature":"Modest","evs":{"hp":0,"atk":4,"def":0,"spa":252,"spd":0,"spe":252},"ivs":{"hp":31,"atk":31,"def":31,"spa":31,"spd":31,"spe":31}},{"name":"Arcanine","species":"Arcanine","item":"assaultvest","ability":"Intimidate","moves":["extremespeed","wildcharge","flareblitz","closecombat"],"nature":"Adamant","evs":{"hp":248,"atk":252,"def":0,"spa":0,"spd":0,"spe":8},"ivs":{"hp":31,"atk":31,"def":31,"spa":31,"spd":31,"spe":31}},{"name":"Infernape","species":"Infernape","item":"lifeorb","ability":"Blaze","moves":["vacuumwave","hiddenpowerice","flamethrower","closecombat"],"nature":"Naive","evs":{"hp":0,"atk":4,"def":0,"spa":252,"spd":0,"spe":252},"ivs":{"hp":31,"atk":30,"def":30,"spa":31,"spd":31,"spe":31}}],"p2team":[{"name":"One Shot?","species":"chansey","item":"eviolite","ability":"Natural Cure","moves":["toxic","softboiled","seismictoss","healbell"],"nature":"Bold","evs":{"hp":248,"atk":0,"def":252,"spa":0,"spd":8,"spe":0},"ivs":{"hp":31,"atk":31,"def":31,"spa":31,"spd":31,"spe":31}},{"name":"'murica fk yeah!","species":"braviary","item":"leftovers","ability":"Defiant","moves":["bravebird","bulkup","facade","roost"],"nature":"Careful","evs":{"hp":252,"atk":4,"def":0,"spa":0,"spd":252,"spe":0},"ivs":{"hp":31,"atk":31,"def":31,"spa":31,"spd":31,"spe":31}},{"name":"Alluhu Akbar","species":"staraptor","item":"choicescarf","ability":"Reckless","moves":["bravebird","doubleedge","finalgambit","uturn"],"nature":"Jolly","evs":{"hp":0,"atk":252,"def":0,"spa":0,"spd":4,"spe":252},"ivs":{"hp":31,"atk":31,"def":31,"spa":31,"spd":31,"spe":31}},{"name":"Brooklyn Slut","species":"lopunny","item":"lopunnite","ability":"Cute Charm","moves":["fakeout","highjumpkick","facade","poweruppunch"],"nature":"Jolly","evs":{"hp":0,"atk":252,"def":0,"spa":0,"spd":4,"spe":252},"gender":"F","ivs":{"hp":31,"atk":31,"def":31,"spa":31,"spd":31,"spe":31}},{"name":"Duck. EXE 2.0","species":"porygon2","item":"eviolite","ability":"Trace","moves":["thunderwave","triattack","recover","icebeam"],"nature":"Bold","evs":{"hp":252,"atk":0,"def":104,"spa":0,"spd":152,"spe":0},"ivs":{"hp":31,"atk":31,"def":31,"spa":31,"spd":31,"spe":31}},{"name":"Niggersby","species":"diggersby","item":"focussash","ability":"Huge Power","moves":["return","earthquake","quickattack","firepunch"],"nature":"Adamant","evs":{"hp":4,"atk":252,"def":0,"spa":0,"spd":0,"spe":252},"gender":"M","ivs":{"hp":31,"atk":31,"def":31,"spa":31,"spd":31,"spe":31}}],"log":["|player|p1|SWL Neßki|swlneki.png","|player|p2|Union Wepp|257","|gametype|singles","|gen|6","|tier|Monotype","|rated","|rule|Baton Pass Clause: Limit one Baton Passer, can't pass Spe and other stats simultaneously","|rule|Swagger Clause: Swagger is banned","|rule|Same Type Clause: Pokémon in a team must share a type","|clearpoke","|poke|p1|Volcarona, F, shiny","|poke|p1|Torkoal, M","|poke|p1|Fletchinder, M","|poke|p1|Charizard, F","|poke|p1|Arcanine, F","|poke|p1|Infernape, M","|poke|p2|Chansey, F","|poke|p2|Braviary, M","|poke|p2|Staraptor, F","|poke|p2|Lopunny, F","|poke|p2|Porygon2","|poke|p2|Diggersby, M","|rule|Sleep Clause Mod: Limit one foe put to sleep","|rule|Species Clause: Limit one of each Pokémon","|rule|OHKO Clause: OHKO moves are banned","|rule|Moody Clause: Moody is banned","|rule|Evasion Moves Clause: Evasion moves are banned","|rule|Endless Battle Clause: Forcing endless battles is banned","|rule|HP Percentage Mod: HP is shown in percentages","|teampreview","|","|start","|switch|p1a: Arcanine|Arcanine, F|383/383","|switch|p2a: 'murica fk yeah!|Braviary, M|404/404","|-ability|p1a: Arcanine|Intimidate","|-unboost|p2a: 'murica fk yeah!|atk|1","|-boost|p2a: 'murica fk yeah!|atk|2|[from] ability: Defiant","|turn|1","|","|switch|p1a: Torkoal|Torkoal, M|344/344","|move|p2a: 'murica fk yeah!|Bulk Up|p2a: 'murica fk yeah!","|-boost|p2a: 'murica fk yeah!|atk|1","|-boost|p2a: 'murica fk yeah!|def|1","|","|turn|2","|","|move|p2a: 'murica fk yeah!|Brave Bird|p1a: Torkoal","|-damage|p1a: Torkoal|161/344","|-damage|p2a: 'murica fk yeah!|344/404|[from] recoil|[of] p1a: Torkoal","|move|p1a: Torkoal|Yawn|p2a: 'murica fk yeah!","|-start|p2a: 'murica fk yeah!|move: Yawn|[of] p1a: Torkoal","|","|-heal|p2a: 'murica fk yeah!|369/404|[from] item: Leftovers","|-heal|p1a: Torkoal|182/344|[from] item: Leftovers","|turn|3","|","|move|p2a: 'murica fk yeah!|Brave Bird|p1a: Torkoal","|-damage|p1a: Torkoal|2/344","|-damage|p2a: 'murica fk yeah!|310/404|[from] recoil|[of] p1a: Torkoal","|move|p1a: Torkoal|Stealth Rock|p2a: 'murica fk yeah!","|-sidestart|p2: Union Wepp|move: Stealth Rock","|","|-end|p2a: 'murica fk yeah!|move: Yawn|[silent]","|-status|p2a: 'murica fk yeah!|slp","|-heal|p2a: 'murica fk yeah!|335/404 slp|[from] item: Leftovers","|-heal|p1a: Torkoal|23/344|[from] item: Leftovers","|turn|4","|","|switch|p1a: FletchinCiel|Fletchinder, M|323/323","|cant|p2a: 'murica fk yeah!|slp","|","|-heal|p2a: 'murica fk yeah!|360/404 slp|[from] item: Leftovers","|turn|5","|","|move|p1a: FletchinCiel|Swords Dance|p1a: FletchinCiel","|-boost|p1a: FletchinCiel|atk|2","|-curestatus|p2a: 'murica fk yeah!|slp","|move|p2a: 'murica fk yeah!|Brave Bird|p1a: FletchinCiel","|-damage|p1a: FletchinCiel|0 fnt","|-damage|p2a: 'murica fk yeah!|253/404|[from] recoil|[of] p1a: FletchinCiel","|faint|p1a: FletchinCiel","|","|-heal|p2a: 'murica fk yeah!|278/404|[from] item: Leftovers","|","|switch|p1a: Jak|Charizard, F|297/297","|turn|6","|","|detailschange|p1a: Jak|Charizard-Mega-Y, F","|-mega|p1a: Jak|Charizard|Charizardite Y","|-weather|SunnyDay","|move|p1a: Jak|Flamethrower|p2a: 'murica fk yeah!","|-damage|p2a: 'murica fk yeah!|0 fnt","|faint|p2a: 'murica fk yeah!","|","|-weather|SunnyDay|[upkeep]","|","|switch|p2a: Duck. EXE 2.0|Porygon2|374/374","|-damage|p2a: Duck. EXE 2.0|328/374|[from] Stealth Rock","|-ability|p2a: Duck. EXE 2.0|Drought|[from] ability: Trace|[of] p1a: Jak","|turn|7","|","|move|p1a: Jak|Flamethrower|p2a: Duck. EXE 2.0","|-damage|p2a: Duck. EXE 2.0|150/374","|-status|p2a: Duck. EXE 2.0|brn","|move|p2a: Duck. EXE 2.0|Thunder Wave|p1a: Jak","|-status|p1a: Jak|par","|","|-weather|SunnyDay|[upkeep]","|-damage|p2a: Duck. EXE 2.0|104/374 brn|[from] brn","|turn|8","|","|switch|p1a: Arcanine|Arcanine, F|383/383","|-ability|p1a: Arcanine|Intimidate","|-unboost|p2a: Duck. EXE 2.0|atk|1","|move|p2a: Duck. EXE 2.0|Tri Attack|p1a: Arcanine","|-damage|p1a: Arcanine|307/383","|","|-weather|SunnyDay|[upkeep]","|-damage|p2a: Duck. EXE 2.0|58/374 brn|[from] brn","|turn|9","|","|move|p1a: Arcanine|Wild Charge|p2a: Duck. EXE 2.0","|-damage|p2a: Duck. EXE 2.0|0 fnt","|-damage|p1a: Arcanine|292/383|[from] recoil|[of] p2a: Duck. EXE 2.0","|faint|p2a: Duck. EXE 2.0","|","|-weather|SunnyDay|[upkeep]","|","|switch|p2a: Alluhu Akbar|Staraptor, F|311/311","|-damage|p2a: Alluhu Akbar|234/311|[from] Stealth Rock","|turn|10","|","|move|p2a: Alluhu Akbar|Double-Edge|p1a: Arcanine","|-damage|p1a: Arcanine|0 fnt","|-damage|p2a: Alluhu Akbar|138/311|[from] recoil|[of] p1a: Arcanine","|faint|p1a: Arcanine","|","|-weather|none","|","|switch|p1a: Jak|Charizard-Mega-Y, F|297/297 par","|-weather|SunnyDay","|turn|11","|","|move|p2a: Alluhu Akbar|Double-Edge|p1a: Jak","|-damage|p1a: Jak|0 fnt","|-damage|p2a: Alluhu Akbar|40/311|[from] recoil|[of] p1a: Jak","|faint|p1a: Jak","|","|-weather|SunnyDay|[upkeep]","|","|switch|p1a: Infernape|Infernape, M|293/293","|turn|12","|","|move|p1a: Infernape|Vacuum Wave|p2a: Alluhu Akbar","|-damage|p2a: Alluhu Akbar|0 fnt","|-damage|p1a: Infernape|264/293|[from] item: Life Orb","|faint|p2a: Alluhu Akbar","|","|-weather|SunnyDay|[upkeep]","|","|switch|p2a: Niggersby|Diggersby, M|312/312","|-damage|p2a: Niggersby|293/312|[from] Stealth Rock","|turn|13","|","|switch|p1a: Torkoal|Torkoal, M|23/344","|move|p2a: Niggersby|Earthquake|p1a: Torkoal","|-supereffective|p1a: Torkoal","|-damage|p1a: Torkoal|0 fnt","|faint|p1a: Torkoal","|","|-weather|SunnyDay|[upkeep]","|","|switch|p1a: Volcarona|Volcarona, F, shiny|373/373","|turn|14","|","|move|p1a: Volcarona|Fiery Dance|p2a: Niggersby","|-damage|p2a: Niggersby|52/312","|-boost|p1a: Volcarona|spa|1","|move|p2a: Niggersby|Earthquake|p1a: Volcarona","|-damage|p1a: Volcarona|34/373","|","|-weather|SunnyDay|[upkeep]","|turn|15","|","|move|p2a: Niggersby|Quick Attack|p1a: Volcarona","|-damage|p1a: Volcarona|0 fnt","|faint|p1a: Volcarona","|","|-weather|none","|","|switch|p1a: Infernape|Infernape, M|264/293","|turn|16","|","|move|p1a: Infernape|Vacuum Wave|p2a: Niggersby","|-supereffective|p2a: Niggersby","|-damage|p2a: Niggersby|0 fnt","|-damage|p1a: Infernape|235/293|[from] item: Life Orb","|faint|p2a: Niggersby","|","|","|switch|p2a: One Shot?|Chansey, F|703/703","|-damage|p2a: One Shot?|616/703|[from] Stealth Rock","|turn|17","|","|move|p1a: Infernape|Close Combat|p2a: One Shot?","|-supereffective|p2a: One Shot?","|-damage|p2a: One Shot?|91/703","|-unboost|p1a: Infernape|def|1","|-unboost|p1a: Infernape|spd|1","|-damage|p1a: Infernape|206/293|[from] item: Life Orb","|move|p2a: One Shot?|Toxic|p1a: Infernape","|-status|p1a: Infernape|tox","|","|-damage|p1a: Infernape|188/293 tox|[from] psn","|turn|18","|","|move|p1a: Infernape|Flamethrower|p2a: One Shot?","|-damage|p2a: One Shot?|0 fnt","|-damage|p1a: Infernape|159/293 tox|[from] item: Life Orb","|faint|p2a: One Shot?","|","|-damage|p1a: Infernape|123/293 tox|[from] psn","|","|switch|p2a: Brooklyn Slut|Lopunny, F|271/271","|-damage|p2a: Brooklyn Slut|238/271|[from] Stealth Rock","|turn|19","|","|detailschange|p2a: Brooklyn Slut|Lopunny-Mega, F","|-mega|p2a: Brooklyn Slut|Lopunny|Lopunnite","|move|p2a: Brooklyn Slut|Fake Out|p1a: Infernape","|-damage|p1a: Infernape|0 fnt","|faint|p1a: Infernape","|","|win|Union Wepp"],"p1rating":{"entryid":"388","serverid":"eos","formatid":"monotype","userid":"swlneki","username":"SWL Neßki","w":"23","l":10,"t":"0","gxe":65.7,"r":"1647.3857021699","rd":"65.172404766836","sigma":"0","rptime":"1440234000","rpr":1624.4506729244,"rprd":60.654237246668,"rpsigma":"0","acre":1143.6582249263,"lacre":1143.6582249263,"oldacre":"1180.5968569378"},"p2rating":{"entryid":"319390","serverid":"eos","formatid":"monotype","userid":"unionwepp","username":"Union Wepp","w":1,"l":"1","t":"0","gxe":52.2,"r":"1500","rd":"130","sigma":"0","rptime":"1440234000","rpr":1517.347035058,"rprd":117.06702758314,"rpsigma":"0","acre":1059.1018112184,"lacre":1059.1018112184,"oldacre":"1000"},"endType":"normal"}