{"seed":[22409,19488,53384,53441],"turns":32,"p1":"Void Wiley","p2":"Knight Miku","p1team":[{"name":"Tuba","species":"slurpuff","item":"sitrusberry","ability":"Unburden","moves":["bellydrum","drainpunch","playrough","aromatherapy"],"nature":"Jolly","evs":{"hp":4,"atk":252,"def":0,"spa":0,"spd":0,"spe":252},"ivs":{"hp":31,"atk":31,"def":31,"spa":31,"spd":31,"spe":31}},{"name":"Clarinet","species":"azumarill","item":"sitrusberry","ability":"Huge Power","moves":["bellydrum","aquajet","brickbreak","playrough"],"nature":"Adamant","evs":{"hp":252,"atk":252,"def":0,"spa":0,"spd":4,"spe":0},"ivs":{"hp":31,"atk":31,"def":31,"spa":31,"spd":31,"spe":31}},{"name":"Flute","species":"gardevoir","item":"gardevoirite","ability":"Synchronize","moves":["psyshock","hypervoice","energyball","focusblast"],"nature":"Timid","evs":{"hp":4,"atk":0,"def":0,"spa":252,"spd":0,"spe":252},"ivs":{"hp":31,"atk":31,"def":31,"spa":31,"spd":31,"spe":31}},{"name":"Alto","species":"togekiss","item":"choicescarf","ability":"Serene Grace","moves":["airslash","flamethrower","aurasphere","dazzlinggleam"],"nature":"Timid","evs":{"hp":0,"atk":0,"def":0,"spa":252,"spd":4,"spe":252},"ivs":{"hp":31,"atk":31,"def":31,"spa":31,"spd":31,"spe":31}},{"name":"Sax","species":"klefki","item":"lightclay","ability":"Prankster","moves":["thunderwave","lightscreen","reflect","foulplay"],"nature":"Bold","evs":{"hp":248,"atk":0,"def":252,"spa":0,"spd":8,"spe":0},"ivs":{"hp":31,"atk":31,"def":31,"spa":31,"spd":31,"spe":31}},{"name":"Trumpet","species":"sylveon","item":"leftovers","ability":"Pixilate","moves":["hypervoice","wish","protect","calmmind"],"nature":"Bold","evs":{"hp":252,"atk":0,"def":252,"spa":4,"spd":0,"spe":0},"ivs":{"hp":31,"atk":31,"def":31,"spa":31,"spd":31,"spe":31}}],"p2team":[{"name":"Amphy","species":"ampharos","item":"ampharosite","ability":"Static","moves":["healbell","toxic","powergem","dragonpulse"],"nature":"Calm","evs":{"hp":248,"atk":0,"def":0,"spa":8,"spd":252,"spe":0},"gender":"M","shiny":true,"ivs":{"hp":31,"atk":31,"def":31,"spa":31,"spd":31,"spe":31}},{"name":"Palmtop Tiger","species":"raikou","item":"leftovers","ability":"Pressure","moves":["calmmind","thunderbolt","extrasensory","hiddenpowerice"],"nature":"Timid","evs":{"hp":0,"atk":0,"def":0,"spa":252,"spd":4,"spe":252},"ivs":{"hp":31,"atk":30,"def":30,"spa":31,"spd":31,"spe":31},"shiny":true},{"name":"Magnets","species":"magnezone","item":"choicespecs","ability":"Sturdy","moves":["hiddenpowergrass","flashcannon","thunderbolt","signalbeam"],"nature":"Modest","evs":{"hp":248,"atk":0,"def":0,"spa":252,"spd":8,"spe":0},"ivs":{"hp":31,"atk":30,"def":31,"spa":30,"spd":31,"spe":31}},{"name":"Kami-sama","species":"thundurus","item":"lifeorb","ability":"Prankster","moves":["thunderwave","taunt","superpower","knockoff"],"nature":"Jolly","evs":{"hp":0,"atk":252,"def":0,"spa":0,"spd":4,"spe":252},"ivs":{"hp":31,"atk":31,"def":31,"spa":31,"spd":31,"spe":31}},{"name":"Spooky","species":"rotomwash","item":"leftovers","ability":"Levitate","moves":["willowisp","voltswitch","hydropump","painsplit"],"nature":"Bold","evs":{"hp":252,"atk":0,"def":252,"spa":4,"spd":0,"spe":0},"ivs":{"hp":31,"atk":0,"def":31,"spa":31,"spd":31,"spe":31}},{"name":"Zap","species":"zapdos","item":"leftovers","ability":"Pressure","moves":["discharge","heatwave","roost","defog"],"nature":"Calm","evs":{"hp":252,"atk":0,"def":4,"spa":0,"spd":252,"spe":0},"ivs":{"hp":31,"atk":0,"def":31,"spa":31,"spd":31,"spe":31}}],"log":["|player|p1|Void Wiley|voidwiley.png","|player|p2|Knight Miku|27","|gametype|singles","|gen|6","|tier|Monotype","|rated","|rule|Baton Pass Clause: Limit one Baton Passer, can't pass Spe and other stats simultaneously","|rule|Swagger Clause: Swagger is banned","|rule|Same Type Clause: Pokémon in a team must share a type","|clearpoke","|poke|p1|Slurpuff, F","|poke|p1|Azumarill, M","|poke|p1|Gardevoir, M","|poke|p1|Togekiss, M","|poke|p1|Klefki, F","|poke|p1|Sylveon, M","|poke|p2|Ampharos, M, shiny","|poke|p2|Raikou, shiny","|poke|p2|Magnezone","|poke|p2|Thundurus, M","|poke|p2|Rotom-Wash","|poke|p2|Zapdos","|rule|Sleep Clause Mod: Limit one foe put to sleep","|rule|Species Clause: Limit one of each Pokémon","|rule|OHKO Clause: OHKO moves are banned","|rule|Moody Clause: Moody is banned","|rule|Evasion Moves Clause: Evasion moves are banned","|rule|Endless Battle Clause: Forcing endless battles is banned","|rule|HP Percentage Mod: HP is shown in percentages","|teampreview","|","|start","|switch|p1a: Sax|Klefki, F|317/317","|switch|p2a: Kami-sama|Thundurus, M|299/299","|turn|1","|","|move|p2a: Kami-sama|Taunt|p1a: Sax","|-start|p1a: Sax|move: Taunt","|cant|p1a: Sax|move: Taunt|Light Screen","|","|turn|2","|","|move|p2a: Kami-sama|Knock Off|p1a: Sax","|-resisted|p1a: Sax","|-damage|p1a: Sax|268/317","|-enditem|p1a: Sax|Light Clay|[from] move: Knock Off|[of] p2a: Kami-sama","|-damage|p2a: Kami-sama|270/299|[from] item: Life Orb","|move|p1a: Sax|Foul Play|p2a: Kami-sama","|-damage|p2a: Kami-sama|136/299","|","|turn|3","|","|switch|p2a: Zap|Zapdos|384/384","|-ability|p2a: Zap|Pressure","|move|p1a: Sax|Foul Play|p2a: Zap","|-damage|p2a: Zap|326/384","|","|-heal|p2a: Zap|350/384|[from] item: Leftovers","|-end|p1a: Sax|move: Taunt","|turn|4","|","|move|p1a: Sax|Light Screen|p1a: Sax","|-sidestart|p1: Void Wiley|move: Light Screen","|move|p2a: Zap|Defog|p1a: Sax","|-unboost|p1a: Sax|evasion|1","|-sideend|p1: Void Wiley|move: Light Screen","|","|-heal|p2a: Zap|374/384|[from] item: Leftovers","|turn|5","|","|switch|p1a: Flute|Gardevoir, M|278/278","|move|p2a: Zap|Heat Wave|p1a: Flute","|-miss|p2a: Zap|p1a: Flute","|","|-heal|p2a: Zap|384/384|[from] item: Leftovers","|turn|6","|","|detailschange|p1a: Flute|Gardevoir-Mega, M","|-mega|p1a: Flute|Gardevoir|Gardevoirite","|move|p1a: Flute|Hyper Voice|p2a: Zap","|-damage|p2a: Zap|194/384","|move|p2a: Zap|Discharge|p1a: Flute","|-damage|p1a: Flute|191/278","|-status|p1a: Flute|par","|","|-heal|p2a: Zap|218/384|[from] item: Leftovers","|turn|7","|","|move|p2a: Zap|Discharge|p1a: Flute","|-damage|p1a: Flute|103/278 par","|cant|p1a: Flute|par","|","|-heal|p2a: Zap|242/384|[from] item: Leftovers","|turn|8","|","|move|p2a: Zap|Discharge|p1a: Flute","|-damage|p1a: Flute|12/278 par","|move|p1a: Flute|Hyper Voice|p2a: Zap","|-damage|p2a: Zap|62/384","|","|-heal|p2a: Zap|86/384|[from] item: Leftovers","|turn|9","|","|move|p2a: Zap|Roost|p2a: Zap","|-heal|p2a: Zap|278/384","|move|p1a: Flute|Hyper Voice|p2a: Zap","|-damage|p2a: Zap|88/384","|","|-heal|p2a: Zap|112/384|[from] item: Leftovers","|turn|10","|","|move|p2a: Zap|Roost|p2a: Zap","|-heal|p2a: Zap|304/384","|move|p1a: Flute|Hyper Voice|p2a: Zap","|-damage|p2a: Zap|111/384","|","|-heal|p2a: Zap|135/384|[from] item: Leftovers","|turn|11","|","|move|p2a: Zap|Roost|p2a: Zap","|-heal|p2a: Zap|327/384","|move|p1a: Flute|Hyper Voice|p2a: Zap","|-damage|p2a: Zap|132/384","|","|-heal|p2a: Zap|156/384|[from] item: Leftovers","|turn|12","|","|move|p2a: Zap|Discharge|p1a: Flute","|-damage|p1a: Flute|0 fnt","|faint|p1a: Flute","|","|-heal|p2a: Zap|180/384|[from] item: Leftovers","|","|switch|p1a: Tuba|Slurpuff, F|306/306","|turn|13","|","|move|p1a: Tuba|Belly Drum|p1a: Tuba","|-damage|p1a: Tuba|153/306","|-setboost|p1a: Tuba|atk|6|[from] move: Belly Drum","|-enditem|p1a: Tuba|Sitrus Berry|[eat]","|-heal|p1a: Tuba|229/306|[from] item: Sitrus Berry","|move|p2a: Zap|Discharge|p1a: Tuba","|-crit|p1a: Tuba","|-damage|p1a: Tuba|27/306","|","|-heal|p2a: Zap|204/384|[from] item: Leftovers","|turn|14","|","|move|p1a: Tuba|Play Rough|p2a: Zap","|-damage|p2a: Zap|0 fnt","|faint|p2a: Zap","|","|","|switch|p2a: Magnets|Magnezone|343/343","|turn|15","|","|move|p1a: Tuba|Drain Punch|p2a: Magnets","|-supereffective|p2a: Magnets","|-ability|p2a: Magnets|Sturdy","|-damage|p2a: Magnets|1/343","|-heal|p1a: Tuba|198/306|[from] drain|[of] p2a: Magnets","|move|p2a: Magnets|Flash Cannon|p1a: Tuba","|-supereffective|p1a: Tuba","|-damage|p1a: Tuba|0 fnt","|faint|p1a: Tuba","|","|","|switch|p1a: Clarinet|Azumarill, M|404/404","|turn|16","|","|move|p2a: Magnets|Flash Cannon|p1a: Clarinet","|-damage|p1a: Clarinet|145/404","|-enditem|p1a: Clarinet|Sitrus Berry|[eat]","|-heal|p1a: Clarinet|246/404|[from] item: Sitrus Berry","|move|p1a: Clarinet|Play Rough|p2a: Magnets","|-resisted|p2a: Magnets","|-damage|p2a: Magnets|0 fnt","|faint|p2a: Magnets","|","|","|switch|p2a: Palmtop Tiger|Raikou, shiny|321/321","|-ability|p2a: Palmtop Tiger|Pressure","|turn|17","|","|move|p1a: Clarinet|Aqua Jet|p2a: Palmtop Tiger","|-damage|p2a: Palmtop Tiger|218/321","|move|p2a: Palmtop Tiger|Thunderbolt|p1a: Clarinet","|-supereffective|p1a: Clarinet","|-damage|p1a: Clarinet|0 fnt","|faint|p1a: Clarinet","|","|-heal|p2a: Palmtop Tiger|238/321|[from] item: Leftovers","|","|switch|p1a: Trumpet|Sylveon, M|394/394","|turn|18","|","|move|p2a: Palmtop Tiger|Calm Mind|p2a: Palmtop Tiger","|-boost|p2a: Palmtop Tiger|spa|1","|-boost|p2a: Palmtop Tiger|spd|1","|move|p1a: Trumpet|Calm Mind|p1a: Trumpet","|-boost|p1a: Trumpet|spa|1","|-boost|p1a: Trumpet|spd|1","|","|-heal|p2a: Palmtop Tiger|258/321|[from] item: Leftovers","|turn|19","|","|move|p2a: Palmtop Tiger|Thunderbolt|p1a: Trumpet","|-damage|p1a: Trumpet|274/394","|move|p1a: Trumpet|Calm Mind|p1a: Trumpet","|-boost|p1a: Trumpet|spa|1","|-boost|p1a: Trumpet|spd|1","|","|-heal|p2a: Palmtop Tiger|278/321|[from] item: Leftovers","|-heal|p1a: Trumpet|298/394|[from] item: Leftovers","|turn|20","|","|move|p2a: Palmtop Tiger|Calm Mind|p2a: Palmtop Tiger","|-boost|p2a: Palmtop Tiger|spa|1","|-boost|p2a: Palmtop Tiger|spd|1","|move|p1a: Trumpet|Wish|p1a: Trumpet","|","|-heal|p2a: Palmtop Tiger|298/321|[from] item: Leftovers","|-heal|p1a: Trumpet|322/394|[from] item: Leftovers","|turn|21","|","|move|p2a: Palmtop Tiger|Thunderbolt|p1a: Trumpet","|-damage|p1a: Trumpet|199/394","|move|p1a: Trumpet|Calm Mind|p1a: Trumpet","|-boost|p1a: Trumpet|spa|1","|-boost|p1a: Trumpet|spd|1","|","|-heal|p1a: Trumpet|394/394|[from] move: Wish|[wisher] Trumpet","|-heal|p2a: Palmtop Tiger|318/321|[from] item: Leftovers","|turn|22","|","|move|p2a: Palmtop Tiger|Thunderbolt|p1a: Trumpet","|-crit|p1a: Trumpet","|-damage|p1a: Trumpet|36/394","|move|p1a: Trumpet|Calm Mind|p1a: Trumpet","|-boost|p1a: Trumpet|spa|1","|-boost|p1a: Trumpet|spd|1","|","|-heal|p2a: Palmtop Tiger|321/321|[from] item: Leftovers","|-heal|p1a: Trumpet|60/394|[from] item: Leftovers","|turn|23","|","|move|p1a: Trumpet|Protect|p1a: Trumpet","|-singleturn|p1a: Trumpet|Protect","|move|p2a: Palmtop Tiger|Thunderbolt|p1a: Trumpet","|-activate|p1a: Trumpet|Protect","|","|-heal|p1a: Trumpet|84/394|[from] item: Leftovers","|turn|24","|","|move|p2a: Palmtop Tiger|Thunderbolt|p1a: Trumpet","|-damage|p1a: Trumpet|11/394","|move|p1a: Trumpet|Wish|p1a: Trumpet","|","|-heal|p1a: Trumpet|35/394|[from] item: Leftovers","|turn|25","|","|move|p1a: Trumpet|Protect|p1a: Trumpet","|-singleturn|p1a: Trumpet|Protect","|move|p2a: Palmtop Tiger|Calm Mind|p2a: Palmtop Tiger","|-boost|p2a: Palmtop Tiger|spa|1","|-boost|p2a: Palmtop Tiger|spd|1","|","|-heal|p1a: Trumpet|232/394|[from] move: Wish|[wisher] Trumpet","|-heal|p1a: Trumpet|256/394|[from] item: Leftovers","|turn|26","|","|move|p2a: Palmtop Tiger|Calm Mind|p2a: Palmtop Tiger","|-boost|p2a: Palmtop Tiger|spa|1","|-boost|p2a: Palmtop Tiger|spd|1","|move|p1a: Trumpet|Wish|p1a: Trumpet","|","|-heal|p1a: Trumpet|280/394|[from] item: Leftovers","|turn|27","|","|move|p2a: Palmtop Tiger|Calm Mind|p2a: Palmtop Tiger","|-boost|p2a: Palmtop Tiger|spa|1","|-boost|p2a: Palmtop Tiger|spd|1","|move|p1a: Trumpet|Calm Mind|p1a: Trumpet","|-boost|p1a: Trumpet|spa|1","|-boost|p1a: Trumpet|spd|1","|","|-heal|p1a: Trumpet|394/394|[from] move: Wish|[wisher] Trumpet","|turn|28","|","|move|p2a: Palmtop Tiger|Calm Mind|p2a: Palmtop Tiger","|-boost|p2a: Palmtop Tiger|spa|1","|-boost|p2a: Palmtop Tiger|spd|1","|move|p1a: Trumpet|Calm Mind|p1a: Trumpet","|-boost|p1a: Trumpet|spa|1","|-boost|p1a: Trumpet|spd|1","|","|turn|29","|","|move|p2a: Palmtop Tiger|Thunderbolt|p1a: Trumpet","|-damage|p1a: Trumpet|265/394","|move|p1a: Trumpet|Hyper Voice|p2a: Palmtop Tiger","|-damage|p2a: Palmtop Tiger|173/321","|","|-heal|p2a: Palmtop Tiger|193/321|[from] item: Leftovers","|-heal|p1a: Trumpet|289/394|[from] item: Leftovers","|turn|30","|","|move|p2a: Palmtop Tiger|Thunderbolt|p1a: Trumpet","|-damage|p1a: Trumpet|180/394","|move|p1a: Trumpet|Wish|p1a: Trumpet","|","|-heal|p2a: Palmtop Tiger|213/321|[from] item: Leftovers","|-heal|p1a: Trumpet|204/394|[from] item: Leftovers","|turn|31","|","|move|p1a: Trumpet|Protect|p1a: Trumpet","|-singleturn|p1a: Trumpet|Protect","|move|p2a: Palmtop Tiger|Thunderbolt|p1a: Trumpet","|-activate|p1a: Trumpet|Protect","|","|-heal|p1a: Trumpet|394/394|[from] move: Wish|[wisher] Trumpet","|-heal|p2a: Palmtop Tiger|233/321|[from] item: Leftovers","|turn|32","|","|move|p2a: Palmtop Tiger|Thunderbolt|p1a: Trumpet","|-crit|p1a: Trumpet","|-damage|p1a: Trumpet|0 fnt","|faint|p1a: Trumpet","|","|-heal|p2a: Palmtop Tiger|253/321|[from] item: Leftovers","|","|win|Knight Miku"],"p1rating":{"entryid":"91212","serverid":"eos","formatid":"monotype","userid":"voidwiley","username":"Void Wiley","w":"24","l":12,"t":"0","gxe":65.4,"r":"1641.5525346484","rd":"63.489408363734","sigma":"0","rptime":"1440147600","rpr":1621.5528140964,"rprd":57.458188141273,"rpsigma":"0","acre":1193.2089013587,"lacre":1193.2089013587,"oldacre":"1225.0079144682"},"p2rating":{"entryid":"161090","serverid":"eos","formatid":"monotype","userid":"knightmiku","username":"Knight Miku","w":5,"l":"3","t":"0","gxe":60.2,"r":"1506.8985589143","rd":"107.16904348661","sigma":"0","rptime":"1440147600","rpr":1580.7873084735,"rprd":92.901301004845,"rpsigma":"0","acre":1159.8794456189,"lacre":1159.8794456189,"oldacre":"1128.0804325094"},"endType":"forfeit"}