{"seed":[18925,53751,9267,5854],"turns":17,"p1":"Guard Wulf","p2":"Alliance - Mxy","p1team":[{"name":"Gyarados","species":"Gyarados","item":"gyaradosite","ability":"Intimidate","moves":["dragondance","waterfall","earthquake","crunch"],"nature":"Jolly","evs":{"hp":0,"atk":252,"def":0,"spa":0,"spd":4,"spe":252},"ivs":{"hp":31,"atk":31,"def":31,"spa":31,"spd":31,"spe":31}},{"name":"Thundurus-Therian","species":"Thundurus-Therian","item":"choicescarf","ability":"Volt Absorb","moves":["sludgewave","thunderbolt","voltswitch","darkpulse"],"nature":"Timid","evs":{"hp":0,"atk":0,"def":0,"spa":252,"spd":4,"spe":252},"ivs":{"hp":31,"atk":31,"def":31,"spa":31,"spd":31,"spe":31}},{"name":"Landorus","species":"Landorus","item":"lifeorb","ability":"Sheer Force","moves":["earthpower","grassknot","psychic","gravity"],"nature":"Timid","evs":{"hp":0,"atk":0,"def":0,"spa":252,"spd":4,"spe":252},"ivs":{"hp":31,"atk":31,"def":31,"spa":31,"spd":31,"spe":31}},{"name":"Skarmory","species":"Skarmory","item":"leftovers","ability":"Sturdy","moves":["roost","ironhead","stealthrock","whirlwind"],"nature":"Impish","evs":{"hp":244,"atk":8,"def":232,"spa":0,"spd":0,"spe":24},"ivs":{"hp":31,"atk":31,"def":31,"spa":31,"spd":31,"spe":31}},{"name":"Mandibuzz","species":"Mandibuzz","item":"leftovers","ability":"Overcoat","moves":["roost","foulplay","toxic","defog"],"nature":"Serious","evs":{"hp":240,"atk":0,"def":16,"spa":0,"spd":252,"spe":0},"ivs":{"hp":31,"atk":31,"def":31,"spa":31,"spd":31,"spe":31}},{"name":"Hawlucha","species":"Hawlucha","item":"powerherb","ability":"Unburden","moves":["skyattack","highjumpkick","swordsdance","acrobatics"],"nature":"Jolly","evs":{"hp":0,"atk":252,"def":0,"spa":0,"spd":4,"spe":252},"ivs":{"hp":31,"atk":31,"def":31,"spa":31,"spd":31,"spe":31}}],"p2team":[{"name":"Lapras","species":"Lapras","item":"expertbelt","ability":"Water Absorb","moves":["freezedry","hydropump","hiddenpowerfire","healbell"],"nature":"Modest","evs":{"hp":184,"atk":0,"def":0,"spa":252,"spd":0,"spe":72},"ivs":{"hp":31,"atk":30,"def":31,"spa":30,"spd":31,"spe":30}},{"name":"Weavile","species":"Weavile","item":"lifeorb","ability":"Pressure","moves":["knockoff","iceshard","lowkick","fakeout"],"nature":"Jolly","evs":{"hp":0,"atk":252,"def":0,"spa":0,"spd":4,"spe":252},"ivs":{"hp":31,"atk":31,"def":31,"spa":31,"spd":31,"spe":31}},{"name":"Let it go","species":"kyuremblack","item":"choiceband","ability":"Teravolt","moves":["outrage","fusionbolt","zenheadbutt","earthpower"],"nature":"Naive","evs":{"hp":0,"atk":216,"def":0,"spa":40,"spd":0,"spe":252},"ivs":{"hp":31,"atk":31,"def":31,"spa":31,"spd":31,"spe":31}},{"name":"Articuno","species":"Articuno","item":"custapberry","ability":"Pressure","moves":["hurricane","defog","tailwind","endure"],"nature":"Calm","evs":{"hp":240,"atk":0,"def":0,"spa":16,"spd":252,"spe":0},"ivs":{"hp":31,"atk":31,"def":31,"spa":31,"spd":31,"spe":31}},{"name":"Homage to Broc","species":"aurorus","item":"focussash","ability":"Snow Warning","moves":["freezedry","stealthrock","thunderwave","blizzard"],"nature":"Modest","evs":{"hp":0,"atk":0,"def":0,"spa":252,"spd":4,"spe":252},"ivs":{"hp":31,"atk":31,"def":31,"spa":31,"spd":31,"spe":31}},{"name":"Mamoswine","species":"Mamoswine","item":"assaultvest","ability":"Thick Fat","moves":["earthquake","iceshard","iciclespear","stoneedge"],"nature":"Jolly","evs":{"hp":0,"atk":252,"def":0,"spa":0,"spd":4,"spe":252},"ivs":{"hp":31,"atk":31,"def":31,"spa":31,"spd":31,"spe":31}}],"log":["|player|p1|Guard Wulf|143","|player|p2|Alliance - Mxy|270","|gametype|singles","|gen|6","|tier|Monotype","|rated","|rule|Baton Pass Clause: Limit one Baton Passer, can't pass Spe and other stats simultaneously","|rule|Swagger Clause: Swagger is banned","|rule|Same Type Clause: Pokémon in a team must share a type","|clearpoke","|poke|p1|Gyarados, M","|poke|p1|Thundurus-Therian, M","|poke|p1|Landorus, M","|poke|p1|Skarmory, F","|poke|p1|Mandibuzz, F","|poke|p1|Hawlucha, M","|poke|p2|Lapras, M","|poke|p2|Weavile, F","|poke|p2|Kyurem-Black","|poke|p2|Articuno","|poke|p2|Aurorus, F","|poke|p2|Mamoswine, M","|rule|Sleep Clause Mod: Limit one foe put to sleep","|rule|Species Clause: Limit one of each Pokémon","|rule|OHKO Clause: OHKO moves are banned","|rule|Moody Clause: Moody is banned","|rule|Evasion Moves Clause: Evasion moves are banned","|rule|Endless Battle Clause: Forcing endless battles is banned","|rule|HP Percentage Mod: HP is shown in percentages","|teampreview","|","|start","|switch|p1a: Thundurus-Therian|Thundurus-Therian, M|299/299","|switch|p2a: Homage to Broc|Aurorus, F|387/387","|-weather|Hail","|turn|1","|","|move|p1a: Thundurus-Therian|Volt Switch|p2a: Homage to Broc","|-damage|p2a: Homage to Broc|254/387","|","|switch|p1a: Mandibuzz|Mandibuzz, F|421/421","|move|p2a: Homage to Broc|Stealth Rock|p1a: Mandibuzz","|-sidestart|p1: Guard Wulf|move: Stealth Rock","|","|-weather|Hail|[upkeep]","|turn|2","|","|move|p2a: Homage to Broc|Thunder Wave|p1a: Mandibuzz","|-status|p1a: Mandibuzz|par","|move|p1a: Mandibuzz|Defog|p2a: Homage to Broc","|-unboost|p2a: Homage to Broc|evasion|1","|-sideend|p1: Guard Wulf|Stealth Rock|[from] move: Defog|[of] p1a: Mandibuzz","|","|-weather|Hail|[upkeep]","|turn|3","|","|move|p2a: Homage to Broc|Blizzard|p1a: Mandibuzz","|-supereffective|p1a: Mandibuzz","|-damage|p1a: Mandibuzz|127/421 par","|move|p1a: Mandibuzz|Toxic|p2a: Homage to Broc","|-status|p2a: Homage to Broc|tox","|","|-weather|Hail|[upkeep]","|-heal|p1a: Mandibuzz|153/421 par|[from] item: Leftovers","|-damage|p2a: Homage to Broc|230/387 tox|[from] psn","|turn|4","|","|move|p2a: Homage to Broc|Stealth Rock|p1a: Mandibuzz","|-sidestart|p1: Guard Wulf|move: Stealth Rock","|move|p1a: Mandibuzz|Defog|p2a: Homage to Broc","|-unboost|p2a: Homage to Broc|evasion|1","|-sideend|p1: Guard Wulf|Stealth Rock|[from] move: Defog|[of] p1a: Mandibuzz","|","|-weather|Hail|[upkeep]","|-heal|p1a: Mandibuzz|179/421 par|[from] item: Leftovers","|-damage|p2a: Homage to Broc|182/387 tox|[from] psn","|turn|5","|","|move|p2a: Homage to Broc|Blizzard|p1a: Mandibuzz","|-supereffective|p1a: Mandibuzz","|-damage|p1a: Mandibuzz|0 fnt","|faint|p1a: Mandibuzz","|","|-weather|none","|-damage|p2a: Homage to Broc|110/387 tox|[from] psn","|","|switch|p1a: Thundurus-Therian|Thundurus-Therian, M|299/299","|turn|6","|","|switch|p2a: Articuno|Articuno|381/381","|-ability|p2a: Articuno|Pressure","|move|p1a: Thundurus-Therian|Volt Switch|p2a: Articuno","|-supereffective|p2a: Articuno","|-damage|p2a: Articuno|207/381","|","|switch|p1a: Hawlucha|Hawlucha, M|297/297","|","|turn|7","|","|move|p2a: Articuno|Endure|p2a: Articuno","|-singleturn|p2a: Articuno|move: Endure","|move|p1a: Hawlucha|Sky Attack|p2a: Articuno|[still]","|-prepare|p1a: Hawlucha|Sky Attack|p2a: Articuno","|-enditem|p1a: Hawlucha|Power Herb","|-anim|p1a: Hawlucha|Sky Attack|p2a: Articuno","|-damage|p2a: Articuno|12/381","|","|turn|8","|-enditem|p2a: Articuno|Custap Berry|[eat]","|-activate|p2a: Articuno|Custap Berry","|","|move|p2a: Articuno|Hurricane|p1a: Hawlucha","|-supereffective|p1a: Hawlucha","|-damage|p1a: Hawlucha|0 fnt","|faint|p1a: Hawlucha","|","|","|switch|p1a: Thundurus-Therian|Thundurus-Therian, M|299/299","|turn|9","|","|move|p1a: Thundurus-Therian|Volt Switch|p2a: Articuno","|-supereffective|p2a: Articuno","|-damage|p2a: Articuno|0 fnt","|faint|p2a: Articuno","|","|switch|p1a: Skarmory|Skarmory, F|332/332","|","|","|switch|p2a: Homage to Broc|Aurorus, F|110/387 tox","|-weather|Hail","|turn|10","|","|move|p2a: Homage to Broc|Stealth Rock|p1a: Skarmory","|-sidestart|p1: Guard Wulf|move: Stealth Rock","|move|p1a: Skarmory|Stealth Rock|p2a: Homage to Broc","|-sidestart|p2: Alliance - Mxy|move: Stealth Rock","|","|-weather|Hail|[upkeep]","|-damage|p1a: Skarmory|312/332|[from] hail","|-heal|p1a: Skarmory|332/332|[from] item: Leftovers","|-damage|p2a: Homage to Broc|86/387 tox|[from] psn","|turn|11","|","|switch|p1a: Landorus|Landorus, M|319/319","|-damage|p1a: Landorus|280/319|[from] Stealth Rock","|move|p2a: Homage to Broc|Freeze-Dry|p1a: Landorus","|-supereffective|p1a: Landorus","|-damage|p1a: Landorus|0 fnt","|faint|p1a: Landorus","|","|-weather|Hail|[upkeep]","|-damage|p2a: Homage to Broc|38/387 tox|[from] psn","|","|switch|p1a: Thundurus-Therian|Thundurus-Therian, M|299/299","|-damage|p1a: Thundurus-Therian|225/299|[from] Stealth Rock","|turn|12","|","|move|p1a: Thundurus-Therian|Volt Switch|p2a: Homage to Broc","|-damage|p2a: Homage to Broc|0 fnt","|faint|p2a: Homage to Broc","|","|switch|p1a: Skarmory|Skarmory, F|332/332","|-damage|p1a: Skarmory|291/332|[from] Stealth Rock","|","|-weather|Hail|[upkeep]","|-damage|p1a: Skarmory|271/332|[from] hail","|-heal|p1a: Skarmory|291/332|[from] item: Leftovers","|","|switch|p2a: Let it go|Kyurem-Black|391/391","|-damage|p2a: Let it go|294/391|[from] Stealth Rock","|-ability|p2a: Let it go|Teravolt","|turn|13","|","|move|p2a: Let it go|Fusion Bolt|p1a: Skarmory","|-supereffective|p1a: Skarmory","|-damage|p1a: Skarmory|37/332","|move|p1a: Skarmory|Iron Head|p2a: Let it go","|-supereffective|p2a: Let it go","|-damage|p2a: Let it go|144/391","|","|-weather|Hail|[upkeep]","|-damage|p1a: Skarmory|17/332|[from] hail","|-heal|p1a: Skarmory|37/332|[from] item: Leftovers","|turn|14","|","|move|p2a: Let it go|Fusion Bolt|p1a: Skarmory","|-supereffective|p1a: Skarmory","|-damage|p1a: Skarmory|0 fnt","|faint|p1a: Skarmory","|","|-weather|none","|","|switch|p1a: Thundurus-Therian|Thundurus-Therian, M|225/299","|-damage|p1a: Thundurus-Therian|151/299|[from] Stealth Rock","|turn|15","|","|move|p1a: Thundurus-Therian|Dark Pulse|p2a: Let it go","|-damage|p2a: Let it go|23/391","|move|p2a: Let it go|Fusion Bolt|p1a: Thundurus-Therian","|-damage|p1a: Thundurus-Therian|0 fnt","|faint|p1a: Thundurus-Therian","|","|","|switch|p1a: Gyarados|Gyarados, M|331/331","|-damage|p1a: Gyarados|249/331|[from] Stealth Rock","|-ability|p1a: Gyarados|Intimidate","|-unboost|p2a: Let it go|atk|1","|turn|16","|","|detailschange|p1a: Gyarados|Gyarados-Mega, M","|-mega|p1a: Gyarados|Gyarados|Gyaradosite","|-ability|p1a: Gyarados|Mold Breaker","|move|p2a: Let it go|Fusion Bolt|p1a: Gyarados","|-supereffective|p1a: Gyarados","|-damage|p1a: Gyarados|5/331","|move|p1a: Gyarados|Waterfall|p2a: Let it go","|-resisted|p2a: Let it go","|-damage|p2a: Let it go|0 fnt","|faint|p2a: Let it go","|","|","|switch|p2a: Weavile|Weavile, F|281/281","|-damage|p2a: Weavile|211/281|[from] Stealth Rock","|-ability|p2a: Weavile|Pressure","|turn|17","|","|move|p2a: Weavile|Fake Out|p1a: Gyarados","|-damage|p1a: Gyarados|0 fnt","|-damage|p2a: Weavile|183/281|[from] item: Life Orb","|faint|p1a: Gyarados","|","|win|Alliance - Mxy"],"p1rating":{"entryid":"152473","serverid":"eos","formatid":"monotype","userid":"guardwulf","username":"Guard Wulf","w":"24","l":8,"t":"0","gxe":67.8,"r":"1637.1874356762","rd":"62.166022693025","sigma":"0","rptime":"1440234000","rpr":1641.9612482514,"rprd":59.633974708998,"rpsigma":"0","acre":1255.1260423787,"lacre":1255.1260423787,"oldacre":"1287.4926030138"},"p2rating":{"entryid":"127788","serverid":"eos","formatid":"monotype","userid":"alliancemxy","username":"Alliance - Mxy","w":15,"l":"6","t":"0","gxe":64.6,"r":"1582.4327299161","rd":"73.581737262743","sigma":"0","rptime":"1440234000","rpr":1615.1836086221,"rprd":69.812892208068,"rpsigma":"0","acre":1214.3553541757,"lacre":1214.3553541757,"oldacre":"1181.9887935406"},"endType":"normal"}