{"seed":[63012,19760,54225,20150],"turns":35,"p1":"Alliance ♋ akaFila","p2":"Alliance - Mxy","p1team":[{"name":"Wormadam-Sandy","species":"Wormadam-Sandy","item":"leftovers","ability":"Overcoat","moves":["infestation","toxic","substitute","protect"],"nature":"Bold","evs":{"hp":248,"atk":0,"def":252,"spa":8,"spd":0,"spe":0},"shiny":true,"ivs":{"hp":31,"atk":31,"def":31,"spa":31,"spd":31,"spe":31}},{"name":"Gastrodon","species":"Gastrodon","item":"leftovers","ability":"Storm Drain","moves":["scald","counter","toxic","recover"],"nature":"Calm","evs":{"hp":252,"atk":0,"def":120,"spa":0,"spd":136,"spe":0},"gender":"M","ivs":{"hp":31,"atk":31,"def":31,"spa":31,"spd":31,"spe":31}},{"name":"Landorus-Therian","species":"Landorus-Therian","item":"choicescarf","ability":"Intimidate","moves":["earthquake","stoneedge","explosion","uturn"],"nature":"Jolly","evs":{"hp":0,"atk":252,"def":0,"spa":0,"spd":4,"spe":252},"ivs":{"hp":31,"atk":31,"def":31,"spa":31,"spd":31,"spe":31}},{"name":"Mr. Bucket~","species":"hippowdon","item":"leftovers","ability":"Sand Stream","moves":["stealthrock","earthquake","toxic","slackoff"],"nature":"Impish","evs":{"hp":252,"atk":4,"def":252,"spa":0,"spd":0,"spe":0},"gender":"M","ivs":{"hp":31,"atk":31,"def":31,"spa":31,"spd":31,"spe":31}},{"name":"Excadrill","species":"Excadrill","item":"choiceband","ability":"Sand Rush","moves":["earthquake","ironhead","rockslide","facade"],"nature":"Adamant","evs":{"hp":0,"atk":252,"def":0,"spa":0,"spd":4,"spe":252},"ivs":{"hp":31,"atk":31,"def":31,"spa":31,"spd":31,"spe":31}},{"name":"Garchomp","species":"Garchomp","item":"garchompite","ability":"Sand Veil","moves":["dracometeor","earthquake","fireblast","stoneedge"],"nature":"Naive","evs":{"hp":0,"atk":4,"def":0,"spa":252,"spd":0,"spe":252},"ivs":{"hp":31,"atk":31,"def":31,"spa":31,"spd":31,"spe":31}}],"p2team":[{"name":"Hoopa-Unbound","species":"Hoopa-Unbound","item":"focussash","ability":"Magician","moves":["hyperspacefury","hyperspacehole","drainpunch","firepunch"],"nature":"Naive","evs":{"hp":0,"atk":252,"def":0,"spa":80,"spd":0,"spe":176},"ivs":{"hp":31,"atk":31,"def":31,"spa":31,"spd":31,"spe":31}},{"name":"Hydreigon","species":"Hydreigon","item":"choicescarf","ability":"Levitate","moves":["dracometeor","flamethrower","darkpulse","flashcannon"],"nature":"Modest","evs":{"hp":0,"atk":0,"def":0,"spa":252,"spd":4,"spe":252},"ivs":{"hp":31,"atk":31,"def":31,"spa":31,"spd":31,"spe":31}},{"name":"Umbreon","species":"Umbreon","item":"leftovers","ability":"Synchronize","moves":["foulplay","wish","healbell","protect"],"nature":"Impish","evs":{"hp":248,"atk":0,"def":252,"spa":0,"spd":8,"spe":0},"ivs":{"hp":31,"atk":31,"def":31,"spa":31,"spd":31,"spe":31}},{"name":"Sableye","species":"Sableye","item":"sablenite","ability":"Prankster","moves":["willowisp","calmmind","shadowball","recover"],"nature":"Bold","evs":{"hp":248,"atk":0,"def":180,"spa":0,"spd":80,"spe":0},"ivs":{"hp":31,"atk":31,"def":31,"spa":31,"spd":31,"spe":31}},{"name":"Bisharp","species":"Bisharp","item":"sitrusberry","ability":"Defiant","moves":["ironhead","knockoff","stealthrock","thunderwave"],"nature":"Careful","evs":{"hp":248,"atk":0,"def":0,"spa":0,"spd":172,"spe":88},"ivs":{"hp":31,"atk":31,"def":31,"spa":31,"spd":31,"spe":31}},{"name":"Honchkrow","species":"Honchkrow","item":"lifeorb","ability":"Moxie","moves":["suckerpunch","bravebird","heatwave","roost"],"nature":"Naive","evs":{"hp":0,"atk":216,"def":0,"spa":40,"spd":0,"spe":252},"ivs":{"hp":31,"atk":31,"def":31,"spa":31,"spd":31,"spe":31}}],"log":["|player|p1|Alliance ♋ akaFila|allianceakafila.gif","|player|p2|Alliance - Mxy|270","|gametype|singles","|gen|6","|tier|Monotype","|rated","|rule|Baton Pass Clause: Limit one Baton Passer, can't pass Spe and other stats simultaneously","|rule|Swagger Clause: Swagger is banned","|rule|Same Type Clause: Pokémon in a team must share a type","|clearpoke","|poke|p1|Wormadam-Sandy, F, shiny","|poke|p1|Gastrodon, M","|poke|p1|Landorus-Therian, M","|poke|p1|Hippowdon, M","|poke|p1|Excadrill, F","|poke|p1|Garchomp, M","|poke|p2|Hoopa-Unbound","|poke|p2|Hydreigon, F","|poke|p2|Umbreon, M","|poke|p2|Sableye, F","|poke|p2|Bisharp, F","|poke|p2|Honchkrow, M","|rule|Sleep Clause Mod: Limit one foe put to sleep","|rule|Species Clause: Limit one of each Pokémon","|rule|OHKO Clause: OHKO moves are banned","|rule|Moody Clause: Moody is banned","|rule|Evasion Moves Clause: Evasion moves are banned","|rule|Endless Battle Clause: Forcing endless battles is banned","|rule|HP Percentage Mod: HP is shown in percentages","|teampreview","|","|start","|switch|p1a: Mr. Bucket~|Hippowdon, M|420/420","|switch|p2a: Sableye|Sableye, F|303/303","|-weather|Sandstorm","|turn|1","|","|switch|p1a: Gastrodon|Gastrodon, M|426/426","|move|p2a: Sableye|Will-O-Wisp|p1a: Gastrodon","|-status|p1a: Gastrodon|brn","|","|-weather|Sandstorm|[upkeep]","|-damage|p2a: Sableye|285/303|[from] sandstorm","|-damage|p1a: Gastrodon|373/426 brn|[from] brn","|turn|2","|","|detailschange|p2a: Sableye|Sableye-Mega, F","|-mega|p2a: Sableye|Sableye|Sablenite","|move|p2a: Sableye|Calm Mind|p2a: Sableye","|-boost|p2a: Sableye|spa|1","|-boost|p2a: Sableye|spd|1","|move|p1a: Gastrodon|Scald|p2a: Sableye","|-damage|p2a: Sableye|239/303","|","|-weather|Sandstorm|[upkeep]","|-damage|p2a: Sableye|221/303|[from] sandstorm","|-heal|p1a: Gastrodon|399/426 brn|[from] item: Leftovers","|-damage|p1a: Gastrodon|346/426 brn|[from] brn","|turn|3","|","|move|p1a: Gastrodon|Scald|p2a: Sableye","|-damage|p2a: Sableye|170/303","|move|p2a: Sableye|Calm Mind|p2a: Sableye","|-boost|p2a: Sableye|spa|1","|-boost|p2a: Sableye|spd|1","|","|-weather|Sandstorm|[upkeep]","|-damage|p2a: Sableye|152/303|[from] sandstorm","|-heal|p1a: Gastrodon|372/426 brn|[from] item: Leftovers","|-damage|p1a: Gastrodon|319/426 brn|[from] brn","|turn|4","|","|move|p1a: Gastrodon|Scald|p2a: Sableye","|-damage|p2a: Sableye|113/303","|move|p2a: Sableye|Recover|p2a: Sableye","|-heal|p2a: Sableye|265/303","|","|-weather|Sandstorm|[upkeep]","|-damage|p2a: Sableye|247/303|[from] sandstorm","|-heal|p1a: Gastrodon|345/426 brn|[from] item: Leftovers","|-damage|p1a: Gastrodon|292/426 brn|[from] brn","|turn|5","|","|switch|p1a: Excadrill|Excadrill, F|361/361","|move|p2a: Sableye|Shadow Ball|p1a: Excadrill","|-damage|p1a: Excadrill|124/361","|","|-weather|none","|turn|6","|","|switch|p2a: Hydreigon|Hydreigon, F|325/325","|move|p1a: Excadrill|Earthquake|p2a: Hydreigon","|-immune|p2a: Hydreigon|[msg]","|","|turn|7","|","|switch|p2a: Sableye|Sableye-Mega, F|247/303","|switch|p1a: Gastrodon|Gastrodon, M|292/426 brn","|","|-heal|p1a: Gastrodon|318/426 brn|[from] item: Leftovers","|-damage|p1a: Gastrodon|265/426 brn|[from] brn","|turn|8","|","|move|p1a: Gastrodon|Scald|p2a: Sableye","|-damage|p2a: Sableye|171/303","|move|p2a: Sableye|Shadow Ball|p1a: Gastrodon","|-damage|p1a: Gastrodon|190/426 brn","|","|-heal|p1a: Gastrodon|216/426 brn|[from] item: Leftovers","|-damage|p1a: Gastrodon|163/426 brn|[from] brn","|turn|9","|","|move|p1a: Gastrodon|Recover|p1a: Gastrodon","|-heal|p1a: Gastrodon|376/426 brn","|move|p2a: Sableye|Recover|p2a: Sableye","|-heal|p2a: Sableye|303/303","|","|-heal|p1a: Gastrodon|402/426 brn|[from] item: Leftovers","|-damage|p1a: Gastrodon|349/426 brn|[from] brn","|turn|10","|","|switch|p2a: Bisharp|Bisharp, F|333/333","|move|p1a: Gastrodon|Scald|p2a: Bisharp","|-damage|p2a: Bisharp|245/333","|","|-heal|p1a: Gastrodon|375/426 brn|[from] item: Leftovers","|-damage|p1a: Gastrodon|322/426 brn|[from] brn","|turn|11","|","|move|p2a: Bisharp|Knock Off|p1a: Gastrodon","|-damage|p1a: Gastrodon|147/426 brn","|-enditem|p1a: Gastrodon|Leftovers|[from] move: Knock Off|[of] p2a: Bisharp","|move|p1a: Gastrodon|Scald|p2a: Bisharp","|-damage|p2a: Bisharp|154/333","|-status|p2a: Bisharp|brn","|-enditem|p2a: Bisharp|Sitrus Berry|[eat]","|-heal|p2a: Bisharp|237/333 brn|[from] item: Sitrus Berry","|","|-damage|p2a: Bisharp|196/333 brn|[from] brn","|-damage|p1a: Gastrodon|94/426 brn|[from] brn","|turn|12","|","|move|p2a: Bisharp|Stealth Rock|p1a: Gastrodon","|-sidestart|p1: Alliance ♋ akaFila|move: Stealth Rock","|move|p1a: Gastrodon|Recover|p1a: Gastrodon","|-heal|p1a: Gastrodon|307/426 brn","|","|-damage|p2a: Bisharp|155/333 brn|[from] brn","|-damage|p1a: Gastrodon|254/426 brn|[from] brn","|turn|13","|","|switch|p2a: Umbreon|Umbreon, M|393/393","|move|p1a: Gastrodon|Recover|p1a: Gastrodon","|-heal|p1a: Gastrodon|426/426 brn","|","|-damage|p1a: Gastrodon|373/426 brn|[from] brn","|turn|14","|","|move|p2a: Umbreon|Heal Bell|p2a: Umbreon","|-cureteam|p2a: Umbreon|[from] move: HealBell","|move|p1a: Gastrodon|Toxic|p2a: Umbreon","|-status|p2a: Umbreon|tox","|","|-damage|p2a: Umbreon|369/393 tox|[from] psn","|-damage|p1a: Gastrodon|320/426 brn|[from] brn","|turn|15","|","|move|p2a: Umbreon|Wish|p2a: Umbreon","|move|p1a: Gastrodon|Scald|p2a: Umbreon","|-damage|p2a: Umbreon|294/393 tox","|","|-heal|p2a: Umbreon|318/393 tox|[from] item: Leftovers","|-damage|p2a: Umbreon|270/393 tox|[from] psn","|-damage|p1a: Gastrodon|267/426 brn|[from] brn","|turn|16","|","|switch|p2a: Hoopa-Unbound|Hoopa-Unbound|301/301","|move|p1a: Gastrodon|Toxic|p2a: Hoopa-Unbound","|-status|p2a: Hoopa-Unbound|tox","|","|-damage|p2a: Hoopa-Unbound|283/301 tox|[from] psn","|-damage|p1a: Gastrodon|214/426 brn|[from] brn","|turn|17","|","|switch|p1a: Mr. Bucket~|Hippowdon, M|420/420","|-damage|p1a: Mr. Bucket~|394/420|[from] Stealth Rock","|-weather|Sandstorm","|move|p2a: Hoopa-Unbound|Hyperspace Fury|p1a: Mr. Bucket~","|-damage|p1a: Mr. Bucket~|270/420","|-unboost|p2a: Hoopa-Unbound|def|1","|","|-weather|Sandstorm|[upkeep]","|-damage|p2a: Hoopa-Unbound|265/301 tox|[from] sandstorm","|-heal|p1a: Mr. Bucket~|296/420|[from] item: Leftovers","|-damage|p2a: Hoopa-Unbound|229/301 tox|[from] psn","|turn|18","|","|move|p2a: Hoopa-Unbound|Hyperspace Hole|p1a: Mr. Bucket~","|-damage|p1a: Mr. Bucket~|77/420","|move|p1a: Mr. Bucket~|Stealth Rock|p2a: Hoopa-Unbound","|-sidestart|p2: Alliance - Mxy|move: Stealth Rock","|","|-weather|Sandstorm|[upkeep]","|-damage|p2a: Hoopa-Unbound|211/301 tox|[from] sandstorm","|-heal|p1a: Mr. Bucket~|103/420|[from] item: Leftovers","|-damage|p2a: Hoopa-Unbound|157/301 tox|[from] psn","|turn|19","|","|switch|p1a: Gastrodon|Gastrodon, M|214/426 brn","|-damage|p1a: Gastrodon|188/426 brn|[from] Stealth Rock","|move|p2a: Hoopa-Unbound|Hyperspace Fury|p1a: Gastrodon","|-damage|p1a: Gastrodon|0 fnt","|-unboost|p2a: Hoopa-Unbound|def|1","|faint|p1a: Gastrodon","|","|-weather|Sandstorm|[upkeep]","|-damage|p2a: Hoopa-Unbound|139/301 tox|[from] sandstorm","|-damage|p2a: Hoopa-Unbound|67/301 tox|[from] psn","|","|switch|p1a: Wormadam-Sandy|Wormadam-Sandy, F, shiny|323/323","|-damage|p1a: Wormadam-Sandy|283/323|[from] Stealth Rock","|turn|20","|","|move|p2a: Hoopa-Unbound|Hyperspace Hole|p1a: Wormadam-Sandy","|-damage|p1a: Wormadam-Sandy|115/323","|move|p1a: Wormadam-Sandy|Substitute|p1a: Wormadam-Sandy","|-start|p1a: Wormadam-Sandy|Substitute","|-damage|p1a: Wormadam-Sandy|35/323","|","|-weather|Sandstorm|[upkeep]","|-damage|p2a: Hoopa-Unbound|49/301 tox|[from] sandstorm","|-heal|p1a: Wormadam-Sandy|55/323|[from] item: Leftovers","|-damage|p2a: Hoopa-Unbound|0 fnt|[from] psn","|faint|p2a: Hoopa-Unbound","|","|switch|p2a: Honchkrow|Honchkrow, M|341/341","|-damage|p2a: Honchkrow|256/341|[from] Stealth Rock","|turn|21","|","|move|p1a: Wormadam-Sandy|Protect|p1a: Wormadam-Sandy","|-singleturn|p1a: Wormadam-Sandy|Protect","|move|p2a: Honchkrow|Brave Bird|p1a: Wormadam-Sandy","|-activate|p1a: Wormadam-Sandy|Protect","|","|-weather|none","|-heal|p1a: Wormadam-Sandy|75/323|[from] item: Leftovers","|turn|22","|","|move|p2a: Honchkrow|Brave Bird|p1a: Wormadam-Sandy","|-supereffective|p1a: Wormadam-Sandy","|-end|p1a: Wormadam-Sandy|Substitute","|-damage|p2a: Honchkrow|230/341|[from] recoil|[of] p1a: Wormadam-Sandy","|-damage|p2a: Honchkrow|196/341|[from] item: Life Orb","|move|p1a: Wormadam-Sandy|Toxic|p2a: Honchkrow","|-status|p2a: Honchkrow|tox","|","|-heal|p1a: Wormadam-Sandy|95/323|[from] item: Leftovers","|-damage|p2a: Honchkrow|175/341 tox|[from] psn","|turn|23","|","|move|p1a: Wormadam-Sandy|Protect|p1a: Wormadam-Sandy","|-singleturn|p1a: Wormadam-Sandy|Protect","|move|p2a: Honchkrow|Roost|p2a: Honchkrow","|-heal|p2a: Honchkrow|341/341 tox","|","|-heal|p1a: Wormadam-Sandy|115/323|[from] item: Leftovers","|-damage|p2a: Honchkrow|299/341 tox|[from] psn","|turn|24","|","|switch|p1a: Mr. Bucket~|Hippowdon, M|103/420","|-damage|p1a: Mr. Bucket~|77/420|[from] Stealth Rock","|-weather|Sandstorm","|move|p2a: Honchkrow|Brave Bird|p1a: Mr. Bucket~","|-damage|p1a: Mr. Bucket~|0 fnt","|-damage|p2a: Honchkrow|274/341 tox|[from] recoil|[of] p1a: Mr. Bucket~","|-damage|p2a: Honchkrow|240/341 tox|[from] item: Life Orb","|faint|p1a: Mr. Bucket~","|-boost|p2a: Honchkrow|atk|1|[from] ability: Moxie","|","|-weather|Sandstorm|[upkeep]","|-damage|p2a: Honchkrow|219/341 tox|[from] sandstorm","|-damage|p2a: Honchkrow|156/341 tox|[from] psn","|","|switch|p1a: Landorus-Therian|Landorus-Therian, M|319/319","|-damage|p1a: Landorus-Therian|280/319|[from] Stealth Rock","|-ability|p1a: Landorus-Therian|Intimidate","|-unboost|p2a: Honchkrow|atk|1","|turn|25","|","|move|p2a: Honchkrow|Sucker Punch|p1a: Landorus-Therian","|-damage|p1a: Landorus-Therian|88/319","|-damage|p2a: Honchkrow|122/341 tox|[from] item: Life Orb","|move|p1a: Landorus-Therian|U-turn|p2a: Honchkrow","|-crit|p2a: Honchkrow","|-damage|p2a: Honchkrow|0 fnt","|faint|p2a: Honchkrow","|","|switch|p1a: Garchomp|Garchomp, M|357/357","|-damage|p1a: Garchomp|335/357|[from] Stealth Rock","|","|-weather|Sandstorm|[upkeep]","|","|switch|p2a: Hydreigon|Hydreigon, F|325/325","|-damage|p2a: Hydreigon|285/325|[from] Stealth Rock","|turn|26","|","|switch|p1a: Wormadam-Sandy|Wormadam-Sandy, F, shiny|115/323","|-damage|p1a: Wormadam-Sandy|75/323|[from] Stealth Rock","|move|p2a: Hydreigon|Draco Meteor|p1a: Wormadam-Sandy","|-damage|p1a: Wormadam-Sandy|0 fnt","|-unboost|p2a: Hydreigon|spa|2","|faint|p1a: Wormadam-Sandy","|","|-weather|Sandstorm|[upkeep]","|-damage|p2a: Hydreigon|265/325|[from] sandstorm","|","|switch|p1a: Landorus-Therian|Landorus-Therian, M|88/319","|-damage|p1a: Landorus-Therian|49/319|[from] Stealth Rock","|-ability|p1a: Landorus-Therian|Intimidate","|-unboost|p2a: Hydreigon|atk|1","|turn|27","|","|switch|p2a: Sableye|Sableye-Mega, F|303/303","|-damage|p2a: Sableye|266/303|[from] Stealth Rock","|move|p1a: Landorus-Therian|U-turn|p2a: Sableye","|-damage|p2a: Sableye|210/303","|","|switch|p1a: Excadrill|Excadrill, F|124/361","|-damage|p1a: Excadrill|113/361|[from] Stealth Rock","|","|-weather|Sandstorm|[upkeep]","|-damage|p2a: Sableye|192/303|[from] sandstorm","|turn|28","|","|move|p1a: Excadrill|Iron Head|p2a: Sableye","|-damage|p2a: Sableye|26/303","|move|p2a: Sableye|Shadow Ball|p1a: Excadrill","|-damage|p1a: Excadrill|1/361","|","|-weather|none","|turn|29","|","|move|p1a: Excadrill|Iron Head|p2a: Sableye","|-damage|p2a: Sableye|0 fnt","|faint|p2a: Sableye","|","|","|switch|p2a: Umbreon|Umbreon, M|270/393 tox","|-damage|p2a: Umbreon|221/393 tox|[from] Stealth Rock","|turn|30","|","|move|p1a: Excadrill|Iron Head|p2a: Umbreon","|-damage|p2a: Umbreon|47/393 tox","|move|p2a: Umbreon|Wish|p2a: Umbreon","|","|-heal|p2a: Umbreon|71/393 tox|[from] item: Leftovers","|-damage|p2a: Umbreon|47/393 tox|[from] psn","|turn|31","|","|move|p2a: Umbreon|Protect|p2a: Umbreon","|-singleturn|p2a: Umbreon|Protect","|move|p1a: Excadrill|Iron Head|p2a: Umbreon","|-activate|p2a: Umbreon|Protect","|","|-heal|p2a: Umbreon|243/393 tox|[from] move: Wish|[wisher] Umbreon","|-heal|p2a: Umbreon|267/393 tox|[from] item: Leftovers","|-damage|p2a: Umbreon|219/393 tox|[from] psn","|turn|32","|","|move|p1a: Excadrill|Iron Head|p2a: Umbreon","|-damage|p2a: Umbreon|57/393 tox","|move|p2a: Umbreon|Foul Play|p1a: Excadrill","|-damage|p1a: Excadrill|0 fnt","|faint|p1a: Excadrill","|","|-heal|p2a: Umbreon|81/393 tox|[from] item: Leftovers","|-damage|p2a: Umbreon|9/393 tox|[from] psn","|","|switch|p1a: Landorus-Therian|Landorus-Therian, M|49/319","|-damage|p1a: Landorus-Therian|10/319|[from] Stealth Rock","|-ability|p1a: Landorus-Therian|Intimidate","|-unboost|p2a: Umbreon|atk|1","|turn|33","|","|move|p1a: Landorus-Therian|Explosion|p2a: Umbreon","|-damage|p2a: Umbreon|0 fnt","|faint|p1a: Landorus-Therian","|faint|p2a: Umbreon","|","|","|switch|p1a: Garchomp|Garchomp, M|335/357","|switch|p2a: Bisharp|Bisharp, F|155/333","|-damage|p1a: Garchomp|313/357|[from] Stealth Rock","|-damage|p2a: Bisharp|135/333|[from] Stealth Rock","|turn|34","|","|detailschange|p1a: Garchomp|Garchomp-Mega, M","|-mega|p1a: Garchomp|Garchomp|Garchompite","|move|p1a: Garchomp|Earthquake|p2a: Bisharp","|-supereffective|p2a: Bisharp","|-damage|p2a: Bisharp|0 fnt","|faint|p2a: Bisharp","|","|","|switch|p2a: Hydreigon|Hydreigon, F|265/325","|-damage|p2a: Hydreigon|225/325|[from] Stealth Rock","|turn|35","|","|move|p2a: Hydreigon|Draco Meteor|p1a: Garchomp","|-supereffective|p1a: Garchomp","|-damage|p1a: Garchomp|0 fnt","|-unboost|p2a: Hydreigon|spa|2","|faint|p1a: Garchomp","|","|win|Alliance - Mxy"],"p1rating":{"entryid":"126995","serverid":"eos","formatid":"monotype","userid":"allianceakafila","username":"Alliance ♋ akaFila","w":"6","l":6,"t":"0","gxe":49.4,"r":"1510.999405459","rd":"85.4516317595","sigma":"0","rptime":"1440234000","rpr":1495.434966216,"rprd":83.189535821743,"rpsigma":"0","acre":1055.3290577469,"lacre":1055.3290577469,"oldacre":"1071.5287778271"},"p2rating":{"entryid":"127788","serverid":"eos","formatid":"monotype","userid":"alliancemxy","username":"Alliance - Mxy","w":13,"l":"6","t":"0","gxe":62,"r":"1582.4327299161","rd":"73.581737262743","sigma":"0","rptime":"1440234000","rpr":1594.0598999368,"rprd":72.146682144353,"rpsigma":"0","acre":1168.2288478393,"lacre":1168.2288478393,"oldacre":"1148.6916383705"},"endType":"normal"}