{"seed":[3812,6659,46154,56650],"turns":22,"p1":"sovereign♕zoroark","p2":"Sovereign♕Noble","p1team":[{"name":"Abomasnow","species":"Abomasnow","item":"abomasite","ability":"Snow Warning","moves":["blizzard","gigadrain","hiddenpowerfire","iceshard"],"nature":"Lax","evs":{"hp":0,"atk":0,"def":4,"spa":252,"spd":252,"spe":0},"ivs":{"hp":31,"atk":30,"def":31,"spa":30,"spd":31,"spe":30},"shiny":true},{"name":"Froslass","species":"Froslass","item":"leftovers","ability":"Snow Cloak","moves":["substitute","thunderbolt","icebeam","destinybond"],"nature":"Timid","evs":{"hp":4,"atk":0,"def":0,"spa":252,"spd":0,"spe":252},"ivs":{"hp":31,"atk":31,"def":31,"spa":31,"spd":31,"spe":31}},{"name":"Kyurem-Black","species":"Kyurem-Black","item":"choicescarf","ability":"Teravolt","moves":["outrage","fusionbolt","stoneedge","facade"],"nature":"Jolly","evs":{"hp":4,"atk":252,"def":0,"spa":0,"spd":0,"spe":252},"shiny":true,"ivs":{"hp":31,"atk":31,"def":31,"spa":31,"spd":31,"spe":31}},{"name":"Mamoswine","species":"Mamoswine","item":"lifeorb","ability":"Snow Cloak","moves":["stealthrock","earthquake","iceshard","stoneedge"],"nature":"Adamant","evs":{"hp":4,"atk":252,"def":0,"spa":0,"spd":0,"spe":252},"ivs":{"hp":31,"atk":31,"def":31,"spa":31,"spd":31,"spe":31}},{"name":"Walrein","species":"Walrein","item":"choicespecs","ability":"Thick Fat","moves":["surf","icebeam","signalbeam","hiddenpowerfire"],"nature":"Modest","evs":{"hp":252,"atk":0,"def":0,"spa":252,"spd":0,"spe":4},"ivs":{"hp":31,"atk":30,"def":31,"spa":30,"spd":31,"spe":30}},{"name":"Cloyster","species":"Cloyster","item":"focussash","ability":"Skill Link","moves":["shellsmash","iciclespear","rockblast","razorshell"],"nature":"Adamant","evs":{"hp":24,"atk":252,"def":0,"spa":0,"spd":0,"spe":232},"ivs":{"hp":31,"atk":31,"def":31,"spa":31,"spd":31,"spe":31}}],"p2team":[{"name":"Landorus","species":"Landorus","item":"lifeorb","ability":"Sheer Force","moves":["calmmind","earthpower","focusblast","hiddenpowerice"],"nature":"Timid","evs":{"hp":4,"atk":0,"def":0,"spa":252,"spd":0,"spe":252},"ivs":{"hp":31,"atk":30,"def":30,"spa":31,"spd":31,"spe":31},"shiny":true},{"name":"Diggersby","species":"Diggersby","item":"lifeorb","ability":"Huge Power","moves":["return","earthquake","quickattack","swordsdance"],"nature":"Adamant","evs":{"hp":0,"atk":252,"def":4,"spa":0,"spd":0,"spe":252},"ivs":{"hp":31,"atk":31,"def":31,"spa":31,"spd":31,"spe":31}},{"name":"Rhyperior","species":"Rhyperior","item":"leftovers","ability":"Solid Rock","moves":["protect","earthquake","stoneedge","icepunch"],"nature":"Adamant","evs":{"hp":212,"atk":44,"def":252,"spa":0,"spd":0,"spe":0},"ivs":{"hp":31,"atk":31,"def":31,"spa":31,"spd":31,"spe":31}},{"name":"Garchomp","species":"Garchomp","item":"choicescarf","ability":"Rough Skin","moves":["earthquake","ironhead","stoneedge","dragonclaw"],"nature":"Jolly","evs":{"hp":0,"atk":252,"def":4,"spa":0,"spd":0,"spe":252},"ivs":{"hp":31,"atk":31,"def":31,"spa":31,"spd":31,"spe":31}},{"name":"Gliscor","species":"Gliscor","item":"toxicorb","ability":"Poison Heal","moves":["taunt","toxic","roost","earthquake"],"nature":"Careful","evs":{"hp":244,"atk":0,"def":8,"spa":0,"spd":200,"spe":56},"ivs":{"hp":31,"atk":31,"def":31,"spa":31,"spd":31,"spe":31}},{"name":"Gastrodon","species":"Gastrodon","item":"leftovers","ability":"Storm Drain","moves":["scald","toxic","clearsmog","recover"],"nature":"Calm","evs":{"hp":252,"atk":0,"def":120,"spa":0,"spd":136,"spe":0},"ivs":{"hp":31,"atk":31,"def":31,"spa":31,"spd":31,"spe":31}}],"log":["|player|p1|sovereign♕zoroark|1","|player|p2|Sovereign♕Noble|153","|gametype|singles","|gen|6","|tier|Monotype","|rated","|rule|Baton Pass Clause: Limit one Baton Passer, can't pass Spe and other stats simultaneously","|rule|Swagger Clause: Swagger is banned","|rule|Same Type Clause: Pokémon in a team must share a type","|clearpoke","|poke|p1|Abomasnow, F, shiny","|poke|p1|Froslass, F","|poke|p1|Kyurem-Black, shiny","|poke|p1|Mamoswine, F","|poke|p1|Walrein, M","|poke|p1|Cloyster, M","|poke|p2|Landorus, M, shiny","|poke|p2|Diggersby, F","|poke|p2|Rhyperior, F","|poke|p2|Garchomp, M","|poke|p2|Gliscor, F","|poke|p2|Gastrodon, M","|rule|Sleep Clause Mod: Limit one foe put to sleep","|rule|Species Clause: Limit one of each Pokémon","|rule|OHKO Clause: OHKO moves are banned","|rule|Moody Clause: Moody is banned","|rule|Evasion Moves Clause: Evasion moves are banned","|rule|Endless Battle Clause: Forcing endless battles is banned","|rule|HP Percentage Mod: HP is shown in percentages","|teampreview","|","|start","|switch|p1a: Abomasnow|Abomasnow, F, shiny|321/321","|switch|p2a: Diggersby|Diggersby, F|311/311","|-weather|Hail","|turn|1","|","|detailschange|p1a: Abomasnow|Abomasnow-Mega, F, shiny","|-mega|p1a: Abomasnow|Abomasnow|Abomasite","|move|p2a: Diggersby|Swords Dance|p2a: Diggersby","|-boost|p2a: Diggersby|atk|2","|move|p1a: Abomasnow|Blizzard|p2a: Diggersby","|-supereffective|p2a: Diggersby","|-damage|p2a: Diggersby|0 fnt","|faint|p2a: Diggersby","|","|-weather|Hail|[upkeep]","|","|switch|p2a: Rhyperior|Rhyperior, F|424/424","|turn|2","|","|move|p2a: Rhyperior|Protect|p2a: Rhyperior","|-singleturn|p2a: Rhyperior|Protect","|move|p1a: Abomasnow|Giga Drain|p2a: Rhyperior","|-activate|p2a: Rhyperior|Protect","|","|-weather|Hail|[upkeep]","|-damage|p2a: Rhyperior|398/424|[from] hail","|-heal|p2a: Rhyperior|424/424|[from] item: Leftovers","|turn|3","|","|move|p2a: Rhyperior|Stone Edge|p1a: Abomasnow","|-supereffective|p1a: Abomasnow","|-damage|p1a: Abomasnow|13/321","|move|p1a: Abomasnow|Giga Drain|p2a: Rhyperior","|-supereffective|p2a: Rhyperior","|-damage|p2a: Rhyperior|0 fnt","|-heal|p1a: Abomasnow|225/321|[from] drain|[of] p2a: Rhyperior","|faint|p2a: Rhyperior","|","|-weather|Hail|[upkeep]","|","|switch|p2a: Garchomp|Garchomp, M|357/357","|turn|4","|","|move|p1a: Abomasnow|Ice Shard|p2a: Garchomp","|-supereffective|p2a: Garchomp","|-damage|p2a: Garchomp|89/357","|move|p2a: Garchomp|Stone Edge|p1a: Abomasnow","|-supereffective|p1a: Abomasnow","|-damage|p1a: Abomasnow|7/321","|","|-weather|Hail|[upkeep]","|-damage|p2a: Garchomp|67/357|[from] hail","|turn|5","|","|move|p1a: Abomasnow|Ice Shard|p2a: Garchomp","|-supereffective|p2a: Garchomp","|-damage|p2a: Garchomp|0 fnt","|faint|p2a: Garchomp","|","|-weather|none","|","|switch|p2a: Gastrodon|Gastrodon, M|426/426","|turn|6","|","|move|p1a: Abomasnow|Ice Shard|p2a: Gastrodon","|-damage|p2a: Gastrodon|353/426","|move|p2a: Gastrodon|Scald|p1a: Abomasnow","|-resisted|p1a: Abomasnow","|-damage|p1a: Abomasnow|0 fnt","|faint|p1a: Abomasnow","|","|-heal|p2a: Gastrodon|379/426|[from] item: Leftovers","|","|switch|p1a: Kyurem-Black|Kyurem-Black, shiny|392/392","|-ability|p1a: Kyurem-Black|Teravolt","|turn|7","|","|move|p1a: Kyurem-Black|Fusion Bolt|p2a: Gastrodon","|-immune|p2a: Gastrodon|[msg]","|move|p2a: Gastrodon|Toxic|p1a: Kyurem-Black","|-status|p1a: Kyurem-Black|tox","|","|-heal|p2a: Gastrodon|405/426|[from] item: Leftovers","|-damage|p1a: Kyurem-Black|368/392 tox|[from] psn","|turn|8","|","|switch|p1a: Walrein|Walrein, M|424/424","|move|p2a: Gastrodon|Scald|p1a: Walrein","|-resisted|p1a: Walrein","|-damage|p1a: Walrein|375/424","|","|-heal|p2a: Gastrodon|426/426|[from] item: Leftovers","|turn|9","|","|move|p1a: Walrein|Signal Beam|p2a: Gastrodon","|-damage|p2a: Gastrodon|318/426","|move|p2a: Gastrodon|Scald|p1a: Walrein","|-resisted|p1a: Walrein","|-damage|p1a: Walrein|326/424","|","|-heal|p2a: Gastrodon|344/426|[from] item: Leftovers","|turn|10","|","|move|p1a: Walrein|Signal Beam|p2a: Gastrodon","|-damage|p2a: Gastrodon|241/426","|move|p2a: Gastrodon|Toxic|p1a: Walrein","|-status|p1a: Walrein|tox","|","|-heal|p2a: Gastrodon|267/426|[from] item: Leftovers","|-damage|p1a: Walrein|300/424 tox|[from] psn","|turn|11","|","|move|p1a: Walrein|Signal Beam|p2a: Gastrodon","|-damage|p2a: Gastrodon|167/426","|move|p2a: Gastrodon|Recover|p2a: Gastrodon","|-heal|p2a: Gastrodon|380/426","|","|-heal|p2a: Gastrodon|406/426|[from] item: Leftovers","|-damage|p1a: Walrein|248/424 tox|[from] psn","|turn|12","|","|move|p1a: Walrein|Signal Beam|p2a: Gastrodon","|-damage|p2a: Gastrodon|306/426","|move|p2a: Gastrodon|Scald|p1a: Walrein","|-resisted|p1a: Walrein","|-damage|p1a: Walrein|199/424 tox","|","|-heal|p2a: Gastrodon|332/426|[from] item: Leftovers","|-damage|p1a: Walrein|121/424 tox|[from] psn","|turn|13","|","|move|p1a: Walrein|Signal Beam|p2a: Gastrodon","|-damage|p2a: Gastrodon|216/426","|move|p2a: Gastrodon|Recover|p2a: Gastrodon","|-heal|p2a: Gastrodon|426/426","|","|-damage|p1a: Walrein|17/424 tox|[from] psn","|turn|14","|","|move|p1a: Walrein|Signal Beam|p2a: Gastrodon","|-damage|p2a: Gastrodon|317/426","|move|p2a: Gastrodon|Recover|p2a: Gastrodon","|-heal|p2a: Gastrodon|426/426","|","|-damage|p1a: Walrein|0 fnt|[from] psn","|faint|p1a: Walrein","|","|switch|p1a: Froslass|Froslass, F|282/282","|turn|15","|","|switch|p2a: Gliscor|Gliscor, F|352/352","|move|p1a: Froslass|Substitute|p1a: Froslass","|-start|p1a: Froslass|Substitute","|-damage|p1a: Froslass|212/282","|","|-heal|p1a: Froslass|229/282|[from] item: Leftovers","|-status|p2a: Gliscor|tox|[from] item: Toxic Orb","|turn|16","|","|move|p1a: Froslass|Ice Beam|p2a: Gliscor","|-supereffective|p2a: Gliscor","|-damage|p2a: Gliscor|0 fnt","|faint|p2a: Gliscor","|","|-heal|p1a: Froslass|246/282|[from] item: Leftovers","|","|switch|p2a: Gastrodon|Gastrodon, M|426/426","|turn|17","|","|move|p1a: Froslass|Ice Beam|p2a: Gastrodon","|-damage|p2a: Gastrodon|312/426","|move|p2a: Gastrodon|Scald|p1a: Froslass","|-crit|p1a: Froslass","|-end|p1a: Froslass|Substitute","|","|-heal|p1a: Froslass|263/282|[from] item: Leftovers","|-heal|p2a: Gastrodon|338/426|[from] item: Leftovers","|turn|18","|","|move|p1a: Froslass|Ice Beam|p2a: Gastrodon","|-damage|p2a: Gastrodon|232/426","|move|p2a: Gastrodon|Scald|p1a: Froslass","|-damage|p1a: Froslass|154/282","|","|-heal|p1a: Froslass|171/282|[from] item: Leftovers","|-heal|p2a: Gastrodon|258/426|[from] item: Leftovers","|turn|19","|","|move|p1a: Froslass|Ice Beam|p2a: Gastrodon","|-damage|p2a: Gastrodon|153/426","|move|p2a: Gastrodon|Recover|p2a: Gastrodon","|-heal|p2a: Gastrodon|366/426","|","|-heal|p1a: Froslass|188/282|[from] item: Leftovers","|-heal|p2a: Gastrodon|392/426|[from] item: Leftovers","|turn|20","|","|move|p1a: Froslass|Ice Beam|p2a: Gastrodon","|-damage|p2a: Gastrodon|277/426","|move|p2a: Gastrodon|Scald|p1a: Froslass","|-damage|p1a: Froslass|61/282","|","|-heal|p1a: Froslass|78/282|[from] item: Leftovers","|-heal|p2a: Gastrodon|303/426|[from] item: Leftovers","|turn|21","|","|move|p1a: Froslass|Destiny Bond|p1a: Froslass","|-singlemove|p1a: Froslass|Destiny Bond","|move|p2a: Gastrodon|Scald|p1a: Froslass","|-damage|p1a: Froslass|0 fnt","|faint|p1a: Froslass","|-activate|p1a: Froslass|Destiny Bond","|faint|p2a: Gastrodon","|","|","|switch|p2a: Landorus|Landorus, M, shiny|320/320","|switch|p1a: Mamoswine|Mamoswine, F|362/362","|turn|22","|","|move|p1a: Mamoswine|Ice Shard|p2a: Landorus","|-supereffective|p2a: Landorus","|-damage|p2a: Landorus|0 fnt","|-damage|p1a: Mamoswine|326/362|[from] item: Life Orb","|faint|p2a: Landorus","|","|win|sovereign♕zoroark"],"p1rating":{"entryid":"313593","serverid":"eos","formatid":"monotype","userid":"sovereignzoroark","username":"sovereign♕zoroark","w":2,"l":"0","t":"0","gxe":56.8,"r":"1500","rd":"130","sigma":"0","rptime":"1440234000","rpr":1554.1951047898,"rprd":116.97519838459,"rpsigma":"0","acre":1071.7301347496,"lacre":1071.7301347496,"oldacre":"1042.1090670229"},"p2rating":{"entryid":"53353","serverid":"eos","formatid":"monotype","userid":"sovereignnoble","username":"Sovereign♕Noble","w":"0","l":4,"t":"0","gxe":35.2,"r":"1402.4111826641","rd":"111.64894721431","sigma":"0","rptime":"1440234000","rpr":1379.5547951111,"rprd":107.30746975246,"rpsigma":"0","acre":1000,"lacre":1000,"oldacre":"1000"},"endType":"normal"}