{"seed":[63206,32388,53467,833],"turns":25,"p1":"SL~Kingdra","p2":"GTX♅Bzumzum","p1team":[{"name":"Smegle","species":"smeargle","item":"focussash","ability":"Own Tempo","moves":["spore","stickyweb","stealthrock","transform"],"nature":"Timid","evs":{"hp":252,"atk":0,"def":4,"spa":0,"spd":0,"spe":252},"ivs":{"hp":31,"atk":31,"def":31,"spa":31,"spd":31,"spe":31}},{"name":"Slack King","species":"slaking","item":"choicescarf","ability":"Truant","moves":["retaliate","earthquake","firepunch","return"],"nature":"Adamant","evs":{"hp":4,"atk":252,"def":0,"spa":0,"spd":0,"spe":252},"ivs":{"hp":31,"atk":31,"def":31,"spa":31,"spd":31,"spe":31}},{"name":"Mel-B","species":"meloetta","item":"leftovers","ability":"Serene Grace","moves":["psychic","shadowball","hypervoice","calmmind"],"nature":"Calm","evs":{"hp":252,"atk":0,"def":0,"spa":4,"spd":252,"spe":0},"ivs":{"hp":31,"atk":31,"def":30,"spa":30,"spd":30,"spe":31}},{"name":"Demolition","species":"diggersby","item":"lifeorb","ability":"Huge Power","moves":["earthquake","quickattack","return","firepunch"],"nature":"Adamant","evs":{"hp":4,"atk":252,"def":0,"spa":0,"spd":0,"spe":252},"ivs":{"hp":31,"atk":31,"def":31,"spa":31,"spd":31,"spe":31}},{"name":"Cute Blob","species":"ditto","item":"choicescarf","ability":"Imposter","moves":["transform"],"nature":"Timid","evs":{"hp":252,"atk":0,"def":4,"spa":0,"spd":0,"spe":252},"ivs":{"hp":31,"atk":31,"def":31,"spa":31,"spd":31,"spe":31}},{"name":"Corey","species":"porygonz","item":"focussash","ability":"Adaptability","moves":["triattack","icebeam","hiddenpowerfire","nastyplot"],"nature":"Timid","evs":{"hp":4,"atk":0,"def":0,"spa":252,"spd":0,"spe":252},"ivs":{"hp":31,"atk":30,"def":31,"spa":30,"spd":31,"spe":30}}],"p2team":[{"name":"Thorns","species":"ferrothorn","item":"leftovers","ability":"Iron Barbs","moves":["stealthrock","gyroball","leechseed","protect"],"nature":"Jolly","evs":{"hp":128,"atk":100,"def":116,"spa":0,"spd":120,"spe":44},"gender":"M","ivs":{"hp":31,"atk":31,"def":31,"spa":31,"spd":31,"spe":0}},{"name":"Brawloom","species":"breloom","item":"focussash","ability":"Technician","moves":["bulletseed","forcepalm","machpunch","spore"],"nature":"Jolly","evs":{"hp":4,"atk":252,"def":0,"spa":0,"spd":0,"spe":252},"gender":"M","shiny":true,"ivs":{"hp":31,"atk":31,"def":31,"spa":31,"spd":31,"spe":31}},{"name":"Celebrity","species":"celebi","item":"leftovers","ability":"Natural Cure","moves":["waterpulse","calmmind","gigadrain","healbell"],"nature":"Calm","evs":{"hp":220,"atk":0,"def":0,"spa":252,"spd":0,"spe":36},"ivs":{"hp":31,"atk":31,"def":31,"spa":31,"spd":31,"spe":31}},{"name":"Ludicool","species":"ludicolo","item":"leftovers","ability":"Rain Dish","moves":["icebeam","scald","gigadrain","raindance"],"nature":"Modest","evs":{"hp":200,"atk":0,"def":0,"spa":184,"spd":4,"spe":120},"gender":"M","shiny":true,"ivs":{"hp":31,"atk":31,"def":31,"spa":31,"spd":31,"spe":31}},{"name":"Great-ily","species":"cradily","item":"leftovers","ability":"Storm Drain","moves":["ancientpower","brine","recover","toxic"],"nature":"Calm","evs":{"hp":232,"atk":24,"def":0,"spa":0,"spd":252,"spe":0},"gender":"M","shiny":true,"ivs":{"hp":31,"atk":31,"def":31,"spa":31,"spd":31,"spe":31}},{"name":"Plantasaurus","species":"venusaur","item":"venusaurite","ability":"Chlorophyll","moves":["gigadrain","hiddenpowerrock","sludgebomb","synthesis"],"nature":"Modest","evs":{"hp":0,"atk":0,"def":68,"spa":188,"spd":0,"spe":252},"gender":"M","ivs":{"hp":31,"atk":31,"def":30,"spa":31,"spd":30,"spe":30},"shiny":true}],"log":["|player|p1|SL~Kingdra|99","|player|p2|GTX♅Bzumzum|225","|gametype|singles","|gen|6","|tier|Monotype","|rated","|rule|Baton Pass Clause: Limit one Baton Passer, can't pass Spe and other stats simultaneously","|rule|Swagger Clause: Swagger is banned","|rule|Same Type Clause: Pokémon in a team must share a type","|clearpoke","|poke|p1|Smeargle, M","|poke|p1|Slaking, F","|poke|p1|Meloetta","|poke|p1|Diggersby, F","|poke|p1|Ditto","|poke|p1|Porygon-Z","|poke|p2|Ferrothorn, M","|poke|p2|Breloom, M, shiny","|poke|p2|Celebi","|poke|p2|Ludicolo, M, shiny","|poke|p2|Cradily, M, shiny","|poke|p2|Venusaur, M, shiny","|rule|Sleep Clause Mod: Limit one foe put to sleep","|rule|Species Clause: Limit one of each Pokémon","|rule|OHKO Clause: OHKO moves are banned","|rule|Moody Clause: Moody is banned","|rule|Evasion Moves Clause: Evasion moves are banned","|rule|Endless Battle Clause: Forcing endless battles is banned","|rule|HP Percentage Mod: HP is shown in percentages","|teampreview","|","|start","|switch|p1a: Smegle|Smeargle, M|314/314","|switch|p2a: Plantasaurus|Venusaur, M, shiny|301/301","|turn|1","|","|switch|p2a: Brawloom|Breloom, M, shiny|262/262","|move|p1a: Smegle|Sticky Web|p2a: Brawloom","|-sidestart|p2: GTX♅Bzumzum|move: Sticky Web","|","|turn|2","|","|move|p1a: Smegle|Transform|p2a: Brawloom","|-transform|p1a: Smegle|p2a: Brawloom","|move|p2a: Brawloom|Force Palm|p1a: Smegle","|-damage|p1a: Smegle|122/314","|","|turn|3","|","|move|p1a: Smegle|Mach Punch|p2a: Brawloom","|-damage|p2a: Brawloom|127/262","|move|p2a: Brawloom|Mach Punch|p1a: Smegle","|-damage|p1a: Smegle|4/314","|","|turn|4","|","|switch|p2a: Celebrity|Celebi|396/396","|-activate|p2a: Celebrity|move: Sticky Web","|-unboost|p2a: Celebrity|spe|1","|move|p1a: Smegle|Mach Punch|p2a: Celebrity","|-resisted|p2a: Celebrity","|-damage|p2a: Celebrity|346/396","|","|-heal|p2a: Celebrity|370/396|[from] item: Leftovers","|turn|5","|","|move|p1a: Smegle|Force Palm|p2a: Celebrity","|-resisted|p2a: Celebrity","|-damage|p2a: Celebrity|295/396","|-status|p2a: Celebrity|par","|cant|p2a: Celebrity|par","|","|-heal|p2a: Celebrity|319/396 par|[from] item: Leftovers","|turn|6","|","|move|p1a: Smegle|Force Palm|p2a: Celebrity","|-resisted|p2a: Celebrity","|-damage|p2a: Celebrity|243/396 par","|move|p2a: Celebrity|Calm Mind|p2a: Celebrity","|-boost|p2a: Celebrity|spa|1","|-boost|p2a: Celebrity|spd|1","|","|-heal|p2a: Celebrity|267/396 par|[from] item: Leftovers","|turn|7","|","|move|p1a: Smegle|Force Palm|p2a: Celebrity","|-resisted|p2a: Celebrity","|-damage|p2a: Celebrity|188/396 par","|cant|p2a: Celebrity|par","|","|-heal|p2a: Celebrity|212/396 par|[from] item: Leftovers","|turn|8","|","|move|p1a: Smegle|Force Palm|p2a: Celebrity","|-resisted|p2a: Celebrity","|-damage|p2a: Celebrity|134/396 par","|move|p2a: Celebrity|Heal Bell|p2a: Celebrity","|-cureteam|p2a: Celebrity|[from] move: HealBell","|","|-heal|p2a: Celebrity|158/396|[from] item: Leftovers","|turn|9","|","|move|p1a: Smegle|Force Palm|p2a: Celebrity","|-resisted|p2a: Celebrity","|-damage|p2a: Celebrity|78/396","|-status|p2a: Celebrity|par","|move|p2a: Celebrity|Giga Drain|p1a: Smegle","|-resisted|p1a: Smegle","|-damage|p1a: Smegle|0 fnt","|-heal|p2a: Celebrity|80/396 par|[from] drain|[of] p1a: Smegle","|faint|p1a: Smegle","|","|-heal|p2a: Celebrity|104/396 par|[from] item: Leftovers","|","|switch|p1a: Slack King|Slaking, F|442/442","|turn|10","|","|switch|p2a: Thorns|Ferrothorn, M|321/321","|-activate|p2a: Thorns|move: Sticky Web","|-unboost|p2a: Thorns|spe|1","|move|p1a: Slack King|Fire Punch|p2a: Thorns","|-supereffective|p2a: Thorns","|-damage|p2a: Thorns|0 fnt","|-damage|p1a: Slack King|387/442|[from] ability: Iron Barbs|[of] p2a: Thorns","|faint|p2a: Thorns","|","|","|switch|p2a: Ludicool|Ludicolo, M, shiny|351/351","|-activate|p2a: Ludicool|move: Sticky Web","|-unboost|p2a: Ludicool|spe|1","|turn|11","|","|switch|p1a: Mel-B|Meloetta|404/404","|move|p2a: Ludicool|Rain Dance|p2a: Ludicool","|-weather|RainDance","|","|-weather|RainDance|[upkeep]","|turn|12","|","|move|p1a: Mel-B|Calm Mind|p1a: Mel-B","|-boost|p1a: Mel-B|spa|1","|-boost|p1a: Mel-B|spd|1","|move|p2a: Ludicool|Giga Drain|p1a: Mel-B","|-damage|p1a: Mel-B|361/404","|","|-weather|RainDance|[upkeep]","|-heal|p1a: Mel-B|386/404|[from] item: Leftovers","|turn|13","|","|move|p1a: Mel-B|Calm Mind|p1a: Mel-B","|-boost|p1a: Mel-B|spa|1","|-boost|p1a: Mel-B|spd|1","|move|p2a: Ludicool|Scald|p1a: Mel-B","|-damage|p1a: Mel-B|329/404","|","|-weather|RainDance|[upkeep]","|-heal|p1a: Mel-B|354/404|[from] item: Leftovers","|turn|14","|","|move|p1a: Mel-B|Hyper Voice|p2a: Ludicool","|-damage|p2a: Ludicool|93/351","|move|p2a: Ludicool|Ice Beam|p1a: Mel-B","|-damage|p1a: Mel-B|328/404","|","|-weather|RainDance|[upkeep]","|-heal|p2a: Ludicool|114/351|[from] ability: Rain Dish","|-heal|p1a: Mel-B|353/404|[from] item: Leftovers","|-heal|p2a: Ludicool|135/351|[from] item: Leftovers","|turn|15","|","|move|p1a: Mel-B|Hyper Voice|p2a: Ludicool","|-damage|p2a: Ludicool|0 fnt","|faint|p2a: Ludicool","|","|-weather|none","|-heal|p1a: Mel-B|378/404|[from] item: Leftovers","|","|switch|p2a: Brawloom|Breloom, M, shiny|127/262","|-activate|p2a: Brawloom|move: Sticky Web","|-unboost|p2a: Brawloom|spe|1","|turn|16","|","|move|p2a: Brawloom|Mach Punch|p1a: Mel-B","|-damage|p1a: Mel-B|242/404","|move|p1a: Mel-B|Psychic|p2a: Brawloom","|-supereffective|p2a: Brawloom","|-damage|p2a: Brawloom|0 fnt","|faint|p2a: Brawloom","|","|-heal|p1a: Mel-B|267/404|[from] item: Leftovers","|","|switch|p2a: Celebrity|Celebi|104/396","|-activate|p2a: Celebrity|move: Sticky Web","|-unboost|p2a: Celebrity|spe|1","|turn|17","|","|move|p1a: Mel-B|Hyper Voice|p2a: Celebrity","|-damage|p2a: Celebrity|0 fnt","|faint|p2a: Celebrity","|","|-heal|p1a: Mel-B|292/404|[from] item: Leftovers","|","|switch|p2a: Great-ily|Cradily, M, shiny|371/371","|-activate|p2a: Great-ily|move: Sticky Web","|-unboost|p2a: Great-ily|spe|1","|turn|18","|","|move|p1a: Mel-B|Psychic|p2a: Great-ily","|-damage|p2a: Great-ily|182/371","|move|p2a: Great-ily|Ancient Power|p1a: Mel-B","|-damage|p1a: Mel-B|273/404","|-boost|p2a: Great-ily|atk|1","|-boost|p2a: Great-ily|def|1","|-boost|p2a: Great-ily|spa|1","|-boost|p2a: Great-ily|spd|1","|-boost|p2a: Great-ily|spe|1","|","|-heal|p1a: Mel-B|298/404|[from] item: Leftovers","|-heal|p2a: Great-ily|205/371|[from] item: Leftovers","|turn|19","|","|move|p1a: Mel-B|Psychic|p2a: Great-ily","|-damage|p2a: Great-ily|94/371","|move|p2a: Great-ily|Recover|p2a: Great-ily","|-heal|p2a: Great-ily|280/371","|","|-heal|p1a: Mel-B|323/404|[from] item: Leftovers","|-heal|p2a: Great-ily|303/371|[from] item: Leftovers","|turn|20","|","|move|p1a: Mel-B|Calm Mind|p1a: Mel-B","|-boost|p1a: Mel-B|spa|1","|-boost|p1a: Mel-B|spd|1","|move|p2a: Great-ily|Ancient Power|p1a: Mel-B","|-damage|p1a: Mel-B|301/404","|","|-heal|p1a: Mel-B|326/404|[from] item: Leftovers","|-heal|p2a: Great-ily|326/371|[from] item: Leftovers","|turn|21","|","|move|p1a: Mel-B|Calm Mind|p1a: Mel-B","|-boost|p1a: Mel-B|spa|1","|-boost|p1a: Mel-B|spd|1","|move|p2a: Great-ily|Toxic|p1a: Mel-B","|-status|p1a: Mel-B|tox","|","|-heal|p1a: Mel-B|351/404 tox|[from] item: Leftovers","|-heal|p2a: Great-ily|349/371|[from] item: Leftovers","|-damage|p1a: Mel-B|326/404 tox|[from] psn","|turn|22","|","|move|p1a: Mel-B|Calm Mind|p1a: Mel-B","|-boost|p1a: Mel-B|spa|1","|-boost|p1a: Mel-B|spd|1","|move|p2a: Great-ily|Ancient Power|p1a: Mel-B","|-damage|p1a: Mel-B|310/404 tox","|","|-heal|p1a: Mel-B|335/404 tox|[from] item: Leftovers","|-heal|p2a: Great-ily|371/371|[from] item: Leftovers","|-damage|p1a: Mel-B|285/404 tox|[from] psn","|turn|23","|","|move|p1a: Mel-B|Psychic|p2a: Great-ily","|-damage|p2a: Great-ily|151/371","|move|p2a: Great-ily|Ancient Power|p1a: Mel-B","|-damage|p1a: Mel-B|270/404 tox","|","|-heal|p1a: Mel-B|295/404 tox|[from] item: Leftovers","|-heal|p2a: Great-ily|174/371|[from] item: Leftovers","|-damage|p1a: Mel-B|220/404 tox|[from] psn","|turn|24","|","|move|p1a: Mel-B|Psychic|p2a: Great-ily","|-damage|p2a: Great-ily|0 fnt","|faint|p2a: Great-ily","|","|-heal|p1a: Mel-B|245/404 tox|[from] item: Leftovers","|-damage|p1a: Mel-B|145/404 tox|[from] psn","|","|switch|p2a: Plantasaurus|Venusaur, M, shiny|301/301","|-activate|p2a: Plantasaurus|move: Sticky Web","|-unboost|p2a: Plantasaurus|spe|1","|turn|25","|","|detailschange|p2a: Plantasaurus|Venusaur-Mega, M, shiny","|-mega|p2a: Plantasaurus|Venusaur|Venusaurite","|move|p1a: Mel-B|Psychic|p2a: Plantasaurus","|-crit|p2a: Plantasaurus","|-supereffective|p2a: Plantasaurus","|-damage|p2a: Plantasaurus|0 fnt","|faint|p2a: Plantasaurus","|","|win|SL~Kingdra"],"p1rating":{"entryid":"101024","serverid":"eos","formatid":"monotype","userid":"slkingdra","username":"SL~Kingdra","w":15,"l":"7","t":"0","gxe":62.1,"r":"1602.0746457543","rd":"70.376283356022","sigma":"0","rptime":"1440234000","rpr":1594.4848765261,"rprd":68.245299105016,"rpsigma":"0","acre":1202.7566581213,"lacre":1202.7566581213,"oldacre":"1189.0586345726"},"p2rating":{"entryid":"1463","serverid":"eos","formatid":"monotype","userid":"gtxbzumzum","username":"GTX♅Bzumzum","w":"8","l":24,"t":"0","gxe":29.7,"r":"1339.7443087109","rd":"62.238830549052","sigma":"0","rptime":"1440234000","rpr":1335.7622995685,"rprd":61.669799829494,"rpsigma":"0","acre":1012.6472899712,"lacre":1012.6472899712,"oldacre":"1019.7496896763"},"endType":"normal"}