{"seed":[62667,18123,25644,15465],"turns":21,"p1":"KGBeast","p2":"L¡leep","p1team":[{"name":"Charizard","species":"Charizard","item":"charizarditey","ability":"Blaze","moves":["defog","focusblast","fireblast","solarbeam"],"nature":"Timid","evs":{"hp":0,"atk":0,"def":0,"spa":252,"spd":4,"spe":252},"ivs":{"hp":31,"atk":0,"def":31,"spa":31,"spd":31,"spe":31}},{"name":"Infernape","species":"Infernape","item":"focussash","ability":"Blaze","moves":["stealthrock","taunt","closecombat","fireblast"],"nature":"Naive","evs":{"hp":0,"atk":252,"def":0,"spa":4,"spd":0,"spe":252},"ivs":{"hp":31,"atk":31,"def":31,"spa":31,"spd":31,"spe":31}},{"name":"Darmanitan","species":"Darmanitan","item":"choicescarf","ability":"Sheer Force","moves":["flareblitz","uturn","rockslide","superpower"],"nature":"Jolly","evs":{"hp":0,"atk":252,"def":0,"spa":0,"spd":4,"spe":252},"ivs":{"hp":31,"atk":31,"def":31,"spa":31,"spd":31,"spe":31}},{"name":"Heatran","species":"Heatran","item":"leftovers","ability":"Flash Fire","moves":["lavaplume","toxic","earthpower","flashcannon"],"nature":"Calm","evs":{"hp":248,"atk":0,"def":0,"spa":0,"spd":252,"spe":8},"ivs":{"hp":31,"atk":0,"def":31,"spa":31,"spd":31,"spe":31}},{"name":"Rotom-Heat","species":"Rotom-Heat","item":"choicescarf","ability":"Levitate","moves":["voltswitch","thunderbolt","hiddenpowerice","overheat"],"nature":"Timid","evs":{"hp":26,"atk":0,"def":0,"spa":230,"spd":0,"spe":252},"ivs":{"hp":31,"atk":0,"def":30,"spa":31,"spd":31,"spe":31}},{"name":"Arcanine","species":"Arcanine","item":"leftovers","ability":"Intimidate","moves":["willowisp","flareblitz","roar","morningsun"],"nature":"Impish","evs":{"hp":248,"atk":8,"def":252,"spa":0,"spd":0,"spe":0},"ivs":{"hp":31,"atk":31,"def":31,"spa":31,"spd":31,"spe":31}}],"p2team":[{"name":"Mienshao","species":"Mienshao","item":"lifeorb","ability":"Regenerator","moves":["highjumpkick","knockoff","uturn","hiddenpowerice"],"nature":"Naive","evs":{"hp":0,"atk":168,"def":0,"spa":88,"spd":0,"spe":252},"ivs":{"hp":31,"atk":30,"def":30,"spa":31,"spd":31,"spe":31}},{"name":"Emboar","species":"Emboar","item":"expertbelt","ability":"Reckless","moves":["flareblitz","superpower","wildcharge","suckerpunch"],"nature":"Adamant","evs":{"hp":0,"atk":252,"def":4,"spa":0,"spd":0,"spe":252},"ivs":{"hp":31,"atk":31,"def":31,"spa":31,"spd":31,"spe":31}},{"name":"Gallade","species":"Gallade","item":"galladite","ability":"Justified","moves":["swordsdance","drainpunch","knockoff","zenheadbutt"],"nature":"Jolly","evs":{"hp":4,"atk":252,"def":0,"spa":0,"spd":0,"spe":252},"ivs":{"hp":31,"atk":31,"def":31,"spa":31,"spd":31,"spe":31}},{"name":"Cobalion","species":"Cobalion","item":"leftovers","ability":"Justified","moves":["closecombat","stealthrock","ironhead","taunt"],"nature":"Jolly","evs":{"hp":144,"atk":112,"def":0,"spa":0,"spd":0,"spe":252},"ivs":{"hp":31,"atk":31,"def":31,"spa":31,"spd":31,"spe":31}},{"name":"Keldeo","species":"Keldeo","item":"leftovers","ability":"Justified","moves":["scald","secretsword","calmmind","substitute"],"nature":"Timid","evs":{"hp":0,"atk":0,"def":0,"spa":252,"spd":4,"spe":252},"ivs":{"hp":31,"atk":31,"def":31,"spa":31,"spd":31,"spe":31}},{"name":"Terrakion","species":"Terrakion","item":"choicescarf","ability":"Justified","moves":["stoneedge","closecombat","earthquake","ironhead"],"nature":"Jolly","evs":{"hp":0,"atk":252,"def":0,"spa":0,"spd":4,"spe":252},"ivs":{"hp":31,"atk":31,"def":31,"spa":31,"spd":31,"spe":31}}],"log":["|player|p1|KGBeast|kgbeast.png","|player|p2|L¡leep|192","|gametype|singles","|gen|6","|tier|Monotype","|rated","|rule|Baton Pass Clause: Limit one Baton Passer, can't pass Spe and other stats simultaneously","|rule|Swagger Clause: Swagger is banned","|rule|Same Type Clause: Pokémon in a team must share a type","|clearpoke","|poke|p1|Charizard, M","|poke|p1|Infernape, M","|poke|p1|Darmanitan, M","|poke|p1|Heatran, M","|poke|p1|Rotom-Heat","|poke|p1|Arcanine, F","|poke|p2|Mienshao, F","|poke|p2|Emboar, M","|poke|p2|Gallade, M","|poke|p2|Cobalion","|poke|p2|Keldeo","|poke|p2|Terrakion","|rule|Sleep Clause Mod: Limit one foe put to sleep","|rule|Species Clause: Limit one of each Pokémon","|rule|OHKO Clause: OHKO moves are banned","|rule|Moody Clause: Moody is banned","|rule|Evasion Moves Clause: Evasion moves are banned","|rule|Endless Battle Clause: Forcing endless battles is banned","|rule|HP Percentage Mod: HP is shown in percentages","|teampreview","|","|start","|switch|p1a: Infernape|Infernape, M|293/293","|switch|p2a: Gallade|Gallade, M|278/278","|turn|1","|","|detailschange|p2a: Gallade|Gallade-Mega, M","|-mega|p2a: Gallade|Gallade|Galladite","|move|p1a: Infernape|Stealth Rock|p2a: Gallade","|-sidestart|p2: L¡leep|move: Stealth Rock","|move|p2a: Gallade|Drain Punch|p1a: Infernape","|-damage|p1a: Infernape|70/293","|","|turn|2","|","|switch|p1a: Arcanine|Arcanine, F|383/383","|-ability|p1a: Arcanine|Intimidate","|-unboost|p2a: Gallade|atk|1","|move|p2a: Gallade|Knock Off|p1a: Arcanine","|-damage|p1a: Arcanine|309/383","|-enditem|p1a: Arcanine|Leftovers|[from] move: Knock Off|[of] p2a: Gallade","|","|turn|3","|","|switch|p2a: Cobalion|Cobalion|359/359","|-damage|p2a: Cobalion|348/359|[from] Stealth Rock","|move|p1a: Arcanine|Will-O-Wisp|p2a: Cobalion|[miss]","|-miss|p1a: Arcanine|p2a: Cobalion","|","|-heal|p2a: Cobalion|359/359|[from] item: Leftovers","|turn|4","|","|switch|p1a: Rotom-Heat|Rotom-Heat|247/247","|move|p2a: Cobalion|Stealth Rock|p1a: Rotom-Heat","|-sidestart|p1: KGBeast|move: Stealth Rock","|","|turn|5","|","|move|p1a: Rotom-Heat|Overheat|p2a: Cobalion","|-supereffective|p2a: Cobalion","|-damage|p2a: Cobalion|0 fnt","|-unboost|p1a: Rotom-Heat|spa|2","|faint|p2a: Cobalion","|","|","|switch|p2a: Keldeo|Keldeo|323/323","|-damage|p2a: Keldeo|303/323|[from] Stealth Rock","|turn|6","|","|switch|p1a: Heatran|Heatran, M|385/385","|-damage|p1a: Heatran|337/385|[from] Stealth Rock","|move|p2a: Keldeo|Substitute|p2a: Keldeo","|-start|p2a: Keldeo|Substitute","|-damage|p2a: Keldeo|223/323","|","|-heal|p2a: Keldeo|243/323|[from] item: Leftovers","|-heal|p1a: Heatran|361/385|[from] item: Leftovers","|turn|7","|","|move|p2a: Keldeo|Secret Sword|p1a: Heatran","|-supereffective|p1a: Heatran","|-damage|p1a: Heatran|73/385","|move|p1a: Heatran|Earth Power|p2a: Keldeo","|-end|p2a: Keldeo|Substitute","|","|-heal|p2a: Keldeo|263/323|[from] item: Leftovers","|-heal|p1a: Heatran|97/385|[from] item: Leftovers","|turn|8","|","|move|p2a: Keldeo|Scald|p1a: Heatran","|-supereffective|p1a: Heatran","|-damage|p1a: Heatran|0 fnt","|faint|p1a: Heatran","|","|-heal|p2a: Keldeo|283/323|[from] item: Leftovers","|","|switch|p1a: Charizard|Charizard, M|297/297","|-damage|p1a: Charizard|149/297|[from] Stealth Rock","|turn|9","|","|switch|p2a: Gallade|Gallade-Mega, M|278/278","|-damage|p2a: Gallade|261/278|[from] Stealth Rock","|detailschange|p1a: Charizard|Charizard-Mega-Y, M","|-mega|p1a: Charizard|Charizard|Charizardite Y","|-weather|SunnyDay","|move|p1a: Charizard|Defog|p2a: Gallade","|-unboost|p2a: Gallade|evasion|1","|-sideend|p2: L¡leep|Stealth Rock|[from] move: Defog|[of] p2a: Gallade","|-sideend|p1: KGBeast|Stealth Rock|[from] move: Defog|[of] p1a: Charizard","|","|-weather|SunnyDay|[upkeep]","|turn|10","|","|switch|p1a: Arcanine|Arcanine, F|309/383","|-ability|p1a: Arcanine|Intimidate","|-unboost|p2a: Gallade|atk|1","|move|p2a: Gallade|Zen Headbutt|p1a: Arcanine","|-damage|p1a: Arcanine|207/383","|","|-weather|SunnyDay|[upkeep]","|turn|11","|","|switch|p2a: Emboar|Emboar, M|361/361","|switch|p1a: Rotom-Heat|Rotom-Heat|247/247","|","|-weather|SunnyDay|[upkeep]","|turn|12","|","|move|p1a: Rotom-Heat|Volt Switch|p2a: Emboar","|-damage|p2a: Emboar|210/361","|","|switch|p1a: Arcanine|Arcanine, F|207/383","|-ability|p1a: Arcanine|Intimidate","|-unboost|p2a: Emboar|atk|1","|move|p2a: Emboar|Flare Blitz|p1a: Arcanine","|-resisted|p1a: Arcanine","|-damage|p1a: Arcanine|102/383","|-damage|p2a: Emboar|175/361|[from] recoil|[of] p1a: Arcanine","|","|-weather|SunnyDay|[upkeep]","|turn|13","|","|switch|p2a: Keldeo|Keldeo|283/323","|move|p1a: Arcanine|Morning Sun|p1a: Arcanine","|-heal|p1a: Arcanine|357/383","|","|-weather|none","|-heal|p2a: Keldeo|303/323|[from] item: Leftovers","|turn|14","|","|switch|p1a: Infernape|Infernape, M|70/293","|move|p2a: Keldeo|Scald|p1a: Infernape","|-crit|p1a: Infernape","|-supereffective|p1a: Infernape","|-damage|p1a: Infernape|0 fnt","|faint|p1a: Infernape","|","|-heal|p2a: Keldeo|323/323|[from] item: Leftovers","|","|switch|p1a: Charizard|Charizard-Mega-Y, M|149/297","|-weather|SunnyDay","|turn|15","|","|move|p2a: Keldeo|Substitute|p2a: Keldeo","|-start|p2a: Keldeo|Substitute","|-damage|p2a: Keldeo|243/323","|move|p1a: Charizard|Solar Beam|p2a: Keldeo|[still]","|-prepare|p1a: Charizard|Solar Beam|p2a: Keldeo","|-anim|p1a: Charizard|Solar Beam|p2a: Keldeo","|-crit|p2a: Keldeo","|-supereffective|p2a: Keldeo","|-end|p2a: Keldeo|Substitute","|","|-weather|SunnyDay|[upkeep]","|-heal|p2a: Keldeo|263/323|[from] item: Leftovers","|turn|16","|","|switch|p2a: Gallade|Gallade-Mega, M|261/278","|move|p1a: Charizard|Solar Beam|p2a: Gallade|[still]","|-prepare|p1a: Charizard|Solar Beam|p2a: Gallade","|-anim|p1a: Charizard|Solar Beam|p2a: Gallade","|-damage|p2a: Gallade|124/278","|","|-weather|SunnyDay|[upkeep]","|turn|17","|","|switch|p1a: Arcanine|Arcanine, F|357/383","|-ability|p1a: Arcanine|Intimidate","|-unboost|p2a: Gallade|atk|1","|move|p2a: Gallade|Zen Headbutt|p1a: Arcanine","|-crit|p1a: Arcanine","|-damage|p1a: Arcanine|147/383","|","|-weather|SunnyDay|[upkeep]","|turn|18","|","|switch|p2a: Mienshao|Mienshao, F|271/271","|move|p1a: Arcanine|Flare Blitz|p2a: Mienshao","|-damage|p2a: Mienshao|0 fnt","|-damage|p1a: Arcanine|58/383|[from] recoil|[of] p2a: Mienshao","|faint|p2a: Mienshao","|","|-weather|SunnyDay|[upkeep]","|","|switch|p2a: Keldeo|Keldeo|263/323","|turn|19","|","|move|p2a: Keldeo|Scald|p1a: Arcanine","|-supereffective|p1a: Arcanine","|-damage|p1a: Arcanine|0 fnt","|faint|p1a: Arcanine","|","|-weather|none","|-heal|p2a: Keldeo|283/323|[from] item: Leftovers","|","|switch|p1a: Rotom-Heat|Rotom-Heat|247/247","|turn|20","|","|move|p1a: Rotom-Heat|Thunderbolt|p2a: Keldeo","|-supereffective|p2a: Keldeo","|-damage|p2a: Keldeo|7/323","|move|p2a: Keldeo|Scald|p1a: Rotom-Heat","|-supereffective|p1a: Rotom-Heat","|-damage|p1a: Rotom-Heat|0 fnt","|faint|p1a: Rotom-Heat","|","|-heal|p2a: Keldeo|27/323|[from] item: Leftovers","|","|switch|p1a: Darmanitan|Darmanitan, M|351/351","|turn|21","|","|move|p1a: Darmanitan|Rock Slide|p2a: Keldeo","|-miss|p1a: Darmanitan|p2a: Keldeo","|move|p2a: Keldeo|Scald|p1a: Darmanitan","|-supereffective|p1a: Darmanitan","|-damage|p1a: Darmanitan|0 fnt","|faint|p1a: Darmanitan","|","|-heal|p2a: Keldeo|47/323|[from] item: Leftovers","|","|win|L¡leep"],"p1rating":{"entryid":"262469","serverid":"eos","formatid":"monotype","userid":"kgbeast","username":"KGBeast","w":"5","l":5,"t":"0","gxe":49.9,"r":"1579.3834396316","rd":"116.66335634972","sigma":"0","rptime":"1440234000","rpr":1498.8749251212,"rprd":87.975459596182,"rpsigma":"0","acre":1041.4809565817,"lacre":1041.4809565817,"oldacre":"1064.8480263752"},"p2rating":{"entryid":303689,"formatid":"monotype","userid":"lleep","username":"L¡leep","r":1500,"rd":130,"sigma":0,"rpr":1549.4281995766,"rprd":122.9680694398,"rpsigma":0,"rptime":1440234000,"w":1,"l":0,"t":0,"gxe":56.2,"acre":1047.380398855,"lacre":1047.380398855,"oldacre":1000},"endType":"forfeit"}