{"seed":[25973,1329,43739,31597],"turns":28,"p1":"KGBeast","p2":"theace22","p1team":[{"name":"Hippowdon","species":"Hippowdon","item":"rockyhelmet","ability":"Sand Stream","moves":["stealthrock","earthquake","roar","slackoff"],"nature":"Impish","evs":{"hp":252,"atk":4,"def":252,"spa":0,"spd":0,"spe":0},"ivs":{"hp":31,"atk":31,"def":31,"spa":31,"spd":31,"spe":31}},{"name":"Landorus","species":"Landorus","item":"lifeorb","ability":"Sheer Force","moves":["earthpower","sludgewave","substitute","gravity"],"nature":"Modest","evs":{"hp":0,"atk":0,"def":0,"spa":252,"spd":4,"spe":252},"ivs":{"hp":31,"atk":0,"def":31,"spa":31,"spd":31,"spe":31}},{"name":"Mamoswine","species":"Mamoswine","item":"lifeorb","ability":"Thick Fat","moves":["iceshard","iciclespear","knockoff","superpower"],"nature":"Adamant","evs":{"hp":0,"atk":252,"def":4,"spa":0,"spd":0,"spe":252},"ivs":{"hp":31,"atk":31,"def":31,"spa":31,"spd":31,"spe":31}},{"name":"Camerupt","species":"Camerupt","item":"cameruptite","ability":"Solid Rock","moves":["willowisp","flamethrower","earthpower","ancientpower"],"nature":"Modest","evs":{"hp":168,"atk":0,"def":0,"spa":252,"spd":0,"spe":88},"ivs":{"hp":31,"atk":0,"def":31,"spa":31,"spd":31,"spe":31}},{"name":"Excadrill","species":"Excadrill","item":"choiceband","ability":"Sand Rush","moves":["ironhead","earthquake","rockslide","rapidspin"],"nature":"Adamant","evs":{"hp":4,"atk":252,"def":0,"spa":0,"spd":0,"spe":252},"ivs":{"hp":31,"atk":31,"def":31,"spa":31,"spd":31,"spe":31}},{"name":"Gastrodon","species":"Gastrodon","item":"leftovers","ability":"Storm Drain","moves":["scald","earthquake","toxic","recover"],"nature":"Sassy","evs":{"hp":252,"atk":4,"def":0,"spa":0,"spd":252,"spe":0},"ivs":{"hp":31,"atk":31,"def":31,"spa":31,"spd":31,"spe":31}}],"p2team":[{"name":"Gallade","species":"Gallade","item":"galladite","ability":"Steadfast","moves":["knockoff","shadowsneak","closecombat","swordsdance"],"nature":"Jolly","evs":{"hp":0,"atk":252,"def":0,"spa":0,"spd":8,"spe":248},"ivs":{"hp":31,"atk":31,"def":31,"spa":31,"spd":31,"spe":31}},{"name":"Mew","species":"Mew","item":"leftovers","ability":"Synchronize","moves":["willowisp","stealthrock","roost","defog"],"nature":"Impish","evs":{"hp":248,"atk":0,"def":64,"spa":0,"spd":196,"spe":0},"ivs":{"hp":31,"atk":31,"def":31,"spa":31,"spd":31,"spe":31}},{"name":"Hoopa-Unbound","species":"Hoopa-Unbound","item":"choicescarf","ability":"Magician","moves":["hyperspacefury","hyperspacehole","gunkshot","energyball"],"nature":"Hasty","evs":{"hp":0,"atk":180,"def":0,"spa":76,"spd":0,"spe":252},"ivs":{"hp":31,"atk":31,"def":31,"spa":31,"spd":31,"spe":31}},{"name":"Slowbro","species":"Slowbro","item":"rockyhelmet","ability":"Regenerator","moves":["slackoff","flamethrower","scald","thunderwave"],"nature":"Bold","evs":{"hp":252,"atk":0,"def":252,"spa":4,"spd":0,"spe":0},"ivs":{"hp":31,"atk":0,"def":31,"spa":31,"spd":31,"spe":31}},{"name":"Victini","species":"Victini","item":"choicescarf","ability":"Victory Star","moves":["blueflare","vcreate","boltstrike","uturn"],"nature":"Hasty","evs":{"hp":0,"atk":252,"def":0,"spa":4,"spd":0,"spe":252},"ivs":{"hp":31,"atk":31,"def":31,"spa":31,"spd":31,"spe":31}},{"name":"Gardevoir","species":"Gardevoir","item":"choicespecs","ability":"Trace","moves":["moonblast","psychic","energyball","trick"],"nature":"Modest","evs":{"hp":248,"atk":0,"def":0,"spa":252,"spd":8,"spe":0},"ivs":{"hp":31,"atk":31,"def":31,"spa":31,"spd":31,"spe":31}}],"log":["|player|p1|KGBeast|kgbeast.png","|player|p2|theace22|102","|gametype|singles","|gen|6","|tier|Monotype","|rated","|rule|Baton Pass Clause: Limit one Baton Passer, can't pass Spe and other stats simultaneously","|rule|Swagger Clause: Swagger is banned","|rule|Same Type Clause: Pokémon in a team must share a type","|clearpoke","|poke|p1|Hippowdon, M","|poke|p1|Landorus, M","|poke|p1|Mamoswine, M","|poke|p1|Camerupt, F","|poke|p1|Excadrill, M","|poke|p1|Gastrodon, M","|poke|p2|Gallade, M","|poke|p2|Mew","|poke|p2|Hoopa-Unbound","|poke|p2|Slowbro, F","|poke|p2|Victini","|poke|p2|Gardevoir, M","|rule|Sleep Clause Mod: Limit one foe put to sleep","|rule|Species Clause: Limit one of each Pokémon","|rule|OHKO Clause: OHKO moves are banned","|rule|Moody Clause: Moody is banned","|rule|Evasion Moves Clause: Evasion moves are banned","|rule|Endless Battle Clause: Forcing endless battles is banned","|rule|HP Percentage Mod: HP is shown in percentages","|teampreview","|","|start","|switch|p1a: Camerupt|Camerupt, F|323/323","|switch|p2a: Gardevoir|Gardevoir, M|339/339","|-ability|p2a: Gardevoir|Solid Rock|[from] ability: Trace|[of] p1a: Camerupt","|turn|1","|","|detailschange|p1a: Camerupt|Camerupt-Mega, F","|-mega|p1a: Camerupt|Camerupt|Cameruptite","|move|p2a: Gardevoir|Psychic|p1a: Camerupt","|-damage|p1a: Camerupt|73/323","|move|p1a: Camerupt|Earth Power|p2a: Gardevoir","|-damage|p2a: Gardevoir|134/339","|","|turn|2","|","|switch|p1a: Gastrodon|Gastrodon, M|426/426","|move|p2a: Gardevoir|Psychic|p1a: Gastrodon","|-damage|p1a: Gastrodon|215/426","|","|-heal|p1a: Gastrodon|241/426|[from] item: Leftovers","|turn|3","|","|move|p2a: Gardevoir|Psychic|p1a: Gastrodon","|-damage|p1a: Gastrodon|42/426","|move|p1a: Gastrodon|Recover|p1a: Gastrodon","|-heal|p1a: Gastrodon|255/426","|","|-heal|p1a: Gastrodon|281/426|[from] item: Leftovers","|turn|4","|","|switch|p2a: Mew|Mew|403/403","|move|p1a: Gastrodon|Recover|p1a: Gastrodon","|-heal|p1a: Gastrodon|426/426","|","|turn|5","|","|switch|p1a: Camerupt|Camerupt-Mega, F|73/323","|move|p2a: Mew|Stealth Rock|p1a: Camerupt","|-sidestart|p1: KGBeast|move: Stealth Rock","|","|turn|6","|","|switch|p2a: Victini|Victini|341/341","|move|p1a: Camerupt|Will-O-Wisp|p2a: Victini","|-immune|p2a: Victini|[msg]","|","|turn|7","|","|switch|p1a: Hippowdon|Hippowdon, M|420/420","|-damage|p1a: Hippowdon|394/420|[from] Stealth Rock","|-weather|Sandstorm","|move|p2a: Victini|V-create|p1a: Hippowdon","|-damage|p1a: Hippowdon|226/420","|-damage|p2a: Victini|285/341|[from] item: Rocky Helmet|[of] p1a: Hippowdon","|-unboost|p2a: Victini|spe|1","|-unboost|p2a: Victini|def|1","|-unboost|p2a: Victini|spd|1","|","|-weather|Sandstorm|[upkeep]","|-damage|p2a: Victini|264/341|[from] sandstorm","|turn|8","|","|switch|p2a: Hoopa-Unbound|Hoopa-Unbound|301/301","|switch|p1a: Camerupt|Camerupt-Mega, F|73/323","|-damage|p1a: Camerupt|33/323|[from] Stealth Rock","|","|-weather|Sandstorm|[upkeep]","|-damage|p2a: Hoopa-Unbound|283/301|[from] sandstorm","|turn|9","|","|move|p2a: Hoopa-Unbound|Hyperspace Fury|p1a: Camerupt","|-damage|p1a: Camerupt|0 fnt","|-unboost|p2a: Hoopa-Unbound|def|1","|faint|p1a: Camerupt","|","|-weather|Sandstorm|[upkeep]","|-damage|p2a: Hoopa-Unbound|265/301|[from] sandstorm","|","|switch|p1a: Excadrill|Excadrill, M|362/362","|-damage|p1a: Excadrill|351/362|[from] Stealth Rock","|turn|10","|","|switch|p2a: Mew|Mew|403/403","|move|p1a: Excadrill|Earthquake|p2a: Mew","|-damage|p2a: Mew|156/403","|","|-weather|Sandstorm|[upkeep]","|-damage|p2a: Mew|131/403|[from] sandstorm","|-heal|p2a: Mew|156/403|[from] item: Leftovers","|turn|11","|","|move|p1a: Excadrill|Earthquake|p2a: Mew","|-damage|p2a: Mew|0 fnt","|faint|p2a: Mew","|","|-weather|none","|","|switch|p2a: Victini|Victini|264/341","|turn|12","|","|switch|p1a: Gastrodon|Gastrodon, M|426/426","|-damage|p1a: Gastrodon|400/426|[from] Stealth Rock","|move|p2a: Victini|U-turn|p1a: Gastrodon","|-damage|p1a: Gastrodon|309/426","|","|switch|p2a: Gallade|Gallade, M|277/277","|","|-heal|p1a: Gastrodon|335/426|[from] item: Leftovers","|turn|13","|","|switch|p1a: Hippowdon|Hippowdon, M|226/420","|-damage|p1a: Hippowdon|200/420|[from] Stealth Rock","|-weather|Sandstorm","|detailschange|p2a: Gallade|Gallade-Mega, M","|-mega|p2a: Gallade|Gallade|Galladite","|move|p2a: Gallade|Swords Dance|p2a: Gallade","|-boost|p2a: Gallade|atk|2","|","|-weather|Sandstorm|[upkeep]","|-damage|p2a: Gallade|260/277|[from] sandstorm","|turn|14","|","|switch|p1a: Mamoswine|Mamoswine, M|361/361","|-damage|p1a: Mamoswine|316/361|[from] Stealth Rock","|move|p2a: Gallade|Knock Off|p1a: Mamoswine","|-damage|p1a: Mamoswine|0 fnt","|-enditem|p1a: Mamoswine|Life Orb|[from] move: Knock Off|[of] p2a: Gallade","|faint|p1a: Mamoswine","|","|-weather|Sandstorm|[upkeep]","|-damage|p2a: Gallade|243/277|[from] sandstorm","|","|switch|p1a: Excadrill|Excadrill, M|351/362","|-damage|p1a: Excadrill|340/362|[from] Stealth Rock","|turn|15","|","|move|p2a: Gallade|Shadow Sneak|p1a: Excadrill","|-damage|p1a: Excadrill|171/362","|move|p1a: Excadrill|Earthquake|p2a: Gallade","|-damage|p2a: Gallade|0 fnt","|faint|p2a: Gallade","|","|-weather|Sandstorm|[upkeep]","|","|switch|p2a: Slowbro|Slowbro, F|394/394","|turn|16","|","|switch|p1a: Gastrodon|Gastrodon, M|335/426","|-damage|p1a: Gastrodon|309/426|[from] Stealth Rock","|move|p2a: Slowbro|Scald|p1a: Gastrodon","|-boost|p1a: Gastrodon|spa|1|[from] ability: Storm Drain","|","|-weather|Sandstorm|[upkeep]","|-damage|p2a: Slowbro|370/394|[from] sandstorm","|-heal|p1a: Gastrodon|335/426|[from] item: Leftovers","|turn|17","|","|switch|p2a: Hoopa-Unbound|Hoopa-Unbound|265/301","|move|p1a: Gastrodon|Toxic|p2a: Hoopa-Unbound|[miss]","|-miss|p1a: Gastrodon|p2a: Hoopa-Unbound","|","|-weather|none","|-heal|p1a: Gastrodon|361/426|[from] item: Leftovers","|turn|18","|","|switch|p1a: Hippowdon|Hippowdon, M|200/420","|-damage|p1a: Hippowdon|174/420|[from] Stealth Rock","|-weather|Sandstorm","|move|p2a: Hoopa-Unbound|Energy Ball|p1a: Hippowdon","|-supereffective|p1a: Hippowdon","|-damage|p1a: Hippowdon|0 fnt","|faint|p1a: Hippowdon","|","|-weather|Sandstorm|[upkeep]","|-damage|p2a: Hoopa-Unbound|247/301|[from] sandstorm","|","|switch|p1a: Excadrill|Excadrill, M|171/362","|-damage|p1a: Excadrill|160/362|[from] Stealth Rock","|turn|19","|","|switch|p2a: Gardevoir|Gardevoir, M|134/339","|-ability|p2a: Gardevoir|Sand Rush|[from] ability: Trace|[of] p1a: Excadrill","|move|p1a: Excadrill|Earthquake|p2a: Gardevoir","|-damage|p2a: Gardevoir|0 fnt","|faint|p2a: Gardevoir","|","|-weather|Sandstorm|[upkeep]","|","|switch|p2a: Slowbro|Slowbro, F|394/394","|turn|20","|","|switch|p1a: Gastrodon|Gastrodon, M|361/426","|-damage|p1a: Gastrodon|335/426|[from] Stealth Rock","|move|p2a: Slowbro|Scald|p1a: Gastrodon","|-boost|p1a: Gastrodon|spa|1|[from] ability: Storm Drain","|","|-weather|Sandstorm|[upkeep]","|-damage|p2a: Slowbro|370/394|[from] sandstorm","|-heal|p1a: Gastrodon|361/426|[from] item: Leftovers","|turn|21","|","|switch|p1a: Excadrill|Excadrill, M|160/362","|-damage|p1a: Excadrill|149/362|[from] Stealth Rock","|switch|p2a: Hoopa-Unbound|Hoopa-Unbound|247/301","|","|-weather|Sandstorm|[upkeep]","|-damage|p2a: Hoopa-Unbound|229/301|[from] sandstorm","|turn|22","|","|switch|p2a: Slowbro|Slowbro, F|394/394","|move|p1a: Excadrill|Earthquake|p2a: Slowbro","|-damage|p2a: Slowbro|181/394","|","|-weather|none","|turn|23","|","|move|p1a: Excadrill|Earthquake|p2a: Slowbro","|-damage|p2a: Slowbro|0 fnt","|faint|p2a: Slowbro","|","|","|switch|p2a: Hoopa-Unbound|Hoopa-Unbound|229/301","|turn|24","|","|move|p2a: Hoopa-Unbound|Hyperspace Fury|p1a: Excadrill","|-damage|p1a: Excadrill|0 fnt","|-unboost|p2a: Hoopa-Unbound|def|1","|faint|p1a: Excadrill","|","|","|switch|p1a: Landorus|Landorus, M|319/319","|-damage|p1a: Landorus|280/319|[from] Stealth Rock","|turn|25","|","|move|p2a: Hoopa-Unbound|Hyperspace Fury|p1a: Landorus","|-crit|p1a: Landorus","|-damage|p1a: Landorus|0 fnt","|-unboost|p2a: Hoopa-Unbound|def|1","|faint|p1a: Landorus","|","|","|switch|p1a: Gastrodon|Gastrodon, M|361/426","|-damage|p1a: Gastrodon|335/426|[from] Stealth Rock","|turn|26","|","|switch|p2a: Victini|Victini|264/341","|move|p1a: Gastrodon|Recover|p1a: Gastrodon","|-heal|p1a: Gastrodon|426/426","|","|turn|27","|","|move|p2a: Victini|V-create|p1a: Gastrodon","|-resisted|p1a: Gastrodon","|-damage|p1a: Gastrodon|243/426","|-unboost|p2a: Victini|spe|1","|-unboost|p2a: Victini|def|1","|-unboost|p2a: Victini|spd|1","|move|p1a: Gastrodon|Earthquake|p2a: Victini","|-supereffective|p2a: Victini","|-damage|p2a: Victini|0 fnt","|faint|p2a: Victini","|","|-heal|p1a: Gastrodon|269/426|[from] item: Leftovers","|","|switch|p2a: Hoopa-Unbound|Hoopa-Unbound|229/301","|turn|28","|","|move|p2a: Hoopa-Unbound|Energy Ball|p1a: Gastrodon","|-supereffective|p1a: Gastrodon","|-damage|p1a: Gastrodon|0 fnt","|faint|p1a: Gastrodon","|","|win|theace22"],"p1rating":{"entryid":"262469","serverid":"eos","formatid":"monotype","userid":"kgbeast","username":"KGBeast","w":"4","l":2,"t":"0","gxe":57.8,"r":"1579.3834396316","rd":"116.66335634972","sigma":"0","rptime":"1440234000","rpr":1561.6168217099,"rprd":98.924673780152,"rpsigma":"0","acre":1078.9834059641,"lacre":1078.9834059641,"oldacre":"1111.7587547887"},"p2rating":{"entryid":301730,"formatid":"monotype","userid":"theace22","username":"theace22","r":1500,"rd":130,"sigma":0,"rpr":1549.4281995766,"rprd":122.9680694398,"rpsigma":0,"rptime":1440234000,"w":1,"l":0,"t":0,"gxe":56.2,"acre":1052.4405581193,"lacre":1052.4405581193,"oldacre":1000},"endType":"normal"}