{"seed":[8005,16299,38275,3427],"turns":27,"p1":"Void Who","p2":"Rain Hoot","p1team":[{"name":"KFC & Kool-Aid","species":"magnezone","item":"choicescarf","ability":"Sturdy","moves":["flashcannon","voltswitch","hiddenpowerice","thunderbolt"],"nature":"Timid","evs":{"hp":0,"atk":0,"def":0,"spa":252,"spd":4,"spe":252},"ivs":{"hp":31,"atk":30,"def":30,"spa":31,"spd":31,"spe":31}},{"name":"Spilt Coffee","species":"rotomwash","item":"leftovers","ability":"Levitate","moves":["willowisp","hydropump","voltswitch","painsplit"],"nature":"Calm","evs":{"hp":252,"atk":0,"def":0,"spa":4,"spd":252,"spe":0},"ivs":{"hp":31,"atk":31,"def":31,"spa":31,"spd":31,"spe":31}},{"name":"Ricky Suave","species":"thundurus","item":"lifeorb","ability":"Prankster","moves":["thunderwave","knockoff","superpower","voltswitch"],"nature":"Jolly","evs":{"hp":0,"atk":252,"def":0,"spa":0,"spd":4,"spe":252},"ivs":{"hp":31,"atk":31,"def":31,"spa":31,"spd":31,"spe":31}},{"name":"Amped up","species":"ampharos","item":"ampharosite","ability":"Static","moves":["dragonpulse","discharge","powergem","toxic"],"nature":"Modest","evs":{"hp":248,"atk":0,"def":0,"spa":252,"spd":8,"spe":0},"ivs":{"hp":31,"atk":31,"def":31,"spa":31,"spd":31,"spe":31}},{"name":"Bird Flu","species":"zapdos","item":"leftovers","ability":"Pressure","moves":["defog","roost","heatwave","discharge"],"nature":"Calm","evs":{"hp":252,"atk":0,"def":0,"spa":4,"spd":252,"spe":0},"ivs":{"hp":31,"atk":31,"def":31,"spa":31,"spd":31,"spe":31}},{"name":"Fighting/Electric","species":"electivire","item":"choicescarf","ability":"Vital Spirit","moves":["wildcharge","crosschop","earthquake","icepunch"],"nature":"Jolly","evs":{"hp":0,"atk":252,"def":0,"spa":0,"spd":4,"spe":252},"ivs":{"hp":31,"atk":31,"def":31,"spa":31,"spd":31,"spe":31}}],"p2team":[{"name":"Aerodactyl","species":"Aerodactyl","item":"lifeorb","ability":"Pressure","moves":["aerialace","stoneedge","earthquake","taunt"],"nature":"Jolly","evs":{"hp":0,"atk":252,"def":0,"spa":0,"spd":4,"spe":252},"ivs":{"hp":31,"atk":31,"def":31,"spa":31,"spd":31,"spe":31}},{"name":"Diancie","species":"Diancie","item":"diancite","ability":"Clear Body","moves":["moonblast","diamondstorm","earthpower","protect"],"nature":"Hasty","evs":{"hp":0,"atk":4,"def":0,"spa":252,"spd":0,"spe":252},"ivs":{"hp":31,"atk":31,"def":31,"spa":31,"spd":31,"spe":31}},{"name":"Shuckle","species":"Shuckle","item":"leftovers","ability":"Sturdy","moves":["stealthrock","stickyweb","toxic","encore"],"nature":"Calm","evs":{"hp":252,"atk":0,"def":4,"spa":0,"spd":252,"spe":0},"ivs":{"hp":31,"atk":31,"def":31,"spa":31,"spd":31,"spe":31}},{"name":"Golem","species":"Golem","item":"weaknesspolicy","ability":"Sturdy","moves":["earthquake","rockblast","suckerpunch","poweruppunch"],"nature":"Serious","evs":{"hp":0,"atk":252,"def":4,"spa":0,"spd":0,"spe":252},"ivs":{"hp":31,"atk":31,"def":31,"spa":31,"spd":31,"spe":31}},{"name":"Aurorus","species":"Aurorus","item":"assaultvest","ability":"Refrigerate","moves":["hypervoice","freezedry","darkpulse","mirrorcoat"],"nature":"Modest","evs":{"hp":248,"atk":0,"def":0,"spa":252,"spd":8,"spe":0},"ivs":{"hp":31,"atk":31,"def":31,"spa":31,"spd":31,"spe":31}},{"name":"Omastar","species":"Omastar","item":"focussash","ability":"Swift Swim","moves":["scald","icebeam","shellsmash","toxicspikes"],"nature":"Modest","evs":{"hp":0,"atk":0,"def":0,"spa":252,"spd":4,"spe":252},"ivs":{"hp":31,"atk":31,"def":31,"spa":31,"spd":31,"spe":31}}],"log":["|player|p1|Void Who|voidwho.gif","|player|p2|Rain Hoot|2","|gametype|singles","|gen|6","|tier|Monotype","|rated","|rule|Baton Pass Clause: Limit one Baton Passer, can't pass Spe and other stats simultaneously","|rule|Swagger Clause: Swagger is banned","|rule|Same Type Clause: Pokémon in a team must share a type","|clearpoke","|poke|p1|Magnezone","|poke|p1|Rotom-Wash","|poke|p1|Thundurus, M","|poke|p1|Ampharos, F","|poke|p1|Zapdos","|poke|p1|Electivire, M","|poke|p2|Aerodactyl, M","|poke|p2|Diancie","|poke|p2|Shuckle, F","|poke|p2|Golem, M","|poke|p2|Aurorus, M","|poke|p2|Omastar, M","|rule|Sleep Clause Mod: Limit one foe put to sleep","|rule|Species Clause: Limit one of each Pokémon","|rule|OHKO Clause: OHKO moves are banned","|rule|Moody Clause: Moody is banned","|rule|Evasion Moves Clause: Evasion moves are banned","|rule|Endless Battle Clause: Forcing endless battles is banned","|rule|HP Percentage Mod: HP is shown in percentages","|teampreview","|","|start","|switch|p1a: Spilt Coffee|Rotom-Wash|304/304","|switch|p2a: Aurorus|Aurorus, M|449/449","|turn|1","|","|move|p1a: Spilt Coffee|Volt Switch|p2a: Aurorus","|-damage|p2a: Aurorus|388/449","|","|switch|p1a: KFC & Kool-Aid|Magnezone|281/281","|move|p2a: Aurorus|Freeze-Dry|p1a: KFC & Kool-Aid","|-resisted|p1a: KFC & Kool-Aid","|-damage|p1a: KFC & Kool-Aid|218/281","|","|turn|2","|","|switch|p2a: Shuckle|Shuckle, F|244/244","|move|p1a: KFC & Kool-Aid|Flash Cannon|p2a: Shuckle","|-crit|p2a: Shuckle","|-supereffective|p2a: Shuckle","|-damage|p2a: Shuckle|76/244","|","|-heal|p2a: Shuckle|91/244|[from] item: Leftovers","|turn|3","|","|move|p1a: KFC & Kool-Aid|Flash Cannon|p2a: Shuckle","|-crit|p2a: Shuckle","|-supereffective|p2a: Shuckle","|-damage|p2a: Shuckle|0 fnt","|faint|p2a: Shuckle","|","|","|switch|p2a: Golem|Golem, M|301/301","|turn|4","|","|switch|p1a: Spilt Coffee|Rotom-Wash|304/304","|move|p2a: Golem|Power-Up Punch|p1a: Spilt Coffee","|-damage|p1a: Spilt Coffee|263/304","|-boost|p2a: Golem|atk|1","|","|-heal|p1a: Spilt Coffee|282/304|[from] item: Leftovers","|turn|5","|","|move|p1a: Spilt Coffee|Will-O-Wisp|p2a: Golem|[miss]","|-miss|p1a: Spilt Coffee|p2a: Golem","|move|p2a: Golem|Rock Blast|p1a: Spilt Coffee","|-damage|p1a: Spilt Coffee|224/304","|-damage|p1a: Spilt Coffee|166/304","|-crit|p1a: Spilt Coffee","|-damage|p1a: Spilt Coffee|69/304","|-hitcount|p1a: Spilt Coffee|3","|","|-heal|p1a: Spilt Coffee|88/304|[from] item: Leftovers","|turn|6","|","|switch|p2a: Aurorus|Aurorus, M|388/449","|move|p1a: Spilt Coffee|Will-O-Wisp|p2a: Aurorus","|-status|p2a: Aurorus|brn","|","|-heal|p1a: Spilt Coffee|107/304|[from] item: Leftovers","|-damage|p2a: Aurorus|332/449 brn|[from] brn","|turn|7","|","|move|p1a: Spilt Coffee|Volt Switch|p2a: Aurorus","|-damage|p2a: Aurorus|272/449 brn","|","|switch|p1a: KFC & Kool-Aid|Magnezone|218/281","|move|p2a: Aurorus|Dark Pulse|p1a: KFC & Kool-Aid","|-damage|p1a: KFC & Kool-Aid|126/281","|","|-damage|p2a: Aurorus|216/449 brn|[from] brn","|turn|8","|","|move|p1a: KFC & Kool-Aid|Flash Cannon|p2a: Aurorus","|-supereffective|p2a: Aurorus","|-damage|p2a: Aurorus|0 fnt","|faint|p2a: Aurorus","|","|","|switch|p2a: Golem|Golem, M|301/301","|turn|9","|","|switch|p1a: Amped up|Ampharos, F|383/383","|move|p2a: Golem|Power-Up Punch|p1a: Amped up","|-damage|p1a: Amped up|327/383","|-boost|p2a: Golem|atk|1","|","|turn|10","|","|detailschange|p1a: Amped up|Ampharos-Mega, F","|-mega|p1a: Amped up|Ampharos|Ampharosite","|-ability|p1a: Amped up|Mold Breaker","|move|p2a: Golem|Earthquake|p1a: Amped up","|-supereffective|p1a: Amped up","|-damage|p1a: Amped up|0 fnt","|faint|p1a: Amped up","|","|","|switch|p1a: Bird Flu|Zapdos|384/384","|-ability|p1a: Bird Flu|Pressure","|turn|11","|","|move|p1a: Bird Flu|Heat Wave|p2a: Golem","|-resisted|p2a: Golem","|-damage|p2a: Golem|233/301","|move|p2a: Golem|Rock Blast|p1a: Bird Flu","|-supereffective|p1a: Bird Flu","|-damage|p1a: Bird Flu|234/384","|-supereffective|p1a: Bird Flu","|-damage|p1a: Bird Flu|100/384","|-supereffective|p1a: Bird Flu","|-damage|p1a: Bird Flu|0 fnt","|-hitcount|p1a: Bird Flu|3","|faint|p1a: Bird Flu","|","|","|switch|p1a: KFC & Kool-Aid|Magnezone|126/281","|turn|12","|","|move|p2a: Golem|Sucker Punch|p1a: KFC & Kool-Aid","|-damage|p1a: KFC & Kool-Aid|0 fnt","|faint|p1a: KFC & Kool-Aid","|","|","|switch|p1a: Spilt Coffee|Rotom-Wash|107/304","|turn|13","|","|move|p1a: Spilt Coffee|Pain Split|p2a: Golem","|-sethp|p2a: Golem|170/301|p1a: Spilt Coffee|170/304|[from] move: Pain Split","|move|p2a: Golem|Rock Blast|p1a: Spilt Coffee","|-damage|p1a: Spilt Coffee|115/304","|-damage|p1a: Spilt Coffee|49/304","|-hitcount|p1a: Spilt Coffee|2","|","|-heal|p1a: Spilt Coffee|68/304|[from] item: Leftovers","|turn|14","|","|move|p2a: Golem|Sucker Punch|p1a: Spilt Coffee","|-fail|p2a: Golem","|move|p1a: Spilt Coffee|Pain Split|p2a: Golem","|-sethp|p2a: Golem|119/301|p1a: Spilt Coffee|119/304|[from] move: Pain Split","|","|-heal|p1a: Spilt Coffee|138/304|[from] item: Leftovers","|turn|15","|","|move|p1a: Spilt Coffee|Will-O-Wisp|p2a: Golem","|-status|p2a: Golem|brn","|move|p2a: Golem|Rock Blast|p1a: Spilt Coffee","|-damage|p1a: Spilt Coffee|110/304","|-damage|p1a: Spilt Coffee|83/304","|-hitcount|p1a: Spilt Coffee|2","|","|-heal|p1a: Spilt Coffee|102/304|[from] item: Leftovers","|-damage|p2a: Golem|82/301 brn|[from] brn","|turn|16","|","|move|p1a: Spilt Coffee|Hydro Pump|p2a: Golem","|-supereffective|p2a: Golem","|-damage|p2a: Golem|0 fnt","|faint|p2a: Golem","|","|-heal|p1a: Spilt Coffee|121/304|[from] item: Leftovers","|","|switch|p2a: Diancie|Diancie|241/241","|turn|17","|","|detailschange|p2a: Diancie|Diancie-Mega","|-mega|p2a: Diancie|Diancie|Diancite","|move|p2a: Diancie|Protect|p2a: Diancie","|-singleturn|p2a: Diancie|Protect","|move|p1a: Spilt Coffee|Hydro Pump|p2a: Diancie","|-activate|p2a: Diancie|Protect","|","|-heal|p1a: Spilt Coffee|140/304|[from] item: Leftovers","|turn|18","|","|move|p2a: Diancie|Moonblast|p1a: Spilt Coffee","|-damage|p1a: Spilt Coffee|1/304","|-unboost|p1a: Spilt Coffee|spa|1","|move|p1a: Spilt Coffee|Hydro Pump|p2a: Diancie","|-supereffective|p2a: Diancie","|-damage|p2a: Diancie|89/241","|","|-heal|p1a: Spilt Coffee|20/304|[from] item: Leftovers","|turn|19","|","|move|p2a: Diancie|Moonblast|p1a: Spilt Coffee","|-damage|p1a: Spilt Coffee|0 fnt","|faint|p1a: Spilt Coffee","|","|","|switch|p1a: Fighting/Electric|Electivire, M|291/291","|turn|20","|","|move|p2a: Diancie|Protect|p2a: Diancie","|-singleturn|p2a: Diancie|Protect","|move|p1a: Fighting/Electric|Ice Punch|p2a: Diancie","|-activate|p2a: Diancie|Protect","|","|turn|21","|","|switch|p1a: Ricky Suave|Thundurus, M|299/299","|move|p2a: Diancie|Earth Power|p1a: Ricky Suave","|-immune|p1a: Ricky Suave|[msg]","|","|turn|22","|","|move|p2a: Diancie|Protect|p2a: Diancie","|-singleturn|p2a: Diancie|Protect","|move|p1a: Ricky Suave|Volt Switch|p2a: Diancie","|-activate|p2a: Diancie|Protect","|","|turn|23","|","|move|p1a: Ricky Suave|Volt Switch|p2a: Diancie","|-damage|p2a: Diancie|0 fnt","|-damage|p1a: Ricky Suave|270/299|[from] item: Life Orb","|faint|p2a: Diancie","|","|switch|p1a: Fighting/Electric|Electivire, M|291/291","|","|","|switch|p2a: Aerodactyl|Aerodactyl, M|301/301","|-ability|p2a: Aerodactyl|Pressure","|turn|24","|","|switch|p1a: Ricky Suave|Thundurus, M|270/299","|move|p2a: Aerodactyl|Earthquake|p1a: Ricky Suave","|-immune|p1a: Ricky Suave|[msg]","|","|turn|25","|","|move|p2a: Aerodactyl|Stone Edge|p1a: Ricky Suave","|-supereffective|p1a: Ricky Suave","|-damage|p1a: Ricky Suave|0 fnt","|-damage|p2a: Aerodactyl|271/301|[from] item: Life Orb","|faint|p1a: Ricky Suave","|","|","|switch|p1a: Fighting/Electric|Electivire, M|291/291","|turn|26","|","|move|p1a: Fighting/Electric|Wild Charge|p2a: Aerodactyl","|-supereffective|p2a: Aerodactyl","|-damage|p2a: Aerodactyl|0 fnt","|-damage|p1a: Fighting/Electric|223/291|[from] recoil|[of] p2a: Aerodactyl","|faint|p2a: Aerodactyl","|","|","|switch|p2a: Omastar|Omastar, M|281/281","|turn|27","|","|move|p1a: Fighting/Electric|Wild Charge|p2a: Omastar","|-supereffective|p2a: Omastar","|-damage|p2a: Omastar|33/281","|-damage|p1a: Fighting/Electric|161/291|[from] recoil|[of] p2a: Omastar","|move|p2a: Omastar|Scald|p1a: Fighting/Electric","|-damage|p1a: Fighting/Electric|0 fnt","|faint|p1a: Fighting/Electric","|","|win|Rain Hoot"],"p1rating":{"entryid":"114352","serverid":"eos","formatid":"monotype","userid":"voidwho","username":"Void Who","w":"4","l":4,"t":"0","gxe":49.7,"r":"1505.6842003102","rd":"98.904499110352","sigma":"0","rptime":"1440234000","rpr":1497.3189220233,"rprd":92.310157241326,"rpsigma":"0","acre":1082.6842551879,"lacre":1082.6842551879,"oldacre":"1109.1006069764"},"p2rating":{"entryid":"129353","serverid":"eos","formatid":"monotype","userid":"rainhoot","username":"Rain Hoot","w":10,"l":"12","t":"0","gxe":48.7,"r":"1475.6523826586","rd":"71.093233457809","sigma":"0","rptime":"1440234000","rpr":1490.1261103329,"rprd":69.78458730681,"rpsigma":"0","acre":1117.4929533203,"lacre":1117.4929533203,"oldacre":"1089.3958663885"},"endType":"normal"}