{"seed":[744,30852,18131,31885],"turns":32,"p1":"theace22","p2":"tboltrider","p1team":[{"name":"Gallade","species":"Gallade","item":"galladite","ability":"Steadfast","moves":["knockoff","shadowsneak","closecombat","swordsdance"],"nature":"Jolly","evs":{"hp":0,"atk":252,"def":0,"spa":0,"spd":8,"spe":248},"ivs":{"hp":31,"atk":31,"def":31,"spa":31,"spd":31,"spe":31}},{"name":"Mew","species":"Mew","item":"leftovers","ability":"Synchronize","moves":["willowisp","stealthrock","roost","defog"],"nature":"Impish","evs":{"hp":248,"atk":0,"def":64,"spa":0,"spd":196,"spe":0},"ivs":{"hp":31,"atk":31,"def":31,"spa":31,"spd":31,"spe":31}},{"name":"Hoopa-Unbound","species":"Hoopa-Unbound","item":"choicescarf","ability":"Magician","moves":["hyperspacefury","hyperspacehole","gunkshot","energyball"],"nature":"Hasty","evs":{"hp":0,"atk":180,"def":0,"spa":76,"spd":0,"spe":252},"ivs":{"hp":31,"atk":31,"def":31,"spa":31,"spd":31,"spe":31}},{"name":"Slowbro","species":"Slowbro","item":"rockyhelmet","ability":"Regenerator","moves":["slackoff","flamethrower","scald","thunderwave"],"nature":"Bold","evs":{"hp":252,"atk":0,"def":252,"spa":4,"spd":0,"spe":0},"ivs":{"hp":31,"atk":0,"def":31,"spa":31,"spd":31,"spe":31}},{"name":"Victini","species":"Victini","item":"choicescarf","ability":"Victory Star","moves":["blueflare","vcreate","boltstrike","uturn"],"nature":"Hasty","evs":{"hp":0,"atk":252,"def":0,"spa":4,"spd":0,"spe":252},"ivs":{"hp":31,"atk":31,"def":31,"spa":31,"spd":31,"spe":31}},{"name":"Gardevoir","species":"Gardevoir","item":"choicespecs","ability":"Trace","moves":["moonblast","psychic","energyball","trick"],"nature":"Modest","evs":{"hp":248,"atk":0,"def":0,"spa":252,"spd":8,"spe":0},"ivs":{"hp":31,"atk":31,"def":31,"spa":31,"spd":31,"spe":31}}],"p2team":[{"name":"Skarmory","species":"Skarmory","item":"rockyhelmet","ability":"Sturdy","moves":["roost","swordsdance","stealthrock","ironhead"],"nature":"Jolly","evs":{"hp":0,"atk":128,"def":0,"spa":0,"spd":248,"spe":132},"gender":"M","ivs":{"hp":31,"atk":31,"def":31,"spa":31,"spd":31,"spe":31}},{"name":"Togekiss","species":"Togekiss","item":"leftovers","ability":"Serene Grace","moves":["aurasphere","airslash","softboiled","thunderwave"],"nature":"Modest","evs":{"hp":0,"atk":0,"def":148,"spa":108,"spd":0,"spe":252},"gender":"F","ivs":{"hp":31,"atk":31,"def":31,"spa":31,"spd":31,"spe":31}},{"name":"Mandibuzz","species":"Mandibuzz","item":"leftovers","ability":"Overcoat","moves":["roost","defog","foulplay","taunt"],"nature":"Adamant","evs":{"hp":0,"atk":232,"def":0,"spa":0,"spd":156,"spe":120},"ivs":{"hp":31,"atk":31,"def":31,"spa":31,"spd":31,"spe":31}},{"name":"Gliscor","species":"Gliscor","item":"toxicorb","ability":"Poison Heal","moves":["earthquake","swordsdance","roost","facade"],"nature":"Careful","evs":{"hp":244,"atk":0,"def":8,"spa":0,"spd":200,"spe":56},"ivs":{"hp":31,"atk":31,"def":31,"spa":31,"spd":31,"spe":31}},{"name":"Thundurus","species":"Thundurus","item":"choicescarf","ability":"Prankster","moves":["thunderwave","thunderbolt","sludgewave","focusblast"],"nature":"Timid","evs":{"hp":0,"atk":0,"def":4,"spa":252,"spd":0,"spe":252},"ivs":{"hp":31,"atk":31,"def":31,"spa":31,"spd":31,"spe":31}},{"name":"Pidgeot","species":"Pidgeot","item":"pidgeotite","ability":"Big Pecks","moves":["heatwave","uturn","roost","hurricane"],"nature":"Timid","evs":{"hp":0,"atk":0,"def":4,"spa":252,"spd":0,"spe":252},"ivs":{"hp":31,"atk":31,"def":31,"spa":31,"spd":31,"spe":31}}],"log":["|player|p1|theace22|102","|player|p2|tboltrider|93","|gametype|singles","|gen|6","|tier|Monotype","|rated","|rule|Baton Pass Clause: Limit one Baton Passer, can't pass Spe and other stats simultaneously","|rule|Swagger Clause: Swagger is banned","|rule|Same Type Clause: Pokémon in a team must share a type","|clearpoke","|poke|p1|Gallade, M","|poke|p1|Mew","|poke|p1|Hoopa-Unbound","|poke|p1|Slowbro, M","|poke|p1|Victini","|poke|p1|Gardevoir, F","|poke|p2|Skarmory, M","|poke|p2|Togekiss, F","|poke|p2|Mandibuzz, F","|poke|p2|Gliscor, F","|poke|p2|Thundurus, M","|poke|p2|Pidgeot, F","|rule|Sleep Clause Mod: Limit one foe put to sleep","|rule|Species Clause: Limit one of each Pokémon","|rule|OHKO Clause: OHKO moves are banned","|rule|Moody Clause: Moody is banned","|rule|Evasion Moves Clause: Evasion moves are banned","|rule|Endless Battle Clause: Forcing endless battles is banned","|rule|HP Percentage Mod: HP is shown in percentages","|teampreview","|","|start","|switch|p1a: Gardevoir|Gardevoir, F|339/339","|switch|p2a: Skarmory|Skarmory, M|271/271","|-ability|p1a: Gardevoir|Sturdy|[from] ability: Trace|[of] p2a: Skarmory","|turn|1","|","|move|p2a: Skarmory|Iron Head|p1a: Gardevoir","|-crit|p1a: Gardevoir","|-supereffective|p1a: Gardevoir","|-ability|p1a: Gardevoir|Sturdy","|-damage|p1a: Gardevoir|1/339","|move|p1a: Gardevoir|Moonblast|p2a: Skarmory","|-resisted|p2a: Skarmory","|-damage|p2a: Skarmory|129/271","|","|turn|2","|","|switch|p1a: Mew|Mew|403/403","|move|p2a: Skarmory|Iron Head|p1a: Mew","|-damage|p1a: Mew|330/403","|","|-heal|p1a: Mew|355/403|[from] item: Leftovers","|turn|3","|","|move|p1a: Mew|Stealth Rock|p2a: Skarmory","|-sidestart|p2: tboltrider|move: Stealth Rock","|move|p2a: Skarmory|Roost|p2a: Skarmory","|-heal|p2a: Skarmory|265/271","|","|-heal|p1a: Mew|380/403|[from] item: Leftovers","|turn|4","|","|move|p1a: Mew|Will-O-Wisp|p2a: Skarmory","|-status|p2a: Skarmory|brn","|move|p2a: Skarmory|Swords Dance|p2a: Skarmory","|-boost|p2a: Skarmory|atk|2","|","|-heal|p1a: Mew|403/403|[from] item: Leftovers","|-damage|p2a: Skarmory|232/271 brn|[from] brn","|turn|5","|","|switch|p1a: Victini|Victini|341/341","|move|p2a: Skarmory|Iron Head|p1a: Victini","|-resisted|p1a: Victini","|-damage|p1a: Victini|289/341","|","|-damage|p2a: Skarmory|199/271 brn|[from] brn","|turn|6","|","|move|p1a: Victini|Blue Flare|p2a: Skarmory","|-supereffective|p2a: Skarmory","|-damage|p2a: Skarmory|0 fnt","|faint|p2a: Skarmory","|","|","|switch|p2a: Mandibuzz|Mandibuzz, F|361/361","|-damage|p2a: Mandibuzz|271/361|[from] Stealth Rock","|turn|7","|","|move|p1a: Victini|Blue Flare|p2a: Mandibuzz","|-damage|p2a: Mandibuzz|142/361","|move|p2a: Mandibuzz|Defog|p1a: Victini","|-unboost|p1a: Victini|evasion|1","|-sideend|p2: tboltrider|Stealth Rock|[from] move: Defog|[of] p2a: Mandibuzz","|","|-heal|p2a: Mandibuzz|164/361|[from] item: Leftovers","|turn|8","|","|switch|p1a: Gardevoir|Gardevoir, F|1/339","|-ability|p1a: Gardevoir|Overcoat|[from] ability: Trace|[of] p2a: Mandibuzz","|move|p2a: Mandibuzz|Foul Play|p1a: Gardevoir","|-damage|p1a: Gardevoir|0 fnt","|faint|p1a: Gardevoir","|","|-heal|p2a: Mandibuzz|186/361|[from] item: Leftovers","|","|switch|p1a: Victini|Victini|289/341","|turn|9","|","|move|p1a: Victini|V-create|p2a: Mandibuzz","|-damage|p2a: Mandibuzz|0 fnt","|-unboost|p1a: Victini|spe|1","|-unboost|p1a: Victini|def|1","|-unboost|p1a: Victini|spd|1","|faint|p2a: Mandibuzz","|","|","|switch|p2a: Gliscor|Gliscor, F|352/352","|turn|10","|","|switch|p1a: Mew|Mew|403/403","|move|p2a: Gliscor|Earthquake|p1a: Mew","|-damage|p1a: Mew|313/403","|","|-heal|p1a: Mew|338/403|[from] item: Leftovers","|-status|p2a: Gliscor|tox|[from] item: Toxic Orb","|turn|11","|","|move|p2a: Gliscor|Swords Dance|p2a: Gliscor","|-boost|p2a: Gliscor|atk|2","|move|p1a: Mew|Stealth Rock|p2a: Gliscor","|-sidestart|p2: tboltrider|move: Stealth Rock","|","|-heal|p1a: Mew|363/403|[from] item: Leftovers","|turn|12","|","|switch|p1a: Slowbro|Slowbro, M|394/394","|move|p2a: Gliscor|Facade|p1a: Slowbro","|-damage|p1a: Slowbro|243/394","|-damage|p2a: Gliscor|294/352 tox|[from] item: Rocky Helmet|[of] p1a: Slowbro","|","|-heal|p2a: Gliscor|338/352 tox|[from] ability: Poison Heal","|turn|13","|","|move|p2a: Gliscor|Swords Dance|p2a: Gliscor","|-boost|p2a: Gliscor|atk|2","|move|p1a: Slowbro|Scald|p2a: Gliscor","|-supereffective|p2a: Gliscor","|-damage|p2a: Gliscor|180/352 tox","|","|-heal|p2a: Gliscor|224/352 tox|[from] ability: Poison Heal","|turn|14","|","|move|p2a: Gliscor|Swords Dance|p2a: Gliscor","|-boost|p2a: Gliscor|atk|2","|move|p1a: Slowbro|Scald|p2a: Gliscor","|-supereffective|p2a: Gliscor","|-damage|p2a: Gliscor|38/352 tox","|","|-heal|p2a: Gliscor|82/352 tox|[from] ability: Poison Heal","|turn|15","|","|move|p2a: Gliscor|Roost|p2a: Gliscor","|-heal|p2a: Gliscor|258/352 tox","|move|p1a: Slowbro|Scald|p2a: Gliscor","|-crit|p2a: Gliscor","|-supereffective|p2a: Gliscor","|-damage|p2a: Gliscor|16/352 tox","|","|-heal|p2a: Gliscor|60/352 tox|[from] ability: Poison Heal","|turn|16","|","|switch|p1a: Victini|Victini|289/341","|move|p2a: Gliscor|Facade|p1a: Victini","|-damage|p1a: Victini|0 fnt","|faint|p1a: Victini","|","|-heal|p2a: Gliscor|104/352 tox|[from] ability: Poison Heal","|","|switch|p1a: Hoopa-Unbound|Hoopa-Unbound|301/301","|turn|17","|","|move|p1a: Hoopa-Unbound|Hyperspace Fury|p2a: Gliscor","|-damage|p2a: Gliscor|0 fnt","|-unboost|p1a: Hoopa-Unbound|def|1","|faint|p2a: Gliscor","|","|","|switch|p2a: Togekiss|Togekiss, F|311/311","|-damage|p2a: Togekiss|234/311|[from] Stealth Rock","|turn|18","|","|switch|p1a: Mew|Mew|363/403","|move|p2a: Togekiss|Air Slash|p1a: Mew","|-damage|p1a: Mew|251/403","|","|-heal|p2a: Togekiss|253/311|[from] item: Leftovers","|-heal|p1a: Mew|276/403|[from] item: Leftovers","|turn|19","|","|move|p2a: Togekiss|Air Slash|p1a: Mew","|-damage|p1a: Mew|168/403","|cant|p1a: Mew|flinch","|","|-heal|p2a: Togekiss|272/311|[from] item: Leftovers","|-heal|p1a: Mew|193/403|[from] item: Leftovers","|turn|20","|","|move|p2a: Togekiss|Air Slash|p1a: Mew","|-damage|p1a: Mew|88/403","|cant|p1a: Mew|flinch","|","|-heal|p2a: Togekiss|291/311|[from] item: Leftovers","|-heal|p1a: Mew|113/403|[from] item: Leftovers","|turn|21","|","|move|p2a: Togekiss|Air Slash|p1a: Mew","|-damage|p1a: Mew|19/403","|cant|p1a: Mew|flinch","|","|-heal|p2a: Togekiss|310/311|[from] item: Leftovers","|-heal|p1a: Mew|44/403|[from] item: Leftovers","|turn|22","|","|move|p2a: Togekiss|Air Slash|p1a: Mew","|-damage|p1a: Mew|0 fnt","|faint|p1a: Mew","|","|-heal|p2a: Togekiss|311/311|[from] item: Leftovers","|","|switch|p1a: Hoopa-Unbound|Hoopa-Unbound|301/301","|turn|23","|","|move|p1a: Hoopa-Unbound|Gunk Shot|p2a: Togekiss|[miss]","|-miss|p1a: Hoopa-Unbound|p2a: Togekiss","|move|p2a: Togekiss|Air Slash|p1a: Hoopa-Unbound","|-damage|p1a: Hoopa-Unbound|205/301","|","|turn|24","|","|move|p1a: Hoopa-Unbound|Gunk Shot|p2a: Togekiss|[miss]","|-miss|p1a: Hoopa-Unbound|p2a: Togekiss","|move|p2a: Togekiss|Thunder Wave|p1a: Hoopa-Unbound","|-status|p1a: Hoopa-Unbound|par","|","|turn|25","|","|move|p2a: Togekiss|Air Slash|p1a: Hoopa-Unbound","|-damage|p1a: Hoopa-Unbound|108/301 par","|move|p1a: Hoopa-Unbound|Gunk Shot|p2a: Togekiss","|-supereffective|p2a: Togekiss","|-damage|p2a: Togekiss|23/311","|","|-heal|p2a: Togekiss|42/311|[from] item: Leftovers","|turn|26","|","|move|p2a: Togekiss|Air Slash|p1a: Hoopa-Unbound","|-damage|p1a: Hoopa-Unbound|0 fnt","|faint|p1a: Hoopa-Unbound","|","|-heal|p2a: Togekiss|61/311|[from] item: Leftovers","|","|switch|p1a: Gallade|Gallade, M|277/277","|turn|27","|","|detailschange|p1a: Gallade|Gallade-Mega, M","|-mega|p1a: Gallade|Gallade|Galladite","|move|p1a: Gallade|Knock Off|p2a: Togekiss","|-resisted|p2a: Togekiss","|-damage|p2a: Togekiss|3/311","|-enditem|p2a: Togekiss|Leftovers|[from] move: Knock Off|[of] p1a: Gallade","|move|p2a: Togekiss|Air Slash|p1a: Gallade|[miss]","|-miss|p2a: Togekiss|p1a: Gallade","|","|turn|28","|","|move|p1a: Gallade|Shadow Sneak|p2a: Togekiss","|-damage|p2a: Togekiss|0 fnt","|faint|p2a: Togekiss","|","|","|switch|p2a: Pidgeot|Pidgeot, F|307/307","|-damage|p2a: Pidgeot|231/307|[from] Stealth Rock","|turn|29","|","|detailschange|p2a: Pidgeot|Pidgeot-Mega, F","|-mega|p2a: Pidgeot|Pidgeot|Pidgeotite","|move|p1a: Gallade|Close Combat|p2a: Pidgeot","|-damage|p2a: Pidgeot|0 fnt","|-unboost|p1a: Gallade|def|1","|-unboost|p1a: Gallade|spd|1","|faint|p2a: Pidgeot","|","|","|switch|p2a: Thundurus|Thundurus, M|299/299","|-damage|p2a: Thundurus|225/299|[from] Stealth Rock","|turn|30","|","|switch|p1a: Slowbro|Slowbro, M|374/394","|move|p2a: Thundurus|Thunderbolt|p1a: Slowbro","|-supereffective|p1a: Slowbro","|-damage|p1a: Slowbro|0 fnt","|faint|p1a: Slowbro","|","|","|switch|p1a: Gallade|Gallade-Mega, M|277/277","|turn|31","|","|move|p2a: Thundurus|Thunderbolt|p1a: Gallade","|-damage|p1a: Gallade|136/277","|move|p1a: Gallade|Knock Off|p2a: Thundurus","|-damage|p2a: Thundurus|32/299","|-enditem|p2a: Thundurus|Choice Scarf|[from] move: Knock Off|[of] p1a: Gallade","|","|turn|32","|","|move|p1a: Gallade|Shadow Sneak|p2a: Thundurus","|-damage|p2a: Thundurus|0 fnt","|faint|p2a: Thundurus","|","|win|theace22"],"p1rating":{"entryid":"301730","serverid":"eos","formatid":"monotype","userid":"theace22","username":"theace22","w":7,"l":"0","t":"0","gxe":71.7,"r":"1500","rd":"130","sigma":"0","rptime":"1440234000","rpr":1681.4436179349,"rprd":95.733873382807,"rpsigma":"0","acre":1186.1173344307,"lacre":1186.1173344307,"oldacre":"1171.8852232878"},"p2rating":{"entryid":"11792","serverid":"eos","formatid":"monotype","userid":"tboltrider","username":"tboltrider","w":"9","l":18,"t":"0","gxe":37.6,"r":"1418.0188532775","rd":"65.237596453578","sigma":"0","rptime":"1440234000","rpr":1403.1588996217,"rprd":63.528331746174,"rpsigma":"0","acre":1005.0955261492,"lacre":1005.0955261492,"oldacre":"1011.7956309942"},"endType":"normal"}