{"seed":[56636,46404,51315,2845],"turns":25,"p1":"Neowulf","p2":"Alliance - Asurax","p1team":[{"name":"Gyarados","species":"Gyarados","item":"gyaradosite","ability":"Intimidate","moves":["dragondance","waterfall","earthquake","crunch"],"nature":"Jolly","evs":{"hp":0,"atk":252,"def":0,"spa":0,"spd":4,"spe":252},"ivs":{"hp":31,"atk":31,"def":31,"spa":31,"spd":31,"spe":31}},{"name":"Thundurus-Therian","species":"Thundurus-Therian","item":"choicescarf","ability":"Volt Absorb","moves":["sludgewave","thunderbolt","voltswitch","darkpulse"],"nature":"Timid","evs":{"hp":0,"atk":0,"def":0,"spa":252,"spd":4,"spe":252},"ivs":{"hp":31,"atk":31,"def":31,"spa":31,"spd":31,"spe":31}},{"name":"Landorus","species":"Landorus","item":"lifeorb","ability":"Sheer Force","moves":["earthpower","grassknot","psychic","gravity"],"nature":"Timid","evs":{"hp":0,"atk":0,"def":0,"spa":252,"spd":4,"spe":252},"ivs":{"hp":31,"atk":31,"def":31,"spa":31,"spd":31,"spe":31}},{"name":"Skarmory","species":"Skarmory","item":"leftovers","ability":"Sturdy","moves":["roost","ironhead","stealthrock","whirlwind"],"nature":"Impish","evs":{"hp":244,"atk":8,"def":232,"spa":0,"spd":0,"spe":24},"ivs":{"hp":31,"atk":31,"def":31,"spa":31,"spd":31,"spe":31}},{"name":"Mandibuzz","species":"Mandibuzz","item":"leftovers","ability":"Overcoat","moves":["roost","foulplay","toxic","defog"],"nature":"Careful","evs":{"hp":240,"atk":0,"def":16,"spa":0,"spd":252,"spe":0},"ivs":{"hp":31,"atk":31,"def":31,"spa":31,"spd":31,"spe":31}},{"name":"Hawlucha","species":"Hawlucha","item":"powerherb","ability":"Unburden","moves":["skyattack","highjumpkick","swordsdance","acrobatics"],"nature":"Jolly","evs":{"hp":0,"atk":252,"def":0,"spa":0,"spd":4,"spe":252},"ivs":{"hp":31,"atk":31,"def":31,"spa":31,"spd":31,"spe":31}}],"p2team":[{"name":"Hawlucha","species":"Hawlucha","item":"sitrusberry","ability":"Unburden","moves":["substitute","swordsdance","acrobatics","highjumpkick"],"nature":"Jolly","evs":{"hp":4,"atk":252,"def":0,"spa":0,"spd":0,"spe":252},"ivs":{"hp":29,"atk":31,"def":31,"spa":31,"spd":31,"spe":31}},{"name":"Breloom","species":"Breloom","item":"focussash","ability":"Technician","moves":["spore","swordsdance","bulletseed","machpunch"],"nature":"Adamant","evs":{"hp":0,"atk":252,"def":0,"spa":0,"spd":4,"spe":252},"ivs":{"hp":31,"atk":31,"def":31,"spa":31,"spd":31,"spe":31}},{"name":"Terrakion","species":"Terrakion","item":"choicescarf","ability":"Justified","moves":["closecombat","stoneedge","earthquake","ironhead"],"nature":"Jolly","evs":{"hp":0,"atk":252,"def":0,"spa":0,"spd":4,"spe":252},"ivs":{"hp":31,"atk":31,"def":31,"spa":31,"spd":31,"spe":31}},{"name":"Keldeo-Resolute","species":"Keldeo-Resolute","item":"choicespecs","ability":"Justified","moves":["scald","hydropump","secretsword","icywind"],"nature":"Timid","evs":{"hp":0,"atk":0,"def":0,"spa":252,"spd":4,"spe":252},"ivs":{"hp":31,"atk":31,"def":31,"spa":31,"spd":31,"spe":31}},{"name":"Gallade","species":"Gallade","item":"galladite","ability":"Steadfast","moves":["swordsdance","drainpunch","knockoff","shadowsneak"],"nature":"Jolly","evs":{"hp":0,"atk":252,"def":0,"spa":0,"spd":4,"spe":252},"ivs":{"hp":31,"atk":31,"def":31,"spa":31,"spd":31,"spe":31}},{"name":"Infernape","species":"Infernape","item":"focussash","ability":"Blaze","moves":["fakeout","closecombat","fireblast","stealthrock"],"nature":"Hasty","evs":{"hp":0,"atk":252,"def":0,"spa":4,"spd":0,"spe":252},"ivs":{"hp":31,"atk":31,"def":31,"spa":31,"spd":31,"spe":31}}],"log":["|player|p1|Neowulf|143","|player|p2|Alliance - Asurax|allianceasurax.png","|gametype|singles","|gen|6","|tier|Monotype","|rated","|rule|Baton Pass Clause: Limit one Baton Passer, can't pass Spe and other stats simultaneously","|rule|Swagger Clause: Swagger is banned","|rule|Same Type Clause: Pokémon in a team must share a type","|clearpoke","|poke|p1|Gyarados, M","|poke|p1|Thundurus-Therian, M","|poke|p1|Landorus, M","|poke|p1|Skarmory, M","|poke|p1|Mandibuzz, F","|poke|p1|Hawlucha, M","|poke|p2|Hawlucha, F","|poke|p2|Breloom, M","|poke|p2|Terrakion","|poke|p2|Keldeo-Resolute","|poke|p2|Gallade, M","|poke|p2|Infernape, F","|rule|Sleep Clause Mod: Limit one foe put to sleep","|rule|Species Clause: Limit one of each Pokémon","|rule|OHKO Clause: OHKO moves are banned","|rule|Moody Clause: Moody is banned","|rule|Evasion Moves Clause: Evasion moves are banned","|rule|Endless Battle Clause: Forcing endless battles is banned","|rule|HP Percentage Mod: HP is shown in percentages","|teampreview","|","|start","|switch|p1a: Thundurus-Therian|Thundurus-Therian, M|299/299","|switch|p2a: Infernape|Infernape, F|293/293","|turn|1","|","|move|p2a: Infernape|Fake Out|p1a: Thundurus-Therian","|-damage|p1a: Thundurus-Therian|245/299","|cant|p1a: Thundurus-Therian|flinch","|","|turn|2","|","|move|p1a: Thundurus-Therian|Thunderbolt|p2a: Infernape","|-damage|p2a: Infernape|74/293","|move|p2a: Infernape|Stealth Rock|p1a: Thundurus-Therian","|-sidestart|p1: Neowulf|move: Stealth Rock","|","|turn|3","|","|move|p1a: Thundurus-Therian|Thunderbolt|p2a: Infernape","|-damage|p2a: Infernape|0 fnt","|faint|p2a: Infernape","|","|","|switch|p2a: Gallade|Gallade, M|277/277","|turn|4","|","|switch|p1a: Gyarados|Gyarados, M|331/331","|-damage|p1a: Gyarados|249/331|[from] Stealth Rock","|-ability|p1a: Gyarados|Intimidate","|-unboost|p2a: Gallade|atk|1","|detailschange|p2a: Gallade|Gallade-Mega, M","|-mega|p2a: Gallade|Gallade|Galladite","|move|p2a: Gallade|Knock Off|p1a: Gyarados","|-damage|p1a: Gyarados|167/331","|","|turn|5","|","|switch|p2a: Keldeo-Resolute|Keldeo-Resolute|323/323","|move|p1a: Gyarados|Waterfall|p2a: Keldeo-Resolute","|-resisted|p2a: Keldeo-Resolute","|-damage|p2a: Keldeo-Resolute|252/323","|","|turn|6","|","|move|p2a: Keldeo-Resolute|Scald|p1a: Gyarados","|-resisted|p1a: Gyarados","|-damage|p1a: Gyarados|54/331","|move|p1a: Gyarados|Dragon Dance|p1a: Gyarados","|-boost|p1a: Gyarados|atk|1","|-boost|p1a: Gyarados|spe|1","|","|turn|7","|","|detailschange|p1a: Gyarados|Gyarados-Mega, M","|-mega|p1a: Gyarados|Gyarados|Gyaradosite","|-ability|p1a: Gyarados|Mold Breaker","|move|p1a: Gyarados|Earthquake|p2a: Keldeo-Resolute","|-damage|p2a: Keldeo-Resolute|41/323","|move|p2a: Keldeo-Resolute|Scald|p1a: Gyarados","|-resisted|p1a: Gyarados","|-damage|p1a: Gyarados|0 fnt","|faint|p1a: Gyarados","|","|","|switch|p1a: Thundurus-Therian|Thundurus-Therian, M|245/299","|-damage|p1a: Thundurus-Therian|171/299|[from] Stealth Rock","|turn|8","|","|switch|p2a: Hawlucha|Hawlucha, F|296/296","|move|p1a: Thundurus-Therian|Volt Switch|p2a: Hawlucha","|-supereffective|p2a: Hawlucha","|-damage|p2a: Hawlucha|0 fnt","|faint|p2a: Hawlucha","|","|switch|p1a: Mandibuzz|Mandibuzz, F|421/421","|-damage|p1a: Mandibuzz|316/421|[from] Stealth Rock","|","|-heal|p1a: Mandibuzz|342/421|[from] item: Leftovers","|","|switch|p2a: Terrakion|Terrakion|323/323","|turn|9","|","|switch|p1a: Skarmory|Skarmory, M|332/332","|-damage|p1a: Skarmory|291/332|[from] Stealth Rock","|move|p2a: Terrakion|Stone Edge|p1a: Skarmory","|-damage|p1a: Skarmory|182/332","|","|-heal|p1a: Skarmory|202/332|[from] item: Leftovers","|turn|10","|","|move|p2a: Terrakion|Stone Edge|p1a: Skarmory|[miss]","|-miss|p2a: Terrakion|p1a: Skarmory","|move|p1a: Skarmory|Roost|p1a: Skarmory","|-heal|p1a: Skarmory|332/332","|","|turn|11","|","|move|p2a: Terrakion|Stone Edge|p1a: Skarmory","|-damage|p1a: Skarmory|236/332","|move|p1a: Skarmory|Iron Head|p2a: Terrakion","|-supereffective|p2a: Terrakion","|-damage|p2a: Terrakion|165/323","|","|-heal|p1a: Skarmory|256/332|[from] item: Leftovers","|turn|12","|","|switch|p2a: Gallade|Gallade-Mega, M|277/277","|move|p1a: Skarmory|Iron Head|p2a: Gallade","|-damage|p2a: Gallade|199/277","|","|-heal|p1a: Skarmory|276/332|[from] item: Leftovers","|turn|13","|","|move|p2a: Gallade|Swords Dance|p2a: Gallade","|-boost|p2a: Gallade|atk|2","|move|p1a: Skarmory|Whirlwind|p2a: Gallade","|drag|p2a: Keldeo-Resolute|Keldeo-Resolute|41/323","|","|-heal|p1a: Skarmory|296/332|[from] item: Leftovers","|turn|14","|","|switch|p1a: Landorus|Landorus, M|319/319","|-damage|p1a: Landorus|280/319|[from] Stealth Rock","|move|p2a: Keldeo-Resolute|Hydro Pump|p1a: Landorus","|-supereffective|p1a: Landorus","|-damage|p1a: Landorus|0 fnt","|faint|p1a: Landorus","|","|","|switch|p1a: Mandibuzz|Mandibuzz, F|342/421","|-damage|p1a: Mandibuzz|237/421|[from] Stealth Rock","|turn|15","|","|move|p2a: Keldeo-Resolute|Hydro Pump|p1a: Mandibuzz","|-damage|p1a: Mandibuzz|18/421","|move|p1a: Mandibuzz|Defog|p2a: Keldeo-Resolute","|-unboost|p2a: Keldeo-Resolute|evasion|1","|-sideend|p1: Neowulf|Stealth Rock|[from] move: Defog|[of] p1a: Mandibuzz","|","|-heal|p1a: Mandibuzz|44/421|[from] item: Leftovers","|turn|16","|","|move|p2a: Keldeo-Resolute|Hydro Pump|p1a: Mandibuzz","|-damage|p1a: Mandibuzz|0 fnt","|faint|p1a: Mandibuzz","|","|","|switch|p1a: Thundurus-Therian|Thundurus-Therian, M|171/299","|turn|17","|","|move|p1a: Thundurus-Therian|Volt Switch|p2a: Keldeo-Resolute","|-supereffective|p2a: Keldeo-Resolute","|-damage|p2a: Keldeo-Resolute|0 fnt","|faint|p2a: Keldeo-Resolute","|","|switch|p1a: Skarmory|Skarmory, M|296/332","|","|-heal|p1a: Skarmory|316/332|[from] item: Leftovers","|","|switch|p2a: Gallade|Gallade-Mega, M|199/277","|turn|18","|","|move|p2a: Gallade|Drain Punch|p1a: Skarmory","|-damage|p1a: Skarmory|225/332","|-heal|p2a: Gallade|245/277|[from] drain|[of] p1a: Skarmory","|move|p1a: Skarmory|Stealth Rock|p2a: Gallade","|-sidestart|p2: Alliance - Asurax|move: Stealth Rock","|","|-heal|p1a: Skarmory|245/332|[from] item: Leftovers","|turn|19","|","|move|p2a: Gallade|Swords Dance|p2a: Gallade","|-boost|p2a: Gallade|atk|2","|move|p1a: Skarmory|Iron Head|p2a: Gallade","|-damage|p2a: Gallade|157/277","|","|-heal|p1a: Skarmory|265/332|[from] item: Leftovers","|turn|20","|","|move|p2a: Gallade|Drain Punch|p1a: Skarmory","|-damage|p1a: Skarmory|75/332","|-heal|p2a: Gallade|252/277|[from] drain|[of] p1a: Skarmory","|move|p1a: Skarmory|Whirlwind|p2a: Gallade","|drag|p2a: Breloom|Breloom, M|261/261","|-damage|p2a: Breloom|245/261|[from] Stealth Rock","|","|-heal|p1a: Skarmory|95/332|[from] item: Leftovers","|turn|21","|","|move|p2a: Breloom|Spore|p1a: Skarmory","|-status|p1a: Skarmory|slp","|cant|p1a: Skarmory|slp","|","|-heal|p1a: Skarmory|115/332 slp|[from] item: Leftovers","|turn|22","|","|switch|p1a: Hawlucha|Hawlucha, M|297/297","|move|p2a: Breloom|Swords Dance|p2a: Breloom","|-boost|p2a: Breloom|atk|2","|","|turn|23","|","|move|p2a: Breloom|Mach Punch|p1a: Hawlucha","|-resisted|p1a: Hawlucha","|-damage|p1a: Hawlucha|150/297","|move|p1a: Hawlucha|Sky Attack|p2a: Breloom|[still]","|-prepare|p1a: Hawlucha|Sky Attack|p2a: Breloom","|-enditem|p1a: Hawlucha|Power Herb","|-anim|p1a: Hawlucha|Sky Attack|p2a: Breloom","|-supereffective|p2a: Breloom","|-damage|p2a: Breloom|0 fnt","|faint|p2a: Breloom","|","|","|switch|p2a: Gallade|Gallade-Mega, M|252/277","|-damage|p2a: Gallade|235/277|[from] Stealth Rock","|turn|24","|","|move|p2a: Gallade|Shadow Sneak|p1a: Hawlucha","|-damage|p1a: Hawlucha|76/297","|move|p1a: Hawlucha|Acrobatics|p2a: Gallade","|-supereffective|p2a: Gallade","|-damage|p2a: Gallade|0 fnt","|faint|p2a: Gallade","|","|","|switch|p2a: Terrakion|Terrakion|165/323","|-damage|p2a: Terrakion|145/323|[from] Stealth Rock","|turn|25","|","|move|p1a: Hawlucha|High Jump Kick|p2a: Terrakion","|-supereffective|p2a: Terrakion","|-damage|p2a: Terrakion|0 fnt","|faint|p2a: Terrakion","|","|win|Neowulf"],"p1rating":{"entryid":"94659","serverid":"eos","formatid":"monotype","userid":"neowulf","username":"Neowulf","w":9,"l":"3","t":"0","gxe":62.5,"r":"1518.6932685338","rd":"93.134498030713","sigma":"0","rptime":"1440234000","rpr":1599.0749694318,"rprd":83.315356745395,"rpsigma":"0","acre":1200.1950018999,"lacre":1200.1950018999,"oldacre":"1174.6759136118"},"p2rating":{"entryid":"36158","serverid":"eos","formatid":"monotype","userid":"allianceasurax","username":"Alliance - Asurax","w":"9","l":3,"t":"0","gxe":63.5,"r":"1632.2272590284","rd":"86.19713899567","sigma":"0","rptime":"1440234000","rpr":1606.8016810069,"rprd":84.064109098608,"rpsigma":"0","acre":1156.3718520326,"lacre":1156.3718520326,"oldacre":"1181.8909403207"},"endType":"normal"}