{"seed":[4623,10144,26793,37397],"turns":40,"p1":"Shining Yin","p2":"Silver LadyLaxus","p1team":[{"name":"Chansey","species":"Chansey","item":"eviolite","ability":"Natural Cure","moves":["thunderwave","softboiled","seismictoss","stealthrock"],"nature":"Bold","evs":{"hp":0,"atk":0,"def":252,"spa":0,"spd":252,"spe":4},"ivs":{"hp":31,"atk":0,"def":31,"spa":31,"spd":31,"spe":31}},{"name":"Porygon2","species":"Porygon2","item":"eviolite","ability":"Trace","moves":["icebeam","discharge","recover","thunderwave"],"nature":"Calm","evs":{"hp":248,"atk":0,"def":204,"spa":0,"spd":56,"spe":0},"ivs":{"hp":31,"atk":0,"def":31,"spa":31,"spd":31,"spe":31}},{"name":"Pidgeot","species":"Pidgeot","item":"pidgeotite","ability":"Keen Eye","moves":["hurricane","heatwave","defog","roost"],"nature":"Timid","evs":{"hp":0,"atk":0,"def":0,"spa":252,"spd":4,"spe":252},"ivs":{"hp":31,"atk":0,"def":31,"spa":31,"spd":31,"spe":31}},{"name":"Staraptor","species":"Staraptor","item":"choicescarf","ability":"Reckless","moves":["bravebird","uturn","doubleedge","closecombat"],"nature":"Jolly","evs":{"hp":0,"atk":252,"def":0,"spa":0,"spd":4,"spe":252},"ivs":{"hp":31,"atk":31,"def":31,"spa":31,"spd":31,"spe":31}},{"name":"Diggersby","species":"Diggersby","item":"choiceband","ability":"Huge Power","moves":["return","earthquake","knockoff","quickattack"],"nature":"Jolly","evs":{"hp":0,"atk":252,"def":0,"spa":0,"spd":4,"spe":252},"ivs":{"hp":31,"atk":31,"def":31,"spa":31,"spd":31,"spe":31}},{"name":"Heliolisk","species":"Heliolisk","item":"lifeorb","ability":"Dry Skin","moves":["grassknot","voltswitch","surf","focusblast"],"nature":"Timid","evs":{"hp":0,"atk":0,"def":0,"spa":252,"spd":4,"spe":252},"ivs":{"hp":31,"atk":31,"def":31,"spa":31,"spd":31,"spe":31}}],"p2team":[{"name":"Checkmate","species":"bisharp","item":"lumberry","ability":"Defiant","moves":["swordsdance","ironhead","suckerpunch","knockoff"],"nature":"Adamant","evs":{"hp":0,"atk":252,"def":0,"spa":0,"spd":4,"spe":252},"ivs":{"hp":31,"atk":31,"def":31,"spa":31,"spd":31,"spe":31}},{"name":"Gemz","species":"sableye","item":"sablenite","ability":"Prankster","moves":["willowisp","calmmind","darkpulse","recover"],"nature":"Bold","evs":{"hp":252,"atk":0,"def":252,"spa":0,"spd":4,"spe":0},"ivs":{"hp":31,"atk":31,"def":31,"spa":31,"spd":31,"spe":31}},{"name":"Sand Dargon","species":"tyranitar","item":"leftovers","ability":"Sand Stream","moves":["crunch","stoneedge","stealthrock","thunderwave"],"nature":"Adamant","evs":{"hp":252,"atk":252,"def":0,"spa":0,"spd":4,"spe":0},"ivs":{"hp":31,"atk":31,"def":31,"spa":31,"spd":31,"spe":31}},{"name":"Pebbles","species":"mandibuzz","item":"rockyhelmet","ability":"Overcoat","moves":["foulplay","roost","defog","toxic"],"nature":"Bold","evs":{"hp":248,"atk":0,"def":252,"spa":0,"spd":8,"spe":0},"ivs":{"hp":31,"atk":31,"def":31,"spa":31,"spd":31,"spe":31}},{"name":"Butter?","species":"crawdaunt","item":"brightpowder","ability":"Adaptability","moves":["swordsdance","crabhammer","aquajet","knockoff"],"nature":"Adamant","evs":{"hp":248,"atk":252,"def":0,"spa":0,"spd":8,"spe":0},"ivs":{"hp":31,"atk":31,"def":31,"spa":31,"spd":31,"spe":31}},{"name":"SUPRISE","species":"zoroark","item":"focussash","ability":"Illusion","moves":["nastyplot","nightdaze","counter","grassknot"],"nature":"Timid","evs":{"hp":0,"atk":0,"def":0,"spa":252,"spd":4,"spe":252},"ivs":{"hp":31,"atk":31,"def":31,"spa":31,"spd":31,"spe":31}}],"log":["|player|p1|Shining Yin|277","|player|p2|Silver LadyLaxus|100","|gametype|singles","|gen|6","|tier|Monotype","|rated","|rule|Baton Pass Clause: Limit one Baton Passer, can't pass Spe and other stats simultaneously","|rule|Swagger Clause: Swagger is banned","|rule|Same Type Clause: Pokémon in a team must share a type","|clearpoke","|poke|p1|Chansey, F","|poke|p1|Porygon2","|poke|p1|Pidgeot, M","|poke|p1|Staraptor, F","|poke|p1|Diggersby, M","|poke|p1|Heliolisk, M","|poke|p2|Bisharp, F","|poke|p2|Sableye, F","|poke|p2|Tyranitar, F","|poke|p2|Mandibuzz, F","|poke|p2|Crawdaunt, F","|poke|p2|Zoroark, F","|rule|Sleep Clause Mod: Limit one foe put to sleep","|rule|Species Clause: Limit one of each Pokémon","|rule|OHKO Clause: OHKO moves are banned","|rule|Moody Clause: Moody is banned","|rule|Evasion Moves Clause: Evasion moves are banned","|rule|Endless Battle Clause: Forcing endless battles is banned","|rule|HP Percentage Mod: HP is shown in percentages","|teampreview","|","|start","|switch|p1a: Pidgeot|Pidgeot, M|307/307","|switch|p2a: Butter?|Crawdaunt, F|261/261","|turn|1","|","|detailschange|p1a: Pidgeot|Pidgeot-Mega, M","|-mega|p1a: Pidgeot|Pidgeot|Pidgeotite","|move|p2a: Butter?|Night Daze|p1a: Pidgeot","|-damage|p1a: Pidgeot|121/307","|-unboost|p1a: Pidgeot|accuracy|1","|move|p1a: Pidgeot|Hurricane|p2a: Butter?","|-enditem|p2a: Butter?|Focus Sash","|replace|p2a: SUPRISE|Zoroark, F|261/261","|-damage|p2a: SUPRISE|1/261","|-start|p2a: SUPRISE|confusion","|","|turn|2","|","|switch|p1a: Chansey|Chansey, F|641/641","|-activate|p2a: SUPRISE|confusion","|-damage|p2a: SUPRISE|0 fnt|[from] confusion","|faint|p2a: SUPRISE","|","|","|switch|p2a: Sand Dargon|Tyranitar, F|404/404","|-weather|Sandstorm","|turn|3","|","|move|p2a: Sand Dargon|Thunder Wave|p1a: Chansey","|-status|p1a: Chansey|par","|move|p1a: Chansey|Stealth Rock|p2a: Sand Dargon","|-sidestart|p2: Silver LadyLaxus|move: Stealth Rock","|","|-weather|Sandstorm|[upkeep]","|-damage|p1a: Chansey|601/641 par|[from] sandstorm","|turn|4","|","|switch|p1a: Diggersby|Diggersby, M|311/311","|move|p2a: Sand Dargon|Stone Edge|p1a: Diggersby|[miss]","|-miss|p2a: Sand Dargon|p1a: Diggersby","|","|-weather|Sandstorm|[upkeep]","|turn|5","|","|switch|p2a: Pebbles|Mandibuzz, F|423/423","|-damage|p2a: Pebbles|318/423|[from] Stealth Rock","|move|p1a: Diggersby|Earthquake|p2a: Pebbles","|-immune|p2a: Pebbles|[msg]","|","|-weather|Sandstorm|[upkeep]","|turn|6","|","|switch|p1a: Heliolisk|Heliolisk, M|265/265","|move|p2a: Pebbles|Defog|p1a: Heliolisk","|-unboost|p1a: Heliolisk|evasion|1","|-sideend|p2: Silver LadyLaxus|Stealth Rock|[from] move: Defog|[of] p2a: Pebbles","|","|-weather|Sandstorm|[upkeep]","|-damage|p1a: Heliolisk|249/265|[from] sandstorm","|turn|7","|","|move|p1a: Heliolisk|Volt Switch|p2a: Pebbles","|-supereffective|p2a: Pebbles","|-damage|p2a: Pebbles|35/423","|-damage|p1a: Heliolisk|223/265|[from] item: Life Orb","|","|switch|p1a: Diggersby|Diggersby, M|311/311","|move|p2a: Pebbles|Roost|p2a: Pebbles","|-heal|p2a: Pebbles|247/423","|","|-weather|none","|turn|8","|","|switch|p2a: Gemz|Sableye, F|304/304","|move|p1a: Diggersby|Return|p2a: Gemz","|-immune|p2a: Gemz|[msg]","|","|turn|9","|","|switch|p1a: Pidgeot|Pidgeot-Mega, M|121/307","|move|p2a: Gemz|Calm Mind|p2a: Gemz","|-boost|p2a: Gemz|spa|1","|-boost|p2a: Gemz|spd|1","|","|turn|10","|","|detailschange|p2a: Gemz|Sableye-Mega, F","|-mega|p2a: Gemz|Sableye|Sablenite","|move|p2a: Gemz|Calm Mind|p2a: Gemz","|-boost|p2a: Gemz|spa|1","|-boost|p2a: Gemz|spd|1","|move|p1a: Pidgeot|Hurricane|p2a: Gemz","|-damage|p2a: Gemz|208/304","|","|turn|11","|","|move|p1a: Pidgeot|Hurricane|p2a: Gemz","|-damage|p2a: Gemz|123/304","|-start|p2a: Gemz|confusion","|-activate|p2a: Gemz|confusion","|-damage|p2a: Gemz|107/304|[from] confusion","|","|turn|12","|","|move|p1a: Pidgeot|Hurricane|p2a: Gemz","|-damage|p2a: Gemz|22/304","|-activate|p2a: Gemz|confusion","|move|p2a: Gemz|Recover|p2a: Gemz","|-heal|p2a: Gemz|174/304","|","|turn|13","|","|move|p1a: Pidgeot|Hurricane|p2a: Gemz","|-damage|p2a: Gemz|86/304","|-end|p2a: Gemz|confusion","|move|p2a: Gemz|Dark Pulse|p1a: Pidgeot","|-damage|p1a: Pidgeot|0 fnt","|faint|p1a: Pidgeot","|","|","|switch|p1a: Staraptor|Staraptor, F|311/311","|turn|14","|","|move|p1a: Staraptor|Brave Bird|p2a: Gemz","|-damage|p2a: Gemz|0 fnt","|-damage|p1a: Staraptor|283/311|[from] recoil|[of] p2a: Gemz","|faint|p2a: Gemz","|","|","|switch|p2a: Checkmate|Bisharp, F|271/271","|turn|15","|","|switch|p1a: Chansey|Chansey, F|601/641","|move|p2a: Checkmate|Sucker Punch|p1a: Chansey","|-fail|p2a: Checkmate","|","|turn|16","|","|move|p2a: Checkmate|Swords Dance|p2a: Checkmate","|-boost|p2a: Checkmate|atk|2","|move|p1a: Chansey|Thunder Wave|p2a: Checkmate","|-status|p2a: Checkmate|par","|-enditem|p2a: Checkmate|Lum Berry|[eat]","|-curestatus|p2a: Checkmate|par","|","|turn|17","|","|move|p2a: Checkmate|Knock Off|p1a: Chansey","|-damage|p1a: Chansey|117/641","|-enditem|p1a: Chansey|Eviolite|[from] move: Knock Off|[of] p2a: Checkmate","|move|p1a: Chansey|Thunder Wave|p2a: Checkmate","|-status|p2a: Checkmate|par","|","|turn|18","|","|move|p1a: Chansey|Soft-Boiled|p1a: Chansey","|-heal|p1a: Chansey|438/641","|move|p2a: Checkmate|Iron Head|p1a: Chansey","|-damage|p1a: Chansey|0 fnt","|faint|p1a: Chansey","|","|","|switch|p1a: Diggersby|Diggersby, M|311/311","|turn|19","|","|switch|p2a: Pebbles|Mandibuzz, F|247/423","|move|p1a: Diggersby|Earthquake|p2a: Pebbles","|-immune|p2a: Pebbles|[msg]","|","|turn|20","|","|switch|p1a: Heliolisk|Heliolisk, M|223/265","|move|p2a: Pebbles|Toxic|p1a: Heliolisk","|-status|p1a: Heliolisk|tox","|","|-damage|p1a: Heliolisk|207/265 tox|[from] psn","|turn|21","|","|switch|p2a: Sand Dargon|Tyranitar, F|404/404","|-weather|Sandstorm","|move|p1a: Heliolisk|Volt Switch|p2a: Sand Dargon","|-damage|p2a: Sand Dargon|307/404","|-damage|p1a: Heliolisk|181/265 tox|[from] item: Life Orb","|","|switch|p1a: Diggersby|Diggersby, M|311/311","|","|-weather|Sandstorm|[upkeep]","|-heal|p2a: Sand Dargon|332/404|[from] item: Leftovers","|turn|22","|","|switch|p2a: Pebbles|Mandibuzz, F|247/423","|move|p1a: Diggersby|Earthquake|p2a: Pebbles","|-immune|p2a: Pebbles|[msg]","|","|-weather|Sandstorm|[upkeep]","|turn|23","|","|switch|p1a: Heliolisk|Heliolisk, M|181/265 tox","|move|p2a: Pebbles|Roost|p2a: Pebbles","|-heal|p2a: Pebbles|423/423","|","|-weather|Sandstorm|[upkeep]","|-damage|p1a: Heliolisk|165/265 tox|[from] sandstorm","|-damage|p1a: Heliolisk|149/265 tox|[from] psn","|turn|24","|","|move|p1a: Heliolisk|Volt Switch|p2a: Pebbles","|-supereffective|p2a: Pebbles","|-damage|p2a: Pebbles|147/423","|-damage|p1a: Heliolisk|123/265 tox|[from] item: Life Orb","|","|switch|p1a: Staraptor|Staraptor, F|283/311","|move|p2a: Pebbles|Foul Play|p1a: Staraptor","|-damage|p1a: Staraptor|82/311","|","|-weather|Sandstorm|[upkeep]","|-damage|p1a: Staraptor|63/311|[from] sandstorm","|turn|25","|","|move|p1a: Staraptor|Close Combat|p2a: Pebbles","|-crit|p2a: Pebbles","|-damage|p2a: Pebbles|4/423","|-damage|p1a: Staraptor|12/311|[from] item: Rocky Helmet|[of] p2a: Pebbles","|-unboost|p1a: Staraptor|def|1","|-unboost|p1a: Staraptor|spd|1","|move|p2a: Pebbles|Roost|p2a: Pebbles","|-heal|p2a: Pebbles|216/423","|","|-weather|none","|turn|26","|","|switch|p1a: Porygon2|Porygon2|373/373","|-ability|p1a: Porygon2|Overcoat|[from] ability: Trace|[of] p2a: Pebbles","|move|p2a: Pebbles|Roost|p2a: Pebbles","|-heal|p2a: Pebbles|423/423","|","|turn|27","|","|switch|p2a: Checkmate|Bisharp, F|271/271 par","|move|p1a: Porygon2|Discharge|p2a: Checkmate","|-damage|p2a: Checkmate|191/271 par","|","|turn|28","|","|move|p1a: Porygon2|Discharge|p2a: Checkmate","|-damage|p2a: Checkmate|111/271 par","|move|p2a: Checkmate|Knock Off|p1a: Porygon2","|-damage|p1a: Porygon2|253/373","|-enditem|p1a: Porygon2|Eviolite|[from] move: Knock Off|[of] p2a: Checkmate","|","|turn|29","|","|move|p2a: Checkmate|Sucker Punch|p1a: Porygon2","|-damage|p1a: Porygon2|126/373","|move|p1a: Porygon2|Discharge|p2a: Checkmate","|-damage|p2a: Checkmate|20/271 par","|","|turn|30","|","|move|p2a: Checkmate|Sucker Punch|p1a: Porygon2","|-fail|p2a: Checkmate","|move|p1a: Porygon2|Recover|p1a: Porygon2","|-heal|p1a: Porygon2|313/373","|","|turn|31","|","|switch|p2a: Sand Dargon|Tyranitar, F|332/404","|-weather|Sandstorm","|move|p1a: Porygon2|Discharge|p2a: Sand Dargon","|-damage|p2a: Sand Dargon|289/404","|","|-weather|Sandstorm|[upkeep]","|-heal|p2a: Sand Dargon|314/404|[from] item: Leftovers","|turn|32","|","|switch|p1a: Staraptor|Staraptor, F|12/311","|move|p2a: Sand Dargon|Crunch|p1a: Staraptor","|-damage|p1a: Staraptor|0 fnt","|faint|p1a: Staraptor","|","|-weather|Sandstorm|[upkeep]","|-heal|p2a: Sand Dargon|339/404|[from] item: Leftovers","|","|switch|p1a: Diggersby|Diggersby, M|311/311","|turn|33","|","|switch|p2a: Checkmate|Bisharp, F|20/271 par","|move|p1a: Diggersby|Return|p2a: Checkmate","|-resisted|p2a: Checkmate","|-damage|p2a: Checkmate|0 fnt","|faint|p2a: Checkmate","|","|-weather|Sandstorm|[upkeep]","|","|switch|p2a: Butter?|Crawdaunt, F|329/329","|turn|34","|","|move|p2a: Butter?|Aqua Jet|p1a: Diggersby","|-supereffective|p1a: Diggersby","|-damage|p1a: Diggersby|83/311","|move|p1a: Diggersby|Return|p2a: Butter?","|-damage|p2a: Butter?|0 fnt","|faint|p2a: Butter?","|","|-weather|Sandstorm|[upkeep]","|","|switch|p2a: Sand Dargon|Tyranitar, F|339/404","|turn|35","|","|switch|p1a: Porygon2|Porygon2|313/373","|-ability|p1a: Porygon2|Sand Stream|[from] ability: Trace|[of] p2a: Sand Dargon","|move|p2a: Sand Dargon|Crunch|p1a: Porygon2","|-damage|p1a: Porygon2|169/373","|-unboost|p1a: Porygon2|def|1","|","|-weather|none","|-heal|p2a: Sand Dargon|364/404|[from] item: Leftovers","|turn|36","|","|move|p2a: Sand Dargon|Crunch|p1a: Porygon2","|-damage|p1a: Porygon2|0 fnt","|faint|p1a: Porygon2","|","|-heal|p2a: Sand Dargon|389/404|[from] item: Leftovers","|","|switch|p1a: Diggersby|Diggersby, M|83/311","|turn|37","|","|switch|p2a: Pebbles|Mandibuzz, F|423/423","|move|p1a: Diggersby|Earthquake|p2a: Pebbles","|-immune|p2a: Pebbles|[msg]","|","|turn|38","|","|switch|p1a: Heliolisk|Heliolisk, M|123/265 tox","|move|p2a: Pebbles|Foul Play|p1a: Heliolisk","|-damage|p1a: Heliolisk|26/265 tox","|","|-damage|p1a: Heliolisk|10/265 tox|[from] psn","|turn|39","|","|move|p1a: Heliolisk|Volt Switch|p2a: Pebbles","|-supereffective|p2a: Pebbles","|-damage|p2a: Pebbles|132/423","|-damage|p1a: Heliolisk|0 fnt|[from] item: Life Orb","|faint|p1a: Heliolisk","|move|p2a: Pebbles|Roost|p2a: Pebbles","|-heal|p2a: Pebbles|344/423","|","|","|switch|p1a: Diggersby|Diggersby, M|83/311","|turn|40","|","|win|Silver LadyLaxus"],"p1rating":{"entryid":"71235","serverid":"eos","formatid":"monotype","userid":"shiningyin","username":"Shining Yin","w":"42","l":23,"t":"0","gxe":62.1,"r":"1602.5384184487","rd":"46.548970627042","sigma":"0","rptime":"1440234000","rpr":1593.4307181996,"rprd":45.552574775789,"rpsigma":"0","acre":1101.0264169093,"lacre":1101.0264169093,"oldacre":"1132.5298365241"},"p2rating":{"entryid":"221665","serverid":"eos","formatid":"monotype","userid":"silverladylaxus","username":"Silver LadyLaxus","w":2,"l":"0","t":"0","gxe":60.6,"r":"1540.881883812","rd":"122.43462990656","sigma":"0","rptime":"1440234000","rpr":1585.6989399607,"rprd":115.80053136731,"rpsigma":"0","acre":1082.8635749323,"lacre":1082.8635749323,"oldacre":"1040.0233350616"},"endType":"forfeit"}