{"seed":[64919,14285,18018,59569],"turns":41,"p1":"Guard Quilluminati","p2":"Union L0rdMudkip","p1team":[{"name":"Archeops","species":"Archeops","item":"powerherb","ability":"Defeatist","moves":["acrobatics","heatwave","skyattack","stoneedge"],"nature":"Hasty","evs":{"hp":0,"atk":252,"def":0,"spa":4,"spd":0,"spe":252},"ivs":{"hp":31,"atk":31,"def":31,"spa":31,"spd":31,"spe":31}},{"name":"Omastar","species":"Omastar","item":"focussash","ability":"Shell Armor","moves":["scald","shellsmash","icebeam","earthpower"],"nature":"Modest","evs":{"hp":0,"atk":0,"def":0,"spa":252,"spd":4,"spe":252},"ivs":{"hp":31,"atk":31,"def":31,"spa":31,"spd":31,"spe":31}},{"name":"Cradily","species":"Cradily","item":"rockyhelmet","ability":"Storm Drain","moves":["gigadrain","stockpile","recover","toxic"],"nature":"Calm","evs":{"hp":44,"atk":0,"def":216,"spa":48,"spd":140,"spe":60},"ivs":{"hp":31,"atk":31,"def":31,"spa":31,"spd":31,"spe":31}},{"name":"Tyranitar","species":"Tyranitar","item":"assaultvest","ability":"Sand Stream","moves":["fireblast","crunch","earthquake","stoneedge"],"nature":"Naughty","evs":{"hp":248,"atk":236,"def":0,"spa":24,"spd":0,"spe":0},"ivs":{"hp":31,"atk":31,"def":31,"spa":31,"spd":31,"spe":31}},{"name":"Terrakion","species":"Terrakion","item":"choicescarf","ability":"Justified","moves":["closecombat","stoneedge","earthquake","ironhead"],"nature":"Jolly","evs":{"hp":4,"atk":252,"def":0,"spa":0,"spd":0,"spe":252},"ivs":{"hp":31,"atk":31,"def":31,"spa":31,"spd":31,"spe":31}},{"name":"Aggron","species":"Aggron","item":"aggronite","ability":"Sturdy","moves":["heavyslam","rest","sleeptalk","curse"],"nature":"Impish","evs":{"hp":252,"atk":0,"def":16,"spa":0,"spd":240,"spe":0},"ivs":{"hp":31,"atk":31,"def":31,"spa":31,"spd":31,"spe":31}}],"p2team":[{"name":"Gallade","species":"Gallade","item":"galladite","ability":"Justified","moves":["willowisp","bulkup","drainpunch","shadowsneak"],"nature":"Careful","evs":{"hp":252,"atk":0,"def":40,"spa":0,"spd":208,"spe":8},"shiny":true,"ivs":{"hp":31,"atk":31,"def":31,"spa":31,"spd":31,"spe":31}},{"name":"Hoopa-Unbound","species":"Hoopa-Unbound","item":"leftovers","ability":"Magician","moves":["darkpulse","psyshock","nastyplot","focusblast"],"nature":"Modest","evs":{"hp":252,"atk":0,"def":0,"spa":252,"spd":4,"spe":0},"ivs":{"hp":31,"atk":31,"def":31,"spa":31,"spd":31,"spe":31}},{"name":"Latias","species":"Latias","item":"leftovers","ability":"Levitate","moves":["tailwind","dragonpulse","defog","healingwish"],"nature":"Timid","evs":{"hp":252,"atk":0,"def":0,"spa":4,"spd":0,"spe":252},"ivs":{"hp":31,"atk":31,"def":31,"spa":31,"spd":31,"spe":31}},{"name":"Mew","species":"Mew","item":"leftovers","ability":"Synchronize","moves":["roost","stealthrock","willowisp","psychic"],"nature":"Calm","evs":{"hp":252,"atk":0,"def":0,"spa":4,"spd":252,"spe":0},"ivs":{"hp":31,"atk":31,"def":31,"spa":31,"spd":31,"spe":31}},{"name":"Jirachi","species":"Jirachi","item":"leftovers","ability":"Serene Grace","moves":["bodyslam","ironhead","firepunch","zenheadbutt"],"nature":"Adamant","evs":{"hp":224,"atk":252,"def":0,"spa":0,"spd":0,"spe":32},"ivs":{"hp":31,"atk":31,"def":31,"spa":31,"spd":31,"spe":31}},{"name":"Sigilyph","species":"Sigilyph","item":"flameorb","ability":"Magic Guard","moves":["psychoshift","roost","storedpower","cosmicpower"],"nature":"Calm","evs":{"hp":248,"atk":0,"def":0,"spa":8,"spd":252,"spe":0},"ivs":{"hp":31,"atk":31,"def":31,"spa":31,"spd":31,"spe":31}}],"log":["|player|p1|Guard Quilluminati|101","|player|p2|Union L0rdMudkip|unionl0rdmudkip.png","|gametype|singles","|gen|6","|tier|Monotype","|rated","|rule|Baton Pass Clause: Limit one Baton Passer, can't pass Spe and other stats simultaneously","|rule|Swagger Clause: Swagger is banned","|rule|Same Type Clause: Pokémon in a team must share a type","|clearpoke","|poke|p1|Archeops, M","|poke|p1|Omastar, F","|poke|p1|Cradily, M","|poke|p1|Tyranitar, M","|poke|p1|Terrakion","|poke|p1|Aggron, F","|poke|p2|Gallade, M, shiny","|poke|p2|Hoopa-Unbound","|poke|p2|Latias, F","|poke|p2|Mew","|poke|p2|Jirachi","|poke|p2|Sigilyph, F","|rule|Sleep Clause Mod: Limit one foe put to sleep","|rule|Species Clause: Limit one of each Pokémon","|rule|OHKO Clause: OHKO moves are banned","|rule|Moody Clause: Moody is banned","|rule|Evasion Moves Clause: Evasion moves are banned","|rule|Endless Battle Clause: Forcing endless battles is banned","|rule|HP Percentage Mod: HP is shown in percentages","|teampreview","|","|start","|switch|p1a: Tyranitar|Tyranitar, M|403/403","|switch|p2a: Mew|Mew|404/404","|-weather|Sandstorm","|turn|1","|","|switch|p1a: Cradily|Cradily, M|324/324","|move|p2a: Mew|Will-O-Wisp|p1a: Cradily|[miss]","|-miss|p2a: Mew|p1a: Cradily","|","|-weather|Sandstorm|[upkeep]","|-damage|p2a: Mew|379/404|[from] sandstorm","|-heal|p2a: Mew|404/404|[from] item: Leftovers","|turn|2","|","|switch|p1a: Terrakion|Terrakion|324/324","|move|p2a: Mew|Stealth Rock|p1a: Terrakion","|-sidestart|p1: Guard Quilluminati|move: Stealth Rock","|","|-weather|Sandstorm|[upkeep]","|-damage|p2a: Mew|379/404|[from] sandstorm","|-heal|p2a: Mew|404/404|[from] item: Leftovers","|turn|3","|","|switch|p1a: Aggron|Aggron, F|344/344","|-damage|p1a: Aggron|323/344|[from] Stealth Rock","|move|p2a: Mew|Will-O-Wisp|p1a: Aggron","|-status|p1a: Aggron|brn","|","|-weather|Sandstorm|[upkeep]","|-damage|p2a: Mew|379/404|[from] sandstorm","|-heal|p2a: Mew|404/404|[from] item: Leftovers","|-damage|p1a: Aggron|280/344 brn|[from] brn","|turn|4","|","|switch|p2a: Jirachi|Jirachi|397/397","|detailschange|p1a: Aggron|Aggron-Mega, F","|-mega|p1a: Aggron|Aggron|Aggronite","|move|p1a: Aggron|Rest|p1a: Aggron","|-status|p1a: Aggron|slp","|-heal|p1a: Aggron|344/344 slp|[silent]","|-status|p1a: Aggron|slp|[from] move: Rest","|","|-weather|Sandstorm|[upkeep]","|turn|5","|","|move|p2a: Jirachi|Fire Punch|p1a: Aggron","|-supereffective|p1a: Aggron","|-damage|p1a: Aggron|293/344 slp","|cant|p1a: Aggron|slp","|move|p1a: Aggron|Sleep Talk|p1a: Aggron","|move|p1a: Aggron|Rest|p1a: Aggron|[from]Sleep Talk","|-fail|p1a: Aggron","|","|-weather|none","|turn|6","|","|move|p2a: Jirachi|Fire Punch|p1a: Aggron","|-supereffective|p1a: Aggron","|-damage|p1a: Aggron|241/344 slp","|cant|p1a: Aggron|slp","|move|p1a: Aggron|Sleep Talk|p1a: Aggron","|move|p1a: Aggron|Curse|p1a: Aggron|[from]Sleep Talk","|-unboost|p1a: Aggron|spe|1","|-boost|p1a: Aggron|atk|1","|-boost|p1a: Aggron|def|1","|","|turn|7","|","|move|p2a: Jirachi|Iron Head|p1a: Aggron","|-resisted|p1a: Aggron","|-damage|p1a: Aggron|221/344 slp","|-curestatus|p1a: Aggron|slp","|cant|p1a: Aggron|flinch","|","|turn|8","|","|move|p2a: Jirachi|Body Slam|p1a: Aggron","|-crit|p1a: Aggron","|-resisted|p1a: Aggron","|-damage|p1a: Aggron|190/344","|-status|p1a: Aggron|par","|cant|p1a: Aggron|par","|","|turn|9","|","|move|p2a: Jirachi|Iron Head|p1a: Aggron","|-resisted|p1a: Aggron","|-damage|p1a: Aggron|172/344 par","|move|p1a: Aggron|Rest|p1a: Aggron","|-status|p1a: Aggron|slp","|-heal|p1a: Aggron|344/344 slp|[silent]","|-status|p1a: Aggron|slp|[from] move: Rest","|","|turn|10","|","|switch|p2a: Gallade|Gallade, M, shiny|340/340","|cant|p1a: Aggron|slp","|move|p1a: Aggron|Sleep Talk|p1a: Aggron","|move|p1a: Aggron|Rest|p1a: Aggron|[from]Sleep Talk","|-fail|p1a: Aggron","|","|turn|11","|","|detailschange|p2a: Gallade|Gallade-Mega, M, shiny","|-mega|p2a: Gallade|Gallade|Galladite","|move|p2a: Gallade|Bulk Up|p2a: Gallade","|-boost|p2a: Gallade|atk|1","|-boost|p2a: Gallade|def|1","|cant|p1a: Aggron|slp","|","|turn|12","|","|move|p2a: Gallade|Bulk Up|p2a: Gallade","|-boost|p2a: Gallade|atk|1","|-boost|p2a: Gallade|def|1","|-curestatus|p1a: Aggron|slp","|move|p1a: Aggron|Sleep Talk|p1a: Aggron","|-fail|p1a: Aggron","|","|turn|13","|","|move|p2a: Gallade|Will-O-Wisp|p1a: Aggron","|-status|p1a: Aggron|brn","|move|p1a: Aggron|Curse|p1a: Aggron","|-unboost|p1a: Aggron|spe|1","|-boost|p1a: Aggron|atk|1","|-boost|p1a: Aggron|def|1","|","|-damage|p1a: Aggron|301/344 brn|[from] brn","|turn|14","|","|move|p2a: Gallade|Bulk Up|p2a: Gallade","|-boost|p2a: Gallade|atk|1","|-boost|p2a: Gallade|def|1","|move|p1a: Aggron|Curse|p1a: Aggron","|-unboost|p1a: Aggron|spe|1","|-boost|p1a: Aggron|atk|1","|-boost|p1a: Aggron|def|1","|","|-damage|p1a: Aggron|258/344 brn|[from] brn","|turn|15","|","|move|p2a: Gallade|Bulk Up|p2a: Gallade","|-boost|p2a: Gallade|atk|1","|-boost|p2a: Gallade|def|1","|move|p1a: Aggron|Rest|p1a: Aggron","|-status|p1a: Aggron|slp","|-heal|p1a: Aggron|344/344 slp|[silent]","|-status|p1a: Aggron|slp|[from] move: Rest","|","|turn|16","|","|move|p2a: Gallade|Bulk Up|p2a: Gallade","|-boost|p2a: Gallade|atk|1","|-boost|p2a: Gallade|def|1","|cant|p1a: Aggron|slp","|move|p1a: Aggron|Sleep Talk|p1a: Aggron","|move|p1a: Aggron|Curse|p1a: Aggron|[from]Sleep Talk","|-unboost|p1a: Aggron|spe|1","|-boost|p1a: Aggron|atk|1","|-boost|p1a: Aggron|def|1","|","|turn|17","|","|move|p2a: Gallade|Bulk Up|p2a: Gallade","|-boost|p2a: Gallade|atk|1","|-boost|p2a: Gallade|def|1","|cant|p1a: Aggron|slp","|move|p1a: Aggron|Sleep Talk|p1a: Aggron","|move|p1a: Aggron|Curse|p1a: Aggron|[from]Sleep Talk","|-unboost|p1a: Aggron|spe|1","|-boost|p1a: Aggron|atk|1","|-boost|p1a: Aggron|def|1","|","|turn|18","|","|move|p2a: Gallade|Drain Punch|p1a: Aggron","|-supereffective|p1a: Aggron","|-damage|p1a: Aggron|250/344 slp","|-curestatus|p1a: Aggron|slp","|move|p1a: Aggron|Curse|p1a: Aggron","|-unboost|p1a: Aggron|spe|1","|-boost|p1a: Aggron|atk|1","|-boost|p1a: Aggron|def|1","|","|turn|19","|","|move|p2a: Gallade|Drain Punch|p1a: Aggron","|-supereffective|p1a: Aggron","|-damage|p1a: Aggron|165/344","|move|p1a: Aggron|Heavy Slam|p2a: Gallade","|-damage|p2a: Gallade|157/340","|","|turn|20","|","|move|p2a: Gallade|Drain Punch|p1a: Aggron","|-supereffective|p1a: Aggron","|-damage|p1a: Aggron|78/344","|-heal|p2a: Gallade|201/340|[from] drain|[of] p1a: Aggron","|move|p1a: Aggron|Rest|p1a: Aggron","|-status|p1a: Aggron|slp","|-heal|p1a: Aggron|344/344 slp|[silent]","|-status|p1a: Aggron|slp|[from] move: Rest","|","|turn|21","|","|move|p2a: Gallade|Drain Punch|p1a: Aggron","|-supereffective|p1a: Aggron","|-damage|p1a: Aggron|259/344 slp","|-heal|p2a: Gallade|244/340|[from] drain|[of] p1a: Aggron","|cant|p1a: Aggron|slp","|move|p1a: Aggron|Sleep Talk|p1a: Aggron","|move|p1a: Aggron|Curse|p1a: Aggron|[from]Sleep Talk","|","|turn|22","|","|move|p2a: Gallade|Drain Punch|p1a: Aggron","|-supereffective|p1a: Aggron","|-damage|p1a: Aggron|165/344 slp","|-heal|p2a: Gallade|291/340|[from] drain|[of] p1a: Aggron","|cant|p1a: Aggron|slp","|move|p1a: Aggron|Sleep Talk|p1a: Aggron","|move|p1a: Aggron|Curse|p1a: Aggron|[from]Sleep Talk","|","|turn|23","|","|move|p2a: Gallade|Drain Punch|p1a: Aggron","|-supereffective|p1a: Aggron","|-damage|p1a: Aggron|71/344 slp","|-heal|p2a: Gallade|338/340|[from] drain|[of] p1a: Aggron","|-curestatus|p1a: Aggron|slp","|move|p1a: Aggron|Rest|p1a: Aggron","|-status|p1a: Aggron|slp","|-heal|p1a: Aggron|344/344 slp|[silent]","|-status|p1a: Aggron|slp|[from] move: Rest","|","|turn|24","|","|move|p2a: Gallade|Drain Punch|p1a: Aggron","|-supereffective|p1a: Aggron","|-damage|p1a: Aggron|257/344 slp","|-heal|p2a: Gallade|340/340|[from] drain|[of] p1a: Aggron","|cant|p1a: Aggron|slp","|move|p1a: Aggron|Sleep Talk|p1a: Aggron","|move|p1a: Aggron|Heavy Slam|p2a: Gallade|[from]Sleep Talk","|-damage|p2a: Gallade|147/340","|","|turn|25","|","|move|p2a: Gallade|Drain Punch|p1a: Aggron","|-supereffective|p1a: Aggron","|-damage|p1a: Aggron|167/344 slp","|-heal|p2a: Gallade|192/340|[from] drain|[of] p1a: Aggron","|cant|p1a: Aggron|slp","|move|p1a: Aggron|Sleep Talk|p1a: Aggron","|move|p1a: Aggron|Heavy Slam|p2a: Gallade|[from]Sleep Talk","|-damage|p2a: Gallade|0 fnt","|faint|p2a: Gallade","|","|","|switch|p2a: Hoopa-Unbound|Hoopa-Unbound|364/364","|turn|26","|","|move|p2a: Hoopa-Unbound|Focus Blast|p1a: Aggron","|-supereffective|p1a: Aggron","|-damage|p1a: Aggron|0 fnt","|faint|p1a: Aggron","|","|","|switch|p1a: Tyranitar|Tyranitar, M|403/403","|-damage|p1a: Tyranitar|353/403|[from] Stealth Rock","|-weather|Sandstorm","|turn|27","|","|move|p2a: Hoopa-Unbound|Focus Blast|p1a: Tyranitar","|-supereffective|p1a: Tyranitar","|-damage|p1a: Tyranitar|0 fnt","|faint|p1a: Tyranitar","|","|-weather|Sandstorm|[upkeep]","|-damage|p2a: Hoopa-Unbound|342/364|[from] sandstorm","|-heal|p2a: Hoopa-Unbound|364/364|[from] item: Leftovers","|","|switch|p1a: Archeops|Archeops, M|291/291","|-damage|p1a: Archeops|219/291|[from] Stealth Rock","|turn|28","|","|switch|p2a: Mew|Mew|404/404","|move|p1a: Archeops|Sky Attack|p2a: Mew|[still]","|-prepare|p1a: Archeops|Sky Attack|p2a: Mew","|-enditem|p1a: Archeops|Power Herb","|-anim|p1a: Archeops|Sky Attack|p2a: Mew","|-damage|p2a: Mew|151/404","|","|-weather|Sandstorm|[upkeep]","|-damage|p2a: Mew|126/404|[from] sandstorm","|-heal|p2a: Mew|151/404|[from] item: Leftovers","|turn|29","|","|move|p1a: Archeops|Acrobatics|p2a: Mew","|-damage|p2a: Mew|0 fnt","|faint|p2a: Mew","|","|-weather|Sandstorm|[upkeep]","|","|switch|p2a: Latias|Latias, F|364/364","|turn|30","|","|move|p2a: Latias|Dragon Pulse|p1a: Archeops","|-damage|p1a: Archeops|119/291","|move|p1a: Archeops|Acrobatics|p2a: Latias","|-damage|p2a: Latias|261/364","|","|-weather|Sandstorm|[upkeep]","|-damage|p2a: Latias|239/364|[from] sandstorm","|-heal|p2a: Latias|261/364|[from] item: Leftovers","|turn|31","|","|move|p1a: Archeops|Acrobatics|p2a: Latias","|-damage|p2a: Latias|153/364","|move|p2a: Latias|Tailwind|p2a: Latias","|-sidestart|p2: Union L0rdMudkip|move: Tailwind","|","|-weather|none","|-heal|p2a: Latias|175/364|[from] item: Leftovers","|turn|32","|","|move|p2a: Latias|Dragon Pulse|p1a: Archeops","|-damage|p1a: Archeops|0 fnt","|faint|p1a: Archeops","|","|-heal|p2a: Latias|197/364|[from] item: Leftovers","|","|switch|p1a: Omastar|Omastar, F|281/281","|-damage|p1a: Omastar|246/281|[from] Stealth Rock","|turn|33","|","|move|p2a: Latias|Dragon Pulse|p1a: Omastar","|-damage|p1a: Omastar|108/281","|move|p1a: Omastar|Ice Beam|p2a: Latias","|-supereffective|p2a: Latias","|-damage|p2a: Latias|33/364","|-status|p2a: Latias|frz","|","|-heal|p2a: Latias|55/364 frz|[from] item: Leftovers","|turn|34","|","|switch|p2a: Jirachi|Jirachi|397/397","|move|p1a: Omastar|Ice Beam|p2a: Jirachi","|-crit|p2a: Jirachi","|-resisted|p2a: Jirachi","|-damage|p2a: Jirachi|311/397","|","|-heal|p2a: Jirachi|335/397|[from] item: Leftovers","|-sideend|p2: Union L0rdMudkip|move: Tailwind","|turn|35","|","|move|p2a: Jirachi|Iron Head|p1a: Omastar","|-damage|p1a: Omastar|3/281","|cant|p1a: Omastar|flinch","|","|-heal|p2a: Jirachi|359/397|[from] item: Leftovers","|turn|36","|","|move|p2a: Jirachi|Iron Head|p1a: Omastar","|-damage|p1a: Omastar|0 fnt","|faint|p1a: Omastar","|","|-heal|p2a: Jirachi|383/397|[from] item: Leftovers","|","|switch|p1a: Terrakion|Terrakion|324/324","|-damage|p1a: Terrakion|304/324|[from] Stealth Rock","|turn|37","|","|move|p1a: Terrakion|Earthquake|p2a: Jirachi","|-supereffective|p2a: Jirachi","|-damage|p2a: Jirachi|131/397","|move|p2a: Jirachi|Body Slam|p1a: Terrakion","|-resisted|p1a: Terrakion","|-damage|p1a: Terrakion|253/324","|-status|p1a: Terrakion|par","|","|-heal|p2a: Jirachi|155/397|[from] item: Leftovers","|turn|38","|","|move|p2a: Jirachi|Iron Head|p1a: Terrakion","|-supereffective|p1a: Terrakion","|-damage|p1a: Terrakion|0 fnt","|faint|p1a: Terrakion","|","|-heal|p2a: Jirachi|179/397|[from] item: Leftovers","|","|switch|p1a: Cradily|Cradily, M|324/324","|-damage|p1a: Cradily|284/324|[from] Stealth Rock","|turn|39","|","|move|p2a: Jirachi|Iron Head|p1a: Cradily","|-supereffective|p1a: Cradily","|-damage|p1a: Cradily|74/324","|-damage|p2a: Jirachi|113/397|[from] item: Rocky Helmet|[of] p1a: Cradily","|move|p1a: Cradily|Recover|p1a: Cradily","|-heal|p1a: Cradily|236/324","|","|-heal|p2a: Jirachi|137/397|[from] item: Leftovers","|turn|40","|","|move|p2a: Jirachi|Iron Head|p1a: Cradily","|-supereffective|p1a: Cradily","|-damage|p1a: Cradily|36/324","|-damage|p2a: Jirachi|71/397|[from] item: Rocky Helmet|[of] p1a: Cradily","|cant|p1a: Cradily|flinch","|","|-heal|p2a: Jirachi|95/397|[from] item: Leftovers","|turn|41","|","|move|p2a: Jirachi|Iron Head|p1a: Cradily","|-supereffective|p1a: Cradily","|-damage|p1a: Cradily|0 fnt","|-damage|p2a: Jirachi|29/397|[from] item: Rocky Helmet|[of] p1a: Cradily","|faint|p1a: Cradily","|","|win|Union L0rdMudkip"],"p1rating":{"entryid":"265729","serverid":"eos","formatid":"monotype","userid":"guardquilluminati","username":"Guard Quilluminati","w":"5","l":6,"t":"0","gxe":51.4,"r":"1503.227665704","rd":"90.735446016859","sigma":"0","rptime":"1440234000","rpr":1510.9801289945,"rprd":85.709612710787,"rpsigma":"0","acre":1096.6287521037,"lacre":1096.6287521037,"oldacre":"1123.0955266961"},"p2rating":{"entryid":"64393","serverid":"eos","formatid":"monotype","userid":"unionl0rdmudkip","username":"Union L0rdMudkip","w":4,"l":"0","t":"0","gxe":65.1,"r":"1599.4125475791","rd":"112.02875346162","sigma":"0","rptime":"1440234000","rpr":1622.9914209447,"rprd":107.32760288355,"rpsigma":"0","acre":1129.1544756685,"lacre":1129.1544756685,"oldacre":"1102.6877010761"},"endType":"normal"}