{"seed":[47526,29870,43953,17817],"turns":25,"p1":"Crystl Sabo","p2":"Professor♅ Gotenks","p1team":[{"name":"Poseidick","species":"heracross","item":"heracronite","ability":"Moxie","moves":["pinmissile","rockblast","substitute","focuspunch"],"nature":"Impish","evs":{"hp":236,"atk":0,"def":252,"spa":0,"spd":0,"spe":20},"shiny":true,"ivs":{"hp":31,"atk":31,"def":31,"spa":31,"spd":31,"spe":31}},{"name":"Mr.NiceFro","species":"keldeo","item":"choicescarf","ability":"Justified","moves":["hydropump","icywind","secretsword","hiddenpowergrass"],"nature":"Modest","evs":{"hp":0,"atk":0,"def":0,"spa":252,"spd":4,"spe":252},"ivs":{"hp":31,"atk":30,"def":31,"spa":30,"spd":31,"spe":31}},{"name":"Deus","species":"medicham","item":"choicescarf","ability":"Pure Power","moves":["highjumpkick","psychocut","poisonjab","icepunch"],"nature":"Adamant","evs":{"hp":0,"atk":252,"def":0,"spa":0,"spd":4,"spe":252},"shiny":true,"ivs":{"hp":31,"atk":31,"def":31,"spa":31,"spd":31,"spe":31}},{"name":"HotHead","species":"infernape","item":"choiceband","ability":"Blaze","moves":["flareblitz","closecombat","stoneedge","shadowclaw"],"nature":"Jolly","evs":{"hp":0,"atk":252,"def":0,"spa":0,"spd":4,"spe":252},"ivs":{"hp":31,"atk":31,"def":31,"spa":31,"spd":31,"spe":31}},{"name":"Deepthroat","species":"toxicroak","item":"lifeorb","ability":"Dry Skin","moves":["gunkshot","suckerpunch","drainpunch","swordsdance"],"nature":"Jolly","evs":{"hp":0,"atk":252,"def":0,"spa":0,"spd":0,"spe":252},"shiny":true,"ivs":{"hp":31,"atk":31,"def":31,"spa":31,"spd":31,"spe":31}},{"name":"Kobi","species":"cobalion","item":"leftovers","ability":"Justified","moves":["thunderwave","ironhead","stealthrock","voltswitch"],"nature":"Impish","evs":{"hp":252,"atk":0,"def":252,"spa":0,"spd":0,"spe":0},"ivs":{"hp":31,"atk":31,"def":31,"spa":31,"spd":31,"spe":31}}],"p2team":[{"name":"Beedrill","species":"Beedrill","item":"beedrillite","ability":"Swarm","moves":["fellstinger","poisonjab","drillrun","uturn"],"nature":"Jolly","evs":{"hp":0,"atk":252,"def":0,"spa":0,"spd":4,"spe":252},"shiny":true,"ivs":{"hp":31,"atk":31,"def":31,"spa":31,"spd":31,"spe":31}},{"name":"Toxicroak","species":"Toxicroak","item":"lifeorb","ability":"Poison Touch","moves":["drainpunch","poisonjab","fakeout","bulkup"],"nature":"Jolly","evs":{"hp":0,"atk":252,"def":0,"spa":0,"spd":4,"spe":252},"ivs":{"hp":31,"atk":31,"def":31,"spa":31,"spd":31,"spe":31}},{"name":"Gengar","species":"Gengar","item":"widelens","ability":"Levitate","moves":["dreameater","hypnosis","hex","venoshock"],"nature":"Timid","evs":{"hp":0,"atk":0,"def":0,"spa":252,"spd":4,"spe":252},"shiny":true,"ivs":{"hp":31,"atk":31,"def":31,"spa":31,"spd":31,"spe":31}},{"name":"Drapion","species":"Drapion","item":"blacksludge","ability":"Battle Armor","moves":["swordsdance","poisonjab","firefang","knockoff"],"nature":"Impish","evs":{"hp":4,"atk":252,"def":252,"spa":0,"spd":0,"spe":0},"shiny":true,"ivs":{"hp":31,"atk":31,"def":31,"spa":31,"spd":31,"spe":31}},{"name":"Dragalge","species":"Dragalge","item":"blacksludge","ability":"Poison Point","moves":["hiddenpowerfire","scald","toxicspikes","sludgebomb"],"nature":"Calm","evs":{"hp":4,"atk":0,"def":0,"spa":252,"spd":252,"spe":0},"ivs":{"hp":31,"atk":30,"def":31,"spa":30,"spd":31,"spe":30},"shiny":true},{"name":"Amoonguss","species":"Amoonguss","item":"blacksludge","ability":"Regenerator","moves":["hiddenpowerbug","worryseed","gigadrain","clearsmog"],"nature":"","ivs":{"hp":31,"atk":30,"def":30,"spa":31,"spd":30,"spe":31},"shiny":true,"evs":{"hp":0,"atk":0,"def":0,"spa":0,"spd":0,"spe":0}}],"log":["|player|p1|Crystl Sabo|crystlsabo.png","|player|p2|Professor♅ Gotenks|professorgotenks.png","|gametype|singles","|gen|6","|tier|Monotype","|rated","|rule|Baton Pass Clause: Limit one Baton Passer, can't pass Spe and other stats simultaneously","|rule|Swagger Clause: Swagger is banned","|rule|Same Type Clause: Pokémon in a team must share a type","|clearpoke","|poke|p1|Heracross, F, shiny","|poke|p1|Keldeo","|poke|p1|Medicham, M, shiny","|poke|p1|Infernape, F","|poke|p1|Toxicroak, M, shiny","|poke|p1|Cobalion","|poke|p2|Beedrill, F, shiny","|poke|p2|Toxicroak, M","|poke|p2|Gengar, F, shiny","|poke|p2|Drapion, M, shiny","|poke|p2|Dragalge, F, shiny","|poke|p2|Amoonguss, M, shiny","|rule|Sleep Clause Mod: Limit one foe put to sleep","|rule|Species Clause: Limit one of each Pokémon","|rule|OHKO Clause: OHKO moves are banned","|rule|Moody Clause: Moody is banned","|rule|Evasion Moves Clause: Evasion moves are banned","|rule|Endless Battle Clause: Forcing endless battles is banned","|rule|HP Percentage Mod: HP is shown in percentages","|teampreview","|","|start","|switch|p1a: Poseidick|Heracross, F, shiny|360/360","|switch|p2a: Dragalge|Dragalge, F, shiny|272/272","|turn|1","|","|switch|p1a: Kobi|Cobalion|386/386","|move|p2a: Dragalge|Toxic Spikes|p1a: Kobi","|-sidestart|p1: Crystl Sabo|move: Toxic Spikes","|","|turn|2","|","|move|p1a: Kobi|Stealth Rock|p2a: Dragalge","|-sidestart|p2: Professor♅ Gotenks|move: Stealth Rock","|move|p2a: Dragalge|Toxic Spikes|p1a: Kobi","|-sidestart|p1: Crystl Sabo|move: Toxic Spikes","|","|turn|3","|","|move|p1a: Kobi|Thunder Wave|p2a: Dragalge","|-status|p2a: Dragalge|par","|move|p2a: Dragalge|Hidden Power|p1a: Kobi","|-supereffective|p1a: Kobi","|-damage|p1a: Kobi|226/386","|","|-heal|p1a: Kobi|250/386|[from] item: Leftovers","|turn|4","|","|move|p1a: Kobi|Volt Switch|p2a: Dragalge","|-resisted|p2a: Dragalge","|-damage|p2a: Dragalge|257/272 par","|","|switch|p1a: Deepthroat|Toxicroak, M, shiny|307/307","|-sideend|p1: Crystl Sabo|move: Toxic Spikes|[of] p1a: Deepthroat","|move|p2a: Dragalge|Hidden Power|p1a: Deepthroat","|-damage|p1a: Deepthroat|195/307","|","|-heal|p2a: Dragalge|272/272 par|[from] item: Black Sludge","|turn|5","|","|switch|p1a: Kobi|Cobalion|250/386","|move|p2a: Dragalge|Hidden Power|p1a: Kobi","|-supereffective|p1a: Kobi","|-damage|p1a: Kobi|106/386","|","|-heal|p1a: Kobi|130/386|[from] item: Leftovers","|turn|6","|","|move|p1a: Kobi|Volt Switch|p2a: Dragalge","|-resisted|p2a: Dragalge","|-damage|p2a: Dragalge|258/272 par","|","|switch|p1a: Mr.NiceFro|Keldeo|323/323","|move|p2a: Dragalge|Hidden Power|p1a: Mr.NiceFro","|-resisted|p1a: Mr.NiceFro","|-damage|p1a: Mr.NiceFro|292/323","|","|-heal|p2a: Dragalge|272/272 par|[from] item: Black Sludge","|turn|7","|","|move|p1a: Mr.NiceFro|Icy Wind|p2a: Dragalge","|-supereffective|p2a: Dragalge","|-damage|p2a: Dragalge|184/272 par","|-unboost|p2a: Dragalge|spe|1","|move|p2a: Dragalge|Toxic Spikes|p1a: Mr.NiceFro","|-sidestart|p1: Crystl Sabo|move: Toxic Spikes","|","|-heal|p2a: Dragalge|201/272 par|[from] item: Black Sludge","|turn|8","|","|move|p1a: Mr.NiceFro|Icy Wind|p2a: Dragalge","|-miss|p1a: Mr.NiceFro|p2a: Dragalge","|move|p2a: Dragalge|Toxic Spikes|p1a: Mr.NiceFro","|-sidestart|p1: Crystl Sabo|move: Toxic Spikes","|","|-heal|p2a: Dragalge|218/272 par|[from] item: Black Sludge","|turn|9","|","|move|p1a: Mr.NiceFro|Icy Wind|p2a: Dragalge","|-supereffective|p2a: Dragalge","|-damage|p2a: Dragalge|128/272 par","|-unboost|p2a: Dragalge|spe|1","|move|p2a: Dragalge|Scald|p1a: Mr.NiceFro","|-resisted|p1a: Mr.NiceFro","|-damage|p1a: Mr.NiceFro|248/323","|","|-heal|p2a: Dragalge|145/272 par|[from] item: Black Sludge","|turn|10","|","|switch|p1a: Deepthroat|Toxicroak, M, shiny|195/307","|-sideend|p1: Crystl Sabo|move: Toxic Spikes|[of] p1a: Deepthroat","|move|p2a: Dragalge|Scald|p1a: Deepthroat","|-heal|p1a: Deepthroat|271/307|[from] ability: Dry Skin|[of] p2a: Dragalge","|","|-heal|p2a: Dragalge|162/272 par|[from] item: Black Sludge","|turn|11","|","|switch|p1a: Deus|Medicham, M, shiny|261/261","|switch|p2a: Amoonguss|Amoonguss, M, shiny|369/369","|-damage|p2a: Amoonguss|323/369|[from] Stealth Rock","|","|-heal|p2a: Amoonguss|346/369|[from] item: Black Sludge","|turn|12","|","|move|p1a: Deus|Psycho Cut|p2a: Amoonguss","|-supereffective|p2a: Amoonguss","|-damage|p2a: Amoonguss|0 fnt","|faint|p2a: Amoonguss","|","|","|switch|p2a: Gengar|Gengar, F, shiny|261/261","|-damage|p2a: Gengar|229/261|[from] Stealth Rock","|turn|13","|","|move|p1a: Deus|Psycho Cut|p2a: Gengar","|-supereffective|p2a: Gengar","|-damage|p2a: Gengar|0 fnt","|faint|p2a: Gengar","|","|","|switch|p2a: Drapion|Drapion, M, shiny|282/282","|-damage|p2a: Drapion|247/282|[from] Stealth Rock","|turn|14","|","|switch|p1a: Kobi|Cobalion|130/386","|move|p2a: Drapion|Swords Dance|p2a: Drapion","|-boost|p2a: Drapion|atk|2","|","|-heal|p1a: Kobi|154/386|[from] item: Leftovers","|-heal|p2a: Drapion|264/282|[from] item: Black Sludge","|turn|15","|","|move|p1a: Kobi|Thunder Wave|p2a: Drapion","|-status|p2a: Drapion|par","|move|p2a: Drapion|Knock Off|p1a: Kobi","|-resisted|p1a: Kobi","|-damage|p1a: Kobi|80/386","|-boost|p1a: Kobi|atk|1|[from] ability: Justified","|-enditem|p1a: Kobi|Leftovers|[from] move: Knock Off|[of] p2a: Drapion","|","|-heal|p2a: Drapion|281/282 par|[from] item: Black Sludge","|turn|16","|","|move|p1a: Kobi|Iron Head|p2a: Drapion","|-damage|p2a: Drapion|190/282 par","|move|p2a: Drapion|Swords Dance|p2a: Drapion","|-boost|p2a: Drapion|atk|2","|","|-heal|p2a: Drapion|207/282 par|[from] item: Black Sludge","|turn|17","|","|move|p1a: Kobi|Iron Head|p2a: Drapion","|-damage|p2a: Drapion|117/282 par","|cant|p2a: Drapion|par","|","|-heal|p2a: Drapion|134/282 par|[from] item: Black Sludge","|turn|18","|","|move|p1a: Kobi|Iron Head|p2a: Drapion","|-damage|p2a: Drapion|50/282 par","|cant|p2a: Drapion|par","|","|-heal|p2a: Drapion|67/282 par|[from] item: Black Sludge","|turn|19","|","|move|p1a: Kobi|Iron Head|p2a: Drapion","|-damage|p2a: Drapion|0 fnt","|faint|p2a: Drapion","|","|","|switch|p2a: Toxicroak|Toxicroak, M|307/307","|-damage|p2a: Toxicroak|288/307|[from] Stealth Rock","|turn|20","|","|move|p2a: Toxicroak|Fake Out|p1a: Kobi","|-resisted|p1a: Kobi","|-damage|p1a: Kobi|66/386","|-damage|p2a: Toxicroak|258/307|[from] item: Life Orb","|cant|p1a: Kobi|flinch","|","|turn|21","|","|move|p2a: Toxicroak|Drain Punch|p1a: Kobi","|-supereffective|p1a: Kobi","|-damage|p1a: Kobi|0 fnt","|-heal|p2a: Toxicroak|291/307|[from] drain|[of] p1a: Kobi","|-damage|p2a: Toxicroak|261/307|[from] item: Life Orb","|faint|p1a: Kobi","|","|","|switch|p1a: Deus|Medicham, M, shiny|261/261","|turn|22","|","|switch|p2a: Dragalge|Dragalge, F, shiny|162/272 par","|-damage|p2a: Dragalge|128/272 par|[from] Stealth Rock","|move|p1a: Deus|Psycho Cut|p2a: Dragalge","|-supereffective|p2a: Dragalge","|-damage|p2a: Dragalge|0 fnt","|faint|p2a: Dragalge","|","|","|switch|p2a: Toxicroak|Toxicroak, M|261/307","|-damage|p2a: Toxicroak|242/307|[from] Stealth Rock","|turn|23","|","|move|p2a: Toxicroak|Fake Out|p1a: Deus","|-damage|p1a: Deus|197/261","|-damage|p2a: Toxicroak|212/307|[from] item: Life Orb","|cant|p1a: Deus|flinch","|","|turn|24","|","|move|p1a: Deus|Psycho Cut|p2a: Toxicroak","|-supereffective|p2a: Toxicroak","|-damage|p2a: Toxicroak|0 fnt","|faint|p2a: Toxicroak","|","|","|switch|p2a: Beedrill|Beedrill, F, shiny|271/271","|-damage|p2a: Beedrill|204/271|[from] Stealth Rock","|turn|25","|","|detailschange|p2a: Beedrill|Beedrill-Mega, F, shiny","|-mega|p2a: Beedrill|Beedrill|Beedrillite","|move|p1a: Deus|Psycho Cut|p2a: Beedrill","|-supereffective|p2a: Beedrill","|-damage|p2a: Beedrill|0 fnt","|faint|p2a: Beedrill","|","|win|Crystl Sabo"],"p1rating":{"entryid":"307070","serverid":"eos","formatid":"monotype","userid":"crystlsabo","username":"Crystl Sabo","w":2,"l":"0","t":"0","gxe":58.5,"r":"1500","rd":"130","sigma":"0","rptime":"1440234000","rpr":1567.9334255907,"rprd":116.44086300643,"rpsigma":"0","acre":1071.9050835974,"lacre":1071.9050835974,"oldacre":"1040"},"p2rating":{"entryid":"1465","serverid":"eos","formatid":"monotype","userid":"professorgotenks","username":"Professor♅ Gotenks","w":"4","l":7,"t":"0","gxe":40.8,"r":"1444.6508551751","rd":"88.235381513229","sigma":"0","rptime":"1440234000","rpr":1427.8700351525,"rprd":85.947951723984,"rpsigma":"0","acre":1006.5684475975,"lacre":1006.5684475975,"oldacre":"1018.5655386359"},"endType":"normal"}