{"seed":[2631,43321,61558,1508],"turns":25,"p1":"Knight Applejack","p2":"LightOfAKnowing","p1team":[{"name":"Delibird","species":"Delibird","item":"choiceband","ability":"Hustle","moves":["aerialace","icepunch","iceshard","seedbomb"],"nature":"Jolly","evs":{"hp":0,"atk":252,"def":0,"spa":0,"spd":4,"spe":252},"ivs":{"hp":31,"atk":31,"def":31,"spa":31,"spd":31,"spe":31}},{"name":"Landorus-Therian","species":"Landorus-Therian","item":"choicescarf","ability":"Intimidate","moves":["earthquake","knockoff","stoneedge","uturn"],"nature":"Jolly","evs":{"hp":0,"atk":252,"def":0,"spa":0,"spd":4,"spe":252},"ivs":{"hp":31,"atk":31,"def":31,"spa":31,"spd":31,"spe":31}},{"name":"Aerodactyl","species":"Aerodactyl","item":"focussash","ability":"Rock Head","moves":["stealthrock","tailwind","taunt","stoneedge"],"nature":"Jolly","evs":{"hp":0,"atk":252,"def":0,"spa":0,"spd":0,"spe":252},"ivs":{"hp":31,"atk":31,"def":31,"spa":31,"spd":31,"spe":31}},{"name":"Mantine","species":"Mantine","item":"leftovers","ability":"Water Absorb","moves":["defog","scald","icebeam","toxic"],"nature":"Calm","evs":{"hp":252,"atk":0,"def":0,"spa":4,"spd":252,"spe":0},"ivs":{"hp":31,"atk":30,"def":30,"spa":31,"spd":31,"spe":31}},{"name":"Pidgeot","species":"Pidgeot","item":"pidgeotite","ability":"Keen Eye","moves":["hurricane","uturn","hiddenpowerice","heatwave"],"nature":"Timid","evs":{"hp":0,"atk":0,"def":0,"spa":252,"spd":4,"spe":252},"ivs":{"hp":31,"atk":30,"def":30,"spa":31,"spd":31,"spe":31}},{"name":"Salamence","species":"Salamence","item":"assaultvest","ability":"Intimidate","moves":["dracometeor","dragonclaw","flamethrower","earthquake"],"nature":"Hasty","evs":{"hp":0,"atk":252,"def":0,"spa":4,"spd":0,"spe":252},"ivs":{"hp":31,"atk":31,"def":31,"spa":31,"spd":31,"spe":31}}],"p2team":[{"name":"Exploud","species":"Exploud","item":"wiseglasses","ability":"Scrappy","moves":["boomburst","icebeam","flamethrower","shadowball"],"nature":"Modest","evs":{"hp":248,"atk":0,"def":0,"spa":252,"spd":8,"spe":0},"ivs":{"hp":31,"atk":31,"def":31,"spa":31,"spd":31,"spe":31}},{"name":"Chansey","species":"Chansey","item":"eviolite","ability":"Natural Cure","moves":["healbell","wish","toxic","seismictoss"],"nature":"Bold","evs":{"hp":248,"atk":0,"def":252,"spa":0,"spd":8,"spe":0},"ivs":{"hp":31,"atk":31,"def":31,"spa":31,"spd":31,"spe":31}},{"name":"Braviary","species":"Braviary","item":"choicescarf","ability":"Sheer Force","moves":["bravebird","rockslide","thrash","steelwing"],"nature":"Jolly","evs":{"hp":0,"atk":252,"def":0,"spa":0,"spd":4,"spe":252},"shiny":true,"ivs":{"hp":31,"atk":31,"def":31,"spa":31,"spd":31,"spe":31}},{"name":"Meloetta","species":"Meloetta","item":"assaultvest","ability":"Serene Grace","moves":["shadowball","psychic","energyball","hypervoice"],"nature":"Modest","evs":{"hp":248,"atk":0,"def":0,"spa":252,"spd":8,"spe":0},"ivs":{"hp":31,"atk":31,"def":31,"spa":31,"spd":31,"spe":31}},{"name":"Lopunny","species":"Lopunny","item":"lopunnite","ability":"Cute Charm","moves":["fakeout","drainpunch","frustration","icepunch"],"nature":"Jolly","evs":{"hp":0,"atk":252,"def":0,"spa":0,"spd":4,"spe":252},"happiness":0,"ivs":{"hp":31,"atk":31,"def":31,"spa":31,"spd":31,"spe":31}},{"name":"Bibarel","species":"Bibarel","item":"chestoberry","ability":"Simple","moves":["curse","superfang","waterfall","rest"],"nature":"Careful","evs":{"hp":248,"atk":8,"def":0,"spa":0,"spd":252,"spe":0},"ivs":{"hp":31,"atk":31,"def":31,"spa":31,"spd":31,"spe":31}}],"log":["|player|p1|Knight Applejack|27","|player|p2|LightOfAKnowing|lightofaknowing.gif","|gametype|singles","|gen|6","|tier|Monotype","|rated","|rule|Baton Pass Clause: Limit one Baton Passer, can't pass Spe and other stats simultaneously","|rule|Swagger Clause: Swagger is banned","|rule|Same Type Clause: Pokémon in a team must share a type","|clearpoke","|poke|p1|Delibird, F","|poke|p1|Landorus-Therian, M","|poke|p1|Aerodactyl, F","|poke|p1|Mantine, F","|poke|p1|Pidgeot, F","|poke|p1|Salamence, F","|poke|p2|Exploud, M","|poke|p2|Chansey, F","|poke|p2|Braviary, M, shiny","|poke|p2|Meloetta","|poke|p2|Lopunny, F","|poke|p2|Bibarel, F","|rule|Sleep Clause Mod: Limit one foe put to sleep","|rule|Species Clause: Limit one of each Pokémon","|rule|OHKO Clause: OHKO moves are banned","|rule|Moody Clause: Moody is banned","|rule|Evasion Moves Clause: Evasion moves are banned","|rule|Endless Battle Clause: Forcing endless battles is banned","|rule|HP Percentage Mod: HP is shown in percentages","|teampreview","|","|start","|switch|p1a: Pidgeot|Pidgeot, F|307/307","|switch|p2a: Lopunny|Lopunny, F|271/271","|turn|1","|","|switch|p1a: Landorus-Therian|Landorus-Therian, M|319/319","|-ability|p1a: Landorus-Therian|Intimidate","|-unboost|p2a: Lopunny|atk|1","|detailschange|p2a: Lopunny|Lopunny-Mega, F","|-mega|p2a: Lopunny|Lopunny|Lopunnite","|move|p2a: Lopunny|Fake Out|p1a: Landorus-Therian","|-damage|p1a: Landorus-Therian|262/319","|","|turn|2","|","|move|p1a: Landorus-Therian|U-turn|p2a: Lopunny","|-resisted|p2a: Lopunny","|-damage|p2a: Lopunny|222/271","|","|switch|p1a: Mantine|Mantine, F|334/334","|move|p2a: Lopunny|Ice Punch|p1a: Mantine","|-damage|p1a: Mantine|245/334","|","|-heal|p1a: Mantine|265/334|[from] item: Leftovers","|turn|3","|","|switch|p2a: Chansey|Chansey, F|703/703","|move|p1a: Mantine|Scald|p2a: Chansey","|-damage|p2a: Chansey|649/703","|","|-heal|p1a: Mantine|285/334|[from] item: Leftovers","|turn|4","|","|move|p1a: Mantine|Toxic|p2a: Chansey","|-status|p2a: Chansey|tox","|move|p2a: Chansey|Toxic|p1a: Mantine","|-status|p1a: Mantine|tox","|","|-heal|p1a: Mantine|305/334 tox|[from] item: Leftovers","|-damage|p1a: Mantine|285/334 tox|[from] psn","|-damage|p2a: Chansey|606/703 tox|[from] psn","|turn|5","|","|switch|p1a: Aerodactyl|Aerodactyl, F|301/301","|move|p2a: Chansey|Heal Bell|p2a: Chansey","|-cureteam|p2a: Chansey|[from] move: HealBell","|","|turn|6","|","|move|p1a: Aerodactyl|Taunt|p2a: Chansey","|-start|p2a: Chansey|move: Taunt","|cant|p2a: Chansey|move: Taunt|Toxic","|","|turn|7","|","|move|p1a: Aerodactyl|Stealth Rock|p2a: Chansey","|-sidestart|p2: LightOfAKnowing|move: Stealth Rock","|move|p2a: Chansey|Seismic Toss|p1a: Aerodactyl","|-damage|p1a: Aerodactyl|201/301","|","|turn|8","|","|switch|p1a: Landorus-Therian|Landorus-Therian, M|262/319","|-ability|p1a: Landorus-Therian|Intimidate","|-unboost|p2a: Chansey|atk|1","|move|p2a: Chansey|Seismic Toss|p1a: Landorus-Therian","|-damage|p1a: Landorus-Therian|162/319","|","|-end|p2a: Chansey|move: Taunt","|turn|9","|","|move|p1a: Landorus-Therian|Knock Off|p2a: Chansey","|-damage|p2a: Chansey|428/703","|-enditem|p2a: Chansey|Eviolite|[from] move: Knock Off|[of] p1a: Landorus-Therian","|move|p2a: Chansey|Toxic|p1a: Landorus-Therian","|-status|p1a: Landorus-Therian|tox","|","|-damage|p1a: Landorus-Therian|143/319 tox|[from] psn","|turn|10","|","|switch|p1a: Delibird|Delibird, F|231/231","|move|p2a: Chansey|Seismic Toss|p1a: Delibird","|-damage|p1a: Delibird|131/231","|","|turn|11","|","|move|p1a: Delibird|Ice Punch|p2a: Chansey","|-damage|p2a: Chansey|91/703","|move|p2a: Chansey|Toxic|p1a: Delibird","|-status|p1a: Delibird|tox","|","|-damage|p1a: Delibird|117/231 tox|[from] psn","|turn|12","|","|move|p1a: Delibird|Ice Punch|p2a: Chansey","|-damage|p2a: Chansey|0 fnt","|faint|p2a: Chansey","|","|-damage|p1a: Delibird|89/231 tox|[from] psn","|","|switch|p2a: Meloetta|Meloetta|403/403","|-damage|p2a: Meloetta|353/403|[from] Stealth Rock","|turn|13","|","|switch|p1a: Mantine|Mantine, F|285/334 tox","|move|p2a: Meloetta|Psychic|p1a: Mantine","|-damage|p1a: Mantine|189/334 tox","|","|-heal|p1a: Mantine|209/334 tox|[from] item: Leftovers","|-damage|p1a: Mantine|189/334 tox|[from] psn","|turn|14","|","|move|p2a: Meloetta|Hyper Voice|p1a: Mantine","|-damage|p1a: Mantine|95/334 tox","|move|p1a: Mantine|Toxic|p2a: Meloetta","|-status|p2a: Meloetta|tox","|","|-heal|p1a: Mantine|115/334 tox|[from] item: Leftovers","|-damage|p2a: Meloetta|328/403 tox|[from] psn","|-damage|p1a: Mantine|75/334 tox|[from] psn","|turn|15","|","|move|p2a: Meloetta|Hyper Voice|p1a: Mantine","|-crit|p1a: Mantine","|-damage|p1a: Mantine|0 fnt","|faint|p1a: Mantine","|","|-damage|p2a: Meloetta|278/403 tox|[from] psn","|","|switch|p1a: Landorus-Therian|Landorus-Therian, M|143/319 tox","|-ability|p1a: Landorus-Therian|Intimidate","|-unboost|p2a: Meloetta|atk|1","|turn|16","|","|move|p1a: Landorus-Therian|U-turn|p2a: Meloetta","|-supereffective|p2a: Meloetta","|-damage|p2a: Meloetta|42/403 tox","|","|switch|p1a: Salamence|Salamence, F|331/331","|-ability|p1a: Salamence|Intimidate","|-unboost|p2a: Meloetta|atk|1","|move|p2a: Meloetta|Hyper Voice|p1a: Salamence","|-damage|p1a: Salamence|190/331","|","|-damage|p2a: Meloetta|0 fnt|[from] psn","|faint|p2a: Meloetta","|","|switch|p2a: Exploud|Exploud, M|411/411","|-damage|p2a: Exploud|360/411|[from] Stealth Rock","|turn|17","|","|move|p1a: Salamence|Dragon Claw|p2a: Exploud","|-damage|p2a: Exploud|149/411","|move|p2a: Exploud|Ice Beam|p1a: Salamence","|-supereffective|p1a: Salamence","|-damage|p1a: Salamence|0 fnt","|faint|p1a: Salamence","|","|","|switch|p1a: Pidgeot|Pidgeot, F|307/307","|turn|18","|","|detailschange|p1a: Pidgeot|Pidgeot-Mega, F","|-mega|p1a: Pidgeot|Pidgeot|Pidgeotite","|move|p1a: Pidgeot|Hurricane|p2a: Exploud","|-damage|p2a: Exploud|0 fnt","|faint|p2a: Exploud","|","|","|switch|p2a: Bibarel|Bibarel, F|361/361","|-damage|p2a: Bibarel|316/361|[from] Stealth Rock","|turn|19","|","|move|p1a: Pidgeot|U-turn|p2a: Bibarel","|-damage|p2a: Bibarel|254/361","|","|switch|p1a: Aerodactyl|Aerodactyl, F|201/301","|move|p2a: Bibarel|Curse|p2a: Bibarel","|-unboost|p2a: Bibarel|spe|2","|-boost|p2a: Bibarel|atk|2","|-boost|p2a: Bibarel|def|2","|","|turn|20","|","|move|p1a: Aerodactyl|Taunt|p2a: Bibarel","|-start|p2a: Bibarel|move: Taunt","|move|p2a: Bibarel|Waterfall|p1a: Aerodactyl","|-supereffective|p1a: Aerodactyl","|-damage|p1a: Aerodactyl|0 fnt","|faint|p1a: Aerodactyl","|","|","|switch|p1a: Pidgeot|Pidgeot-Mega, F|307/307","|turn|21","|","|move|p1a: Pidgeot|Hurricane|p2a: Bibarel","|-damage|p2a: Bibarel|46/361","|-start|p2a: Bibarel|confusion","|-activate|p2a: Bibarel|confusion","|move|p2a: Bibarel|Waterfall|p1a: Pidgeot","|-damage|p1a: Pidgeot|106/307","|","|turn|22","|","|move|p1a: Pidgeot|Hurricane|p2a: Bibarel","|-crit|p2a: Bibarel","|-damage|p2a: Bibarel|0 fnt","|faint|p2a: Bibarel","|","|","|switch|p2a: Lopunny|Lopunny-Mega, F|222/271","|-damage|p2a: Lopunny|206/271|[from] Stealth Rock","|turn|23","|","|move|p2a: Lopunny|Ice Punch|p1a: Pidgeot","|-supereffective|p1a: Pidgeot","|-damage|p1a: Pidgeot|0 fnt","|faint|p1a: Pidgeot","|","|","|switch|p1a: Delibird|Delibird, F|89/231 tox","|turn|24","|","|move|p1a: Delibird|Ice Shard|p2a: Lopunny","|-damage|p2a: Lopunny|112/271","|move|p2a: Lopunny|Frustration|p1a: Delibird","|-damage|p1a: Delibird|0 fnt","|faint|p1a: Delibird","|","|","|switch|p1a: Landorus-Therian|Landorus-Therian, M|143/319 tox","|-ability|p1a: Landorus-Therian|Intimidate","|-unboost|p2a: Lopunny|atk|1","|turn|25","|","|move|p1a: Landorus-Therian|Stone Edge|p2a: Lopunny","|-resisted|p2a: Lopunny","|-damage|p2a: Lopunny|40/271","|move|p2a: Lopunny|Ice Punch|p1a: Landorus-Therian","|-supereffective|p1a: Landorus-Therian","|-damage|p1a: Landorus-Therian|0 fnt","|faint|p1a: Landorus-Therian","|","|win|LightOfAKnowing"],"p1rating":{"entryid":323490,"formatid":"monotype","userid":"knightapplejack","username":"Knight Applejack","r":1500,"rd":130,"sigma":0,"rpr":1445.0117755592,"rprd":122.76979937332,"rpsigma":0,"rptime":1440234000,"w":0,"l":1,"t":0,"gxe":43.2,"acre":1000,"lacre":1000,"oldacre":1000},"p2rating":{"entryid":"386","serverid":"eos","formatid":"monotype","userid":"lightofaknowing","username":"LightOfAKnowing","w":8,"l":"16","t":"0","gxe":38.8,"r":"1389.9462070637","rd":"71.203706456188","sigma":"0","rptime":"1440234000","rpr":1412.6726969395,"rprd":67.742623671542,"rpsigma":"0","acre":1087.2646924759,"lacre":1087.2646924759,"oldacre":"1061.9819145829"},"endType":"normal"}