{"seed":[59925,41972,3256,1903],"turns":21,"p1":"Sjado","p2":"Apex Salamence","p1team":[{"name":"Sableye","species":"Sableye","item":"leftovers","ability":"Prankster","moves":["taunt","willowisp","foulplay","recover"],"nature":"Impish","evs":{"hp":252,"atk":0,"def":4,"spa":0,"spd":252,"spe":0},"ivs":{"hp":31,"atk":31,"def":31,"spa":31,"spd":31,"spe":31}},{"name":"Umbreon","species":"Umbreon","item":"leftovers","ability":"Synchronize","moves":["wish","protect","foulplay","toxic"],"nature":"Calm","evs":{"hp":252,"atk":0,"def":4,"spa":0,"spd":252,"spe":0},"ivs":{"hp":31,"atk":31,"def":31,"spa":31,"spd":31,"spe":31}},{"name":"Mandibuzz","species":"Mandibuzz","item":"leftovers","ability":"Overcoat","moves":["defog","bravebird","roost","whirlwind"],"nature":"Impish","evs":{"hp":252,"atk":4,"def":252,"spa":0,"spd":0,"spe":0},"ivs":{"hp":31,"atk":31,"def":31,"spa":31,"spd":31,"spe":31}},{"name":"Tyranitar","species":"Tyranitar","item":"tyranitarite","ability":"Sand Stream","moves":["dragondance","crunch","rockslide","earthquake"],"nature":"Adamant","evs":{"hp":0,"atk":252,"def":0,"spa":0,"spd":4,"spe":252},"ivs":{"hp":31,"atk":31,"def":31,"spa":31,"spd":31,"spe":31}},{"name":"Bisharp","species":"Bisharp","item":"focussash","ability":"Defiant","moves":["swordsdance","suckerpunch","ironhead","lowkick"],"nature":"Jolly","evs":{"hp":0,"atk":252,"def":4,"spa":0,"spd":0,"spe":252},"ivs":{"hp":31,"atk":31,"def":31,"spa":31,"spd":31,"spe":31}},{"name":"Shiftry","species":"Shiftry","item":"choicescarf","ability":"Chlorophyll","moves":["leafstorm","darkpulse","focusblast","extrasensory"],"nature":"Modest","evs":{"hp":0,"atk":0,"def":0,"spa":252,"spd":4,"spe":252},"ivs":{"hp":31,"atk":31,"def":31,"spa":31,"spd":31,"spe":31}}],"p2team":[{"name":"Jupiter","species":"thundurus","item":"lifeorb","ability":"Prankster","moves":["thunderwave","taunt","thunderbolt","flashcannon"],"nature":"Timid","evs":{"hp":0,"atk":0,"def":0,"spa":252,"spd":4,"spe":252},"shiny":true,"ivs":{"hp":31,"atk":31,"def":31,"spa":31,"spd":31,"spe":31}},{"name":"Gaea","species":"landorus","item":"lifeorb","ability":"Sheer Force","moves":["earthpower","psychic","sludgewave","stealthrock"],"nature":"Timid","evs":{"hp":0,"atk":0,"def":0,"spa":252,"spd":4,"spe":252},"shiny":true,"ivs":{"hp":31,"atk":31,"def":31,"spa":31,"spd":31,"spe":31}},{"name":"Porunga","species":"dragonite","item":"weaknesspolicy","ability":"Multiscale","moves":["dragondance","dragonclaw","extremespeed","firepunch"],"nature":"Adamant","evs":{"hp":0,"atk":0,"def":0,"spa":0,"spd":4,"spe":252},"gender":"M","shiny":true,"ivs":{"hp":31,"atk":31,"def":31,"spa":31,"spd":31,"spe":31}},{"name":"BIRD JESUS","species":"pidgeot","item":"pidgeotite","ability":"Big Pecks","moves":["heatwave","hurricane","hiddenpowerground","protect"],"nature":"Timid","evs":{"hp":0,"atk":0,"def":0,"spa":252,"spd":4,"spe":252},"gender":"M","ivs":{"hp":31,"atk":31,"def":31,"spa":30,"spd":30,"spe":31},"shiny":true},{"name":"BoneZ","species":"mandibuzz","item":"leftovers","ability":"Overcoat","moves":["defog","foulplay","toxic","roost"],"nature":"Bold","evs":{"hp":252,"atk":0,"def":252,"spa":0,"spd":4,"spe":0},"shiny":true,"ivs":{"hp":31,"atk":31,"def":31,"spa":31,"spd":31,"spe":31}},{"name":"Raptor","species":"staraptor","item":"choicescarf","ability":"Reckless","moves":["bravebird","closecombat","doubleedge","uturn"],"nature":"Jolly","evs":{"hp":0,"atk":252,"def":0,"spa":0,"spd":4,"spe":252},"gender":"M","shiny":true,"ivs":{"hp":31,"atk":31,"def":31,"spa":31,"spd":31,"spe":31}}],"log":["|player|p1|Sjado|168","|player|p2|Apex Salamence|1","|gametype|singles","|gen|6","|tier|Monotype","|rated","|rule|Baton Pass Clause: Limit one Baton Passer, can't pass Spe and other stats simultaneously","|rule|Swagger Clause: Swagger is banned","|rule|Same Type Clause: Pokémon in a team must share a type","|clearpoke","|poke|p1|Sableye, F","|poke|p1|Umbreon, F","|poke|p1|Mandibuzz, F","|poke|p1|Tyranitar, M","|poke|p1|Bisharp, M","|poke|p1|Shiftry, F","|poke|p2|Thundurus, M, shiny","|poke|p2|Landorus, M, shiny","|poke|p2|Dragonite, M, shiny","|poke|p2|Pidgeot, M, shiny","|poke|p2|Mandibuzz, F, shiny","|poke|p2|Staraptor, M, shiny","|rule|Sleep Clause Mod: Limit one foe put to sleep","|rule|Species Clause: Limit one of each Pokémon","|rule|OHKO Clause: OHKO moves are banned","|rule|Moody Clause: Moody is banned","|rule|Evasion Moves Clause: Evasion moves are banned","|rule|Endless Battle Clause: Forcing endless battles is banned","|rule|HP Percentage Mod: HP is shown in percentages","|teampreview","|","|start","|switch|p1a: Bisharp|Bisharp, M|271/271","|switch|p2a: Jupiter|Thundurus, M, shiny|299/299","|turn|1","|","|switch|p1a: Umbreon|Umbreon, F|394/394","|move|p2a: Jupiter|Taunt|p1a: Umbreon","|-start|p1a: Umbreon|move: Taunt","|","|turn|2","|","|move|p2a: Jupiter|Thunderbolt|p1a: Umbreon","|-damage|p1a: Umbreon|276/394","|-damage|p2a: Jupiter|270/299|[from] item: Life Orb","|move|p1a: Umbreon|Foul Play|p2a: Jupiter","|-damage|p2a: Jupiter|111/299","|","|-heal|p1a: Umbreon|300/394|[from] item: Leftovers","|turn|3","|","|move|p2a: Jupiter|Thunderbolt|p1a: Umbreon","|-damage|p1a: Umbreon|171/394","|-damage|p2a: Jupiter|82/299|[from] item: Life Orb","|move|p1a: Umbreon|Foul Play|p2a: Jupiter","|-damage|p2a: Jupiter|0 fnt","|faint|p2a: Jupiter","|","|-heal|p1a: Umbreon|195/394|[from] item: Leftovers","|-end|p1a: Umbreon|move: Taunt","|","|switch|p2a: Raptor|Staraptor, M, shiny|311/311","|turn|4","|","|move|p1a: Umbreon|Protect|p1a: Umbreon","|-singleturn|p1a: Umbreon|Protect","|move|p2a: Raptor|Close Combat|p1a: Umbreon","|-activate|p1a: Umbreon|Protect","|","|-heal|p1a: Umbreon|219/394|[from] item: Leftovers","|turn|5","|","|switch|p1a: Sableye|Sableye, F|304/304","|move|p2a: Raptor|Close Combat|p1a: Sableye","|-immune|p1a: Sableye|[msg]","|","|turn|6","|","|switch|p2a: BIRD JESUS|Pidgeot, M, shiny|307/307","|move|p1a: Sableye|Will-O-Wisp|p2a: BIRD JESUS","|-status|p2a: BIRD JESUS|brn","|","|-damage|p2a: BIRD JESUS|269/307 brn|[from] brn","|turn|7","|","|switch|p1a: Tyranitar|Tyranitar, M|341/341","|-weather|Sandstorm","|detailschange|p2a: BIRD JESUS|Pidgeot-Mega, M, shiny","|-mega|p2a: BIRD JESUS|Pidgeot|Pidgeotite","|move|p2a: BIRD JESUS|Hurricane|p1a: Tyranitar","|-resisted|p1a: Tyranitar","|-damage|p1a: Tyranitar|272/341","|","|-weather|Sandstorm|[upkeep]","|-damage|p2a: BIRD JESUS|250/307 brn|[from] sandstorm","|-damage|p2a: BIRD JESUS|212/307 brn|[from] brn","|turn|8","|","|detailschange|p1a: Tyranitar|Tyranitar-Mega, M","|-mega|p1a: Tyranitar|Tyranitar|Tyranitarite","|move|p2a: BIRD JESUS|Hidden Power|p1a: Tyranitar","|-supereffective|p1a: Tyranitar","|-damage|p1a: Tyranitar|190/341","|move|p1a: Tyranitar|Rock Slide|p2a: BIRD JESUS","|-supereffective|p2a: BIRD JESUS","|-damage|p2a: BIRD JESUS|0 fnt","|faint|p2a: BIRD JESUS","|","|-weather|Sandstorm|[upkeep]","|","|switch|p2a: BoneZ|Mandibuzz, F, shiny|424/424","|turn|9","|","|move|p1a: Tyranitar|Rock Slide|p2a: BoneZ","|-supereffective|p2a: BoneZ","|-damage|p2a: BoneZ|184/424","|move|p2a: BoneZ|Foul Play|p1a: Tyranitar","|-resisted|p1a: Tyranitar","|-damage|p1a: Tyranitar|108/341","|","|-weather|Sandstorm|[upkeep]","|-heal|p2a: BoneZ|210/424|[from] item: Leftovers","|turn|10","|","|move|p1a: Tyranitar|Rock Slide|p2a: BoneZ","|-supereffective|p2a: BoneZ","|-damage|p2a: BoneZ|0 fnt","|faint|p2a: BoneZ","|","|-weather|Sandstorm|[upkeep]","|","|switch|p2a: Gaea|Landorus, M, shiny|319/319","|turn|11","|","|switch|p1a: Mandibuzz|Mandibuzz, F|424/424","|move|p2a: Gaea|Earth Power|p1a: Mandibuzz","|-immune|p1a: Mandibuzz|[msg]","|","|-weather|none","|turn|12","|","|move|p2a: Gaea|Sludge Wave|p1a: Mandibuzz","|-damage|p1a: Mandibuzz|238/424","|move|p1a: Mandibuzz|Brave Bird|p2a: Gaea","|-damage|p2a: Gaea|219/319","|-damage|p1a: Mandibuzz|205/424|[from] recoil|[of] p2a: Gaea","|","|-heal|p1a: Mandibuzz|231/424|[from] item: Leftovers","|turn|13","|","|move|p2a: Gaea|Sludge Wave|p1a: Mandibuzz","|-damage|p1a: Mandibuzz|35/424","|move|p1a: Mandibuzz|Brave Bird|p2a: Gaea","|-damage|p2a: Gaea|104/319","|-damage|p1a: Mandibuzz|0 fnt|[from] recoil|[of] p2a: Gaea","|faint|p1a: Mandibuzz","|","|","|switch|p1a: Shiftry|Shiftry, F|321/321","|turn|14","|","|move|p1a: Shiftry|Leaf Storm|p2a: Gaea","|-damage|p2a: Gaea|0 fnt","|-unboost|p1a: Shiftry|spa|2","|faint|p2a: Gaea","|","|","|switch|p2a: Raptor|Staraptor, M, shiny|311/311","|turn|15","|","|switch|p1a: Tyranitar|Tyranitar-Mega, M|108/341","|-weather|Sandstorm","|move|p2a: Raptor|U-turn|p1a: Tyranitar","|-supereffective|p1a: Tyranitar","|-damage|p1a: Tyranitar|0 fnt","|faint|p1a: Tyranitar","|","|switch|p2a: Porunga|Dragonite, M, shiny|323/323","|","|-weather|Sandstorm|[upkeep]","|-damage|p2a: Porunga|303/323|[from] sandstorm","|","|switch|p1a: Umbreon|Umbreon, F|219/394","|turn|16","|","|move|p2a: Porunga|Dragon Dance|p2a: Porunga","|-boost|p2a: Porunga|atk|1","|-boost|p2a: Porunga|spe|1","|move|p1a: Umbreon|Foul Play|p2a: Porunga","|-damage|p2a: Porunga|77/323","|","|-weather|Sandstorm|[upkeep]","|-damage|p2a: Porunga|57/323|[from] sandstorm","|-damage|p1a: Umbreon|195/394|[from] sandstorm","|-heal|p1a: Umbreon|219/394|[from] item: Leftovers","|turn|17","|","|move|p2a: Porunga|Dragon Claw|p1a: Umbreon","|-crit|p1a: Umbreon","|-damage|p1a: Umbreon|0 fnt","|faint|p1a: Umbreon","|","|-weather|Sandstorm|[upkeep]","|-damage|p2a: Porunga|37/323|[from] sandstorm","|","|switch|p1a: Bisharp|Bisharp, M|271/271","|turn|18","|","|move|p2a: Porunga|Fire Punch|p1a: Bisharp","|-supereffective|p1a: Bisharp","|-damage|p1a: Bisharp|1/271","|move|p1a: Bisharp|Iron Head|p2a: Porunga","|-damage|p2a: Porunga|0 fnt","|faint|p2a: Porunga","|","|-weather|Sandstorm|[upkeep]","|","|switch|p2a: Raptor|Staraptor, M, shiny|311/311","|turn|19","|","|move|p1a: Bisharp|Sucker Punch|p2a: Raptor","|-damage|p2a: Raptor|116/311","|move|p2a: Raptor|Brave Bird|p1a: Bisharp","|-resisted|p1a: Bisharp","|-damage|p1a: Bisharp|0 fnt","|-damage|p2a: Raptor|115/311|[from] recoil|[of] p1a: Bisharp","|faint|p1a: Bisharp","|","|-weather|none","|","|switch|p1a: Shiftry|Shiftry, F|321/321","|turn|20","|","|move|p2a: Raptor|Brave Bird|p1a: Shiftry","|-supereffective|p1a: Shiftry","|-damage|p1a: Shiftry|0 fnt","|-damage|p2a: Raptor|9/311|[from] recoil|[of] p1a: Shiftry","|faint|p1a: Shiftry","|","|","|switch|p1a: Sableye|Sableye, F|304/304","|turn|21","|","|move|p1a: Sableye|Will-O-Wisp|p2a: Raptor","|-status|p2a: Raptor|brn","|move|p2a: Raptor|Brave Bird|p1a: Sableye","|-damage|p1a: Sableye|160/304","|-damage|p2a: Raptor|0 fnt|[from] recoil|[of] p1a: Sableye","|faint|p2a: Raptor","|","|win|Sjado"],"p1rating":{"entryid":"97728","serverid":"eos","formatid":"monotype","userid":"sjado","username":"Sjado","w":5,"l":"4","t":"0","gxe":52.6,"r":"1492.6733917294","rd":"93.536374809697","sigma":"0","rptime":"1440234000","rpr":1520.6196081457,"rprd":90.51901946207,"rpsigma":"0","acre":1092.0947950594,"lacre":1092.0947950594,"oldacre":"1047.0043028272"},"p2rating":{"entryid":"1755","serverid":"eos","formatid":"monotype","userid":"apexsalamence","username":"Apex Salamence","w":"26","l":20,"t":"0","gxe":57.3,"r":"1564.2187828348","rd":"51.148676714321","sigma":"0","rptime":"1440234000","rpr":1555.755510502,"rprd":50.665569794272,"rpsigma":"0","acre":1147.1323774578,"lacre":1147.1323774578,"oldacre":"1181.3443467153"},"endType":"normal"}