{"seed":[2870,20814,29614,11673],"turns":24,"p1":"SWL HB","p2":"LightOfAKnowing","p1team":[{"name":"Venusaur","species":"Venusaur","item":"venusaurite","ability":"Chlorophyll","moves":["synthesis","gigadrain","amnesia","sludgebomb"],"nature":"Bold","evs":{"hp":248,"atk":0,"def":212,"spa":8,"spd":40,"spe":0},"ivs":{"hp":31,"atk":30,"def":31,"spa":30,"spd":31,"spe":30}},{"name":"Gengar","species":"Gengar","item":"blacksludge","ability":"Levitate","moves":["shadowball","icywind","focusblast","trick"],"nature":"Timid","evs":{"hp":0,"atk":0,"def":0,"spa":252,"spd":4,"spe":252},"ivs":{"hp":31,"atk":31,"def":31,"spa":31,"spd":31,"spe":31}},{"name":"Tentacruel","species":"Tentacruel","item":"blacksludge","ability":"Clear Body","moves":["scald","mirrorcoat","hiddenpowerfire","sludgebomb"],"nature":"Bold","evs":{"hp":248,"atk":0,"def":140,"spa":0,"spd":120,"spe":0},"ivs":{"hp":31,"atk":30,"def":31,"spa":30,"spd":31,"spe":30}},{"name":"Nidoqueen","species":"Nidoqueen","item":"blacksludge","ability":"Sheer Force","moves":["stealthrock","earthpower","flamethrower","icebeam"],"nature":"Bold","evs":{"hp":248,"atk":0,"def":240,"spa":20,"spd":0,"spe":0},"ivs":{"hp":31,"atk":31,"def":31,"spa":31,"spd":31,"spe":31}},{"name":"Drapion","species":"Drapion","item":"lumberry","ability":"Battle Armor","moves":["substitute","knockoff","earthquake","poisonjab"],"nature":"Adamant","evs":{"hp":220,"atk":48,"def":0,"spa":0,"spd":216,"spe":24},"ivs":{"hp":31,"atk":31,"def":31,"spa":31,"spd":31,"spe":31}},{"name":"Scolipede","species":"Scolipede","item":"focussash","ability":"Speed Boost","moves":["swordsdance","megahorn","earthquake","rockslide"],"nature":"Jolly","evs":{"hp":0,"atk":252,"def":0,"spa":0,"spd":4,"spe":252},"ivs":{"hp":31,"atk":31,"def":31,"spa":31,"spd":31,"spe":31}}],"p2team":[{"name":"Exploud","species":"Exploud","item":"wiseglasses","ability":"Scrappy","moves":["boomburst","icebeam","flamethrower","shadowball"],"nature":"Modest","evs":{"hp":248,"atk":0,"def":0,"spa":252,"spd":8,"spe":0},"ivs":{"hp":31,"atk":31,"def":31,"spa":31,"spd":31,"spe":31}},{"name":"Chansey","species":"Chansey","item":"eviolite","ability":"Natural Cure","moves":["healbell","wish","toxic","seismictoss"],"nature":"Bold","evs":{"hp":248,"atk":0,"def":252,"spa":0,"spd":8,"spe":0},"ivs":{"hp":31,"atk":31,"def":31,"spa":31,"spd":31,"spe":31}},{"name":"Braviary","species":"Braviary","item":"choicescarf","ability":"Sheer Force","moves":["bravebird","rockslide","thrash","steelwing"],"nature":"Jolly","evs":{"hp":0,"atk":252,"def":0,"spa":0,"spd":4,"spe":252},"shiny":true,"ivs":{"hp":31,"atk":31,"def":31,"spa":31,"spd":31,"spe":31}},{"name":"Meloetta","species":"Meloetta","item":"assaultvest","ability":"Serene Grace","moves":["shadowball","psychic","energyball","hypervoice"],"nature":"Modest","evs":{"hp":248,"atk":0,"def":0,"spa":252,"spd":8,"spe":0},"ivs":{"hp":31,"atk":31,"def":31,"spa":31,"spd":31,"spe":31}},{"name":"Lopunny","species":"Lopunny","item":"lopunnite","ability":"Cute Charm","moves":["fakeout","drainpunch","frustration","icepunch"],"nature":"Jolly","evs":{"hp":0,"atk":252,"def":0,"spa":0,"spd":4,"spe":252},"happiness":0,"ivs":{"hp":31,"atk":31,"def":31,"spa":31,"spd":31,"spe":31}},{"name":"Bibarel","species":"Bibarel","item":"chestoberry","ability":"Simple","moves":["curse","superfang","waterfall","rest"],"nature":"Careful","evs":{"hp":248,"atk":8,"def":0,"spa":0,"spd":252,"spe":0},"ivs":{"hp":31,"atk":31,"def":31,"spa":31,"spd":31,"spe":31}}],"log":["|player|p1|SWL HB|swlhb.gif","|player|p2|LightOfAKnowing|lightofaknowing.gif","|gametype|singles","|gen|6","|tier|Monotype","|rated","|rule|Baton Pass Clause: Limit one Baton Passer, can't pass Spe and other stats simultaneously","|rule|Swagger Clause: Swagger is banned","|rule|Same Type Clause: Pokémon in a team must share a type","|clearpoke","|poke|p1|Venusaur, F","|poke|p1|Gengar, M","|poke|p1|Tentacruel, F","|poke|p1|Nidoqueen, F","|poke|p1|Drapion, M","|poke|p1|Scolipede, M","|poke|p2|Exploud, F","|poke|p2|Chansey, F","|poke|p2|Braviary, M, shiny","|poke|p2|Meloetta","|poke|p2|Lopunny, M","|poke|p2|Bibarel, F","|rule|Sleep Clause Mod: Limit one foe put to sleep","|rule|Species Clause: Limit one of each Pokémon","|rule|OHKO Clause: OHKO moves are banned","|rule|Moody Clause: Moody is banned","|rule|Evasion Moves Clause: Evasion moves are banned","|rule|Endless Battle Clause: Forcing endless battles is banned","|rule|HP Percentage Mod: HP is shown in percentages","|teampreview","|","|start","|switch|p1a: Nidoqueen|Nidoqueen, F|383/383","|switch|p2a: Braviary|Braviary, M, shiny|341/341","|turn|1","|","|move|p2a: Braviary|Thrash|p1a: Nidoqueen","|-damage|p1a: Nidoqueen|212/383","|move|p1a: Nidoqueen|Stealth Rock|p2a: Braviary","|-sidestart|p2: LightOfAKnowing|move: Stealth Rock","|","|-heal|p1a: Nidoqueen|235/383|[from] item: Black Sludge","|turn|2","|","|switch|p1a: Gengar|Gengar, M|261/261","|move|p2a: Braviary|Thrash|p1a: Gengar|[from]lockedmove","|-immune|p1a: Gengar|[msg]","|-start|p2a: Braviary|confusion|[fatigue]","|","|turn|3","|","|switch|p2a: Chansey|Chansey, F|703/703","|-damage|p2a: Chansey|616/703|[from] Stealth Rock","|move|p1a: Gengar|Trick|p2a: Chansey","|-activate|p1a: Gengar|move: Trick|[of] p2a: Chansey","|-item|p2a: Chansey|Black Sludge|[from] move: Trick","|-item|p1a: Gengar|Eviolite|[from] move: Trick","|","|-damage|p2a: Chansey|529/703|[from] item: Black Sludge","|turn|4","|","|move|p1a: Gengar|Focus Blast|p2a: Chansey","|-supereffective|p2a: Chansey","|-damage|p2a: Chansey|241/703","|move|p2a: Chansey|Wish|p2a: Chansey","|","|-damage|p2a: Chansey|154/703|[from] item: Black Sludge","|turn|5","|","|switch|p1a: Drapion|Drapion, M|336/336","|move|p2a: Chansey|Toxic|p1a: Drapion","|-immune|p1a: Drapion|[msg]","|","|-heal|p2a: Chansey|505/703|[from] move: Wish|[wisher] Chansey","|-damage|p2a: Chansey|418/703|[from] item: Black Sludge","|turn|6","|","|move|p1a: Drapion|Substitute|p1a: Drapion","|-start|p1a: Drapion|Substitute","|-damage|p1a: Drapion|252/336","|move|p2a: Chansey|Seismic Toss|p1a: Drapion","|-end|p1a: Drapion|Substitute","|","|-damage|p2a: Chansey|331/703|[from] item: Black Sludge","|turn|7","|","|move|p1a: Drapion|Poison Jab|p2a: Chansey","|-damage|p2a: Chansey|120/703","|-status|p2a: Chansey|psn","|move|p2a: Chansey|Seismic Toss|p1a: Drapion","|-damage|p1a: Drapion|152/336","|","|-damage|p2a: Chansey|33/703 psn|[from] item: Black Sludge","|-damage|p2a: Chansey|0 fnt|[from] psn","|faint|p2a: Chansey","|","|switch|p2a: Exploud|Exploud, F|411/411","|-damage|p2a: Exploud|360/411|[from] Stealth Rock","|turn|8","|","|switch|p1a: Tentacruel|Tentacruel, F|363/363","|move|p2a: Exploud|Boomburst|p1a: Tentacruel","|-damage|p1a: Tentacruel|174/363","|","|-heal|p1a: Tentacruel|196/363|[from] item: Black Sludge","|turn|9","|","|switch|p2a: Bibarel|Bibarel, F|361/361","|-damage|p2a: Bibarel|316/361|[from] Stealth Rock","|move|p1a: Tentacruel|Mirror Coat|p2a: Bibarel","|-fail|p2a: Bibarel","|","|-heal|p1a: Tentacruel|218/363|[from] item: Black Sludge","|turn|10","|","|move|p1a: Tentacruel|Sludge Bomb|p2a: Bibarel","|-damage|p2a: Bibarel|228/361","|move|p2a: Bibarel|Curse|p2a: Bibarel","|-unboost|p2a: Bibarel|spe|2","|-boost|p2a: Bibarel|atk|2","|-boost|p2a: Bibarel|def|2","|","|-heal|p1a: Tentacruel|240/363|[from] item: Black Sludge","|turn|11","|","|switch|p1a: Drapion|Drapion, M|152/336","|move|p2a: Bibarel|Super Fang|p1a: Drapion","|-damage|p1a: Drapion|76/336","|","|turn|12","|","|move|p1a: Drapion|Knock Off|p2a: Bibarel","|-damage|p2a: Bibarel|143/361","|-enditem|p2a: Bibarel|Chesto Berry|[from] move: Knock Off|[of] p1a: Drapion","|move|p2a: Bibarel|Waterfall|p1a: Drapion","|-damage|p1a: Drapion|0 fnt","|faint|p1a: Drapion","|","|","|switch|p1a: Venusaur|Venusaur, F|363/363","|turn|13","|","|detailschange|p1a: Venusaur|Venusaur-Mega, F","|-mega|p1a: Venusaur|Venusaur|Venusaurite","|move|p1a: Venusaur|Sludge Bomb|p2a: Bibarel","|-damage|p2a: Bibarel|22/361","|move|p2a: Bibarel|Super Fang|p1a: Venusaur","|-damage|p1a: Venusaur|182/363","|","|turn|14","|","|move|p1a: Venusaur|Giga Drain|p2a: Bibarel","|-supereffective|p2a: Bibarel","|-damage|p2a: Bibarel|0 fnt","|-heal|p1a: Venusaur|193/363|[from] drain|[of] p2a: Bibarel","|faint|p2a: Bibarel","|","|","|switch|p2a: Meloetta|Meloetta|403/403","|-damage|p2a: Meloetta|353/403|[from] Stealth Rock","|turn|15","|","|move|p2a: Meloetta|Psychic|p1a: Venusaur","|-supereffective|p1a: Venusaur","|-damage|p1a: Venusaur|0 fnt","|faint|p1a: Venusaur","|","|","|switch|p1a: Scolipede|Scolipede, M|261/261","|turn|16","|","|move|p1a: Scolipede|Megahorn|p2a: Meloetta","|-supereffective|p2a: Meloetta","|-damage|p2a: Meloetta|0 fnt","|faint|p2a: Meloetta","|","|-boost|p1a: Scolipede|spe|1|[from] ability: Speed Boost","|","|switch|p2a: Lopunny|Lopunny, M|271/271","|-damage|p2a: Lopunny|238/271|[from] Stealth Rock","|turn|17","|","|switch|p1a: Tentacruel|Tentacruel, F|240/363","|detailschange|p2a: Lopunny|Lopunny-Mega, M","|-mega|p2a: Lopunny|Lopunny|Lopunnite","|move|p2a: Lopunny|Fake Out|p1a: Tentacruel","|-damage|p1a: Tentacruel|165/363","|","|-heal|p1a: Tentacruel|187/363|[from] item: Black Sludge","|turn|18","|","|move|p2a: Lopunny|Frustration|p1a: Tentacruel","|-damage|p1a: Tentacruel|0 fnt","|faint|p1a: Tentacruel","|","|","|switch|p1a: Nidoqueen|Nidoqueen, F|235/383","|turn|19","|","|move|p2a: Lopunny|Ice Punch|p1a: Nidoqueen","|-supereffective|p1a: Nidoqueen","|-damage|p1a: Nidoqueen|83/383","|move|p1a: Nidoqueen|Earth Power|p2a: Lopunny","|-damage|p2a: Lopunny|115/271","|","|-heal|p1a: Nidoqueen|106/383|[from] item: Black Sludge","|turn|20","|","|move|p2a: Lopunny|Ice Punch|p1a: Nidoqueen","|-supereffective|p1a: Nidoqueen","|-damage|p1a: Nidoqueen|0 fnt","|faint|p1a: Nidoqueen","|","|","|switch|p1a: Scolipede|Scolipede, M|261/261","|turn|21","|","|move|p2a: Lopunny|Frustration|p1a: Scolipede","|-damage|p1a: Scolipede|36/261","|move|p1a: Scolipede|Earthquake|p2a: Lopunny","|-damage|p2a: Lopunny|19/271","|","|-boost|p1a: Scolipede|spe|1|[from] ability: Speed Boost","|turn|22","|","|move|p1a: Scolipede|Earthquake|p2a: Lopunny","|-damage|p2a: Lopunny|0 fnt","|faint|p2a: Lopunny","|","|-boost|p1a: Scolipede|spe|1|[from] ability: Speed Boost","|","|switch|p2a: Braviary|Braviary, M, shiny|341/341","|-damage|p2a: Braviary|256/341|[from] Stealth Rock","|turn|23","|","|move|p1a: Scolipede|Rock Slide|p2a: Braviary","|-supereffective|p2a: Braviary","|-damage|p2a: Braviary|72/341","|move|p2a: Braviary|Brave Bird|p1a: Scolipede","|-supereffective|p1a: Scolipede","|-damage|p1a: Scolipede|0 fnt","|-damage|p2a: Braviary|60/341|[from] recoil|[of] p1a: Scolipede","|faint|p1a: Scolipede","|","|","|switch|p1a: Gengar|Gengar, M|261/261","|turn|24","|","|move|p2a: Braviary|Brave Bird|p1a: Gengar","|-damage|p1a: Gengar|0 fnt","|-damage|p2a: Braviary|0 fnt|[from] recoil|[of] p1a: Gengar","|faint|p1a: Gengar","|faint|p2a: Braviary","|","|win|LightOfAKnowing"],"p1rating":{"entryid":"2316","serverid":"eos","formatid":"monotype","userid":"swlhb","username":"SWL HB","w":"1","l":3,"t":"0","gxe":40.9,"r":"1500.029275973","rd":"117.41249930101","sigma":"0","rptime":"1440234000","rpr":1427.3345754369,"rprd":107.33932588385,"rpsigma":"0","acre":1018.9019976737,"lacre":1018.9019976737,"oldacre":"1033.5487232211"},"p2rating":{"entryid":"386","serverid":"eos","formatid":"monotype","userid":"lightofaknowing","username":"LightOfAKnowing","w":12,"l":"22","t":"0","gxe":39.5,"r":"1389.9462070637","rd":"71.203706456188","sigma":"0","rptime":"1440234000","rpr":1418.7439878215,"rprd":59.496966204801,"rpsigma":"0","acre":1075.230489032,"lacre":1075.230489032,"oldacre":"1042.4624988423"},"endType":"normal"}