{"seed":[63004,12056,50359,22392],"turns":35,"p1":"Neowulfy","p2":"Crystal Umaan","p1team":[{"name":"Gyarados","species":"Gyarados","item":"gyaradosite","ability":"Intimidate","moves":["dragondance","waterfall","earthquake","crunch"],"nature":"Jolly","evs":{"hp":0,"atk":252,"def":0,"spa":0,"spd":4,"spe":252},"ivs":{"hp":31,"atk":31,"def":31,"spa":31,"spd":31,"spe":31}},{"name":"Thundurus-Therian","species":"Thundurus-Therian","item":"choicescarf","ability":"Volt Absorb","moves":["sludgewave","thunderbolt","voltswitch","darkpulse"],"nature":"Timid","evs":{"hp":0,"atk":0,"def":0,"spa":252,"spd":4,"spe":252},"ivs":{"hp":31,"atk":31,"def":31,"spa":31,"spd":31,"spe":31}},{"name":"Landorus","species":"Landorus","item":"lifeorb","ability":"Sheer Force","moves":["earthpower","grassknot","psychic","gravity"],"nature":"Timid","evs":{"hp":0,"atk":0,"def":0,"spa":252,"spd":4,"spe":252},"ivs":{"hp":31,"atk":31,"def":31,"spa":31,"spd":31,"spe":31}},{"name":"Skarmory","species":"Skarmory","item":"leftovers","ability":"Sturdy","moves":["roost","ironhead","stealthrock","whirlwind"],"nature":"Impish","evs":{"hp":244,"atk":8,"def":232,"spa":0,"spd":0,"spe":24},"ivs":{"hp":31,"atk":31,"def":31,"spa":31,"spd":31,"spe":31}},{"name":"Mandibuzz","species":"Mandibuzz","item":"leftovers","ability":"Overcoat","moves":["roost","foulplay","toxic","defog"],"nature":"Serious","evs":{"hp":240,"atk":0,"def":16,"spa":0,"spd":252,"spe":0},"ivs":{"hp":31,"atk":31,"def":31,"spa":31,"spd":31,"spe":31}},{"name":"Hawlucha","species":"Hawlucha","item":"powerherb","ability":"Unburden","moves":["skyattack","highjumpkick","swordsdance","acrobatics"],"nature":"Jolly","evs":{"hp":0,"atk":252,"def":0,"spa":0,"spd":4,"spe":252},"ivs":{"hp":31,"atk":31,"def":31,"spa":31,"spd":31,"spe":31}}],"p2team":[{"name":"Danson","species":"flygon","item":"lifeorb","ability":"Levitate","moves":["uturn","dragonclaw","earthquake","defog"],"nature":"Jolly","evs":{"hp":0,"atk":252,"def":0,"spa":0,"spd":4,"spe":252},"gender":"M","ivs":{"hp":31,"atk":31,"def":31,"spa":31,"spd":31,"spe":31}},{"name":"Maj","species":"dragonite","item":"lumberry","ability":"Multiscale","moves":["outrage","extremespeed","ironhead","dragondance"],"nature":"Adamant","evs":{"hp":0,"atk":252,"def":0,"spa":0,"spd":4,"spe":252},"gender":"F","ivs":{"hp":31,"atk":31,"def":31,"spa":31,"spd":31,"spe":31}},{"name":"Nom","species":"garchomp","item":"focussash","ability":"Rough Skin","moves":["dragonclaw","earthquake","ironhead","stealthrock"],"nature":"Jolly","evs":{"hp":0,"atk":252,"def":0,"spa":0,"spd":4,"spe":252},"gender":"F","ivs":{"hp":31,"atk":31,"def":31,"spa":31,"spd":31,"spe":31}},{"name":"Jiggles","species":"goodra","item":"assaultvest","ability":"Gooey","moves":["dragonpulse","flamethrower","thunderbolt","sludgewave"],"nature":"Modest","evs":{"hp":248,"atk":0,"def":0,"spa":252,"spd":8,"spe":0},"gender":"F","ivs":{"hp":31,"atk":31,"def":31,"spa":31,"spd":31,"spe":31}},{"name":"Mickey","species":"noivern","item":"lifeorb","ability":"Infiltrator","moves":["focusblast","dragonpulse","hurricane","flamethrower"],"nature":"Timid","evs":{"hp":0,"atk":0,"def":0,"spa":252,"spd":4,"spe":252},"gender":"M","shiny":true,"ivs":{"hp":31,"atk":31,"def":31,"spa":31,"spd":31,"spe":31}},{"name":"Haxing N00b","species":"haxorus","item":"focussash","ability":"Mold Breaker","moves":["dragondance","dragonclaw","earthquake","poisonjab"],"nature":"Adamant","evs":{"hp":0,"atk":252,"def":0,"spa":0,"spd":36,"spe":220},"shiny":true,"ivs":{"hp":31,"atk":31,"def":31,"spa":31,"spd":31,"spe":31}}],"log":["|player|p1|Neowulfy|143","|player|p2|Crystal Umaan|105","|gametype|singles","|gen|6","|tier|Monotype","|rated","|rule|Baton Pass Clause: Limit one Baton Passer, can't pass Spe and other stats simultaneously","|rule|Swagger Clause: Swagger is banned","|rule|Same Type Clause: Pokémon in a team must share a type","|clearpoke","|poke|p1|Gyarados, F","|poke|p1|Thundurus-Therian, M","|poke|p1|Landorus, M","|poke|p1|Skarmory, M","|poke|p1|Mandibuzz, F","|poke|p1|Hawlucha, F","|poke|p2|Flygon, M","|poke|p2|Dragonite, F","|poke|p2|Garchomp, F","|poke|p2|Goodra, F","|poke|p2|Noivern, M, shiny","|poke|p2|Haxorus, F, shiny","|rule|Sleep Clause Mod: Limit one foe put to sleep","|rule|Species Clause: Limit one of each Pokémon","|rule|OHKO Clause: OHKO moves are banned","|rule|Moody Clause: Moody is banned","|rule|Evasion Moves Clause: Evasion moves are banned","|rule|Endless Battle Clause: Forcing endless battles is banned","|rule|HP Percentage Mod: HP is shown in percentages","|teampreview","|","|start","|switch|p1a: Landorus|Landorus, M|319/319","|switch|p2a: Nom|Garchomp, F|357/357","|turn|1","|","|move|p2a: Nom|Stealth Rock|p1a: Landorus","|-sidestart|p1: Neowulfy|move: Stealth Rock","|move|p1a: Landorus|Earth Power|p2a: Nom","|-damage|p2a: Nom|59/357","|","|turn|2","|","|move|p2a: Nom|Dragon Claw|p1a: Landorus","|-damage|p1a: Landorus|157/319","|move|p1a: Landorus|Earth Power|p2a: Nom","|-damage|p2a: Nom|0 fnt","|faint|p2a: Nom","|","|","|switch|p2a: Maj|Dragonite, F|323/323","|turn|3","|","|move|p1a: Landorus|Psychic|p2a: Maj","|-damage|p2a: Maj|246/323","|move|p2a: Maj|Dragon Dance|p2a: Maj","|-boost|p2a: Maj|atk|1","|-boost|p2a: Maj|spe|1","|","|turn|4","|","|move|p2a: Maj|Outrage|p1a: Landorus","|-damage|p1a: Landorus|0 fnt","|faint|p1a: Landorus","|","|","|switch|p1a: Gyarados|Gyarados, F|331/331","|-damage|p1a: Gyarados|249/331|[from] Stealth Rock","|-ability|p1a: Gyarados|Intimidate","|-unboost|p2a: Maj|atk|1","|turn|5","|","|switch|p1a: Skarmory|Skarmory, M|332/332","|-damage|p1a: Skarmory|291/332|[from] Stealth Rock","|move|p2a: Maj|Outrage|p1a: Skarmory|[from]lockedmove","|-resisted|p1a: Skarmory","|-damage|p1a: Skarmory|224/332","|-start|p2a: Maj|confusion|[fatigue]","|-enditem|p2a: Maj|Lum Berry|[eat]","|-end|p2a: Maj|confusion","|","|-heal|p1a: Skarmory|244/332|[from] item: Leftovers","|turn|6","|","|move|p2a: Maj|Iron Head|p1a: Skarmory","|-resisted|p1a: Skarmory","|-damage|p1a: Skarmory|215/332","|move|p1a: Skarmory|Whirlwind|p2a: Maj","|drag|p2a: Mickey|Noivern, M, shiny|311/311","|","|-heal|p1a: Skarmory|235/332|[from] item: Leftovers","|turn|7","|","|switch|p1a: Mandibuzz|Mandibuzz, F|421/421","|-damage|p1a: Mandibuzz|316/421|[from] Stealth Rock","|move|p2a: Mickey|Flamethrower|p1a: Mandibuzz","|-damage|p1a: Mandibuzz|222/421","|-damage|p2a: Mickey|280/311|[from] item: Life Orb","|","|-heal|p1a: Mandibuzz|248/421|[from] item: Leftovers","|turn|8","|","|move|p2a: Mickey|Focus Blast|p1a: Mandibuzz","|-damage|p1a: Mandibuzz|128/421","|-damage|p2a: Mickey|249/311|[from] item: Life Orb","|move|p1a: Mandibuzz|Defog|p2a: Mickey","|-unboost|p2a: Mickey|evasion|1","|-sideend|p1: Neowulfy|Stealth Rock|[from] move: Defog|[of] p1a: Mandibuzz","|","|-heal|p1a: Mandibuzz|154/421|[from] item: Leftovers","|turn|9","|","|move|p2a: Mickey|Dragon Pulse|p1a: Mandibuzz","|-damage|p1a: Mandibuzz|14/421","|-damage|p2a: Mickey|218/311|[from] item: Life Orb","|move|p1a: Mandibuzz|Roost|p1a: Mandibuzz","|-heal|p1a: Mandibuzz|225/421","|","|-heal|p1a: Mandibuzz|251/421|[from] item: Leftovers","|turn|10","|","|move|p2a: Mickey|Hurricane|p1a: Mandibuzz","|-damage|p1a: Mandibuzz|95/421","|-damage|p2a: Mickey|187/311|[from] item: Life Orb","|move|p1a: Mandibuzz|Roost|p1a: Mandibuzz","|-heal|p1a: Mandibuzz|306/421","|","|-heal|p1a: Mandibuzz|332/421|[from] item: Leftovers","|turn|11","|","|move|p2a: Mickey|Hurricane|p1a: Mandibuzz|[miss]","|-miss|p2a: Mickey|p1a: Mandibuzz","|move|p1a: Mandibuzz|Roost|p1a: Mandibuzz","|-heal|p1a: Mandibuzz|421/421","|","|turn|12","|","|move|p2a: Mickey|Hurricane|p1a: Mandibuzz|[miss]","|-miss|p2a: Mickey|p1a: Mandibuzz","|move|p1a: Mandibuzz|Toxic|p2a: Mickey","|-status|p2a: Mickey|tox","|","|-damage|p2a: Mickey|168/311 tox|[from] psn","|turn|13","|","|move|p2a: Mickey|Hurricane|p1a: Mandibuzz","|-damage|p1a: Mandibuzz|244/421","|-damage|p2a: Mickey|137/311 tox|[from] item: Life Orb","|move|p1a: Mandibuzz|Foul Play|p2a: Mickey","|-crit|p2a: Mickey","|-damage|p2a: Mickey|10/311 tox","|","|-heal|p1a: Mandibuzz|270/421|[from] item: Leftovers","|-damage|p2a: Mickey|0 fnt|[from] psn","|faint|p2a: Mickey","|","|switch|p2a: Jiggles|Goodra, F|383/383","|turn|14","|","|move|p1a: Mandibuzz|Toxic|p2a: Jiggles","|-status|p2a: Jiggles|tox","|move|p2a: Jiggles|Thunderbolt|p1a: Mandibuzz","|-supereffective|p1a: Mandibuzz","|-damage|p1a: Mandibuzz|94/421","|","|-heal|p1a: Mandibuzz|120/421|[from] item: Leftovers","|-damage|p2a: Jiggles|360/383 tox|[from] psn","|turn|15","|","|move|p2a: Jiggles|Thunderbolt|p1a: Mandibuzz","|-supereffective|p1a: Mandibuzz","|-damage|p1a: Mandibuzz|0 fnt","|faint|p1a: Mandibuzz","|","|-damage|p2a: Jiggles|314/383 tox|[from] psn","|","|switch|p1a: Hawlucha|Hawlucha, F|297/297","|turn|16","|","|move|p1a: Hawlucha|Sky Attack|p2a: Jiggles|[still]","|-prepare|p1a: Hawlucha|Sky Attack|p2a: Jiggles","|-enditem|p1a: Hawlucha|Power Herb","|-anim|p1a: Hawlucha|Sky Attack|p2a: Jiggles","|-damage|p2a: Jiggles|71/383 tox","|move|p2a: Jiggles|Thunderbolt|p1a: Hawlucha","|-supereffective|p1a: Hawlucha","|-damage|p1a: Hawlucha|0 fnt","|faint|p1a: Hawlucha","|","|-damage|p2a: Jiggles|2/383 tox|[from] psn","|","|switch|p1a: Thundurus-Therian|Thundurus-Therian, M|299/299","|turn|17","|","|move|p1a: Thundurus-Therian|Volt Switch|p2a: Jiggles","|-resisted|p2a: Jiggles","|-damage|p2a: Jiggles|0 fnt","|faint|p2a: Jiggles","|","|switch|p1a: Skarmory|Skarmory, M|235/332","|","|-heal|p1a: Skarmory|255/332|[from] item: Leftovers","|","|switch|p2a: Haxing N00b|Haxorus, F, shiny|293/293","|-ability|p2a: Haxing N00b|Mold Breaker","|turn|18","|","|move|p2a: Haxing N00b|Dragon Dance|p2a: Haxing N00b","|-boost|p2a: Haxing N00b|atk|1","|-boost|p2a: Haxing N00b|spe|1","|move|p1a: Skarmory|Stealth Rock|p2a: Haxing N00b","|-sidestart|p2: Crystal Umaan|move: Stealth Rock","|","|-heal|p1a: Skarmory|275/332|[from] item: Leftovers","|turn|19","|","|move|p2a: Haxing N00b|Dragon Dance|p2a: Haxing N00b","|-boost|p2a: Haxing N00b|atk|1","|-boost|p2a: Haxing N00b|spe|1","|move|p1a: Skarmory|Whirlwind|p2a: Haxing N00b","|drag|p2a: Maj|Dragonite, F|246/323","|-damage|p2a: Maj|166/323|[from] Stealth Rock","|","|-heal|p1a: Skarmory|295/332|[from] item: Leftovers","|turn|20","|","|move|p2a: Maj|Outrage|p1a: Skarmory","|-resisted|p1a: Skarmory","|-damage|p1a: Skarmory|229/332","|move|p1a: Skarmory|Whirlwind|p2a: Maj","|drag|p2a: Haxing N00b|Haxorus, F, shiny|293/293","|-damage|p2a: Haxing N00b|257/293|[from] Stealth Rock","|-ability|p2a: Haxing N00b|Mold Breaker","|","|-heal|p1a: Skarmory|249/332|[from] item: Leftovers","|turn|21","|","|move|p2a: Haxing N00b|Dragon Claw|p1a: Skarmory","|-resisted|p1a: Skarmory","|-damage|p1a: Skarmory|198/332","|move|p1a: Skarmory|Whirlwind|p2a: Haxing N00b","|drag|p2a: Danson|Flygon, M|301/301","|-damage|p2a: Danson|283/301|[from] Stealth Rock","|","|-heal|p1a: Skarmory|218/332|[from] item: Leftovers","|turn|22","|","|move|p2a: Danson|Dragon Claw|p1a: Skarmory","|-resisted|p1a: Skarmory","|-damage|p1a: Skarmory|171/332","|-damage|p2a: Danson|253/301|[from] item: Life Orb","|move|p1a: Skarmory|Roost|p1a: Skarmory","|-heal|p1a: Skarmory|332/332","|","|turn|23","|","|move|p2a: Danson|Dragon Claw|p1a: Skarmory","|-resisted|p1a: Skarmory","|-damage|p1a: Skarmory|288/332","|-damage|p2a: Danson|223/301|[from] item: Life Orb","|move|p1a: Skarmory|Whirlwind|p2a: Danson","|drag|p2a: Maj|Dragonite, F|166/323","|-damage|p2a: Maj|86/323|[from] Stealth Rock","|","|-heal|p1a: Skarmory|308/332|[from] item: Leftovers","|turn|24","|","|move|p2a: Maj|Outrage|p1a: Skarmory","|-resisted|p1a: Skarmory","|-damage|p1a: Skarmory|242/332","|move|p1a: Skarmory|Iron Head|p2a: Maj","|-damage|p2a: Maj|1/323","|","|-heal|p1a: Skarmory|262/332|[from] item: Leftovers","|turn|25","|","|move|p2a: Maj|Outrage|p1a: Skarmory|[from]lockedmove","|-resisted|p1a: Skarmory","|-damage|p1a: Skarmory|197/332","|move|p1a: Skarmory|Roost|p1a: Skarmory","|-heal|p1a: Skarmory|332/332","|","|turn|26","|","|move|p2a: Maj|Outrage|p1a: Skarmory|[from]lockedmove","|-resisted|p1a: Skarmory","|-damage|p1a: Skarmory|266/332","|-start|p2a: Maj|confusion|[fatigue]","|move|p1a: Skarmory|Iron Head|p2a: Maj","|-damage|p2a: Maj|0 fnt","|faint|p2a: Maj","|","|-heal|p1a: Skarmory|286/332|[from] item: Leftovers","|","|switch|p2a: Danson|Flygon, M|223/301","|-damage|p2a: Danson|205/301|[from] Stealth Rock","|turn|27","|","|move|p2a: Danson|Defog|p1a: Skarmory","|-unboost|p1a: Skarmory|evasion|1","|-sideend|p2: Crystal Umaan|Stealth Rock|[from] move: Defog|[of] p2a: Danson","|move|p1a: Skarmory|Iron Head|p2a: Danson","|-damage|p2a: Danson|115/301","|","|-heal|p1a: Skarmory|306/332|[from] item: Leftovers","|turn|28","|","|move|p2a: Danson|Dragon Claw|p1a: Skarmory","|-resisted|p1a: Skarmory","|-damage|p1a: Skarmory|263/332","|-damage|p2a: Danson|85/301|[from] item: Life Orb","|move|p1a: Skarmory|Stealth Rock|p2a: Danson","|-sidestart|p2: Crystal Umaan|move: Stealth Rock","|","|-heal|p1a: Skarmory|283/332|[from] item: Leftovers","|turn|29","|","|switch|p1a: Gyarados|Gyarados, F|249/331","|-ability|p1a: Gyarados|Intimidate","|-unboost|p2a: Danson|atk|1","|move|p2a: Danson|Dragon Claw|p1a: Gyarados","|-damage|p1a: Gyarados|119/331","|-damage|p2a: Danson|55/301|[from] item: Life Orb","|","|turn|30","|","|detailschange|p1a: Gyarados|Gyarados-Mega, F","|-mega|p1a: Gyarados|Gyarados|Gyaradosite","|-ability|p1a: Gyarados|Mold Breaker","|move|p2a: Danson|Dragon Claw|p1a: Gyarados","|-crit|p1a: Gyarados","|-damage|p1a: Gyarados|0 fnt","|-damage|p2a: Danson|25/301|[from] item: Life Orb","|faint|p1a: Gyarados","|","|","|switch|p1a: Skarmory|Skarmory, M|283/332","|turn|31","|","|move|p2a: Danson|Defog|p1a: Skarmory","|-unboost|p1a: Skarmory|evasion|1","|-sideend|p2: Crystal Umaan|Stealth Rock|[from] move: Defog|[of] p2a: Danson","|move|p1a: Skarmory|Roost|p1a: Skarmory","|-heal|p1a: Skarmory|332/332","|","|turn|32","|","|move|p2a: Danson|Dragon Claw|p1a: Skarmory","|-resisted|p1a: Skarmory","|-damage|p1a: Skarmory|301/332","|-damage|p2a: Danson|0 fnt|[from] item: Life Orb","|faint|p2a: Danson","|move|p1a: Skarmory|Stealth Rock|p2: Danson","|-sidestart|p2: Crystal Umaan|move: Stealth Rock","|","|-heal|p1a: Skarmory|321/332|[from] item: Leftovers","|","|switch|p2a: Haxing N00b|Haxorus, F, shiny|257/293","|-damage|p2a: Haxing N00b|221/293|[from] Stealth Rock","|-ability|p2a: Haxing N00b|Mold Breaker","|turn|33","|","|switch|p1a: Thundurus-Therian|Thundurus-Therian, M|299/299","|move|p2a: Haxing N00b|Dragon Dance|p2a: Haxing N00b","|-boost|p2a: Haxing N00b|atk|1","|-boost|p2a: Haxing N00b|spe|1","|","|turn|34","|","|move|p1a: Thundurus-Therian|Thunderbolt|p2a: Haxing N00b","|-resisted|p2a: Haxing N00b","|-damage|p2a: Haxing N00b|111/293","|-status|p2a: Haxing N00b|par","|move|p2a: Haxing N00b|Dragon Dance|p2a: Haxing N00b","|-boost|p2a: Haxing N00b|atk|1","|-boost|p2a: Haxing N00b|spe|1","|","|turn|35","|","|move|p1a: Thundurus-Therian|Thunderbolt|p2a: Haxing N00b","|-resisted|p2a: Haxing N00b","|-damage|p2a: Haxing N00b|0 fnt","|faint|p2a: Haxing N00b","|","|win|Neowulfy"],"p1rating":{"entryid":"313690","serverid":"eos","formatid":"monotype","userid":"neowulfy","username":"Neowulfy","w":2,"l":"0","t":"0","gxe":57.4,"r":"1500","rd":"130","sigma":"0","rptime":"1440234000","rpr":1559.2392203756,"rprd":116.78296060538,"rpsigma":"0","acre":1079.23989105,"lacre":1079.23989105,"oldacre":"1051.7742119478"},"p2rating":{"entryid":"3483","serverid":"eos","formatid":"monotype","userid":"crystalumaan","username":"Crystal Umaan","w":"3","l":13,"t":"0","gxe":30.2,"r":"1389.1200776934","rd":"83.991179238901","sigma":"0","rptime":"1440234000","rpr":1338.9899018011,"rprd":77.01131466238,"rpsigma":"0","acre":1000,"lacre":1000,"oldacre":"1000"},"endType":"normal"}