{"seed":[24568,19910,31944,54647],"turns":24,"p1":"Rain Zeref","p2":"Shining Yin","p1team":[{"name":"Hydreigon","species":"Hydreigon","item":"lifeorb","ability":"Levitate","moves":["flamethrower","darkpulse","dracometeor","earthpower"],"nature":"Timid","evs":{"hp":0,"atk":0,"def":0,"spa":252,"spd":4,"spe":252},"gender":"F","shiny":true,"ivs":{"hp":31,"atk":31,"def":31,"spa":31,"spd":31,"spe":31}},{"name":"DEEZ NUTS!!","species":"weavile","item":"choicescarf","ability":"Pressure","moves":["iceshard","iciclecrash","knockoff","brickbreak"],"nature":"Adamant","evs":{"hp":0,"atk":252,"def":0,"spa":0,"spd":4,"spe":252},"gender":"F","ivs":{"hp":31,"atk":31,"def":31,"spa":31,"spd":31,"spe":31}},{"name":"DEEZ NUTS!!!","species":"mandibuzz","item":"leftovers","ability":"Overcoat","moves":["toxic","roost","foulplay","whirlwind"],"nature":"Bold","evs":{"hp":252,"atk":0,"def":252,"spa":0,"spd":4,"spe":0},"shiny":true,"ivs":{"hp":31,"atk":31,"def":31,"spa":31,"spd":31,"spe":31}},{"name":"Sableye","species":"Sableye","item":"leftovers","ability":"Prankster","moves":["willowisp","calmmind","darkpulse","recover"],"nature":"Calm","evs":{"hp":252,"atk":0,"def":0,"spa":4,"spd":252,"spe":0},"ivs":{"hp":31,"atk":31,"def":31,"spa":31,"spd":31,"spe":31}},{"name":"DEEZ NUTS!!!!!","species":"hoopaunbound","item":"lifeorb","ability":"Magician","moves":["substitute","hyperspacefury","gunkshot","zenheadbutt"],"nature":"Jolly","evs":{"hp":0,"atk":252,"def":0,"spa":0,"spd":4,"spe":252},"ivs":{"hp":31,"atk":31,"def":31,"spa":31,"spd":31,"spe":31}},{"name":"DEEZ NUTS!!!!!!","species":"tyranitar","item":"tyranitarite","ability":"Sand Stream","moves":["dragondance","stoneedge","crunch","earthquake"],"nature":"Jolly","evs":{"hp":0,"atk":252,"def":0,"spa":0,"spd":4,"spe":252},"ivs":{"hp":31,"atk":31,"def":31,"spa":31,"spd":31,"spe":31}}],"p2team":[{"name":"Chansey","species":"Chansey","item":"eviolite","ability":"Natural Cure","moves":["thunderwave","softboiled","seismictoss","stealthrock"],"nature":"Bold","evs":{"hp":0,"atk":0,"def":252,"spa":0,"spd":252,"spe":4},"ivs":{"hp":31,"atk":0,"def":31,"spa":31,"spd":31,"spe":31}},{"name":"Porygon2","species":"Porygon2","item":"eviolite","ability":"Trace","moves":["icebeam","discharge","recover","thunderwave"],"nature":"Calm","evs":{"hp":248,"atk":0,"def":204,"spa":0,"spd":56,"spe":0},"ivs":{"hp":31,"atk":0,"def":31,"spa":31,"spd":31,"spe":31}},{"name":"Pidgeot","species":"Pidgeot","item":"pidgeotite","ability":"Keen Eye","moves":["hurricane","heatwave","defog","roost"],"nature":"Timid","evs":{"hp":0,"atk":0,"def":0,"spa":252,"spd":4,"spe":252},"ivs":{"hp":31,"atk":0,"def":31,"spa":31,"spd":31,"spe":31}},{"name":"Staraptor","species":"Staraptor","item":"choicescarf","ability":"Reckless","moves":["bravebird","uturn","doubleedge","closecombat"],"nature":"Jolly","evs":{"hp":0,"atk":252,"def":0,"spa":0,"spd":4,"spe":252},"ivs":{"hp":31,"atk":31,"def":31,"spa":31,"spd":31,"spe":31}},{"name":"Diggersby","species":"Diggersby","item":"choiceband","ability":"Huge Power","moves":["return","earthquake","knockoff","quickattack"],"nature":"Jolly","evs":{"hp":0,"atk":252,"def":0,"spa":0,"spd":4,"spe":252},"ivs":{"hp":31,"atk":31,"def":31,"spa":31,"spd":31,"spe":31}},{"name":"Heliolisk","species":"Heliolisk","item":"lifeorb","ability":"Dry Skin","moves":["grassknot","thunderbolt","surf","focusblast"],"nature":"Timid","evs":{"hp":0,"atk":0,"def":0,"spa":252,"spd":4,"spe":252},"ivs":{"hp":31,"atk":31,"def":31,"spa":31,"spd":31,"spe":31}}],"log":["|player|p1|Rain Zeref|rainzeref.png","|player|p2|Shining Yin|277","|gametype|singles","|gen|6","|tier|Monotype","|rated","|rule|Baton Pass Clause: Limit one Baton Passer, can't pass Spe and other stats simultaneously","|rule|Swagger Clause: Swagger is banned","|rule|Same Type Clause: Pokémon in a team must share a type","|clearpoke","|poke|p1|Hydreigon, F, shiny","|poke|p1|Weavile, F","|poke|p1|Mandibuzz, F, shiny","|poke|p1|Sableye, M","|poke|p1|Hoopa-Unbound","|poke|p1|Tyranitar, F","|poke|p2|Chansey, F","|poke|p2|Porygon2","|poke|p2|Pidgeot, F","|poke|p2|Staraptor, F","|poke|p2|Diggersby, M","|poke|p2|Heliolisk, M","|rule|Sleep Clause Mod: Limit one foe put to sleep","|rule|Species Clause: Limit one of each Pokémon","|rule|OHKO Clause: OHKO moves are banned","|rule|Moody Clause: Moody is banned","|rule|Evasion Moves Clause: Evasion moves are banned","|rule|Endless Battle Clause: Forcing endless battles is banned","|rule|HP Percentage Mod: HP is shown in percentages","|teampreview","|","|start","|switch|p1a: DEEZ NUTS!!|Weavile, F|281/281","|switch|p2a: Chansey|Chansey, F|641/641","|-ability|p1a: DEEZ NUTS!!|Pressure","|turn|1","|","|move|p1a: DEEZ NUTS!!|Knock Off|p2a: Chansey","|-damage|p2a: Chansey|383/641","|-enditem|p2a: Chansey|Eviolite|[from] move: Knock Off|[of] p1a: DEEZ NUTS!!","|move|p2a: Chansey|Thunder Wave|p1a: DEEZ NUTS!!","|-status|p1a: DEEZ NUTS!!|par","|","|turn|2","|","|switch|p1a: DEEZ NUTS!!!|Mandibuzz, F, shiny|424/424","|move|p2a: Chansey|Stealth Rock|p1a: DEEZ NUTS!!!","|-sidestart|p1: Rain Zeref|move: Stealth Rock","|","|turn|3","|","|move|p1a: DEEZ NUTS!!!|Toxic|p2a: Chansey","|-status|p2a: Chansey|tox","|move|p2a: Chansey|Soft-Boiled|p2a: Chansey","|-heal|p2a: Chansey|641/641 tox","|","|-damage|p2a: Chansey|601/641 tox|[from] psn","|turn|4","|","|switch|p1a: DEEZ NUTS!!|Weavile, F|281/281 par","|-damage|p1a: DEEZ NUTS!!|211/281 par|[from] Stealth Rock","|-ability|p1a: DEEZ NUTS!!|Pressure","|switch|p2a: Heliolisk|Heliolisk, M|265/265","|","|turn|5","|","|move|p2a: Heliolisk|Focus Blast|p1a: DEEZ NUTS!!|[miss]","|-miss|p2a: Heliolisk|p1a: DEEZ NUTS!!","|move|p1a: DEEZ NUTS!!|Icicle Crash|p2a: Heliolisk","|-damage|p2a: Heliolisk|16/265","|","|turn|6","|","|switch|p2a: Porygon2|Porygon2|373/373","|-ability|p2a: Porygon2|Pressure|[from] ability: Trace|[of] p1a: DEEZ NUTS!!","|-ability|p2a: Porygon2|Pressure","|switch|p1a: Sableye|Sableye, M|304/304","|-damage|p1a: Sableye|266/304|[from] Stealth Rock","|","|-heal|p1a: Sableye|285/304|[from] item: Leftovers","|turn|7","|","|move|p1a: Sableye|Calm Mind|p1a: Sableye","|-boost|p1a: Sableye|spa|1","|-boost|p1a: Sableye|spd|1","|move|p2a: Porygon2|Discharge|p1a: Sableye","|-damage|p1a: Sableye|243/304","|","|-heal|p1a: Sableye|262/304|[from] item: Leftovers","|turn|8","|","|move|p1a: Sableye|Calm Mind|p1a: Sableye","|-boost|p1a: Sableye|spa|1","|-boost|p1a: Sableye|spd|1","|move|p2a: Porygon2|Discharge|p1a: Sableye","|-damage|p1a: Sableye|232/304","|-status|p1a: Sableye|par","|","|-heal|p1a: Sableye|251/304 par|[from] item: Leftovers","|turn|9","|","|switch|p2a: Staraptor|Staraptor, F|311/311","|move|p1a: Sableye|Calm Mind|p1a: Sableye","|-boost|p1a: Sableye|spa|1","|-boost|p1a: Sableye|spd|1","|","|-heal|p1a: Sableye|270/304 par|[from] item: Leftovers","|turn|10","|","|cant|p1a: Sableye|par","|move|p2a: Staraptor|Brave Bird|p1a: Sableye","|-damage|p1a: Sableye|0 fnt","|-damage|p2a: Staraptor|222/311|[from] recoil|[of] p1a: Sableye","|faint|p1a: Sableye","|","|","|switch|p1a: DEEZ NUTS!!!|Mandibuzz, F, shiny|424/424","|-damage|p1a: DEEZ NUTS!!!|318/424|[from] Stealth Rock","|turn|11","|","|move|p2a: Staraptor|Brave Bird|p1a: DEEZ NUTS!!!","|-damage|p1a: DEEZ NUTS!!!|149/424","|-damage|p2a: Staraptor|166/311|[from] recoil|[of] p1a: DEEZ NUTS!!!","|move|p1a: DEEZ NUTS!!!|Foul Play|p2a: Staraptor","|-crit|p2a: Staraptor","|-damage|p2a: Staraptor|0 fnt","|faint|p2a: Staraptor","|","|-heal|p1a: DEEZ NUTS!!!|175/424|[from] item: Leftovers","|","|switch|p2a: Pidgeot|Pidgeot, F|307/307","|turn|12","|","|detailschange|p2a: Pidgeot|Pidgeot-Mega, F","|-mega|p2a: Pidgeot|Pidgeot|Pidgeotite","|move|p2a: Pidgeot|Hurricane|p1a: DEEZ NUTS!!!","|-damage|p1a: DEEZ NUTS!!!|0 fnt","|faint|p1a: DEEZ NUTS!!!","|","|","|switch|p1a: DEEZ NUTS!!|Weavile, F|211/281 par","|-damage|p1a: DEEZ NUTS!!|141/281 par|[from] Stealth Rock","|-ability|p1a: DEEZ NUTS!!|Pressure","|turn|13","|","|move|p1a: DEEZ NUTS!!|Ice Shard|p2a: Pidgeot","|-supereffective|p2a: Pidgeot","|-damage|p2a: Pidgeot|125/307","|move|p2a: Pidgeot|Hurricane|p1a: DEEZ NUTS!!","|-damage|p1a: DEEZ NUTS!!|0 fnt","|faint|p1a: DEEZ NUTS!!","|","|","|switch|p1a: DEEZ NUTS!!!!!!|Tyranitar, F|341/341","|-damage|p1a: DEEZ NUTS!!!!!!|299/341|[from] Stealth Rock","|-weather|Sandstorm","|turn|14","|","|detailschange|p1a: DEEZ NUTS!!!!!!|Tyranitar-Mega, F","|-mega|p1a: DEEZ NUTS!!!!!!|Tyranitar|Tyranitarite","|move|p2a: Pidgeot|Roost|p2a: Pidgeot","|-heal|p2a: Pidgeot|279/307","|move|p1a: DEEZ NUTS!!!!!!|Crunch|p2a: Pidgeot","|-damage|p2a: Pidgeot|75/307","|","|-weather|Sandstorm|[upkeep]","|-damage|p2a: Pidgeot|56/307|[from] sandstorm","|turn|15","|","|move|p2a: Pidgeot|Hurricane|p1a: DEEZ NUTS!!!!!!","|-resisted|p1a: DEEZ NUTS!!!!!!","|-damage|p1a: DEEZ NUTS!!!!!!|241/341","|move|p1a: DEEZ NUTS!!!!!!|Dragon Dance|p1a: DEEZ NUTS!!!!!!","|-boost|p1a: DEEZ NUTS!!!!!!|atk|1","|-boost|p1a: DEEZ NUTS!!!!!!|spe|1","|","|-weather|Sandstorm|[upkeep]","|-damage|p2a: Pidgeot|37/307|[from] sandstorm","|turn|16","|","|move|p1a: DEEZ NUTS!!!!!!|Dragon Dance|p1a: DEEZ NUTS!!!!!!","|-boost|p1a: DEEZ NUTS!!!!!!|atk|1","|-boost|p1a: DEEZ NUTS!!!!!!|spe|1","|move|p2a: Pidgeot|Hurricane|p1a: DEEZ NUTS!!!!!!","|-resisted|p1a: DEEZ NUTS!!!!!!","|-damage|p1a: DEEZ NUTS!!!!!!|184/341","|","|-weather|Sandstorm|[upkeep]","|-damage|p2a: Pidgeot|18/307|[from] sandstorm","|turn|17","|","|move|p1a: DEEZ NUTS!!!!!!|Crunch|p2a: Pidgeot","|-damage|p2a: Pidgeot|0 fnt","|faint|p2a: Pidgeot","|","|-weather|Sandstorm|[upkeep]","|","|switch|p2a: Porygon2|Porygon2|373/373","|-ability|p2a: Porygon2|Sand Stream|[from] ability: Trace|[of] p1a: DEEZ NUTS!!!!!!","|turn|18","|","|move|p1a: DEEZ NUTS!!!!!!|Stone Edge|p2a: Porygon2","|-damage|p2a: Porygon2|111/373","|move|p2a: Porygon2|Thunder Wave|p1a: DEEZ NUTS!!!!!!","|-status|p1a: DEEZ NUTS!!!!!!|par","|","|-weather|none","|turn|19","|","|switch|p2a: Heliolisk|Heliolisk, M|16/265","|cant|p1a: DEEZ NUTS!!!!!!|par","|","|turn|20","|","|move|p2a: Heliolisk|Grass Knot|p1a: DEEZ NUTS!!!!!!","|-supereffective|p1a: DEEZ NUTS!!!!!!","|-damage|p1a: DEEZ NUTS!!!!!!|0 fnt","|-damage|p2a: Heliolisk|0 fnt|[from] item: Life Orb","|faint|p1a: DEEZ NUTS!!!!!!","|faint|p2a: Heliolisk","|","|","|switch|p1a: DEEZ NUTS!!!!!|Hoopa-Unbound|301/301","|switch|p2a: Diggersby|Diggersby, M|311/311","|-damage|p1a: DEEZ NUTS!!!!!|264/301|[from] Stealth Rock","|turn|21","|","|move|p2a: Diggersby|Quick Attack|p1a: DEEZ NUTS!!!!!","|-damage|p1a: DEEZ NUTS!!!!!|81/301","|move|p1a: DEEZ NUTS!!!!!|Substitute|p1a: DEEZ NUTS!!!!!","|-start|p1a: DEEZ NUTS!!!!!|Substitute","|-damage|p1a: DEEZ NUTS!!!!!|6/301","|","|turn|22","|","|move|p2a: Diggersby|Quick Attack|p1a: DEEZ NUTS!!!!!","|-crit|p1a: DEEZ NUTS!!!!!","|-end|p1a: DEEZ NUTS!!!!!|Substitute","|move|p1a: DEEZ NUTS!!!!!|Hyperspace Fury|p2a: Diggersby","|-damage|p2a: Diggersby|0 fnt","|-unboost|p1a: DEEZ NUTS!!!!!|def|1","|-damage|p1a: DEEZ NUTS!!!!!|0 fnt|[from] item: Life Orb","|faint|p2a: Diggersby","|faint|p1a: DEEZ NUTS!!!!!","|","|","|switch|p1a: Hydreigon|Hydreigon, F, shiny|325/325","|switch|p2a: Chansey|Chansey, F|601/641","|-damage|p1a: Hydreigon|285/325|[from] Stealth Rock","|turn|23","|","|move|p1a: Hydreigon|Earth Power|p2a: Chansey","|-damage|p2a: Chansey|498/641","|-damage|p1a: Hydreigon|253/325|[from] item: Life Orb","|move|p2a: Chansey|Thunder Wave|p1a: Hydreigon","|-status|p1a: Hydreigon|par","|","|turn|24","|","|win|Shining Yin"],"p1rating":{"entryid":"191502","serverid":"eos","formatid":"monotype","userid":"rainzeref","username":"Rain Zeref","w":"3","l":14,"t":"0","gxe":32.1,"r":"1385.7064528291","rd":"80.056159849456","sigma":"0","rptime":"1440234000","rpr":1355.96542306,"rprd":75.657877181669,"rpsigma":"0","acre":1000,"lacre":1000,"oldacre":"1000.995029105"},"p2rating":{"entryid":"71235","serverid":"eos","formatid":"monotype","userid":"shiningyin","username":"Shining Yin","w":44,"l":"23","t":"0","gxe":62.9,"r":"1602.5384184487","rd":"46.548970627042","sigma":"0","rptime":"1440234000","rpr":1600.2001715991,"rprd":44.991906586055,"rpsigma":"0","acre":1138.3088661977,"lacre":1138.3088661977,"oldacre":"1121.658264989"},"endType":"forfeit"}