{"seed":[5807,14765,56288,32756],"turns":23,"p1":"Carnie Red","p2":"SWL Neßki","p1team":[{"name":"Rotom-Wash","species":"Rotom-Wash","item":"leftovers","ability":"Levitate","moves":["hydropump","painsplit","voltswitch","willowisp"],"nature":"Calm","evs":{"hp":252,"atk":0,"def":0,"spa":4,"spd":252,"spe":0},"ivs":{"hp":31,"atk":31,"def":31,"spa":31,"spd":31,"spe":31}},{"name":"Suicune","species":"Suicune","item":"leftovers","ability":"Pressure","moves":["scald","calmmind","rest","sleeptalk"],"nature":"Bold","evs":{"hp":252,"atk":0,"def":252,"spa":0,"spd":4,"spe":0},"ivs":{"hp":31,"atk":31,"def":31,"spa":31,"spd":31,"spe":31}},{"name":"Swampert","species":"Swampert","item":"swampertite","ability":"Torrent","moves":["earthquake","icepunch","waterfall","protect"],"nature":"Jolly","evs":{"hp":0,"atk":252,"def":0,"spa":0,"spd":4,"spe":252},"gender":"M","ivs":{"hp":31,"atk":31,"def":31,"spa":31,"spd":31,"spe":31}},{"name":"Swanna","species":"Swanna","item":"leftovers","ability":"Hydration","moves":["airslash","scald","defog","roost"],"nature":"Bold","evs":{"hp":252,"atk":0,"def":252,"spa":4,"spd":0,"spe":0},"gender":"F","ivs":{"hp":31,"atk":31,"def":31,"spa":31,"spd":31,"spe":31}},{"name":"Politoed","species":"Politoed","item":"leftovers","ability":"Drizzle","moves":["icebeam","scald","encore","protect"],"nature":"Bold","evs":{"hp":252,"atk":0,"def":252,"spa":4,"spd":0,"spe":0},"shiny":true,"ivs":{"hp":31,"atk":31,"def":31,"spa":31,"spd":31,"spe":31}},{"name":"Azumarill","species":"Azumarill","item":"assaultvest","ability":"Sap Sipper","moves":["knockoff","waterfall","superpower","playrough"],"nature":"Adamant","evs":{"hp":248,"atk":252,"def":0,"spa":0,"spd":8,"spe":0},"ivs":{"hp":31,"atk":31,"def":31,"spa":31,"spd":31,"spe":31}}],"p2team":[{"name":"Volcarona","species":"Volcarona","item":"lumberry","ability":"Flame Body","moves":["quiverdance","bugbuzz","gigadrain","fierydance"],"nature":"Timid","evs":{"hp":248,"atk":0,"def":0,"spa":164,"spd":0,"spe":96},"gender":"F","ivs":{"hp":31,"atk":0,"def":31,"spa":31,"spd":31,"spe":31},"shiny":true},{"name":"Torkoal","species":"Torkoal","item":"leftovers","ability":"Shell Armor","moves":["yawn","stealthrock","rapidspin","lavaplume"],"nature":"Bold","evs":{"hp":252,"atk":0,"def":252,"spa":0,"spd":0,"spe":0},"gender":"M","ivs":{"hp":31,"atk":0,"def":31,"spa":31,"spd":31,"spe":31}},{"name":"FletchinCiel","species":"fletchinder","item":"","ability":"Gale Wings","moves":["tailwind","swordsdance","overheat","acrobatics"],"nature":"Naughty","evs":{"hp":232,"atk":252,"def":0,"spa":0,"spd":0,"spe":24},"ivs":{"hp":31,"atk":31,"def":31,"spa":31,"spd":31,"spe":31}},{"name":"Jak","species":"charizard","item":"charizarditey","ability":"Blaze","moves":["solarbeam","defog","earthquake","flamethrower"],"nature":"Modest","evs":{"hp":0,"atk":4,"def":0,"spa":252,"spd":0,"spe":252},"ivs":{"hp":31,"atk":31,"def":31,"spa":31,"spd":31,"spe":31}},{"name":"Arcanine","species":"Arcanine","item":"assaultvest","ability":"Intimidate","moves":["extremespeed","wildcharge","flareblitz","closecombat"],"nature":"Adamant","evs":{"hp":248,"atk":252,"def":0,"spa":0,"spd":0,"spe":8},"ivs":{"hp":31,"atk":31,"def":31,"spa":31,"spd":31,"spe":31}},{"name":"Infernape","species":"Infernape","item":"lifeorb","ability":"Blaze","moves":["vacuumwave","hiddenpowerice","flamethrower","closecombat"],"nature":"Naive","evs":{"hp":0,"atk":4,"def":0,"spa":252,"spd":0,"spe":252},"ivs":{"hp":31,"atk":30,"def":30,"spa":31,"spd":31,"spe":31}}],"log":["|player|p1|Carnie Red|162","|player|p2|SWL Neßki|swlneki.png","|gametype|singles","|gen|6","|tier|Monotype","|rated","|rule|Baton Pass Clause: Limit one Baton Passer, can't pass Spe and other stats simultaneously","|rule|Swagger Clause: Swagger is banned","|rule|Same Type Clause: Pokémon in a team must share a type","|clearpoke","|poke|p1|Rotom-Wash","|poke|p1|Suicune","|poke|p1|Swampert, M","|poke|p1|Swanna, F","|poke|p1|Politoed, M, shiny","|poke|p1|Azumarill, M","|poke|p2|Volcarona, F, shiny","|poke|p2|Torkoal, M","|poke|p2|Fletchinder, F","|poke|p2|Charizard, M","|poke|p2|Arcanine, M","|poke|p2|Infernape, F","|rule|Sleep Clause Mod: Limit one foe put to sleep","|rule|Species Clause: Limit one of each Pokémon","|rule|OHKO Clause: OHKO moves are banned","|rule|Moody Clause: Moody is banned","|rule|Evasion Moves Clause: Evasion moves are banned","|rule|Endless Battle Clause: Forcing endless battles is banned","|rule|HP Percentage Mod: HP is shown in percentages","|teampreview","|","|start","|switch|p1a: Politoed|Politoed, M, shiny|384/384","|switch|p2a: Jak|Charizard, M|297/297","|-weather|RainDance","|turn|1","|","|switch|p1a: Azumarill|Azumarill, M|403/403","|detailschange|p2a: Jak|Charizard-Mega-Y, M","|-mega|p2a: Jak|Charizard|Charizardite Y","|-weather|SunnyDay","|move|p2a: Jak|Solar Beam|p1a: Azumarill|[still]","|-prepare|p2a: Jak|Solar Beam|p1a: Azumarill","|-anim|p2a: Jak|Solar Beam|p1a: Azumarill","|-boost|p1a: Azumarill|atk|1|[from] ability: Sap Sipper","|","|-weather|SunnyDay|[upkeep]","|turn|2","|","|switch|p2a: Torkoal|Torkoal, M|344/344","|move|p1a: Azumarill|Waterfall|p2a: Torkoal","|-supereffective|p2a: Torkoal","|-damage|p2a: Torkoal|264/344","|","|-weather|SunnyDay|[upkeep]","|-heal|p2a: Torkoal|285/344|[from] item: Leftovers","|turn|3","|","|switch|p1a: Swanna|Swanna, F|354/354","|move|p2a: Torkoal|Yawn|p1a: Swanna","|-start|p1a: Swanna|move: Yawn|[of] p2a: Torkoal","|","|-weather|SunnyDay|[upkeep]","|-heal|p2a: Torkoal|306/344|[from] item: Leftovers","|turn|4","|","|switch|p1a: Politoed|Politoed, M, shiny|384/384","|-weather|RainDance","|move|p2a: Torkoal|Stealth Rock|p1a: Politoed","|-sidestart|p1: Carnie Red|move: Stealth Rock","|","|-weather|RainDance|[upkeep]","|-heal|p2a: Torkoal|327/344|[from] item: Leftovers","|turn|5","|","|switch|p1a: Swanna|Swanna, F|354/354","|-damage|p1a: Swanna|266/354|[from] Stealth Rock","|switch|p2a: Jak|Charizard-Mega-Y, M|297/297","|-weather|SunnyDay","|","|-weather|SunnyDay|[upkeep]","|-heal|p1a: Swanna|288/354|[from] item: Leftovers","|turn|6","|","|move|p2a: Jak|Flamethrower|p1a: Swanna","|-resisted|p1a: Swanna","|-damage|p1a: Swanna|50/354","|move|p1a: Swanna|Defog|p2a: Jak","|-unboost|p2a: Jak|evasion|1","|-sideend|p1: Carnie Red|Stealth Rock|[from] move: Defog|[of] p1a: Swanna","|","|-weather|SunnyDay|[upkeep]","|-heal|p1a: Swanna|72/354|[from] item: Leftovers","|turn|7","|","|switch|p2a: Arcanine|Arcanine, M|383/383","|-ability|p2a: Arcanine|Intimidate","|-unboost|p1a: Swanna|atk|1","|switch|p1a: Politoed|Politoed, M, shiny|384/384","|-weather|RainDance","|","|-weather|RainDance|[upkeep]","|turn|8","|","|move|p2a: Arcanine|Wild Charge|p1a: Politoed","|-supereffective|p1a: Politoed","|-damage|p1a: Politoed|216/384","|-damage|p2a: Arcanine|341/383|[from] recoil|[of] p1a: Politoed","|move|p1a: Politoed|Scald|p2a: Arcanine","|-supereffective|p2a: Arcanine","|-damage|p2a: Arcanine|125/383","|","|-weather|RainDance|[upkeep]","|-heal|p1a: Politoed|240/384|[from] item: Leftovers","|turn|9","|","|switch|p2a: Jak|Charizard-Mega-Y, M|297/297","|-weather|SunnyDay","|switch|p1a: Swampert|Swampert, M|341/341","|","|-weather|SunnyDay|[upkeep]","|turn|10","|","|switch|p1a: Politoed|Politoed, M, shiny|240/384","|-weather|RainDance","|move|p2a: Jak|Solar Beam|p1a: Politoed|[still]","|-prepare|p2a: Jak|Solar Beam|p1a: Politoed","|","|-weather|RainDance|[upkeep]","|-heal|p1a: Politoed|264/384|[from] item: Leftovers","|turn|11","|","|switch|p1a: Azumarill|Azumarill, M|403/403","|move|p2a: Jak|Solar Beam|p1a: Azumarill|[from]lockedmove","|-boost|p1a: Azumarill|atk|1|[from] ability: Sap Sipper","|","|-weather|RainDance|[upkeep]","|turn|12","|","|switch|p2a: Torkoal|Torkoal, M|327/344","|move|p1a: Azumarill|Waterfall|p2a: Torkoal","|-supereffective|p2a: Torkoal","|-damage|p2a: Torkoal|87/344","|","|-weather|RainDance|[upkeep]","|-heal|p2a: Torkoal|108/344|[from] item: Leftovers","|turn|13","|","|switch|p2a: Jak|Charizard-Mega-Y, M|297/297","|-weather|SunnyDay","|move|p1a: Azumarill|Waterfall|p2a: Jak","|-supereffective|p2a: Jak","|-damage|p2a: Jak|127/297","|","|-weather|SunnyDay|[upkeep]","|turn|14","|","|move|p2a: Jak|Flamethrower|p1a: Azumarill","|-resisted|p1a: Azumarill","|-damage|p1a: Azumarill|271/403","|move|p1a: Azumarill|Waterfall|p2a: Jak","|-supereffective|p2a: Jak","|-damage|p2a: Jak|0 fnt","|faint|p2a: Jak","|","|-weather|SunnyDay|[upkeep]","|","|switch|p2a: Volcarona|Volcarona, F, shiny|373/373","|turn|15","|","|move|p2a: Volcarona|Quiver Dance|p2a: Volcarona","|-boost|p2a: Volcarona|spa|1","|-boost|p2a: Volcarona|spd|1","|-boost|p2a: Volcarona|spe|1","|move|p1a: Azumarill|Waterfall|p2a: Volcarona","|-supereffective|p2a: Volcarona","|-damage|p2a: Volcarona|179/373","|","|-weather|SunnyDay|[upkeep]","|turn|16","|","|move|p2a: Volcarona|Fiery Dance|p1a: Azumarill","|-resisted|p1a: Azumarill","|-damage|p1a: Azumarill|148/403","|move|p1a: Azumarill|Waterfall|p2a: Volcarona","|-supereffective|p2a: Volcarona","|-damage|p2a: Volcarona|0 fnt","|faint|p2a: Volcarona","|","|-weather|SunnyDay|[upkeep]","|","|switch|p2a: FletchinCiel|Fletchinder, F|323/323","|turn|17","|","|switch|p1a: Rotom-Wash|Rotom-Wash|304/304","|move|p2a: FletchinCiel|Swords Dance|p2a: FletchinCiel","|-boost|p2a: FletchinCiel|atk|2","|","|-weather|none","|turn|18","|","|move|p2a: FletchinCiel|Acrobatics|p1a: Rotom-Wash","|-resisted|p1a: Rotom-Wash","|-damage|p1a: Rotom-Wash|172/304","|move|p1a: Rotom-Wash|Volt Switch|p2a: FletchinCiel","|-supereffective|p2a: FletchinCiel","|-damage|p2a: FletchinCiel|0 fnt","|faint|p2a: FletchinCiel","|","|switch|p1a: Politoed|Politoed, M, shiny|264/384","|-weather|RainDance","|","|-weather|RainDance|[upkeep]","|-heal|p1a: Politoed|288/384|[from] item: Leftovers","|","|switch|p2a: Infernape|Infernape, F|293/293","|turn|19","|","|move|p1a: Politoed|Protect|p1a: Politoed","|-singleturn|p1a: Politoed|Protect","|move|p2a: Infernape|Close Combat|p1a: Politoed","|-activate|p1a: Politoed|Protect","|","|-weather|RainDance|[upkeep]","|-heal|p1a: Politoed|312/384|[from] item: Leftovers","|turn|20","|","|move|p2a: Infernape|Close Combat|p1a: Politoed","|-damage|p1a: Politoed|143/384","|-unboost|p2a: Infernape|def|1","|-unboost|p2a: Infernape|spd|1","|-damage|p2a: Infernape|264/293|[from] item: Life Orb","|move|p1a: Politoed|Scald|p2a: Infernape","|-supereffective|p2a: Infernape","|-damage|p2a: Infernape|0 fnt","|faint|p2a: Infernape","|","|-weather|RainDance|[upkeep]","|-heal|p1a: Politoed|167/384|[from] item: Leftovers","|","|switch|p2a: Arcanine|Arcanine, M|125/383","|-ability|p2a: Arcanine|Intimidate","|-unboost|p1a: Politoed|atk|1","|turn|21","|","|switch|p1a: Swampert|Swampert, M|341/341","|move|p2a: Arcanine|Close Combat|p1a: Swampert","|-damage|p1a: Swampert|190/341","|-unboost|p2a: Arcanine|def|1","|-unboost|p2a: Arcanine|spd|1","|","|-weather|RainDance|[upkeep]","|turn|22","|","|detailschange|p1a: Swampert|Swampert-Mega, M","|-mega|p1a: Swampert|Swampert|Swampertite","|move|p1a: Swampert|Waterfall|p2a: Arcanine","|-supereffective|p2a: Arcanine","|-damage|p2a: Arcanine|0 fnt","|faint|p2a: Arcanine","|","|-weather|none","|","|switch|p2a: Torkoal|Torkoal, M|108/344","|turn|23","|","|move|p1a: Swampert|Earthquake|p2a: Torkoal","|-supereffective|p2a: Torkoal","|-damage|p2a: Torkoal|0 fnt","|faint|p2a: Torkoal","|","|win|Carnie Red"],"p1rating":{"entryid":"272068","serverid":"eos","formatid":"monotype","userid":"carniered","username":"Carnie Red","w":8,"l":"2","t":"0","gxe":63.4,"r":"1488.6155910309","rd":"116.86228302989","sigma":"0","rptime":"1440234000","rpr":1606.4584837125,"rprd":87.663337501955,"rpsigma":"0","acre":1156.7897471266,"lacre":1156.7897471266,"oldacre":"1130.869973821"},"p2rating":{"entryid":"388","serverid":"eos","formatid":"monotype","userid":"swlneki","username":"SWL Neßki","w":"23","l":11,"t":"0","gxe":64.2,"r":"1647.3857021699","rd":"65.172404766836","sigma":"0","rptime":"1440234000","rpr":1611.3199855748,"rprd":59.985579569584,"rpsigma":"0","acre":1117.7384516207,"lacre":1117.7384516207,"oldacre":"1143.6582249263"},"endType":"normal"}