{"seed":[23869,16956,54971,19538],"turns":25,"p1":"alpha vodoom","p2":"Doctor Mental1st","p1team":[{"name":"Tentacruel","species":"Tentacruel","item":"blacksludge","ability":"Liquid Ooze","moves":["acidspray","rapidspin","sludgewave","scald"],"nature":"Calm","evs":{"hp":252,"atk":0,"def":0,"spa":4,"spd":252,"spe":0},"ivs":{"hp":31,"atk":31,"def":31,"spa":31,"spd":31,"spe":31}},{"name":"Swampert","species":"Swampert","item":"swampertite","ability":"Torrent","moves":["waterfall","icepunch","earthquake","superpower"],"nature":"Adamant","evs":{"hp":4,"atk":252,"def":0,"spa":0,"spd":0,"spe":252},"ivs":{"hp":31,"atk":31,"def":31,"spa":31,"spd":31,"spe":31}},{"name":"Azumarill","species":"Azumarill","item":"choiceband","ability":"Huge Power","moves":["waterfall","aquajet","icepunch","playrough"],"nature":"Adamant","evs":{"hp":32,"atk":252,"def":0,"spa":0,"spd":0,"spe":224},"ivs":{"hp":31,"atk":31,"def":31,"spa":31,"spd":31,"spe":31}},{"name":"Starmie","species":"Starmie","item":"lifeorb","ability":"Natural Cure","moves":["icebeam","psychic","scald","thunderbolt"],"nature":"Timid","evs":{"hp":0,"atk":0,"def":0,"spa":252,"spd":4,"spe":252},"ivs":{"hp":31,"atk":31,"def":31,"spa":31,"spd":31,"spe":31}},{"name":"Politoed","species":"Politoed","item":"choicescarf","ability":"Drizzle","moves":["hydropump","icebeam","encore","perishsong"],"nature":"Timid","evs":{"hp":0,"atk":0,"def":0,"spa":252,"spd":4,"spe":252},"ivs":{"hp":31,"atk":31,"def":31,"spa":31,"spd":31,"spe":31}},{"name":"Ludicolo","species":"Ludicolo","item":"lifeorb","ability":"Swift Swim","moves":["gigadrain","icebeam","focusblast","surf"],"nature":"Modest","evs":{"hp":0,"atk":0,"def":0,"spa":252,"spd":4,"spe":252},"ivs":{"hp":31,"atk":31,"def":31,"spa":31,"spd":31,"spe":31}}],"p2team":[{"name":"Jirachi","species":"Jirachi","item":"choicescarf","ability":"Serene Grace","moves":["ironhead","trick","healingwish","uturn"],"nature":"Jolly","evs":{"hp":0,"atk":252,"def":0,"spa":0,"spd":4,"spe":252},"ivs":{"hp":31,"atk":31,"def":31,"spa":31,"spd":31,"spe":31}},{"name":"Victini","species":"Victini","item":"choicescarf","ability":"Victory Star","moves":["vcreate","boltstrike","zenheadbutt","blueflare"],"nature":"Adamant","evs":{"hp":0,"atk":252,"def":0,"spa":0,"spd":4,"spe":252},"ivs":{"hp":31,"atk":31,"def":31,"spa":31,"spd":31,"spe":31}},{"name":"Mew","species":"Mew","item":"leftovers","ability":"Synchronize","moves":["roost","stealthrock","defog","willowisp"],"nature":"Calm","evs":{"hp":252,"atk":0,"def":4,"spa":0,"spd":144,"spe":108},"ivs":{"hp":31,"atk":31,"def":31,"spa":31,"spd":31,"spe":31}},{"name":"Gardevoir","species":"Gardevoir","item":"gardevoirite","ability":"Trace","moves":["hypervoice","psyshock","focusblast","substitute"],"nature":"Timid","evs":{"hp":0,"atk":0,"def":0,"spa":252,"spd":4,"spe":252},"shiny":true,"ivs":{"hp":31,"atk":31,"def":31,"spa":31,"spd":31,"spe":31}},{"name":"Meloetta","species":"Meloetta","item":"assaultvest","ability":"Serene Grace","moves":["focusblast","psyshock","energyball","shadowball"],"nature":"Modest","evs":{"hp":248,"atk":0,"def":0,"spa":252,"spd":8,"spe":0},"ivs":{"hp":31,"atk":31,"def":31,"spa":31,"spd":31,"spe":31}},{"name":"Slowbro","species":"Slowbro","item":"rockyhelmet","ability":"Regenerator","moves":["slackoff","scald","fireblast","thunderwave"],"nature":"Bold","evs":{"hp":248,"atk":0,"def":252,"spa":8,"spd":0,"spe":0},"ivs":{"hp":31,"atk":31,"def":31,"spa":31,"spd":31,"spe":31}}],"log":["|player|p1|alpha vodoom|102","|player|p2|Doctor Mental1st|184","|gametype|singles","|gen|6","|tier|Monotype","|rated","|rule|Baton Pass Clause: Limit one Baton Passer, can't pass Spe and other stats simultaneously","|rule|Swagger Clause: Swagger is banned","|rule|Same Type Clause: Pokémon in a team must share a type","|clearpoke","|poke|p1|Tentacruel, F","|poke|p1|Swampert, F","|poke|p1|Azumarill, M","|poke|p1|Starmie","|poke|p1|Politoed, F","|poke|p1|Ludicolo, F","|poke|p2|Jirachi","|poke|p2|Victini","|poke|p2|Mew","|poke|p2|Gardevoir, F, shiny","|poke|p2|Meloetta","|poke|p2|Slowbro, M","|rule|Sleep Clause Mod: Limit one foe put to sleep","|rule|Species Clause: Limit one of each Pokémon","|rule|OHKO Clause: OHKO moves are banned","|rule|Moody Clause: Moody is banned","|rule|Evasion Moves Clause: Evasion moves are banned","|rule|Endless Battle Clause: Forcing endless battles is banned","|rule|HP Percentage Mod: HP is shown in percentages","|teampreview","|","|start","|switch|p1a: Tentacruel|Tentacruel, F|364/364","|switch|p2a: Mew|Mew|404/404","|turn|1","|","|move|p2a: Mew|Stealth Rock|p1a: Tentacruel","|-sidestart|p1: alpha vodoom|move: Stealth Rock","|move|p1a: Tentacruel|Acid Spray|p2a: Mew","|-damage|p2a: Mew|371/404","|-unboost|p2a: Mew|spd|2","|","|-heal|p2a: Mew|396/404|[from] item: Leftovers","|turn|2","|","|move|p2a: Mew|Will-O-Wisp|p1a: Tentacruel","|-status|p1a: Tentacruel|brn","|move|p1a: Tentacruel|Scald|p2a: Mew","|-crit|p2a: Mew","|-damage|p2a: Mew|204/404","|","|-heal|p2a: Mew|229/404|[from] item: Leftovers","|-damage|p1a: Tentacruel|319/364 brn|[from] brn","|turn|3","|","|switch|p2a: Meloetta|Meloetta|403/403","|move|p1a: Tentacruel|Rapid Spin|p2a: Meloetta","|-damage|p2a: Meloetta|397/403","|-sideend|p1: alpha vodoom|Stealth Rock|[from] move: Rapid Spin|[of] p1a: Tentacruel","|","|-heal|p1a: Tentacruel|341/364 brn|[from] item: Black Sludge","|-damage|p1a: Tentacruel|296/364 brn|[from] brn","|turn|4","|","|move|p1a: Tentacruel|Acid Spray|p2a: Meloetta","|-damage|p2a: Meloetta|375/403","|-unboost|p2a: Meloetta|spd|2","|move|p2a: Meloetta|Psyshock|p1a: Tentacruel","|-supereffective|p1a: Tentacruel","|-damage|p1a: Tentacruel|0 fnt","|faint|p1a: Tentacruel","|","|","|switch|p1a: Politoed|Politoed, F|321/321","|-weather|RainDance","|turn|5","|","|switch|p2a: Mew|Mew|229/404","|move|p1a: Politoed|Hydro Pump|p2a: Mew","|-damage|p2a: Mew|48/404","|","|-weather|RainDance|[upkeep]","|-heal|p2a: Mew|73/404|[from] item: Leftovers","|turn|6","|","|move|p1a: Politoed|Hydro Pump|p2a: Mew","|-damage|p2a: Mew|0 fnt","|faint|p2a: Mew","|","|-weather|RainDance|[upkeep]","|","|switch|p2a: Meloetta|Meloetta|375/403","|turn|7","|","|switch|p1a: Starmie|Starmie|261/261","|move|p2a: Meloetta|Energy Ball|p1a: Starmie","|-supereffective|p1a: Starmie","|-damage|p1a: Starmie|3/261","|","|-weather|RainDance|[upkeep]","|turn|8","|","|move|p1a: Starmie|Scald|p2a: Meloetta","|-damage|p2a: Meloetta|245/403","|-damage|p1a: Starmie|0 fnt|[from] item: Life Orb","|faint|p1a: Starmie","|move|p2a: Meloetta|Energy Ball|p1: Starmie|[notarget]","|-notarget","|","|-weather|RainDance|[upkeep]","|","|switch|p1a: Azumarill|Azumarill, M|349/349","|turn|9","|","|move|p2a: Meloetta|Psyshock|p1a: Azumarill","|-damage|p1a: Azumarill|169/349","|move|p1a: Azumarill|Play Rough|p2a: Meloetta","|-damage|p2a: Meloetta|0 fnt","|faint|p2a: Meloetta","|","|-weather|none","|","|switch|p2a: Gardevoir|Gardevoir, F, shiny|277/277","|-ability|p2a: Gardevoir|Huge Power|[from] ability: Trace|[of] p1a: Azumarill","|turn|10","|","|switch|p1a: Politoed|Politoed, F|321/321","|-weather|RainDance","|detailschange|p2a: Gardevoir|Gardevoir-Mega, F, shiny","|-mega|p2a: Gardevoir|Gardevoir|Gardevoirite","|move|p2a: Gardevoir|Hyper Voice|p1a: Politoed","|-damage|p1a: Politoed|92/321","|","|-weather|RainDance|[upkeep]","|turn|11","|","|move|p1a: Politoed|Hydro Pump|p2a: Gardevoir|[miss]","|-miss|p1a: Politoed|p2a: Gardevoir","|move|p2a: Gardevoir|Hyper Voice|p1a: Politoed","|-damage|p1a: Politoed|0 fnt","|faint|p1a: Politoed","|","|-weather|RainDance|[upkeep]","|","|switch|p1a: Swampert|Swampert, F|342/342","|turn|12","|","|switch|p2a: Slowbro|Slowbro, M|393/393","|detailschange|p1a: Swampert|Swampert-Mega, F","|-mega|p1a: Swampert|Swampert|Swampertite","|move|p1a: Swampert|Waterfall|p2a: Slowbro","|-resisted|p2a: Slowbro","|-damage|p2a: Slowbro|297/393","|-damage|p1a: Swampert|285/342|[from] item: Rocky Helmet|[of] p2a: Slowbro","|","|-weather|RainDance|[upkeep]","|turn|13","|","|switch|p1a: Ludicolo|Ludicolo, F|301/301","|move|p2a: Slowbro|Scald|p1a: Ludicolo","|-resisted|p1a: Ludicolo","|-damage|p1a: Ludicolo|265/301","|","|-weather|RainDance|[upkeep]","|turn|14","|","|switch|p2a: Victini|Victini|341/341","|move|p1a: Ludicolo|Giga Drain|p2a: Victini","|-resisted|p2a: Victini","|-damage|p2a: Victini|267/341","|-heal|p1a: Ludicolo|301/301|[from] drain|[of] p2a: Victini","|-damage|p1a: Ludicolo|271/301|[from] item: Life Orb","|","|-weather|none","|turn|15","|","|switch|p1a: Swampert|Swampert-Mega, F|285/342","|move|p2a: Victini|Bolt Strike|p1a: Swampert","|-immune|p1a: Swampert|[msg]","|","|turn|16","|","|switch|p2a: Slowbro|Slowbro, M|393/393","|switch|p1a: Ludicolo|Ludicolo, F|271/301","|","|turn|17","|","|move|p1a: Ludicolo|Giga Drain|p2a: Slowbro","|-supereffective|p2a: Slowbro","|-damage|p2a: Slowbro|8/393","|-heal|p1a: Ludicolo|301/301|[from] drain|[of] p2a: Slowbro","|-damage|p1a: Ludicolo|271/301|[from] item: Life Orb","|move|p2a: Slowbro|Thunder Wave|p1a: Ludicolo","|-status|p1a: Ludicolo|par","|","|turn|18","|","|move|p2a: Slowbro|Fire Blast|p1a: Ludicolo","|-damage|p1a: Ludicolo|182/301 par","|cant|p1a: Ludicolo|par","|","|turn|19","|","|switch|p2a: Victini|Victini|267/341","|move|p1a: Ludicolo|Giga Drain|p2a: Victini","|-resisted|p2a: Victini","|-damage|p2a: Victini|194/341","|-heal|p1a: Ludicolo|219/301 par|[from] drain|[of] p2a: Victini","|-damage|p1a: Ludicolo|189/301 par|[from] item: Life Orb","|","|turn|20","|","|move|p2a: Victini|V-create|p1a: Ludicolo","|-crit|p1a: Ludicolo","|-damage|p1a: Ludicolo|0 fnt","|-unboost|p2a: Victini|spe|1","|-unboost|p2a: Victini|def|1","|-unboost|p2a: Victini|spd|1","|faint|p1a: Ludicolo","|","|","|switch|p1a: Swampert|Swampert-Mega, F|285/342","|turn|21","|","|switch|p2a: Jirachi|Jirachi|341/341","|move|p1a: Swampert|Earthquake|p2a: Jirachi","|-supereffective|p2a: Jirachi","|-damage|p2a: Jirachi|0 fnt","|faint|p2a: Jirachi","|","|","|switch|p2a: Slowbro|Slowbro, M|139/393","|turn|22","|","|move|p1a: Swampert|Earthquake|p2a: Slowbro","|-damage|p2a: Slowbro|0 fnt","|faint|p2a: Slowbro","|","|","|switch|p2a: Victini|Victini|194/341","|turn|23","|","|move|p2a: Victini|V-create|p1a: Swampert","|-resisted|p1a: Swampert","|-damage|p1a: Swampert|142/342","|-unboost|p2a: Victini|spe|1","|-unboost|p2a: Victini|def|1","|-unboost|p2a: Victini|spd|1","|move|p1a: Swampert|Earthquake|p2a: Victini","|-supereffective|p2a: Victini","|-damage|p2a: Victini|0 fnt","|faint|p2a: Victini","|","|","|switch|p2a: Gardevoir|Gardevoir-Mega, F, shiny|277/277","|turn|24","|","|move|p2a: Gardevoir|Hyper Voice|p1a: Swampert","|-damage|p1a: Swampert|0 fnt","|faint|p1a: Swampert","|","|","|switch|p1a: Azumarill|Azumarill, M|169/349","|turn|25","|","|move|p1a: Azumarill|Aqua Jet|p2a: Gardevoir","|-damage|p2a: Gardevoir|81/277","|move|p2a: Gardevoir|Hyper Voice|p1a: Azumarill","|-damage|p1a: Azumarill|0 fnt","|faint|p1a: Azumarill","|","|win|Doctor Mental1st"],"p1rating":{"entryid":"214259","serverid":"eos","formatid":"monotype","userid":"alphavodoom","username":"Alpha α Vodoom","w":"5","l":7,"t":"0","gxe":48.3,"r":"1474.0257703446","rd":"87.564573761156","sigma":"0","rptime":"1440234000","rpr":1486.8596184079,"rprd":83.259965308119,"rpsigma":"0","acre":1073.0749187604,"lacre":1073.0749187604,"oldacre":"1091.4367981241"},"p2rating":{"entryid":"188280","serverid":"eos","formatid":"monotype","userid":"doctormental1st","username":"Doctor Mental1st","w":8,"l":"2","t":"0","gxe":66.4,"r":"1618.593763446","rd":"90.018948955531","sigma":"0","rptime":"1440234000","rpr":1631.8060290741,"rprd":87.712416767665,"rpsigma":"0","acre":1190.5993352862,"lacre":1190.5993352862,"oldacre":"1171.2429395783"},"endType":"normal"}