{"seed":[13531,56267,41895,37007],"turns":32,"p1":"LightOfAKnowing","p2":"Rain ☆ S.Herbs","p1team":[{"name":"Loudred","species":"Loudred","item":"eviolite","ability":"Scrappy","moves":["hypervoice","flamethrower","extrasensory","icebeam"],"nature":"Modest","evs":{"hp":248,"atk":0,"def":0,"spa":252,"spd":8,"spe":0},"ivs":{"hp":31,"atk":31,"def":31,"spa":31,"spd":31,"spe":31}},{"name":"Chansey","species":"Chansey","item":"eviolite","ability":"Natural Cure","moves":["healbell","wish","toxic","seismictoss"],"nature":"Bold","evs":{"hp":248,"atk":0,"def":252,"spa":0,"spd":8,"spe":0},"ivs":{"hp":31,"atk":31,"def":31,"spa":31,"spd":31,"spe":31}},{"name":"Braviary","species":"Braviary","item":"choicescarf","ability":"Sheer Force","moves":["skyattack","rockslide","thrash","steelwing"],"nature":"Jolly","evs":{"hp":0,"atk":252,"def":0,"spa":0,"spd":4,"spe":252},"shiny":true,"ivs":{"hp":31,"atk":31,"def":31,"spa":31,"spd":31,"spe":31}},{"name":"Meloetta","species":"Meloetta","item":"assaultvest","ability":"Serene Grace","moves":["shadowball","psychic","energyball","hypervoice"],"nature":"Modest","evs":{"hp":248,"atk":0,"def":0,"spa":252,"spd":8,"spe":0},"ivs":{"hp":31,"atk":31,"def":31,"spa":31,"spd":31,"spe":31}},{"name":"Lopunny","species":"Lopunny","item":"lopunnite","ability":"Cute Charm","moves":["fakeout","drainpunch","frustration","icepunch"],"nature":"Jolly","evs":{"hp":0,"atk":252,"def":0,"spa":0,"spd":4,"spe":252},"happiness":0,"ivs":{"hp":31,"atk":31,"def":31,"spa":31,"spd":31,"spe":31}},{"name":"Bibarel","species":"Bibarel","item":"chestoberry","ability":"Simple","moves":["curse","superfang","waterfall","rest"],"nature":"Careful","evs":{"hp":248,"atk":8,"def":0,"spa":0,"spd":252,"spe":0},"ivs":{"hp":31,"atk":31,"def":31,"spa":31,"spd":31,"spe":31}}],"p2team":[{"name":"Hippowdon","species":"Hippowdon","item":"leftovers","ability":"Sand Stream","moves":["earthquake","stealthrock","slackoff","toxic"],"nature":"Careful","evs":{"hp":252,"atk":4,"def":252,"spa":0,"spd":0,"spe":0},"shiny":true,"ivs":{"hp":31,"atk":31,"def":31,"spa":31,"spd":31,"spe":31}},{"name":"Landorus","species":"Landorus","item":"assaultvest","ability":"Sheer Force","moves":["sludgewave","earthpower","stoneedge","grassknot"],"nature":"Naive","evs":{"hp":0,"atk":4,"def":0,"spa":252,"spd":0,"spe":252},"shiny":true,"ivs":{"hp":31,"atk":31,"def":31,"spa":31,"spd":31,"spe":31}},{"name":"Gliscor","species":"Gliscor","item":"toxicorb","ability":"Poison Heal","moves":["swordsdance","earthquake","knockoff","poisonjab"],"nature":"Careful","evs":{"hp":244,"atk":0,"def":8,"spa":0,"spd":200,"spe":56},"shiny":true,"ivs":{"hp":31,"atk":31,"def":31,"spa":31,"spd":31,"spe":31}},{"name":"Garchomp","species":"Garchomp","item":"garchompite","ability":"Rough Skin","moves":["dracometeor","earthquake","flamethrower","ironhead"],"nature":"Naive","evs":{"hp":0,"atk":4,"def":0,"spa":252,"spd":0,"spe":252},"shiny":true,"ivs":{"hp":31,"atk":31,"def":31,"spa":31,"spd":31,"spe":31}},{"name":"Excadrill","species":"Excadrill","item":"airballoon","ability":"Sand Rush","moves":["earthquake","ironhead","rockslide","swordsdance"],"nature":"Adamant","evs":{"hp":248,"atk":0,"def":0,"spa":8,"spd":8,"spe":0},"shiny":true,"ivs":{"hp":31,"atk":31,"def":31,"spa":31,"spd":31,"spe":31}},{"name":"Gastrodon","species":"Gastrodon","item":"leftovers","ability":"Storm Drain","moves":["scald","earthpower","toxic","recover"],"nature":"Sassy","evs":{"hp":252,"atk":0,"def":252,"spa":0,"spd":4,"spe":0},"ivs":{"hp":31,"atk":31,"def":31,"spa":31,"spd":31,"spe":31}}],"log":["|player|p1|LightOfAKnowing|lightofaknowing.gif","|player|p2|Rain ☆ S.Herbs|154","|gametype|singles","|gen|6","|tier|Monotype","|rated","|rule|Baton Pass Clause: Limit one Baton Passer, can't pass Spe and other stats simultaneously","|rule|Swagger Clause: Swagger is banned","|rule|Same Type Clause: Pokémon in a team must share a type","|clearpoke","|poke|p1|Loudred, F","|poke|p1|Chansey, F","|poke|p1|Braviary, M, shiny","|poke|p1|Meloetta","|poke|p1|Lopunny, M","|poke|p1|Bibarel, F","|poke|p2|Hippowdon, F, shiny","|poke|p2|Landorus, M, shiny","|poke|p2|Gliscor, F, shiny","|poke|p2|Garchomp, F, shiny","|poke|p2|Excadrill, M, shiny","|poke|p2|Gastrodon, F","|rule|Sleep Clause Mod: Limit one foe put to sleep","|rule|Species Clause: Limit one of each Pokémon","|rule|OHKO Clause: OHKO moves are banned","|rule|Moody Clause: Moody is banned","|rule|Evasion Moves Clause: Evasion moves are banned","|rule|Endless Battle Clause: Forcing endless battles is banned","|rule|HP Percentage Mod: HP is shown in percentages","|teampreview","|","|start","|switch|p1a: Braviary|Braviary, M, shiny|341/341","|switch|p2a: Hippowdon|Hippowdon, F, shiny|420/420","|-weather|Sandstorm","|turn|1","|","|move|p1a: Braviary|Sky Attack|p2a: Hippowdon|[still]","|-prepare|p1a: Braviary|Sky Attack|p2a: Hippowdon","|move|p2a: Hippowdon|Toxic|p1a: Braviary","|-status|p1a: Braviary|tox","|","|-weather|Sandstorm|[upkeep]","|-damage|p1a: Braviary|320/341 tox|[from] sandstorm","|-damage|p1a: Braviary|299/341 tox|[from] psn","|turn|2","|","|move|p1a: Braviary|Sky Attack|p2a: Hippowdon|[from]lockedmove","|-damage|p2a: Hippowdon|204/420","|move|p2a: Hippowdon|Slack Off|p2a: Hippowdon","|-heal|p2a: Hippowdon|414/420","|","|-weather|Sandstorm|[upkeep]","|-damage|p1a: Braviary|278/341 tox|[from] sandstorm","|-heal|p2a: Hippowdon|420/420|[from] item: Leftovers","|-damage|p1a: Braviary|236/341 tox|[from] psn","|turn|3","|","|switch|p1a: Chansey|Chansey, F|703/703","|move|p2a: Hippowdon|Stealth Rock|p1a: Chansey","|-sidestart|p1: LightOfAKnowing|move: Stealth Rock","|","|-weather|Sandstorm|[upkeep]","|-damage|p1a: Chansey|660/703|[from] sandstorm","|turn|4","|","|switch|p2a: Excadrill|Excadrill, M, shiny|423/423","|-item|p2a: Excadrill|Air Balloon","|move|p1a: Chansey|Heal Bell|p1a: Chansey","|-cureteam|p1a: Chansey|[from] move: HealBell","|","|-weather|Sandstorm|[upkeep]","|-damage|p1a: Chansey|617/703|[from] sandstorm","|turn|5","|","|move|p2a: Excadrill|Swords Dance|p2a: Excadrill","|-boost|p2a: Excadrill|atk|2","|move|p1a: Chansey|Seismic Toss|p2a: Excadrill","|-damage|p2a: Excadrill|323/423","|-enditem|p2a: Excadrill|Air Balloon","|","|-weather|none","|turn|6","|","|move|p2a: Excadrill|Iron Head|p1a: Chansey","|-damage|p1a: Chansey|274/703","|cant|p1a: Chansey|flinch","|","|turn|7","|","|move|p2a: Excadrill|Earthquake|p1a: Chansey","|-damage|p1a: Chansey|0 fnt","|faint|p1a: Chansey","|","|","|switch|p1a: Loudred|Loudred, F|371/371","|-damage|p1a: Loudred|325/371|[from] Stealth Rock","|turn|8","|","|switch|p2a: Hippowdon|Hippowdon, F, shiny|420/420","|-weather|Sandstorm","|move|p1a: Loudred|Flamethrower|p2a: Hippowdon","|-damage|p2a: Hippowdon|329/420","|","|-weather|Sandstorm|[upkeep]","|-damage|p1a: Loudred|302/371|[from] sandstorm","|-heal|p2a: Hippowdon|355/420|[from] item: Leftovers","|turn|9","|","|move|p1a: Loudred|Ice Beam|p2a: Hippowdon","|-crit|p2a: Hippowdon","|-supereffective|p2a: Hippowdon","|-damage|p2a: Hippowdon|69/420","|move|p2a: Hippowdon|Earthquake|p1a: Loudred","|-damage|p1a: Loudred|127/371","|","|-weather|Sandstorm|[upkeep]","|-damage|p1a: Loudred|104/371|[from] sandstorm","|-heal|p2a: Hippowdon|95/420|[from] item: Leftovers","|turn|10","|","|switch|p2a: Gastrodon|Gastrodon, F|426/426","|move|p1a: Loudred|Ice Beam|p2a: Gastrodon","|-damage|p2a: Gastrodon|340/426","|","|-weather|Sandstorm|[upkeep]","|-damage|p1a: Loudred|81/371|[from] sandstorm","|-heal|p2a: Gastrodon|366/426|[from] item: Leftovers","|turn|11","|","|switch|p1a: Meloetta|Meloetta|403/403","|-damage|p1a: Meloetta|353/403|[from] Stealth Rock","|move|p2a: Gastrodon|Scald|p1a: Meloetta","|-damage|p1a: Meloetta|305/403","|","|-weather|Sandstorm|[upkeep]","|-damage|p1a: Meloetta|280/403|[from] sandstorm","|-heal|p2a: Gastrodon|392/426|[from] item: Leftovers","|turn|12","|","|switch|p2a: Gliscor|Gliscor, F, shiny|352/352","|move|p1a: Meloetta|Energy Ball|p2a: Gliscor","|-damage|p2a: Gliscor|240/352","|","|-weather|none","|-status|p2a: Gliscor|tox|[from] item: Toxic Orb","|turn|13","|","|move|p2a: Gliscor|Knock Off|p1a: Meloetta","|-supereffective|p1a: Meloetta","|-damage|p1a: Meloetta|106/403","|-enditem|p1a: Meloetta|Assault Vest|[from] move: Knock Off|[of] p2a: Gliscor","|move|p1a: Meloetta|Psychic|p2a: Gliscor","|-damage|p2a: Gliscor|75/352 tox","|","|-heal|p2a: Gliscor|119/352 tox|[from] ability: Poison Heal","|turn|14","|","|move|p2a: Gliscor|Earthquake|p1a: Meloetta","|-damage|p1a: Meloetta|0 fnt","|faint|p1a: Meloetta","|","|-heal|p2a: Gliscor|163/352 tox|[from] ability: Poison Heal","|","|switch|p1a: Bibarel|Bibarel, F|361/361","|-damage|p1a: Bibarel|316/361|[from] Stealth Rock","|turn|15","|","|switch|p2a: Hippowdon|Hippowdon, F, shiny|95/420","|-weather|Sandstorm","|move|p1a: Bibarel|Curse|p1a: Bibarel","|-unboost|p1a: Bibarel|spe|2","|-boost|p1a: Bibarel|atk|2","|-boost|p1a: Bibarel|def|2","|","|-weather|Sandstorm|[upkeep]","|-damage|p1a: Bibarel|294/361|[from] sandstorm","|-heal|p2a: Hippowdon|121/420|[from] item: Leftovers","|turn|16","|","|move|p2a: Hippowdon|Toxic|p1a: Bibarel","|-status|p1a: Bibarel|tox","|move|p1a: Bibarel|Waterfall|p2a: Hippowdon","|-crit|p2a: Hippowdon","|-supereffective|p2a: Hippowdon","|-damage|p2a: Hippowdon|0 fnt","|faint|p2a: Hippowdon","|","|-weather|Sandstorm|[upkeep]","|-damage|p1a: Bibarel|272/361 tox|[from] sandstorm","|-damage|p1a: Bibarel|250/361 tox|[from] psn","|","|switch|p2a: Gliscor|Gliscor, F, shiny|163/352 tox","|turn|17","|","|switch|p2a: Gastrodon|Gastrodon, F|392/426","|move|p1a: Bibarel|Rest|p1a: Bibarel","|-status|p1a: Bibarel|slp","|-heal|p1a: Bibarel|361/361 slp|[silent]","|-status|p1a: Bibarel|slp|[from] move: Rest","|-enditem|p1a: Bibarel|Chesto Berry|[eat]","|-curestatus|p1a: Bibarel|slp","|","|-weather|Sandstorm|[upkeep]","|-damage|p1a: Bibarel|339/361|[from] sandstorm","|-heal|p2a: Gastrodon|418/426|[from] item: Leftovers","|turn|18","|","|move|p2a: Gastrodon|Toxic|p1a: Bibarel","|-status|p1a: Bibarel|tox","|move|p1a: Bibarel|Super Fang|p2a: Gastrodon","|-damage|p2a: Gastrodon|209/426","|","|-weather|Sandstorm|[upkeep]","|-damage|p1a: Bibarel|317/361 tox|[from] sandstorm","|-heal|p2a: Gastrodon|235/426|[from] item: Leftovers","|-damage|p1a: Bibarel|295/361 tox|[from] psn","|turn|19","|","|move|p2a: Gastrodon|Earth Power|p1a: Bibarel","|-damage|p1a: Bibarel|204/361 tox","|move|p1a: Bibarel|Super Fang|p2a: Gastrodon","|-damage|p2a: Gastrodon|118/426","|","|-weather|none","|-heal|p2a: Gastrodon|144/426|[from] item: Leftovers","|-damage|p1a: Bibarel|160/361 tox|[from] psn","|turn|20","|","|move|p2a: Gastrodon|Toxic|p1a: Bibarel","|-fail|p1a: Bibarel|tox","|move|p1a: Bibarel|Rest|p1a: Bibarel","|-status|p1a: Bibarel|slp","|-heal|p1a: Bibarel|361/361 slp|[silent]","|-status|p1a: Bibarel|slp|[from] move: Rest","|","|-heal|p2a: Gastrodon|170/426|[from] item: Leftovers","|turn|21","|","|switch|p2a: Landorus|Landorus, M, shiny|319/319","|cant|p1a: Bibarel|slp","|","|turn|22","|","|move|p2a: Landorus|Sludge Wave|p1a: Bibarel","|-damage|p1a: Bibarel|233/361 slp","|cant|p1a: Bibarel|slp","|","|turn|23","|","|move|p2a: Landorus|Grass Knot|p1a: Bibarel","|-supereffective|p1a: Bibarel","|-damage|p1a: Bibarel|93/361 slp","|-curestatus|p1a: Bibarel|slp","|move|p1a: Bibarel|Waterfall|p2a: Landorus","|-supereffective|p2a: Landorus","|-damage|p2a: Landorus|0 fnt","|faint|p2a: Landorus","|","|","|switch|p2a: Garchomp|Garchomp, F, shiny|357/357","|turn|24","|","|detailschange|p2a: Garchomp|Garchomp-Mega, F, shiny","|-mega|p2a: Garchomp|Garchomp|Garchompite","|move|p2a: Garchomp|Draco Meteor|p1a: Bibarel","|-damage|p1a: Bibarel|0 fnt","|-unboost|p2a: Garchomp|spa|2","|faint|p1a: Bibarel","|","|","|switch|p1a: Loudred|Loudred, F|81/371","|-damage|p1a: Loudred|35/371|[from] Stealth Rock","|turn|25","|","|switch|p2a: Gastrodon|Gastrodon, F|170/426","|move|p1a: Loudred|Ice Beam|p2a: Gastrodon","|-damage|p2a: Gastrodon|78/426","|","|-heal|p2a: Gastrodon|104/426|[from] item: Leftovers","|turn|26","|","|move|p1a: Loudred|Hyper Voice|p2a: Gastrodon","|-damage|p2a: Gastrodon|0 fnt","|faint|p2a: Gastrodon","|","|","|switch|p2a: Garchomp|Garchomp-Mega, F, shiny|357/357","|turn|27","|","|move|p2a: Garchomp|Flamethrower|p1a: Loudred","|-damage|p1a: Loudred|0 fnt","|faint|p1a: Loudred","|","|","|switch|p1a: Braviary|Braviary, M, shiny|236/341","|-damage|p1a: Braviary|151/341|[from] Stealth Rock","|turn|28","|","|move|p1a: Braviary|Thrash|p2a: Garchomp","|-damage|p2a: Garchomp|171/357","|move|p2a: Garchomp|Draco Meteor|p1a: Braviary","|-damage|p1a: Braviary|0 fnt","|-unboost|p2a: Garchomp|spa|2","|faint|p1a: Braviary","|","|","|switch|p1a: Lopunny|Lopunny, M|271/271","|-damage|p1a: Lopunny|238/271|[from] Stealth Rock","|turn|29","|","|switch|p2a: Excadrill|Excadrill, M, shiny|323/423","|detailschange|p1a: Lopunny|Lopunny-Mega, M","|-mega|p1a: Lopunny|Lopunny|Lopunnite","|move|p1a: Lopunny|Ice Punch|p2a: Excadrill","|-damage|p2a: Excadrill|172/423","|","|turn|30","|","|move|p1a: Lopunny|Drain Punch|p2a: Excadrill","|-supereffective|p2a: Excadrill","|-damage|p2a: Excadrill|0 fnt","|-heal|p1a: Lopunny|271/271|[from] drain|[of] p2a: Excadrill","|faint|p2a: Excadrill","|","|","|switch|p2a: Gliscor|Gliscor, F, shiny|163/352 tox","|turn|31","|","|move|p1a: Lopunny|Ice Punch|p2a: Gliscor","|-supereffective|p2a: Gliscor","|-damage|p2a: Gliscor|0 fnt","|faint|p2a: Gliscor","|","|","|switch|p2a: Garchomp|Garchomp-Mega, F, shiny|171/357","|turn|32","|","|move|p1a: Lopunny|Ice Punch|p2a: Garchomp","|-supereffective|p2a: Garchomp","|-damage|p2a: Garchomp|0 fnt","|faint|p2a: Garchomp","|","|win|LightOfAKnowing"],"p1rating":{"entryid":"386","serverid":"eos","formatid":"monotype","userid":"lightofaknowing","username":"LightOfAKnowing","w":7,"l":"15","t":"0","gxe":38.2,"r":"1389.9462070637","rd":"71.203706456188","sigma":"0","rptime":"1440234000","rpr":1407.5630904676,"rprd":69.934526920689,"rpsigma":"0","acre":1090.1346748574,"lacre":1090.1346748574,"oldacre":"1055.2190590557"},"p2rating":{"entryid":"61538","serverid":"eos","formatid":"monotype","userid":"rainsherbs","username":"Rain ☆ S.Herbs","w":"10","l":11,"t":"0","gxe":46.6,"r":"1494.3722069307","rd":"73.091378825236","sigma":"0","rptime":"1440234000","rpr":1473.5345307422,"rprd":69.234878645915,"rpsigma":"0","acre":1064.4434635325,"lacre":1064.4434635325,"oldacre":"1090.3752557637"},"endType":"normal"}