{"seed":[11097,18789,56923,37361],"turns":24,"p1":"DSV","p2":"LightOfAKnowing","p1team":[{"name":"Gallade","species":"Gallade","item":"galladite","ability":"Justified","moves":["swordsdance","stoneedge","drainpunch","knockoff"],"nature":"Jolly","evs":{"hp":0,"atk":252,"def":0,"spa":0,"spd":4,"spe":252},"ivs":{"hp":31,"atk":31,"def":31,"spa":31,"spd":31,"spe":31}},{"name":"Metagross","species":"Metagross","item":"focussash","ability":"Clear Body","moves":["hammerarm","bulletpunch","stealthrock","explosion"],"nature":"Adamant","evs":{"hp":248,"atk":252,"def":0,"spa":0,"spd":8,"spe":0},"ivs":{"hp":31,"atk":31,"def":31,"spa":31,"spd":31,"spe":31}},{"name":"Espeon","species":"Espeon","item":"choicescarf","ability":"Magic Bounce","moves":["hiddenpowerice","psyshock","dazzlinggleam","shadowball"],"nature":"Timid","evs":{"hp":0,"atk":0,"def":0,"spa":252,"spd":4,"spe":252},"ivs":{"hp":31,"atk":30,"def":30,"spa":31,"spd":31,"spe":31}},{"name":"Slowbro","species":"Slowbro","item":"leftovers","ability":"Regenerator","moves":["scald","slackoff","calmmind","toxic"],"nature":"Bold","evs":{"hp":252,"atk":0,"def":252,"spa":0,"spd":4,"spe":0},"ivs":{"hp":31,"atk":31,"def":31,"spa":31,"spd":31,"spe":31}},{"name":"Alakazam","species":"Alakazam","item":"focussash","ability":"Magic Guard","moves":["hiddenpowerfire","energyball","psychic","encore"],"nature":"Timid","evs":{"hp":0,"atk":0,"def":0,"spa":252,"spd":4,"spe":252},"ivs":{"hp":31,"atk":30,"def":31,"spa":30,"spd":31,"spe":30}},{"name":"Gardevoir","species":"Gardevoir","item":"leftovers","ability":"Trace","moves":["moonblast","willowisp","wish","protect"],"nature":"Calm","evs":{"hp":252,"atk":0,"def":0,"spa":4,"spd":252,"spe":0},"ivs":{"hp":31,"atk":31,"def":31,"spa":31,"spd":31,"spe":31}}],"p2team":[{"name":"Loudred","species":"Loudred","item":"eviolite","ability":"Scrappy","moves":["hypervoice","flamethrower","extrasensory","icebeam"],"nature":"Modest","evs":{"hp":248,"atk":0,"def":0,"spa":252,"spd":8,"spe":0},"ivs":{"hp":31,"atk":31,"def":31,"spa":31,"spd":31,"spe":31}},{"name":"Chansey","species":"Chansey","item":"eviolite","ability":"Natural Cure","moves":["healbell","wish","toxic","seismictoss"],"nature":"Bold","evs":{"hp":248,"atk":0,"def":252,"spa":0,"spd":8,"spe":0},"ivs":{"hp":31,"atk":31,"def":31,"spa":31,"spd":31,"spe":31}},{"name":"Braviary","species":"Braviary","item":"choicescarf","ability":"Sheer Force","moves":["skyattack","rockslide","thrash","steelwing"],"nature":"Jolly","evs":{"hp":0,"atk":252,"def":0,"spa":0,"spd":4,"spe":252},"shiny":true,"ivs":{"hp":31,"atk":31,"def":31,"spa":31,"spd":31,"spe":31}},{"name":"Meloetta","species":"Meloetta","item":"assaultvest","ability":"Serene Grace","moves":["shadowball","psychic","energyball","hypervoice"],"nature":"Modest","evs":{"hp":248,"atk":0,"def":0,"spa":252,"spd":8,"spe":0},"ivs":{"hp":31,"atk":31,"def":31,"spa":31,"spd":31,"spe":31}},{"name":"Lopunny","species":"Lopunny","item":"lopunnite","ability":"Cute Charm","moves":["fakeout","drainpunch","frustration","icepunch"],"nature":"Jolly","evs":{"hp":0,"atk":252,"def":0,"spa":0,"spd":4,"spe":252},"happiness":0,"ivs":{"hp":31,"atk":31,"def":31,"spa":31,"spd":31,"spe":31}},{"name":"Bibarel","species":"Bibarel","item":"chestoberry","ability":"Simple","moves":["curse","superfang","waterfall","rest"],"nature":"Careful","evs":{"hp":248,"atk":8,"def":0,"spa":0,"spd":252,"spe":0},"ivs":{"hp":31,"atk":31,"def":31,"spa":31,"spd":31,"spe":31}}],"log":["|player|p1|DSV|dsv.png","|player|p2|LightOfAKnowing|lightofaknowing.gif","|gametype|singles","|gen|6","|tier|Monotype","|rated","|rule|Baton Pass Clause: Limit one Baton Passer, can't pass Spe and other stats simultaneously","|rule|Swagger Clause: Swagger is banned","|rule|Same Type Clause: Pokémon in a team must share a type","|clearpoke","|poke|p1|Gallade, M","|poke|p1|Metagross","|poke|p1|Espeon, M","|poke|p1|Slowbro, M","|poke|p1|Alakazam, F","|poke|p1|Gardevoir, F","|poke|p2|Loudred, F","|poke|p2|Chansey, F","|poke|p2|Braviary, M, shiny","|poke|p2|Meloetta","|poke|p2|Lopunny, F","|poke|p2|Bibarel, M","|rule|Sleep Clause Mod: Limit one foe put to sleep","|rule|Species Clause: Limit one of each Pokémon","|rule|OHKO Clause: OHKO moves are banned","|rule|Moody Clause: Moody is banned","|rule|Evasion Moves Clause: Evasion moves are banned","|rule|Endless Battle Clause: Forcing endless battles is banned","|rule|HP Percentage Mod: HP is shown in percentages","|teampreview","|","|start","|switch|p1a: Metagross|Metagross|363/363","|switch|p2a: Lopunny|Lopunny, F|271/271","|turn|1","|","|detailschange|p2a: Lopunny|Lopunny-Mega, F","|-mega|p2a: Lopunny|Lopunny|Lopunnite","|move|p2a: Lopunny|Fake Out|p1a: Metagross","|-resisted|p1a: Metagross","|-damage|p1a: Metagross|332/363","|cant|p1a: Metagross|flinch","|","|turn|2","|","|switch|p2a: Chansey|Chansey, F|703/703","|move|p1a: Metagross|Stealth Rock|p2a: Chansey","|-sidestart|p2: LightOfAKnowing|move: Stealth Rock","|","|turn|3","|","|move|p1a: Metagross|Hammer Arm|p2a: Chansey|[miss]","|-miss|p1a: Metagross|p2a: Chansey","|move|p2a: Chansey|Seismic Toss|p1a: Metagross","|-damage|p1a: Metagross|232/363","|","|turn|4","|","|move|p1a: Metagross|Hammer Arm|p2a: Chansey|[miss]","|-miss|p1a: Metagross|p2a: Chansey","|move|p2a: Chansey|Seismic Toss|p1a: Metagross","|-damage|p1a: Metagross|132/363","|","|turn|5","|","|move|p1a: Metagross|Explosion|p2a: Chansey","|-damage|p2a: Chansey|282/703","|faint|p1a: Metagross","|move|p2a: Chansey|Seismic Toss|p1: Metagross|[notarget]","|-notarget","|","|","|switch|p1a: Gallade|Gallade, M|277/277","|turn|6","|","|detailschange|p1a: Gallade|Gallade-Mega, M","|-mega|p1a: Gallade|Gallade|Galladite","|move|p1a: Gallade|Drain Punch|p2a: Chansey","|-supereffective|p2a: Chansey","|-damage|p2a: Chansey|0 fnt","|faint|p2a: Chansey","|","|","|switch|p2a: Braviary|Braviary, M, shiny|341/341","|-damage|p2a: Braviary|256/341|[from] Stealth Rock","|turn|7","|","|switch|p1a: Slowbro|Slowbro, M|394/394","|move|p2a: Braviary|Sky Attack|p1a: Slowbro|[still]","|-prepare|p2a: Braviary|Sky Attack|p1a: Slowbro","|","|turn|8","|","|move|p2a: Braviary|Sky Attack|p1a: Slowbro|[from]lockedmove","|-damage|p1a: Slowbro|199/394","|move|p1a: Slowbro|Slack Off|p1a: Slowbro","|-heal|p1a: Slowbro|394/394","|","|turn|9","|","|switch|p2a: Loudred|Loudred, F|371/371","|-damage|p2a: Loudred|325/371|[from] Stealth Rock","|move|p1a: Slowbro|Toxic|p2a: Loudred","|-status|p2a: Loudred|tox","|","|-damage|p2a: Loudred|302/371 tox|[from] psn","|turn|10","|","|switch|p1a: Gardevoir|Gardevoir, F|340/340","|-ability|p1a: Gardevoir|Scrappy|[from] ability: Trace|[of] p2a: Loudred","|move|p2a: Loudred|Hyper Voice|p1a: Gardevoir","|-damage|p1a: Gardevoir|265/340","|","|-heal|p1a: Gardevoir|286/340|[from] item: Leftovers","|-damage|p2a: Loudred|256/371 tox|[from] psn","|turn|11","|","|move|p1a: Gardevoir|Will-O-Wisp|p2a: Loudred|[miss]","|-miss|p1a: Gardevoir|p2a: Loudred","|move|p2a: Loudred|Ice Beam|p1a: Gardevoir","|-damage|p1a: Gardevoir|231/340","|","|-heal|p1a: Gardevoir|252/340|[from] item: Leftovers","|-damage|p2a: Loudred|187/371 tox|[from] psn","|turn|12","|","|move|p1a: Gardevoir|Wish|p1a: Gardevoir","|move|p2a: Loudred|Hyper Voice|p1a: Gardevoir","|-crit|p1a: Gardevoir","|-damage|p1a: Gardevoir|131/340","|","|-heal|p1a: Gardevoir|152/340|[from] item: Leftovers","|-damage|p2a: Loudred|95/371 tox|[from] psn","|turn|13","|","|move|p1a: Gardevoir|Moonblast|p2a: Loudred","|-damage|p2a: Loudred|0 fnt","|faint|p2a: Loudred","|","|-heal|p1a: Gardevoir|322/340|[from] move: Wish|[wisher] Gardevoir","|-heal|p1a: Gardevoir|340/340|[from] item: Leftovers","|","|switch|p2a: Bibarel|Bibarel, M|361/361","|-damage|p2a: Bibarel|316/361|[from] Stealth Rock","|turn|14","|","|move|p1a: Gardevoir|Will-O-Wisp|p2a: Bibarel","|-status|p2a: Bibarel|brn","|move|p2a: Bibarel|Curse|p2a: Bibarel","|-unboost|p2a: Bibarel|spe|2","|-boost|p2a: Bibarel|atk|2","|-boost|p2a: Bibarel|def|2","|","|-damage|p2a: Bibarel|271/361 brn|[from] brn","|turn|15","|","|move|p1a: Gardevoir|Moonblast|p2a: Bibarel","|-damage|p2a: Bibarel|133/361 brn","|move|p2a: Bibarel|Rest|p2a: Bibarel","|-status|p2a: Bibarel|slp","|-heal|p2a: Bibarel|361/361 slp|[silent]","|-status|p2a: Bibarel|slp|[from] move: Rest","|-enditem|p2a: Bibarel|Chesto Berry|[eat]","|-curestatus|p2a: Bibarel|slp","|","|turn|16","|","|move|p1a: Gardevoir|Will-O-Wisp|p2a: Bibarel","|-status|p2a: Bibarel|brn","|move|p2a: Bibarel|Super Fang|p1a: Gardevoir","|-damage|p1a: Gardevoir|170/340","|","|-heal|p1a: Gardevoir|191/340|[from] item: Leftovers","|-damage|p2a: Bibarel|316/361 brn|[from] brn","|turn|17","|","|move|p1a: Gardevoir|Moonblast|p2a: Bibarel","|-damage|p2a: Bibarel|186/361 brn","|move|p2a: Bibarel|Super Fang|p1a: Gardevoir","|-damage|p1a: Gardevoir|96/340","|","|-heal|p1a: Gardevoir|117/340|[from] item: Leftovers","|-damage|p2a: Bibarel|141/361 brn|[from] brn","|turn|18","|","|move|p1a: Gardevoir|Wish|p1a: Gardevoir","|move|p2a: Bibarel|Rest|p2a: Bibarel","|-status|p2a: Bibarel|slp","|-heal|p2a: Bibarel|361/361 slp|[silent]","|-status|p2a: Bibarel|slp|[from] move: Rest","|","|-heal|p1a: Gardevoir|138/340|[from] item: Leftovers","|turn|19","|","|switch|p1a: Gallade|Gallade-Mega, M|277/277","|cant|p2a: Bibarel|slp","|","|turn|20","|player|p1","|player|p1|DSV|dsv.png","|","|move|p1a: Gallade|Swords Dance|p1a: Gallade","|-boost|p1a: Gallade|atk|2","|cant|p2a: Bibarel|slp","|","|turn|21","|","|move|p1a: Gallade|Drain Punch|p2a: Bibarel","|-supereffective|p2a: Bibarel","|-damage|p2a: Bibarel|0 fnt","|faint|p2a: Bibarel","|","|","|switch|p2a: Meloetta|Meloetta|403/403","|-damage|p2a: Meloetta|353/403|[from] Stealth Rock","|turn|22","|","|move|p1a: Gallade|Knock Off|p2a: Meloetta","|-supereffective|p2a: Meloetta","|-damage|p2a: Meloetta|0 fnt","|-enditem|p2a: Meloetta|Assault Vest|[from] move: Knock Off|[of] p1a: Gallade","|faint|p2a: Meloetta","|","|","|switch|p2a: Lopunny|Lopunny-Mega, F|271/271","|-damage|p2a: Lopunny|255/271|[from] Stealth Rock","|turn|23","|","|move|p2a: Lopunny|Fake Out|p1a: Gallade","|-damage|p1a: Gallade|202/277","|move|p1a: Gallade|Drain Punch|p2a: Lopunny","|-supereffective|p2a: Lopunny","|-damage|p2a: Lopunny|0 fnt","|-heal|p1a: Gallade|277/277|[from] drain|[of] p2a: Lopunny","|faint|p2a: Lopunny","|","|","|switch|p2a: Braviary|Braviary, M, shiny|256/341","|-damage|p2a: Braviary|171/341|[from] Stealth Rock","|turn|24","|","|move|p2a: Braviary|Thrash|p1a: Gallade","|-damage|p1a: Gallade|76/277","|move|p1a: Gallade|Drain Punch|p2a: Braviary","|-damage|p2a: Braviary|0 fnt","|-heal|p1a: Gallade|162/277|[from] drain|[of] p2a: Braviary","|faint|p2a: Braviary","|","|win|DSV"],"p1rating":{"entryid":"159982","serverid":"eos","formatid":"monotype","userid":"dsv","username":"DSV","w":2,"l":"3","t":"0","gxe":46.4,"r":"1479.2209682178","rd":"111.99302411103","sigma":"0","rptime":"1440234000","rpr":1471.7701715603,"rprd":102.97382973898,"rpsigma":"0","acre":1064.9417674049,"lacre":1064.9417674049,"oldacre":"1020.7973806177"},"p2rating":{"entryid":"386","serverid":"eos","formatid":"monotype","userid":"lightofaknowing","username":"LightOfAKnowing","w":"7","l":16,"t":"0","gxe":36.9,"r":"1389.9462070637","rd":"71.203706456188","sigma":"0","rptime":"1440234000","rpr":1397.2028442201,"rprd":68.777006046735,"rpsigma":"0","acre":1061.9819145829,"lacre":1061.9819145829,"oldacre":"1090.1346748574"},"endType":"normal"}