{"seed":[16650,38432,54338,58589],"turns":21,"p1":"Alliance - Mxy","p2":"V Photon","p1team":[{"name":"Lapras","species":"Lapras","item":"expertbelt","ability":"Water Absorb","moves":["freezedry","hydropump","hiddenpowerfire","healbell"],"nature":"Modest","evs":{"hp":184,"atk":0,"def":0,"spa":252,"spd":0,"spe":72},"ivs":{"hp":31,"atk":30,"def":31,"spa":30,"spd":31,"spe":30}},{"name":"Weavile","species":"Weavile","item":"lifeorb","ability":"Pressure","moves":["knockoff","iceshard","lowkick","fakeout"],"nature":"Jolly","evs":{"hp":0,"atk":252,"def":0,"spa":0,"spd":4,"spe":252},"ivs":{"hp":31,"atk":31,"def":31,"spa":31,"spd":31,"spe":31}},{"name":"Let it go","species":"kyuremblack","item":"choiceband","ability":"Teravolt","moves":["outrage","fusionbolt","zenheadbutt","earthpower"],"nature":"Naive","evs":{"hp":0,"atk":216,"def":0,"spa":40,"spd":0,"spe":252},"ivs":{"hp":31,"atk":31,"def":31,"spa":31,"spd":31,"spe":31}},{"name":"Articuno","species":"Articuno","item":"custapberry","ability":"Pressure","moves":["hurricane","defog","tailwind","endure"],"nature":"Calm","evs":{"hp":240,"atk":0,"def":0,"spa":16,"spd":252,"spe":0},"ivs":{"hp":31,"atk":31,"def":31,"spa":31,"spd":31,"spe":31}},{"name":"Homage to Broc","species":"aurorus","item":"focussash","ability":"Snow Warning","moves":["freezedry","stealthrock","thunderwave","blizzard"],"nature":"Modest","evs":{"hp":0,"atk":0,"def":0,"spa":252,"spd":4,"spe":252},"ivs":{"hp":31,"atk":31,"def":31,"spa":31,"spd":31,"spe":31}},{"name":"Mamoswine","species":"Mamoswine","item":"assaultvest","ability":"Thick Fat","moves":["earthquake","iceshard","iciclespear","stoneedge"],"nature":"Jolly","evs":{"hp":0,"atk":252,"def":0,"spa":0,"spd":4,"spe":252},"ivs":{"hp":31,"atk":31,"def":31,"spa":31,"spd":31,"spe":31}}],"p2team":[{"name":"Cradily","species":"Cradily","item":"leftovers","ability":"Storm Drain","moves":["rockslide","stockpile","recover","stealthrock"],"nature":"Careful","evs":{"hp":252,"atk":4,"def":0,"spa":0,"spd":252,"spe":0},"ivs":{"hp":31,"atk":30,"def":31,"spa":30,"spd":31,"spe":30}},{"name":"Ferrothorn","species":"Ferrothorn","item":"rockyhelmet","ability":"Iron Barbs","moves":["curse","gyroball","leechseed","thunderwave"],"nature":"Relaxed","evs":{"hp":252,"atk":0,"def":120,"spa":0,"spd":136,"spe":0},"ivs":{"hp":31,"atk":31,"def":31,"spa":31,"spd":31,"spe":0}},{"name":"Rotom-Mow","species":"Rotom-Mow","item":"weaknesspolicy","ability":"Levitate","moves":["thunderbolt","willowisp","rest","sleeptalk"],"nature":"Calm","evs":{"hp":248,"atk":0,"def":8,"spa":0,"spd":252,"spe":0},"ivs":{"hp":31,"atk":31,"def":31,"spa":31,"spd":31,"spe":31}},{"name":"Venusaur","species":"Venusaur","item":"venusaurite","ability":"Overgrow","moves":["earthquake","petalblizzard","synthesis","curse"],"nature":"Adamant","evs":{"hp":248,"atk":252,"def":0,"spa":0,"spd":8,"spe":0},"ivs":{"hp":31,"atk":31,"def":31,"spa":31,"spd":31,"spe":31}},{"name":"Celebi","species":"Celebi","item":"choicescarf","ability":"Natural Cure","moves":["psychic","dazzlinggleam","ancientpower","earthpower"],"nature":"Timid","evs":{"hp":4,"atk":0,"def":0,"spa":252,"spd":0,"spe":252},"ivs":{"hp":31,"atk":31,"def":31,"spa":31,"spd":31,"spe":31}},{"name":"Shiftry","species":"Shiftry","item":"lifeorb","ability":"Chlorophyll","moves":["knockoff","suckerpunch","rockslide","defog"],"nature":"Adamant","evs":{"hp":0,"atk":252,"def":0,"spa":0,"spd":4,"spe":252},"ivs":{"hp":31,"atk":31,"def":31,"spa":31,"spd":31,"spe":31}}],"log":["|player|p1|Alliance - Mxy|270","|player|p2|V Photon|66","|gametype|singles","|gen|6","|tier|Monotype","|rated","|rule|Baton Pass Clause: Limit one Baton Passer, can't pass Spe and other stats simultaneously","|rule|Swagger Clause: Swagger is banned","|rule|Same Type Clause: Pokémon in a team must share a type","|clearpoke","|poke|p1|Lapras, M","|poke|p1|Weavile, F","|poke|p1|Kyurem-Black","|poke|p1|Articuno","|poke|p1|Aurorus, F","|poke|p1|Mamoswine, M","|poke|p2|Cradily, F","|poke|p2|Ferrothorn, F","|poke|p2|Rotom-Mow","|poke|p2|Venusaur, F","|poke|p2|Celebi","|poke|p2|Shiftry, M","|rule|Sleep Clause Mod: Limit one foe put to sleep","|rule|Species Clause: Limit one of each Pokémon","|rule|OHKO Clause: OHKO moves are banned","|rule|Moody Clause: Moody is banned","|rule|Evasion Moves Clause: Evasion moves are banned","|rule|Endless Battle Clause: Forcing endless battles is banned","|rule|HP Percentage Mod: HP is shown in percentages","|teampreview","|","|start","|switch|p1a: Lapras|Lapras, M|447/447","|switch|p2a: Ferrothorn|Ferrothorn, F|352/352","|turn|1","|","|move|p1a: Lapras|Hidden Power|p2a: Ferrothorn","|-supereffective|p2a: Ferrothorn","|-damage|p2a: Ferrothorn|126/352","|move|p2a: Ferrothorn|Leech Seed|p1a: Lapras","|-start|p1a: Lapras|move: Leech Seed","|","|-damage|p1a: Lapras|392/447|[from] Leech Seed|[of] p2a: Ferrothorn","|-heal|p2a: Ferrothorn|181/352|[silent]","|turn|2","|","|switch|p2a: Rotom-Mow|Rotom-Mow|303/303","|move|p1a: Lapras|Hidden Power|p2a: Rotom-Mow","|-supereffective|p2a: Rotom-Mow","|-damage|p2a: Rotom-Mow|200/303","|-enditem|p2a: Rotom-Mow|Weakness Policy","|-boost|p2a: Rotom-Mow|atk|2|[from] item: Weakness Policy","|-boost|p2a: Rotom-Mow|spa|2|[from] item: Weakness Policy","|","|-damage|p1a: Lapras|337/447|[from] Leech Seed|[of] p2a: Rotom-Mow","|-heal|p2a: Rotom-Mow|255/303|[silent]","|turn|3","|","|switch|p1a: Homage to Broc|Aurorus, F|387/387","|-weather|Hail","|move|p2a: Rotom-Mow|Will-O-Wisp|p1a: Homage to Broc","|-status|p1a: Homage to Broc|brn","|","|-weather|Hail|[upkeep]","|-damage|p2a: Rotom-Mow|237/303|[from] hail","|-damage|p1a: Homage to Broc|339/387 brn|[from] brn","|turn|4","|","|move|p1a: Homage to Broc|Stealth Rock|p2a: Rotom-Mow","|-sidestart|p2: V Photon|move: Stealth Rock","|move|p2a: Rotom-Mow|Thunderbolt|p1a: Homage to Broc","|-damage|p1a: Homage to Broc|84/387 brn","|","|-weather|Hail|[upkeep]","|-damage|p2a: Rotom-Mow|219/303|[from] hail","|-damage|p1a: Homage to Broc|36/387 brn|[from] brn","|turn|5","|","|move|p1a: Homage to Broc|Blizzard|p2a: Rotom-Mow","|-supereffective|p2a: Rotom-Mow","|-damage|p2a: Rotom-Mow|0 fnt","|faint|p2a: Rotom-Mow","|","|-weather|Hail|[upkeep]","|-damage|p1a: Homage to Broc|0 fnt|[from] brn","|faint|p1a: Homage to Broc","|","|switch|p1a: Weavile|Weavile, F|281/281","|switch|p2a: Venusaur|Venusaur, F|363/363","|-ability|p1a: Weavile|Pressure","|-damage|p2a: Venusaur|318/363|[from] Stealth Rock","|turn|6","|","|detailschange|p2a: Venusaur|Venusaur-Mega, F","|-mega|p2a: Venusaur|Venusaur|Venusaurite","|move|p1a: Weavile|Fake Out|p2a: Venusaur","|-damage|p2a: Venusaur|265/363","|-damage|p1a: Weavile|253/281|[from] item: Life Orb","|cant|p2a: Venusaur|flinch","|","|-weather|Hail|[upkeep]","|-damage|p2a: Venusaur|243/363|[from] hail","|turn|7","|","|switch|p1a: Let it go|Kyurem-Black|391/391","|-ability|p1a: Let it go|Teravolt","|switch|p2a: Ferrothorn|Ferrothorn, F|181/352","|-damage|p2a: Ferrothorn|159/352|[from] Stealth Rock","|","|-weather|none","|turn|8","|","|move|p1a: Let it go|Outrage|p2a: Ferrothorn","|-crit|p2a: Ferrothorn","|-resisted|p2a: Ferrothorn","|-damage|p2a: Ferrothorn|0 fnt","|-damage|p1a: Let it go|343/391|[from] ability: Iron Barbs|[of] p2a: Ferrothorn","|-damage|p1a: Let it go|278/391|[from] item: Rocky Helmet|[of] p2a: Ferrothorn","|faint|p2a: Ferrothorn","|","|","|switch|p2a: Celebi|Celebi|342/342","|-damage|p2a: Celebi|300/342|[from] Stealth Rock","|turn|9","|","|move|p2a: Celebi|Dazzling Gleam|p1a: Let it go","|-supereffective|p1a: Let it go","|-damage|p1a: Let it go|82/391","|move|p1a: Let it go|Outrage|p2a: Celebi|[from]lockedmove","|-damage|p2a: Celebi|0 fnt","|faint|p2a: Celebi","|","|","|switch|p2a: Shiftry|Shiftry, M|321/321","|-damage|p2a: Shiftry|281/321|[from] Stealth Rock","|turn|10","|","|move|p2a: Shiftry|Sucker Punch|p1a: Let it go","|-damage|p1a: Let it go|0 fnt","|-damage|p2a: Shiftry|249/321|[from] item: Life Orb","|faint|p1a: Let it go","|","|","|switch|p1a: Weavile|Weavile, F|253/281","|-ability|p1a: Weavile|Pressure","|turn|11","|","|switch|p2a: Venusaur|Venusaur-Mega, F|243/363","|-damage|p2a: Venusaur|198/363|[from] Stealth Rock","|move|p1a: Weavile|Ice Shard|p2a: Venusaur","|-supereffective|p2a: Venusaur","|-damage|p2a: Venusaur|125/363","|-damage|p1a: Weavile|225/281|[from] item: Life Orb","|","|turn|12","|","|move|p1a: Weavile|Knock Off|p2a: Venusaur","|-damage|p2a: Venusaur|11/363","|-damage|p1a: Weavile|197/281|[from] item: Life Orb","|move|p2a: Venusaur|Synthesis|p2a: Venusaur","|-heal|p2a: Venusaur|192/363","|","|turn|13","|","|switch|p1a: Articuno|Articuno|381/381","|-ability|p1a: Articuno|Pressure","|move|p2a: Venusaur|Synthesis|p2a: Venusaur","|-heal|p2a: Venusaur|363/363","|","|turn|14","|","|switch|p2a: Shiftry|Shiftry, M|249/321","|-damage|p2a: Shiftry|209/321|[from] Stealth Rock","|move|p1a: Articuno|Hurricane|p2a: Shiftry","|-supereffective|p2a: Shiftry","|-damage|p2a: Shiftry|0 fnt","|faint|p2a: Shiftry","|","|","|switch|p2a: Cradily|Cradily, F|376/376","|-damage|p2a: Cradily|329/376|[from] Stealth Rock","|turn|15","|","|switch|p1a: Mamoswine|Mamoswine, M|361/361","|move|p2a: Cradily|Stealth Rock|p1a: Mamoswine","|-sidestart|p1: Alliance - Mxy|move: Stealth Rock","|","|-heal|p2a: Cradily|352/376|[from] item: Leftovers","|turn|16","|","|switch|p2a: Venusaur|Venusaur-Mega, F|363/363","|-damage|p2a: Venusaur|318/363|[from] Stealth Rock","|move|p1a: Mamoswine|Icicle Spear|p2a: Venusaur","|-supereffective|p2a: Venusaur","|-damage|p2a: Venusaur|276/363","|-supereffective|p2a: Venusaur","|-damage|p2a: Venusaur|232/363","|-supereffective|p2a: Venusaur","|-damage|p2a: Venusaur|190/363","|-hitcount|p2a: Venusaur|3","|","|turn|17","|","|switch|p1a: Articuno|Articuno|381/381","|-damage|p1a: Articuno|191/381|[from] Stealth Rock","|-ability|p1a: Articuno|Pressure","|move|p2a: Venusaur|Petal Blizzard|p1a: Articuno","|-resisted|p1a: Articuno","|-damage|p1a: Articuno|119/381","|","|turn|18","|","|switch|p2a: Cradily|Cradily, F|352/376","|-damage|p2a: Cradily|305/376|[from] Stealth Rock","|move|p1a: Articuno|Hurricane|p2a: Cradily","|-damage|p2a: Cradily|212/376","|","|-heal|p2a: Cradily|235/376|[from] item: Leftovers","|turn|19","|","|switch|p1a: Mamoswine|Mamoswine, M|361/361","|-damage|p1a: Mamoswine|316/361|[from] Stealth Rock","|move|p2a: Cradily|Rock Slide|p1a: Mamoswine","|-damage|p1a: Mamoswine|234/361","|","|-heal|p2a: Cradily|258/376|[from] item: Leftovers","|turn|20","|","|move|p1a: Mamoswine|Icicle Spear|p2a: Cradily","|-supereffective|p2a: Cradily","|-damage|p2a: Cradily|166/376","|-crit|p2a: Cradily","|-supereffective|p2a: Cradily","|-damage|p2a: Cradily|16/376","|-supereffective|p2a: Cradily","|-damage|p2a: Cradily|0 fnt","|-hitcount|p2a: Cradily|3","|faint|p2a: Cradily","|","|","|switch|p2a: Venusaur|Venusaur-Mega, F|190/363","|-damage|p2a: Venusaur|145/363|[from] Stealth Rock","|turn|21","|","|move|p1a: Mamoswine|Earthquake|p2a: Venusaur","|-damage|p2a: Venusaur|0 fnt","|faint|p2a: Venusaur","|","|win|Alliance - Mxy"],"p1rating":{"entryid":"127788","serverid":"eos","formatid":"monotype","userid":"alliancemxy","username":"Alliance - Mxy","w":14,"l":"6","t":"0","gxe":62.7,"r":"1582.4327299161","rd":"73.581737262743","sigma":"0","rptime":"1440234000","rpr":1599.9754553662,"rprd":71.176481296665,"rpsigma":"0","acre":1181.9887935406,"lacre":1181.9887935406,"oldacre":"1168.2288478393"},"p2rating":{"entryid":"24749","serverid":"eos","formatid":"monotype","userid":"vphoton","username":"V Photon - ⓈⓁⒺⒺⓅ","w":"1","l":8,"t":"0","gxe":31.1,"r":"1355.9239025717","rd":"93.282947122814","sigma":"0","rptime":"1440234000","rpr":1345.7049495621,"rprd":91.173226479083,"rpsigma":"0","acre":1000,"lacre":1000,"oldacre":"1000"},"endType":"normal"}