{"seed":[14032,32562,7994,3697],"turns":23,"p1":"V Icarus","p2":"Inferno sasuke","p1team":[{"name":"Gallade","species":"Gallade","item":"galladite","ability":"Justified","moves":["closecombat","psychocut","thunderwave","knockoff"],"nature":"","evs":{"hp":64,"atk":252,"def":176,"spa":0,"spd":16,"spe":0},"shiny":true,"ivs":{"hp":31,"atk":31,"def":31,"spa":31,"spd":31,"spe":31}},{"name":"Latios","species":"Latios","item":"choicespecs","ability":"Levitate","moves":["surf","dragonpulse","psyshock","shadowball"],"nature":"Timid","evs":{"hp":0,"atk":0,"def":40,"spa":216,"spd":0,"spe":252},"shiny":true,"ivs":{"hp":31,"atk":31,"def":31,"spa":31,"spd":31,"spe":31}},{"name":"Jirachi","species":"Jirachi","item":"choicescarf","ability":"Serene Grace","moves":["ironhead","zenheadbutt","healingwish","uturn"],"nature":"Jolly","evs":{"hp":0,"atk":252,"def":0,"spa":0,"spd":4,"spe":252},"ivs":{"hp":31,"atk":31,"def":31,"spa":31,"spd":31,"spe":31}},{"name":"Slowbro","species":"Slowbro","item":"rockyhelmet","ability":"Regenerator","moves":["fireblast","scald","psychic","slackoff"],"nature":"Bold","evs":{"hp":0,"atk":0,"def":252,"spa":252,"spd":4,"spe":0},"shiny":true,"ivs":{"hp":31,"atk":31,"def":31,"spa":31,"spd":31,"spe":31}},{"name":"Uxie","species":"Uxie","item":"leftovers","ability":"Levitate","moves":["stealthrock","toxic","uturn","healbell"],"nature":"Adamant","evs":{"hp":236,"atk":0,"def":136,"spa":0,"spd":136,"spe":0},"ivs":{"hp":31,"atk":31,"def":31,"spa":31,"spd":31,"spe":31}},{"name":"Espeon","species":"Espeon","item":"leftovers","ability":"Magic Bounce","moves":["dazzlinggleam","psychic","calmmind","morningsun"],"nature":"Timid","evs":{"hp":0,"atk":0,"def":0,"spa":196,"spd":72,"spe":240},"shiny":true,"ivs":{"hp":31,"atk":31,"def":31,"spa":31,"spd":31,"spe":31}}],"p2team":[{"name":"Articuno","species":"Articuno","item":"leftovers","ability":"Pressure","moves":["hurricane","blizzard","roost","icebeam"],"nature":"Modest","evs":{"hp":252,"atk":0,"def":0,"spa":252,"spd":4,"spe":0},"shiny":true,"ivs":{"hp":31,"atk":31,"def":31,"spa":31,"spd":31,"spe":31}},{"name":"Moltres","species":"Moltres","item":"leftovers","ability":"Pressure","moves":["airslash","flamethrower","heatwave","hurricane"],"nature":"Modest","evs":{"hp":252,"atk":0,"def":0,"spa":252,"spd":4,"spe":0},"shiny":true,"ivs":{"hp":31,"atk":31,"def":31,"spa":31,"spd":31,"spe":31}},{"name":"Zapdos","species":"Zapdos","item":"leftovers","ability":"Pressure","moves":["roost","heatwave","discharge","thunderbolt"],"nature":"Modest","evs":{"hp":252,"atk":0,"def":0,"spa":252,"spd":4,"spe":0},"shiny":true,"ivs":{"hp":31,"atk":31,"def":31,"spa":31,"spd":31,"spe":31}},{"name":"Thundurus-Therian","species":"Thundurus-Therian","item":"choicescarf","ability":"Volt Absorb","moves":["voltswitch","thunderbolt","foulplay","grassknot"],"nature":"Timid","evs":{"hp":0,"atk":0,"def":0,"spa":252,"spd":4,"spe":252},"shiny":true,"ivs":{"hp":31,"atk":31,"def":31,"spa":31,"spd":31,"spe":31}},{"name":"Tornadus-Therian","species":"Tornadus-Therian","item":"assaultvest","ability":"Regenerator","moves":["hurricane","heatwave","airslash","irontail"],"nature":"Mild","evs":{"hp":248,"atk":8,"def":0,"spa":252,"spd":0,"spe":0},"shiny":true,"ivs":{"hp":31,"atk":31,"def":31,"spa":31,"spd":31,"spe":31}},{"name":"Landorus-Therian","species":"Landorus-Therian","item":"leftovers","ability":"Intimidate","moves":["calmmind","earthquake","extrasensory","grassknot"],"nature":"Rash","evs":{"hp":252,"atk":4,"def":0,"spa":252,"spd":0,"spe":0},"shiny":true,"ivs":{"hp":31,"atk":31,"def":31,"spa":31,"spd":31,"spe":31}}],"log":["|player|p1|V Icarus|championstormvy.png","|player|p2|Inferno sasuke|infernosasuke.png","|gametype|singles","|gen|6","|tier|Monotype","|rated","|rule|Baton Pass Clause: Limit one Baton Passer, can't pass Spe and other stats simultaneously","|rule|Swagger Clause: Swagger is banned","|rule|Same Type Clause: Pokémon in a team must share a type","|clearpoke","|poke|p1|Gallade, M, shiny","|poke|p1|Latios, M, shiny","|poke|p1|Jirachi","|poke|p1|Slowbro, F, shiny","|poke|p1|Uxie","|poke|p1|Espeon, M, shiny","|poke|p2|Articuno, shiny","|poke|p2|Moltres, shiny","|poke|p2|Zapdos, shiny","|poke|p2|Thundurus-Therian, M, shiny","|poke|p2|Tornadus-Therian, M, shiny","|poke|p2|Landorus-Therian, M, shiny","|rule|Sleep Clause Mod: Limit one foe put to sleep","|rule|Species Clause: Limit one of each Pokémon","|rule|OHKO Clause: OHKO moves are banned","|rule|Moody Clause: Moody is banned","|rule|Evasion Moves Clause: Evasion moves are banned","|rule|Endless Battle Clause: Forcing endless battles is banned","|rule|HP Percentage Mod: HP is shown in percentages","|teampreview","|","|start","|switch|p1a: Uxie|Uxie|350/350","|switch|p2a: Thundurus-Therian|Thundurus-Therian, M, shiny|299/299","|turn|1","|","|move|p2a: Thundurus-Therian|Foul Play|p1a: Uxie","|-supereffective|p1a: Uxie","|-damage|p1a: Uxie|252/350","|move|p1a: Uxie|Stealth Rock|p2a: Thundurus-Therian","|-sidestart|p2: Inferno sasuke|move: Stealth Rock","|","|-heal|p1a: Uxie|273/350|[from] item: Leftovers","|turn|2","|","|move|p2a: Thundurus-Therian|Foul Play|p1a: Uxie","|-supereffective|p1a: Uxie","|-damage|p1a: Uxie|179/350","|move|p1a: Uxie|Toxic|p2a: Thundurus-Therian","|-status|p2a: Thundurus-Therian|tox","|","|-heal|p1a: Uxie|200/350|[from] item: Leftovers","|-damage|p2a: Thundurus-Therian|281/299 tox|[from] psn","|turn|3","|","|switch|p2a: Moltres|Moltres, shiny|384/384","|-damage|p2a: Moltres|192/384|[from] Stealth Rock","|-ability|p2a: Moltres|Pressure","|switch|p1a: Slowbro|Slowbro, F, shiny|331/331","|","|-heal|p2a: Moltres|216/384|[from] item: Leftovers","|turn|4","|","|move|p2a: Moltres|Hurricane|p1a: Slowbro","|-damage|p1a: Slowbro|66/331","|move|p1a: Slowbro|Scald|p2a: Moltres","|-supereffective|p2a: Moltres","|-damage|p2a: Moltres|0 fnt","|faint|p2a: Moltres","|","|","|switch|p2a: Landorus-Therian|Landorus-Therian, M, shiny|382/382","|-damage|p2a: Landorus-Therian|335/382|[from] Stealth Rock","|-ability|p2a: Landorus-Therian|Intimidate","|-unboost|p1a: Slowbro|atk|1","|turn|5","|","|switch|p1a: Espeon|Espeon, M, shiny|271/271","|move|p2a: Landorus-Therian|Grass Knot|p1a: Espeon","|-damage|p1a: Espeon|205/271","|","|-heal|p1a: Espeon|221/271|[from] item: Leftovers","|-heal|p2a: Landorus-Therian|358/382|[from] item: Leftovers","|turn|6","|","|move|p1a: Espeon|Calm Mind|p1a: Espeon","|-boost|p1a: Espeon|spa|1","|-boost|p1a: Espeon|spd|1","|move|p2a: Landorus-Therian|Earthquake|p1a: Espeon","|-damage|p1a: Espeon|0 fnt","|faint|p1a: Espeon","|","|-heal|p2a: Landorus-Therian|381/382|[from] item: Leftovers","|","|switch|p1a: Latios|Latios, M, shiny|301/301","|turn|7","|","|move|p1a: Latios|Surf|p2a: Landorus-Therian","|-supereffective|p2a: Landorus-Therian","|-damage|p2a: Landorus-Therian|0 fnt","|faint|p2a: Landorus-Therian","|","|","|switch|p2a: Tornadus-Therian|Tornadus-Therian, M, shiny|361/361","|-damage|p2a: Tornadus-Therian|271/361|[from] Stealth Rock","|turn|8","|","|switch|p1a: Slowbro|Slowbro, F, shiny|176/331","|move|p2a: Tornadus-Therian|Hurricane|p1a: Slowbro","|-damage|p1a: Slowbro|0 fnt","|faint|p1a: Slowbro","|","|","|switch|p1a: Jirachi|Jirachi|341/341","|turn|9","|","|move|p1a: Jirachi|Zen Headbutt|p2a: Tornadus-Therian","|-damage|p2a: Tornadus-Therian|97/361","|move|p2a: Tornadus-Therian|Heat Wave|p1a: Jirachi","|-supereffective|p1a: Jirachi","|-damage|p1a: Jirachi|127/341","|","|turn|10","|","|move|p1a: Jirachi|Zen Headbutt|p2a: Tornadus-Therian","|-damage|p2a: Tornadus-Therian|0 fnt","|faint|p2a: Tornadus-Therian","|","|","|switch|p2a: Articuno|Articuno, shiny|384/384","|-damage|p2a: Articuno|192/384|[from] Stealth Rock","|-ability|p2a: Articuno|Pressure","|turn|11","|","|move|p1a: Jirachi|Zen Headbutt|p2a: Articuno","|-damage|p2a: Articuno|68/384","|move|p2a: Articuno|Roost|p2a: Articuno","|-heal|p2a: Articuno|260/384","|","|-heal|p2a: Articuno|284/384|[from] item: Leftovers","|turn|12","|","|move|p1a: Jirachi|Zen Headbutt|p2a: Articuno","|-damage|p2a: Articuno|164/384","|move|p2a: Articuno|Hurricane|p1a: Jirachi","|-resisted|p1a: Jirachi","|-damage|p1a: Jirachi|44/341","|-start|p1a: Jirachi|confusion","|","|-heal|p2a: Articuno|188/384|[from] item: Leftovers","|turn|13","|","|switch|p1a: Uxie|Uxie|200/350","|move|p2a: Articuno|Roost|p2a: Articuno","|-heal|p2a: Articuno|380/384","|","|-heal|p1a: Uxie|221/350|[from] item: Leftovers","|-heal|p2a: Articuno|384/384|[from] item: Leftovers","|turn|14","|","|move|p1a: Uxie|Toxic|p2a: Articuno|[miss]","|-miss|p1a: Uxie|p2a: Articuno","|move|p2a: Articuno|Blizzard|p1a: Uxie","|-damage|p1a: Uxie|88/350","|","|-heal|p1a: Uxie|109/350|[from] item: Leftovers","|turn|15","|","|move|p1a: Uxie|Toxic|p2a: Articuno","|-status|p2a: Articuno|tox","|move|p2a: Articuno|Hurricane|p1a: Uxie","|-damage|p1a: Uxie|0 fnt","|faint|p1a: Uxie","|","|-damage|p2a: Articuno|360/384 tox|[from] psn","|","|switch|p1a: Jirachi|Jirachi|44/341","|turn|16","|","|move|p1a: Jirachi|Iron Head|p2a: Articuno","|-supereffective|p2a: Articuno","|-damage|p2a: Articuno|114/384 tox","|cant|p2a: Articuno|flinch","|","|-heal|p2a: Articuno|138/384 tox|[from] item: Leftovers","|-damage|p2a: Articuno|90/384 tox|[from] psn","|turn|17","|","|move|p1a: Jirachi|Iron Head|p2a: Articuno","|-crit|p2a: Articuno","|-supereffective|p2a: Articuno","|-damage|p2a: Articuno|0 fnt","|faint|p2a: Articuno","|","|","|switch|p2a: Thundurus-Therian|Thundurus-Therian, M, shiny|281/299 tox","|-damage|p2a: Thundurus-Therian|207/299 tox|[from] Stealth Rock","|turn|18","|","|switch|p1a: Gallade|Gallade, M, shiny|293/293","|move|p2a: Thundurus-Therian|Volt Switch|p1a: Gallade","|-damage|p1a: Gallade|175/293","|","|switch|p2a: Zapdos|Zapdos, shiny|384/384","|-damage|p2a: Zapdos|288/384|[from] Stealth Rock","|-ability|p2a: Zapdos|Pressure","|","|-heal|p2a: Zapdos|312/384|[from] item: Leftovers","|turn|19","|","|detailschange|p1a: Gallade|Gallade-Mega, M, shiny","|-mega|p1a: Gallade|Gallade|Galladite","|move|p2a: Zapdos|Thunderbolt|p1a: Gallade","|-damage|p1a: Gallade|34/293","|move|p1a: Gallade|Knock Off|p2a: Zapdos","|-damage|p2a: Zapdos|141/384","|-enditem|p2a: Zapdos|Leftovers|[from] move: Knock Off|[of] p1a: Gallade","|","|turn|20","|","|move|p1a: Gallade|Psycho Cut|p2a: Zapdos","|-damage|p2a: Zapdos|0 fnt","|faint|p2a: Zapdos","|","|","|switch|p2a: Thundurus-Therian|Thundurus-Therian, M, shiny|207/299 tox","|-damage|p2a: Thundurus-Therian|133/299 tox|[from] Stealth Rock","|turn|21","|","|move|p2a: Thundurus-Therian|Thunderbolt|p1a: Gallade","|-crit|p1a: Gallade","|-damage|p1a: Gallade|0 fnt","|faint|p1a: Gallade","|","|-damage|p2a: Thundurus-Therian|115/299 tox|[from] psn","|","|switch|p1a: Jirachi|Jirachi|44/341","|turn|22","|","|move|p2a: Thundurus-Therian|Thunderbolt|p1a: Jirachi","|-damage|p1a: Jirachi|0 fnt","|faint|p1a: Jirachi","|","|-damage|p2a: Thundurus-Therian|79/299 tox|[from] psn","|","|switch|p1a: Latios|Latios, M, shiny|301/301","|turn|23","|","|move|p2a: Thundurus-Therian|Thunderbolt|p1a: Latios","|-resisted|p1a: Latios","|-damage|p1a: Latios|217/301","|move|p1a: Latios|Psyshock|p2a: Thundurus-Therian","|-damage|p2a: Thundurus-Therian|0 fnt","|faint|p2a: Thundurus-Therian","|","|win|V Icarus"],"p1rating":{"entryid":312374,"formatid":"monotype","userid":"vicarus","username":"V Icarus","r":1500,"rd":130,"sigma":0,"rpr":1534.3204118723,"rprd":122.2316566539,"rpsigma":0,"rptime":1440234000,"w":1,"l":0,"t":0,"gxe":54.3,"acre":1048.7354070575,"lacre":1048.7354070575,"oldacre":1000},"p2rating":{"entryid":"45674","serverid":"eos","formatid":"monotype","userid":"infernosasuke","username":"Inferno Sasuke","w":"17","l":29,"t":"0","gxe":40,"r":"1432.0409735198","rd":"53.460270925273","sigma":"0","rptime":"1440234000","rpr":1422.7615015393,"rprd":52.556197696972,"rpsigma":"0","acre":1050.8391942272,"lacre":1050.8391942272,"oldacre":"1077.1167276686"},"endType":"normal"}