{"seed":[44626,59922,57196,56623],"turns":31,"p1":"Adviser Mystery","p2":"Alliance-Succubus","p1team":[{"name":"Venusaur","species":"Venusaur","item":"venusaurite","ability":"Chlorophyll","moves":["synthesis","gigadrain","sludgebomb","hiddenpowerfire"],"nature":"Calm","evs":{"hp":224,"atk":0,"def":0,"spa":88,"spd":196,"spe":0},"ivs":{"hp":31,"atk":30,"def":31,"spa":30,"spd":31,"spe":30}},{"name":"Shiftry","species":"Shiftry","item":"lifeorb","ability":"Chlorophyll","moves":["fakeout","suckerpunch","leafblade","knockoff"],"nature":"Jolly","evs":{"hp":0,"atk":252,"def":0,"spa":0,"spd":0,"spe":252},"ivs":{"hp":31,"atk":31,"def":31,"spa":31,"spd":31,"spe":31}},{"name":"Whimsicott","species":"Whimsicott","item":"heatrock","ability":"Prankster","moves":["sunnyday","taunt","moonblast","leechseed"],"nature":"Serious","evs":{"hp":232,"atk":0,"def":0,"spa":24,"spd":0,"spe":252},"ivs":{"hp":31,"atk":31,"def":31,"spa":31,"spd":31,"spe":31}},{"name":"Ludicolo","species":"Ludicolo","item":"assaultvest","ability":"Swift Swim","moves":["fakeout","gigadrain","icebeam","scald"],"nature":"Calm","evs":{"hp":216,"atk":0,"def":0,"spa":40,"spd":252,"spe":0},"ivs":{"hp":31,"atk":31,"def":31,"spa":31,"spd":31,"spe":31}},{"name":"Ferrothorn","species":"Ferrothorn","item":"leftovers","ability":"Iron Barbs","moves":["protect","leechseed","acidspray","toxic"],"nature":"Calm","evs":{"hp":252,"atk":0,"def":192,"spa":0,"spd":64,"spe":0},"ivs":{"hp":31,"atk":31,"def":31,"spa":31,"spd":31,"spe":31}},{"name":"Serperior","species":"Serperior","item":"choicescarf","ability":"Contrary","moves":["leafstorm","dragonpulse","hiddenpowerice"],"nature":"Timid","evs":{"hp":0,"atk":0,"def":4,"spa":252,"spd":0,"spe":252},"ivs":{"hp":31,"atk":30,"def":30,"spa":31,"spd":31,"spe":31}}],"p2team":[{"name":"Wii-Unbound","species":"hoopaunbound","item":"choicescarf","ability":"Magician","moves":["hyperspacehole","darkpulse","focusblast","destinybond"],"nature":"Timid","evs":{"hp":0,"atk":0,"def":0,"spa":252,"spd":4,"spe":252},"ivs":{"hp":31,"atk":31,"def":31,"spa":31,"spd":31,"spe":31}},{"name":"Cocktus","species":"cacturne","item":"focussash","ability":"Sand Veil","moves":["swordsdance","spikyshield","suckerpunch","seedbomb"],"nature":"Adamant","evs":{"hp":0,"atk":252,"def":4,"spa":0,"spd":0,"spe":252},"gender":"M","ivs":{"hp":31,"atk":31,"def":31,"spa":31,"spd":31,"spe":31}},{"name":"Cavebird","species":"mandibuzz","item":"leftovers","ability":"Overcoat","moves":["foulplay","roost","defog","protect"],"nature":"Bold","evs":{"hp":252,"atk":0,"def":252,"spa":0,"spd":4,"spe":0},"ivs":{"hp":31,"atk":31,"def":31,"spa":31,"spd":31,"spe":31}},{"name":"Dino Dance","species":"tyranitar","item":"leftovers","ability":"Sand Stream","moves":["rockpolish","icepunch","rockslide","crunch"],"nature":"Adamant","evs":{"hp":0,"atk":252,"def":0,"spa":0,"spd":4,"spe":252},"gender":"M","ivs":{"hp":31,"atk":31,"def":31,"spa":31,"spd":31,"spe":31}},{"name":"BOINGGGG!","species":"sableye","item":"sablenite","ability":"Prankster","moves":["willowisp","recover","calmmind","darkpulse"],"nature":"Calm","evs":{"hp":248,"atk":0,"def":0,"spa":8,"spd":252,"spe":0},"gender":"F","ivs":{"hp":31,"atk":31,"def":31,"spa":31,"spd":31,"spe":31}},{"name":"Krooky Monster","species":"krookodile","item":"focussash","ability":"Intimidate","moves":["stealthrock","knockoff","firefang","earthquake"],"nature":"Adamant","evs":{"hp":252,"atk":252,"def":0,"spa":0,"spd":4,"spe":0},"gender":"M","ivs":{"hp":31,"atk":31,"def":31,"spa":31,"spd":31,"spe":31}}],"log":["|player|p1|Adviser Mystery|153","|player|p2|Alliance-Succubus|96","|gametype|singles","|gen|6","|tier|Monotype","|rated","|rule|Baton Pass Clause: Limit one Baton Passer, can't pass Spe and other stats simultaneously","|rule|Swagger Clause: Swagger is banned","|rule|Same Type Clause: Pokémon in a team must share a type","|clearpoke","|poke|p1|Venusaur, M","|poke|p1|Shiftry, F","|poke|p1|Whimsicott, M","|poke|p1|Ludicolo, M","|poke|p1|Ferrothorn, M","|poke|p1|Serperior, F","|poke|p2|Hoopa-Unbound","|poke|p2|Cacturne, M","|poke|p2|Mandibuzz, F","|poke|p2|Tyranitar, M","|poke|p2|Sableye, F","|poke|p2|Krookodile, M","|rule|Sleep Clause Mod: Limit one foe put to sleep","|rule|Species Clause: Limit one of each Pokémon","|rule|OHKO Clause: OHKO moves are banned","|rule|Moody Clause: Moody is banned","|rule|Evasion Moves Clause: Evasion moves are banned","|rule|Endless Battle Clause: Forcing endless battles is banned","|rule|HP Percentage Mod: HP is shown in percentages","|teampreview","|","|start","|switch|p1a: Shiftry|Shiftry, F|321/321","|switch|p2a: Krooky Monster|Krookodile, M|394/394","|-ability|p2a: Krooky Monster|Intimidate","|-unboost|p1a: Shiftry|atk|1","|turn|1","|","|switch|p1a: Ferrothorn|Ferrothorn, M|352/352","|move|p2a: Krooky Monster|Fire Fang|p1a: Ferrothorn","|-supereffective|p1a: Ferrothorn","|-damage|p1a: Ferrothorn|152/352","|-damage|p2a: Krooky Monster|345/394|[from] ability: Iron Barbs|[of] p1a: Ferrothorn","|","|-heal|p1a: Ferrothorn|174/352|[from] item: Leftovers","|turn|2","|","|switch|p1a: Ludicolo|Ludicolo, M|355/355","|move|p2a: Krooky Monster|Fire Fang|p1a: Ludicolo","|-damage|p1a: Ludicolo|243/355","|","|turn|3","|","|switch|p2a: Cavebird|Mandibuzz, F|424/424","|move|p1a: Ludicolo|Giga Drain|p2a: Cavebird","|-resisted|p2a: Cavebird","|-damage|p2a: Cavebird|380/424","|-heal|p1a: Ludicolo|265/355|[from] drain|[of] p2a: Cavebird","|","|-heal|p2a: Cavebird|406/424|[from] item: Leftovers","|turn|4","|","|switch|p1a: Ferrothorn|Ferrothorn, M|174/352","|move|p2a: Cavebird|Foul Play|p1a: Ferrothorn","|-damage|p1a: Ferrothorn|108/352","|-damage|p2a: Cavebird|353/424|[from] ability: Iron Barbs|[of] p1a: Ferrothorn","|","|-heal|p2a: Cavebird|379/424|[from] item: Leftovers","|-heal|p1a: Ferrothorn|130/352|[from] item: Leftovers","|turn|5","|","|switch|p2a: Dino Dance|Tyranitar, M|341/341","|-weather|Sandstorm","|move|p1a: Ferrothorn|Leech Seed|p2a: Dino Dance","|-start|p2a: Dino Dance|move: Leech Seed","|","|-weather|Sandstorm|[upkeep]","|-heal|p1a: Ferrothorn|152/352|[from] item: Leftovers","|-damage|p2a: Dino Dance|299/341|[from] Leech Seed|[of] p1a: Ferrothorn","|-heal|p1a: Ferrothorn|194/352|[silent]","|turn|6","|","|switch|p2a: Krooky Monster|Krookodile, M|345/394","|-ability|p2a: Krooky Monster|Intimidate","|-unboost|p1a: Ferrothorn|atk|1","|move|p1a: Ferrothorn|Protect|p1a: Ferrothorn","|-fail|p1a: Ferrothorn","|","|-weather|Sandstorm|[upkeep]","|-heal|p1a: Ferrothorn|216/352|[from] item: Leftovers","|turn|7","|","|move|p1a: Ferrothorn|Protect|p1a: Ferrothorn","|-singleturn|p1a: Ferrothorn|Protect","|move|p2a: Krooky Monster|Fire Fang|p1a: Ferrothorn","|-activate|p1a: Ferrothorn|Protect","|","|-weather|Sandstorm|[upkeep]","|-heal|p1a: Ferrothorn|238/352|[from] item: Leftovers","|turn|8","|","|switch|p1a: Ludicolo|Ludicolo, M|265/355","|move|p2a: Krooky Monster|Fire Fang|p1a: Ludicolo","|-damage|p1a: Ludicolo|156/355","|","|-weather|Sandstorm|[upkeep]","|-damage|p1a: Ludicolo|134/355|[from] sandstorm","|turn|9","|","|move|p2a: Krooky Monster|Knock Off|p1a: Ludicolo","|-damage|p1a: Ludicolo|0 fnt","|-enditem|p1a: Ludicolo|Assault Vest|[from] move: Knock Off|[of] p2a: Krooky Monster","|faint|p1a: Ludicolo","|","|-weather|none","|","|switch|p1a: Venusaur|Venusaur, M|357/357","|turn|10","|","|detailschange|p1a: Venusaur|Venusaur-Mega, M","|-mega|p1a: Venusaur|Venusaur|Venusaurite","|move|p2a: Krooky Monster|Earthquake|p1a: Venusaur","|-damage|p1a: Venusaur|194/357","|move|p1a: Venusaur|Giga Drain|p2a: Krooky Monster","|-supereffective|p2a: Krooky Monster","|-damage|p2a: Krooky Monster|51/394","|-heal|p1a: Venusaur|341/357|[from] drain|[of] p2a: Krooky Monster","|","|turn|11","|","|move|p2a: Krooky Monster|Knock Off|p1a: Venusaur","|-damage|p1a: Venusaur|235/357","|move|p1a: Venusaur|Giga Drain|p2a: Krooky Monster","|-supereffective|p2a: Krooky Monster","|-damage|p2a: Krooky Monster|0 fnt","|-heal|p1a: Venusaur|261/357|[from] drain|[of] p2a: Krooky Monster","|faint|p2a: Krooky Monster","|","|","|switch|p2a: Wii-Unbound|Hoopa-Unbound|301/301","|turn|12","|","|switch|p1a: Ferrothorn|Ferrothorn, M|238/352","|move|p2a: Wii-Unbound|Hyperspace Hole|p1a: Ferrothorn","|-resisted|p1a: Ferrothorn","|-damage|p1a: Ferrothorn|174/352","|","|-heal|p1a: Ferrothorn|196/352|[from] item: Leftovers","|turn|13","|","|switch|p2a: Cocktus|Cacturne, M|281/281","|move|p1a: Ferrothorn|Acid Spray|p2a: Cocktus","|-supereffective|p2a: Cocktus","|-damage|p2a: Cocktus|221/281","|-unboost|p2a: Cocktus|spd|2","|","|-heal|p1a: Ferrothorn|218/352|[from] item: Leftovers","|turn|14","|","|move|p1a: Ferrothorn|Protect|p1a: Ferrothorn","|-singleturn|p1a: Ferrothorn|Protect","|move|p2a: Cocktus|Swords Dance|p2a: Cocktus","|-boost|p2a: Cocktus|atk|2","|","|-heal|p1a: Ferrothorn|240/352|[from] item: Leftovers","|turn|15","|","|switch|p1a: Whimsicott|Whimsicott, M|319/319","|move|p2a: Cocktus|Sucker Punch|p1a: Whimsicott","|-fail|p2a: Cocktus","|","|turn|16","|","|switch|p2a: Cavebird|Mandibuzz, F|379/424","|move|p1a: Whimsicott|Moonblast|p2a: Cavebird","|-supereffective|p2a: Cavebird","|-damage|p2a: Cavebird|181/424","|","|-heal|p2a: Cavebird|207/424|[from] item: Leftovers","|turn|17","|","|move|p2a: Cavebird|Protect|p2a: Cavebird","|-singleturn|p2a: Cavebird|Protect","|move|p1a: Whimsicott|Moonblast|p2a: Cavebird","|-activate|p2a: Cavebird|Protect","|","|-heal|p2a: Cavebird|233/424|[from] item: Leftovers","|turn|18","|","|move|p1a: Whimsicott|Moonblast|p2a: Cavebird","|-supereffective|p2a: Cavebird","|-damage|p2a: Cavebird|29/424","|move|p2a: Cavebird|Foul Play|p1a: Whimsicott","|-resisted|p1a: Whimsicott","|-damage|p1a: Whimsicott|269/319","|","|-heal|p2a: Cavebird|55/424|[from] item: Leftovers","|turn|19","|","|move|p1a: Whimsicott|Moonblast|p2a: Cavebird","|-supereffective|p2a: Cavebird","|-damage|p2a: Cavebird|0 fnt","|faint|p2a: Cavebird","|","|","|switch|p2a: BOINGGGG!|Sableye, F|303/303","|turn|20","|","|detailschange|p2a: BOINGGGG!|Sableye-Mega, F","|-mega|p2a: BOINGGGG!|Sableye|Sablenite","|move|p2a: BOINGGGG!|Calm Mind|p2a: BOINGGGG!","|-boost|p2a: BOINGGGG!|spa|1","|-boost|p2a: BOINGGGG!|spd|1","|move|p1a: Whimsicott|Moonblast|p2a: BOINGGGG!","|-supereffective|p2a: BOINGGGG!","|-damage|p2a: BOINGGGG!|217/303","|","|turn|21","|","|switch|p1a: Ferrothorn|Ferrothorn, M|240/352","|move|p2a: BOINGGGG!|Calm Mind|p2a: BOINGGGG!","|-boost|p2a: BOINGGGG!|spa|1","|-boost|p2a: BOINGGGG!|spd|1","|","|-heal|p1a: Ferrothorn|262/352|[from] item: Leftovers","|turn|22","|","|move|p1a: Ferrothorn|Acid Spray|p2a: BOINGGGG!","|-resisted|p2a: BOINGGGG!","|-damage|p2a: BOINGGGG!|214/303","|-unboost|p2a: BOINGGGG!|spd|2","|move|p2a: BOINGGGG!|Will-O-Wisp|p1a: Ferrothorn","|-status|p1a: Ferrothorn|brn","|","|-heal|p1a: Ferrothorn|284/352 brn|[from] item: Leftovers","|-damage|p1a: Ferrothorn|240/352 brn|[from] brn","|turn|23","|","|move|p2a: BOINGGGG!|Recover|p2a: BOINGGGG!","|-heal|p2a: BOINGGGG!|303/303","|move|p1a: Ferrothorn|Acid Spray|p2a: BOINGGGG!","|-resisted|p2a: BOINGGGG!","|-damage|p2a: BOINGGGG!|297/303","|-unboost|p2a: BOINGGGG!|spd|2","|","|-heal|p1a: Ferrothorn|262/352 brn|[from] item: Leftovers","|-damage|p1a: Ferrothorn|218/352 brn|[from] brn","|turn|24","|","|switch|p2a: Wii-Unbound|Hoopa-Unbound|301/301","|move|p1a: Ferrothorn|Acid Spray|p2a: Wii-Unbound","|-damage|p2a: Wii-Unbound|285/301","|-unboost|p2a: Wii-Unbound|spd|2","|","|-heal|p1a: Ferrothorn|240/352 brn|[from] item: Leftovers","|-damage|p1a: Ferrothorn|196/352 brn|[from] brn","|turn|25","|","|move|p1a: Ferrothorn|Protect|p1a: Ferrothorn","|-singleturn|p1a: Ferrothorn|Protect","|move|p2a: Wii-Unbound|Focus Blast|p1a: Ferrothorn","|-activate|p1a: Ferrothorn|Protect","|","|-heal|p1a: Ferrothorn|218/352 brn|[from] item: Leftovers","|-damage|p1a: Ferrothorn|174/352 brn|[from] brn","|turn|26","|","|switch|p1a: Whimsicott|Whimsicott, M|269/319","|move|p2a: Wii-Unbound|Focus Blast|p1a: Whimsicott","|-resisted|p1a: Whimsicott","|-damage|p1a: Whimsicott|150/319","|-unboost|p1a: Whimsicott|spd|1","|","|turn|27","|","|switch|p1a: Venusaur|Venusaur-Mega, M|261/357","|move|p2a: Wii-Unbound|Focus Blast|p1a: Venusaur|[miss]","|-miss|p2a: Wii-Unbound|p1a: Venusaur","|","|turn|28","|","|switch|p2a: Cocktus|Cacturne, M|221/281","|move|p1a: Venusaur|Giga Drain|p2a: Cocktus","|-resisted|p2a: Cocktus","|-damage|p2a: Cocktus|143/281","|-heal|p1a: Venusaur|300/357|[from] drain|[of] p2a: Cocktus","|","|turn|29","|","|move|p2a: Cocktus|Sucker Punch|p1a: Venusaur","|-damage|p1a: Venusaur|179/357","|move|p1a: Venusaur|Sludge Bomb|p2a: Cocktus","|-supereffective|p2a: Cocktus","|-damage|p2a: Cocktus|0 fnt","|faint|p2a: Cocktus","|","|","|switch|p2a: Dino Dance|Tyranitar, M|299/341","|-weather|Sandstorm","|turn|30","|","|switch|p2a: BOINGGGG!|Sableye-Mega, F|297/303","|move|p1a: Venusaur|Giga Drain|p2a: BOINGGGG!","|-damage|p2a: BOINGGGG!|225/303","|-heal|p1a: Venusaur|215/357|[from] drain|[of] p2a: BOINGGGG!","|","|-weather|Sandstorm|[upkeep]","|-damage|p1a: Venusaur|193/357|[from] sandstorm","|-damage|p2a: BOINGGGG!|207/303|[from] sandstorm","|turn|31","|","|win|Adviser Mystery"],"p1rating":{"entryid":"275057","serverid":"eos","formatid":"monotype","userid":"advisermystery","username":"Adviser Mystery","w":3,"l":"3","t":"0","gxe":49.4,"r":"1566.3394019111","rd":"116.38050129688","sigma":"0","rptime":"1440234000","rpr":1495.1304841353,"rprd":98.771420158034,"rpsigma":"0","acre":1061.9836365532,"lacre":1061.9836365532,"oldacre":"1023.9766323104"},"p2rating":{"entryid":"50240","serverid":"eos","formatid":"monotype","userid":"alliancesuccubus","username":"Alliance-Succubus","w":"9","l":15,"t":"0","gxe":40.6,"r":"1452.0845116179","rd":"69.354751822497","sigma":"0","rptime":"1440234000","rpr":1427.5403897443,"rprd":66.251815625493,"rpsigma":"0","acre":1022.6967279947,"lacre":1022.6967279947,"oldacre":"1039.2903601984"},"endType":"forfeit"}