{"seed":[15178,5250,58314,23361],"turns":22,"p1":"theace22","p2":"Imp Elegant","p1team":[{"name":"Sableye","species":"Sableye","item":"sablenite","ability":"Prankster","moves":["calmmind","recover","willowisp","snarl"],"nature":"Bold","evs":{"hp":252,"atk":0,"def":196,"spa":0,"spd":60,"spe":0},"ivs":{"hp":31,"atk":31,"def":31,"spa":31,"spd":31,"spe":31}},{"name":"Tyranitar","species":"Tyranitar","item":"leftovers","ability":"Sand Stream","moves":["stoneedge","fireblast","stealthrock","thunderwave"],"nature":"Brave","evs":{"hp":252,"atk":56,"def":0,"spa":0,"spd":200,"spe":0},"ivs":{"hp":31,"atk":31,"def":31,"spa":31,"spd":31,"spe":31}},{"name":"Altercation","species":"hoopaunbound","item":"choicescarf","ability":"Magician","moves":["hyperspacefury","hyperspacehole","gunkshot","energyball"],"nature":"Hasty","evs":{"hp":0,"atk":180,"def":0,"spa":76,"spd":0,"spe":252},"ivs":{"hp":31,"atk":31,"def":31,"spa":31,"spd":31,"spe":31}},{"name":"Damien","species":"crawdaunt","item":"lifeorb","ability":"Adaptability","moves":["knockoff","aquajet","swordsdance","crabhammer"],"nature":"Adamant","evs":{"hp":0,"atk":252,"def":0,"spa":0,"spd":4,"spe":252},"ivs":{"hp":31,"atk":31,"def":31,"spa":31,"spd":31,"spe":31}},{"name":"Billy","species":"mandibuzz","item":"rockyhelmet","ability":"Overcoat","moves":["bravebird","foulplay","roost","defog"],"nature":"Impish","evs":{"hp":248,"atk":8,"def":252,"spa":0,"spd":0,"spe":0},"ivs":{"hp":31,"atk":31,"def":31,"spa":31,"spd":31,"spe":31}},{"name":"Sharp","species":"bisharp","item":"lumberry","ability":"Defiant","moves":["swordsdance","knockoff","ironhead","suckerpunch"],"nature":"Adamant","evs":{"hp":0,"atk":252,"def":0,"spa":0,"spd":4,"spe":252},"ivs":{"hp":31,"atk":31,"def":31,"spa":31,"spd":31,"spe":31}}],"p2team":[{"name":"Car keys","species":"klefki","item":"lightclay","ability":"Prankster","moves":["foulplay","thunderwave","lightscreen","reflect"],"nature":"Bold","evs":{"hp":248,"atk":0,"def":252,"spa":0,"spd":8,"spe":0},"gender":"M","shiny":true,"ivs":{"hp":31,"atk":31,"def":31,"spa":31,"spd":31,"spe":31}},{"name":"Mr Rabbet","species":"azumarill","item":"sitrusberry","ability":"Huge Power","moves":["bellydrum","aquajet","playrough","knockoff"],"nature":"Adamant","evs":{"hp":252,"atk":252,"def":0,"spa":0,"spd":4,"spe":0},"gender":"M","ivs":{"hp":31,"atk":31,"def":31,"spa":31,"spd":31,"spe":31}},{"name":"Cupcake","species":"slurpuff","item":"sitrusberry","ability":"Unburden","moves":["bellydrum","playrough","drainpunch","cottonguard"],"nature":"Adamant","evs":{"hp":4,"atk":252,"def":0,"spa":0,"spd":0,"spe":252},"gender":"F","ivs":{"hp":31,"atk":31,"def":31,"spa":31,"spd":31,"spe":31}},{"name":"Sir Lance","species":"togekiss","item":"leftovers","ability":"Serene Grace","moves":["nastyplot","airslash","thunderwave","roost"],"nature":"Calm","evs":{"hp":252,"atk":0,"def":0,"spa":4,"spd":252,"spe":0},"gender":"F","ivs":{"hp":31,"atk":31,"def":31,"spa":31,"spd":31,"spe":31}},{"name":"Cinderella","species":"gardevoir","item":"choicescarf","ability":"Trace","moves":["moonblast","shadowball","psychic","focusblast"],"nature":"Timid","evs":{"hp":0,"atk":0,"def":0,"spa":252,"spd":4,"spe":252},"gender":"F","shiny":true,"ivs":{"hp":31,"atk":31,"def":31,"spa":31,"spd":31,"spe":31}},{"name":"Diamond Queen","species":"diancie","item":"diancite","ability":"Clear Body","moves":["moonblast","diamondstorm","earthpower","protect"],"nature":"Hasty","evs":{"hp":0,"atk":4,"def":0,"spa":252,"spd":0,"spe":252},"shiny":true,"ivs":{"hp":31,"atk":31,"def":31,"spa":31,"spd":31,"spe":31}}],"log":["|player|p1|theace22|102","|player|p2|Imp Elegant|291","|gametype|singles","|gen|6","|tier|Monotype","|rated","|rule|Baton Pass Clause: Limit one Baton Passer, can't pass Spe and other stats simultaneously","|rule|Swagger Clause: Swagger is banned","|rule|Same Type Clause: Pokémon in a team must share a type","|clearpoke","|poke|p1|Sableye, F","|poke|p1|Tyranitar, F","|poke|p1|Hoopa-Unbound","|poke|p1|Crawdaunt, F","|poke|p1|Mandibuzz, F","|poke|p1|Bisharp, F","|poke|p2|Klefki, M, shiny","|poke|p2|Azumarill, M","|poke|p2|Slurpuff, F","|poke|p2|Togekiss, F","|poke|p2|Gardevoir, F, shiny","|poke|p2|Diancie, shiny","|rule|Sleep Clause Mod: Limit one foe put to sleep","|rule|Species Clause: Limit one of each Pokémon","|rule|OHKO Clause: OHKO moves are banned","|rule|Moody Clause: Moody is banned","|rule|Evasion Moves Clause: Evasion moves are banned","|rule|Endless Battle Clause: Forcing endless battles is banned","|rule|HP Percentage Mod: HP is shown in percentages","|teampreview","|","|start","|switch|p1a: Damien|Crawdaunt, F|267/267","|switch|p2a: Car keys|Klefki, M, shiny|317/317","|turn|1","|","|move|p2a: Car keys|Thunder Wave|p1a: Damien","|-status|p1a: Damien|par","|cant|p1a: Damien|par","|","|turn|2","|","|move|p2a: Car keys|Reflect|p2a: Car keys","|-sidestart|p2: Imp Elegant|Reflect","|move|p1a: Damien|Swords Dance|p1a: Damien","|-boost|p1a: Damien|atk|2","|","|turn|3","|","|move|p2a: Car keys|Light Screen|p2a: Car keys","|-sidestart|p2: Imp Elegant|move: Light Screen","|cant|p1a: Damien|par","|","|turn|4","|","|move|p2a: Car keys|Foul Play|p1a: Damien","|-resisted|p1a: Damien","|-damage|p1a: Damien|141/267 par","|move|p1a: Damien|Crabhammer|p2a: Car keys","|-damage|p2a: Car keys|92/317","|-damage|p1a: Damien|115/267 par|[from] item: Life Orb","|","|turn|5","|","|move|p1a: Damien|Aqua Jet|p2a: Car keys","|-damage|p2a: Car keys|0 fnt","|-damage|p1a: Damien|89/267 par|[from] item: Life Orb","|faint|p2a: Car keys","|","|","|switch|p2a: Cupcake|Slurpuff, F|306/306","|turn|6","|","|move|p2a: Cupcake|Cotton Guard|p2a: Cupcake","|-boost|p2a: Cupcake|def|3","|cant|p1a: Damien|par","|","|turn|7","|","|switch|p1a: Tyranitar|Tyranitar, F|404/404","|-weather|Sandstorm","|move|p2a: Cupcake|Cotton Guard|p2a: Cupcake","|-boost|p2a: Cupcake|def|3","|","|-weather|Sandstorm|[upkeep]","|-damage|p2a: Cupcake|287/306|[from] sandstorm","|turn|8","|","|move|p2a: Cupcake|Belly Drum|p2a: Cupcake","|-damage|p2a: Cupcake|134/306","|-setboost|p2a: Cupcake|atk|6|[from] move: Belly Drum","|-enditem|p2a: Cupcake|Sitrus Berry|[eat]","|-heal|p2a: Cupcake|210/306|[from] item: Sitrus Berry","|move|p1a: Tyranitar|Thunder Wave|p2a: Cupcake","|-status|p2a: Cupcake|par","|","|-weather|Sandstorm|[upkeep]","|-damage|p2a: Cupcake|191/306 par|[from] sandstorm","|turn|9","|","|move|p1a: Tyranitar|Stealth Rock|p2a: Cupcake","|-sidestart|p2: Imp Elegant|move: Stealth Rock","|move|p2a: Cupcake|Drain Punch|p1a: Tyranitar","|-supereffective|p1a: Tyranitar","|-damage|p1a: Tyranitar|0 fnt","|-heal|p2a: Cupcake|306/306 par|[from] drain|[of] p1a: Tyranitar","|faint|p1a: Tyranitar","|","|-weather|Sandstorm|[upkeep]","|-damage|p2a: Cupcake|287/306 par|[from] sandstorm","|-sideend|p2: Imp Elegant|Reflect","|","|switch|p1a: Billy|Mandibuzz, F|423/423","|turn|10","|","|move|p1a: Billy|Foul Play|p2a: Cupcake","|-resisted|p2a: Cupcake","|-damage|p2a: Cupcake|205/306 par","|move|p2a: Cupcake|Play Rough|p1a: Billy","|-supereffective|p1a: Billy","|-damage|p1a: Billy|0 fnt","|-damage|p2a: Cupcake|154/306 par|[from] item: Rocky Helmet|[of] p1a: Billy","|faint|p1a: Billy","|","|-weather|Sandstorm|[upkeep]","|-damage|p2a: Cupcake|135/306 par|[from] sandstorm","|-sideend|p2: Imp Elegant|move: Light Screen","|","|switch|p1a: Sharp|Bisharp, F|271/271","|turn|11","|","|move|p1a: Sharp|Iron Head|p2a: Cupcake","|-supereffective|p2a: Cupcake","|-damage|p2a: Cupcake|43/306 par","|cant|p2a: Cupcake|flinch","|","|-weather|none","|turn|12","|","|move|p1a: Sharp|Iron Head|p2a: Cupcake","|-supereffective|p2a: Cupcake","|-damage|p2a: Cupcake|0 fnt","|faint|p2a: Cupcake","|","|","|switch|p2a: Sir Lance|Togekiss, F|374/374","|-damage|p2a: Sir Lance|281/374|[from] Stealth Rock","|turn|13","|","|move|p1a: Sharp|Iron Head|p2a: Sir Lance","|-supereffective|p2a: Sir Lance","|-damage|p2a: Sir Lance|0 fnt","|faint|p2a: Sir Lance","|","|","|switch|p2a: Cinderella|Gardevoir, F, shiny|277/277","|-damage|p2a: Cinderella|243/277|[from] Stealth Rock","|-ability|p2a: Cinderella|Defiant|[from] ability: Trace|[of] p1a: Sharp","|turn|14","|","|move|p2a: Cinderella|Focus Blast|p1a: Sharp","|-supereffective|p1a: Sharp","|-damage|p1a: Sharp|0 fnt","|faint|p1a: Sharp","|","|","|switch|p1a: Altercation|Hoopa-Unbound|301/301","|turn|15","|","|switch|p2a: Mr Rabbet|Azumarill, M|404/404","|-damage|p2a: Mr Rabbet|354/404|[from] Stealth Rock","|move|p1a: Altercation|Gunk Shot|p2a: Mr Rabbet","|-supereffective|p2a: Mr Rabbet","|-damage|p2a: Mr Rabbet|2/404","|-enditem|p2a: Mr Rabbet|Sitrus Berry|[eat]","|-heal|p2a: Mr Rabbet|103/404|[from] item: Sitrus Berry","|","|turn|16","|","|switch|p1a: Damien|Crawdaunt, F|89/267 par","|move|p2a: Mr Rabbet|Knock Off|p1a: Damien","|-crit|p1a: Damien","|-resisted|p1a: Damien","|-damage|p1a: Damien|0 fnt","|-enditem|p1a: Damien|Life Orb|[from] move: Knock Off|[of] p2a: Mr Rabbet","|faint|p1a: Damien","|","|","|switch|p1a: Sableye|Sableye, F|304/304","|turn|17","|","|detailschange|p1a: Sableye|Sableye-Mega, F","|-mega|p1a: Sableye|Sableye|Sablenite","|move|p1a: Sableye|Will-O-Wisp|p2a: Mr Rabbet","|-status|p2a: Mr Rabbet|brn","|move|p2a: Mr Rabbet|Play Rough|p1a: Sableye","|-supereffective|p1a: Sableye","|-damage|p1a: Sableye|187/304","|","|-damage|p2a: Mr Rabbet|53/404 brn|[from] brn","|turn|18","|","|move|p2a: Mr Rabbet|Play Rough|p1a: Sableye","|-supereffective|p1a: Sableye","|-damage|p1a: Sableye|67/304","|-unboost|p1a: Sableye|atk|1","|move|p1a: Sableye|Snarl|p2a: Mr Rabbet","|-resisted|p2a: Mr Rabbet","|-damage|p2a: Mr Rabbet|19/404 brn","|-unboost|p2a: Mr Rabbet|spa|1","|","|-damage|p2a: Mr Rabbet|0 fnt|[from] brn","|faint|p2a: Mr Rabbet","|","|switch|p2a: Diamond Queen|Diancie, shiny|241/241","|-damage|p2a: Diamond Queen|211/241|[from] Stealth Rock","|turn|19","|","|detailschange|p2a: Diamond Queen|Diancie-Mega, shiny","|-mega|p2a: Diamond Queen|Diancie|Diancite","|move|p2a: Diamond Queen|Moonblast|p1a: Sableye","|-supereffective|p1a: Sableye","|-damage|p1a: Sableye|0 fnt","|faint|p1a: Sableye","|","|","|switch|p1a: Altercation|Hoopa-Unbound|301/301","|turn|20","|","|move|p1a: Altercation|Gunk Shot|p2a: Diamond Queen","|-damage|p2a: Diamond Queen|56/241","|-status|p2a: Diamond Queen|psn","|move|p2a: Diamond Queen|Moonblast|p1a: Altercation","|-supereffective|p1a: Altercation","|-damage|p1a: Altercation|13/301","|","|-damage|p2a: Diamond Queen|26/241 psn|[from] psn","|turn|21","|","|move|p1a: Altercation|Gunk Shot|p2a: Diamond Queen","|-damage|p2a: Diamond Queen|0 fnt","|faint|p2a: Diamond Queen","|","|","|switch|p2a: Cinderella|Gardevoir, F, shiny|243/277","|-damage|p2a: Cinderella|209/277|[from] Stealth Rock","|-ability|p2a: Cinderella|Magician|[from] ability: Trace|[of] p1a: Altercation","|turn|22","|","|move|p2a: Cinderella|Moonblast|p1a: Altercation","|-supereffective|p1a: Altercation","|-damage|p1a: Altercation|0 fnt","|faint|p1a: Altercation","|","|win|Imp Elegant"],"p1rating":{"entryid":"301730","serverid":"eos","formatid":"monotype","userid":"theace22","username":"theace22","w":"10","l":1,"t":"0","gxe":72.3,"r":"1500","rd":"130","sigma":"0","rptime":"1440234000","rpr":1685.7554988951,"rprd":85.110977060781,"rpsigma":"0","acre":1193.2024625038,"lacre":1193.2024625038,"oldacre":"1227.2090149142"},"p2rating":{"entryid":"199119","serverid":"eos","formatid":"monotype","userid":"impelegant","username":"Imp Elegant","w":12,"l":"10","t":"0","gxe":54.1,"r":"1537.9194689567","rd":"73.171963936723","sigma":"0","rptime":"1440234000","rpr":1531.322780808,"rprd":68.043044503483,"rpsigma":"0","acre":1130.9507076167,"lacre":1130.9507076167,"oldacre":"1096.1608093852"},"endType":"normal"}