{"seed":[36576,33192,57470,9700],"turns":24,"p1":"theace22","p2":"Alliance-Succubus","p1team":[{"name":"Sableye","species":"Sableye","item":"sablenite","ability":"Prankster","moves":["calmmind","recover","willowisp","snarl"],"nature":"Bold","evs":{"hp":252,"atk":0,"def":196,"spa":0,"spd":60,"spe":0},"ivs":{"hp":31,"atk":31,"def":31,"spa":31,"spd":31,"spe":31}},{"name":"Tyranitar","species":"Tyranitar","item":"leftovers","ability":"Sand Stream","moves":["stoneedge","fireblast","stealthrock","thunderwave"],"nature":"Brave","evs":{"hp":252,"atk":56,"def":0,"spa":0,"spd":200,"spe":0},"ivs":{"hp":31,"atk":31,"def":31,"spa":31,"spd":31,"spe":31}},{"name":"Altercation","species":"hoopaunbound","item":"choicescarf","ability":"Magician","moves":["hyperspacefury","hyperspacehole","gunkshot","energyball"],"nature":"Hasty","evs":{"hp":0,"atk":180,"def":0,"spa":76,"spd":0,"spe":252},"ivs":{"hp":31,"atk":31,"def":31,"spa":31,"spd":31,"spe":31}},{"name":"Damien","species":"crawdaunt","item":"lifeorb","ability":"Adaptability","moves":["knockoff","aquajet","swordsdance","crabhammer"],"nature":"Adamant","evs":{"hp":0,"atk":252,"def":0,"spa":0,"spd":4,"spe":252},"ivs":{"hp":31,"atk":31,"def":31,"spa":31,"spd":31,"spe":31}},{"name":"Billy","species":"mandibuzz","item":"rockyhelmet","ability":"Overcoat","moves":["bravebird","foulplay","roost","defog"],"nature":"Impish","evs":{"hp":248,"atk":8,"def":252,"spa":0,"spd":0,"spe":0},"ivs":{"hp":31,"atk":31,"def":31,"spa":31,"spd":31,"spe":31}},{"name":"Sharp","species":"bisharp","item":"lumberry","ability":"Defiant","moves":["swordsdance","knockoff","ironhead","suckerpunch"],"nature":"Adamant","evs":{"hp":0,"atk":252,"def":0,"spa":0,"spd":4,"spe":252},"ivs":{"hp":31,"atk":31,"def":31,"spa":31,"spd":31,"spe":31}}],"p2team":[{"name":"Cocktus Mk. 5","species":"absol","item":"focussash","ability":"Super Luck","moves":["swordsdance","suckerpunch","stoneedge","playrough"],"nature":"Adamant","evs":{"hp":0,"atk":252,"def":0,"spa":0,"spd":4,"spe":252},"gender":"F","ivs":{"hp":31,"atk":31,"def":31,"spa":31,"spd":31,"spe":31}},{"name":"Slim Shady","species":"zoroark","item":"focussash","ability":"Illusion","moves":["darkpulse","flamethrower","extrasensory","nastyplot"],"nature":"Timid","evs":{"hp":0,"atk":0,"def":0,"spa":252,"spd":4,"spe":252},"gender":"F","ivs":{"hp":31,"atk":31,"def":31,"spa":31,"spd":31,"spe":31}},{"name":"iramalaC","species":"malamar","item":"focussash","ability":"Contrary","moves":["superpower","knockoff","psychocut","trickroom"],"nature":"Brave","evs":{"hp":248,"atk":252,"def":0,"spa":0,"spd":8,"spe":0},"gender":"F","ivs":{"hp":31,"atk":31,"def":31,"spa":31,"spd":31,"spe":0}},{"name":"Crownie","species":"murkrow","item":"eviolite","ability":"Prankster","moves":["confuseray","roost","taunt","featherdance"],"nature":"Calm","evs":{"hp":0,"atk":252,"def":0,"spa":0,"spd":4,"spe":252},"gender":"M","ivs":{"hp":31,"atk":31,"def":31,"spa":31,"spd":31,"spe":31}},{"name":"Rabies","species":"drapion","item":"blacksludge","ability":"Battle Armor","moves":["acupressure","knockoff","toxic","protect"],"nature":"Impish","evs":{"hp":252,"atk":4,"def":252,"spa":0,"spd":0,"spe":0},"gender":"M","ivs":{"hp":31,"atk":31,"def":31,"spa":31,"spd":31,"spe":31}},{"name":"Jawz","species":"sharpedo","item":"sharpedonite","ability":"Speed Boost","moves":["protect","waterfall","crunch","icefang"],"nature":"Adamant","evs":{"hp":0,"atk":252,"def":0,"spa":0,"spd":4,"spe":252},"gender":"M","ivs":{"hp":31,"atk":31,"def":31,"spa":31,"spd":31,"spe":31}}],"log":["|player|p1|theace22|102","|player|p2|Alliance-Succubus|96","|gametype|singles","|gen|6","|tier|Monotype","|rated","|rule|Baton Pass Clause: Limit one Baton Passer, can't pass Spe and other stats simultaneously","|rule|Swagger Clause: Swagger is banned","|rule|Same Type Clause: Pokémon in a team must share a type","|clearpoke","|poke|p1|Sableye, F","|poke|p1|Tyranitar, M","|poke|p1|Hoopa-Unbound","|poke|p1|Crawdaunt, F","|poke|p1|Mandibuzz, F","|poke|p1|Bisharp, M","|poke|p2|Absol, F","|poke|p2|Zoroark, F","|poke|p2|Malamar, F","|poke|p2|Murkrow, M","|poke|p2|Drapion, M","|poke|p2|Sharpedo, M","|rule|Sleep Clause Mod: Limit one foe put to sleep","|rule|Species Clause: Limit one of each Pokémon","|rule|OHKO Clause: OHKO moves are banned","|rule|Moody Clause: Moody is banned","|rule|Evasion Moves Clause: Evasion moves are banned","|rule|Endless Battle Clause: Forcing endless battles is banned","|rule|HP Percentage Mod: HP is shown in percentages","|teampreview","|","|start","|switch|p1a: Damien|Crawdaunt, F|267/267","|switch|p2a: Cocktus Mk. 5|Absol, F|271/271","|turn|1","|","|move|p2a: Cocktus Mk. 5|Play Rough|p1a: Damien","|-supereffective|p1a: Damien","|-damage|p1a: Damien|3/267","|move|p1a: Damien|Crabhammer|p2a: Cocktus Mk. 5","|-enditem|p2a: Cocktus Mk. 5|Focus Sash","|-damage|p2a: Cocktus Mk. 5|1/271","|-damage|p1a: Damien|0 fnt|[from] item: Life Orb","|faint|p1a: Damien","|","|","|switch|p1a: Tyranitar|Tyranitar, M|404/404","|-weather|Sandstorm","|turn|2","|","|move|p2a: Cocktus Mk. 5|Sucker Punch|p1a: Tyranitar","|-fail|p2a: Cocktus Mk. 5","|move|p1a: Tyranitar|Stealth Rock|p2a: Cocktus Mk. 5","|-sidestart|p2: Alliance-Succubus|move: Stealth Rock","|","|-weather|Sandstorm|[upkeep]","|-damage|p2a: Cocktus Mk. 5|0 fnt|[from] sandstorm","|faint|p2a: Cocktus Mk. 5","|","|switch|p2a: Crownie|Murkrow, M|261/261","|-damage|p2a: Crownie|196/261|[from] Stealth Rock","|turn|3","|","|move|p2a: Crownie|Feather Dance|p1a: Tyranitar","|-unboost|p1a: Tyranitar|atk|2","|move|p1a: Tyranitar|Stone Edge|p2a: Crownie","|-supereffective|p2a: Crownie","|-damage|p2a: Crownie|0 fnt","|faint|p2a: Crownie","|","|-weather|Sandstorm|[upkeep]","|","|switch|p2a: Rabies|Drapion, M|344/344","|-damage|p2a: Rabies|301/344|[from] Stealth Rock","|turn|4","|","|move|p2a: Rabies|Protect|p2a: Rabies","|-singleturn|p2a: Rabies|Protect","|move|p1a: Tyranitar|Thunder Wave|p2a: Rabies","|-activate|p2a: Rabies|Protect","|","|-weather|Sandstorm|[upkeep]","|-damage|p2a: Rabies|280/344|[from] sandstorm","|-heal|p2a: Rabies|301/344|[from] item: Black Sludge","|turn|5","|","|move|p2a: Rabies|Acupressure|p2a: Rabies","|-boost|p2a: Rabies|evasion|2","|move|p1a: Tyranitar|Thunder Wave|p2a: Rabies","|-status|p2a: Rabies|par","|","|-weather|Sandstorm|[upkeep]","|-damage|p2a: Rabies|280/344 par|[from] sandstorm","|-heal|p2a: Rabies|301/344 par|[from] item: Black Sludge","|turn|6","|","|switch|p1a: Sharp|Bisharp, M|271/271","|move|p2a: Rabies|Protect|p2a: Rabies","|-fail|p2a: Rabies","|","|-weather|none","|-heal|p2a: Rabies|322/344 par|[from] item: Black Sludge","|turn|7","|","|move|p1a: Sharp|Swords Dance|p1a: Sharp","|-boost|p1a: Sharp|atk|2","|move|p2a: Rabies|Acupressure|p2a: Rabies","|-boost|p2a: Rabies|evasion|2","|","|-heal|p2a: Rabies|343/344 par|[from] item: Black Sludge","|turn|8","|","|move|p1a: Sharp|Swords Dance|p1a: Sharp","|-boost|p1a: Sharp|atk|2","|move|p2a: Rabies|Acupressure|p2a: Rabies","|-boost|p2a: Rabies|spa|2","|","|-heal|p2a: Rabies|344/344 par|[from] item: Black Sludge","|turn|9","|","|move|p1a: Sharp|Iron Head|p2a: Rabies","|-damage|p2a: Rabies|35/344 par","|move|p2a: Rabies|Acupressure|p2a: Rabies","|-boost|p2a: Rabies|spa|2","|","|-heal|p2a: Rabies|56/344 par|[from] item: Black Sludge","|turn|10","|","|move|p1a: Sharp|Iron Head|p2a: Rabies|[miss]","|-miss|p1a: Sharp|p2a: Rabies","|move|p2a: Rabies|Knock Off|p1a: Sharp","|-resisted|p1a: Sharp","|-damage|p1a: Sharp|217/271","|-enditem|p1a: Sharp|Lum Berry|[from] move: Knock Off|[of] p2a: Rabies","|","|-heal|p2a: Rabies|77/344 par|[from] item: Black Sludge","|turn|11","|","|cant|p2a: Rabies|par","|move|p1a: Sharp|Iron Head|p2a: Rabies","|-damage|p2a: Rabies|0 fnt","|faint|p2a: Rabies","|","|","|switch|p2a: Jawz|Sharpedo, M|261/261","|-damage|p2a: Jawz|229/261|[from] Stealth Rock","|turn|12","|","|move|p2a: Jawz|Flamethrower|p1a: Sharp","|-supereffective|p1a: Sharp","|-damage|p1a: Sharp|0 fnt","|faint|p1a: Sharp","|","|","|switch|p1a: Tyranitar|Tyranitar, M|404/404","|-weather|Sandstorm","|turn|13","|","|move|p2a: Jawz|Dark Pulse|p1a: Tyranitar","|-resisted|p1a: Tyranitar","|-damage|p1a: Tyranitar|369/404","|move|p1a: Tyranitar|Stone Edge|p2a: Jawz|[miss]","|-miss|p1a: Tyranitar|p2a: Jawz","|","|-weather|Sandstorm|[upkeep]","|-damage|p2a: Jawz|213/261|[from] sandstorm","|-heal|p1a: Tyranitar|394/404|[from] item: Leftovers","|turn|14","|","|move|p2a: Jawz|Dark Pulse|p1a: Tyranitar","|-resisted|p1a: Tyranitar","|-damage|p1a: Tyranitar|353/404","|move|p1a: Tyranitar|Stone Edge|p2a: Jawz","|replace|p2a: Slim Shady|Zoroark, F|213/261","|-damage|p2a: Slim Shady|0 fnt","|faint|p2a: Slim Shady","|","|-weather|Sandstorm|[upkeep]","|-heal|p1a: Tyranitar|378/404|[from] item: Leftovers","|","|switch|p2a: Jawz|Sharpedo, M|281/281","|-damage|p2a: Jawz|246/281|[from] Stealth Rock","|turn|15","|","|move|p2a: Jawz|Protect|p2a: Jawz","|-singleturn|p2a: Jawz|Protect","|move|p1a: Tyranitar|Stone Edge|p2a: Jawz","|-activate|p2a: Jawz|Protect","|","|-weather|Sandstorm|[upkeep]","|-damage|p2a: Jawz|229/281|[from] sandstorm","|-heal|p1a: Tyranitar|403/404|[from] item: Leftovers","|-boost|p2a: Jawz|spe|1|[from] ability: Speed Boost","|turn|16","|","|detailschange|p2a: Jawz|Sharpedo-Mega, M","|-mega|p2a: Jawz|Sharpedo|Sharpedonite","|move|p2a: Jawz|Waterfall|p1a: Tyranitar","|-supereffective|p1a: Tyranitar","|-damage|p1a: Tyranitar|89/404","|cant|p1a: Tyranitar|flinch","|","|-weather|Sandstorm|[upkeep]","|-damage|p2a: Jawz|212/281|[from] sandstorm","|-heal|p1a: Tyranitar|114/404|[from] item: Leftovers","|turn|17","|","|move|p2a: Jawz|Waterfall|p1a: Tyranitar","|-supereffective|p1a: Tyranitar","|-damage|p1a: Tyranitar|0 fnt","|faint|p1a: Tyranitar","|","|-weather|none","|","|switch|p1a: Billy|Mandibuzz, F|423/423","|turn|18","|","|move|p2a: Jawz|Protect|p2a: Jawz","|-singleturn|p2a: Jawz|Protect","|move|p1a: Billy|Brave Bird|p2a: Jawz","|-activate|p2a: Jawz|Protect","|","|turn|19","|","|move|p2a: Jawz|Ice Fang|p1a: Billy","|-supereffective|p1a: Billy","|-damage|p1a: Billy|251/423","|-damage|p2a: Jawz|166/281|[from] item: Rocky Helmet|[of] p1a: Billy","|-status|p1a: Billy|frz","|-curestatus|p1a: Billy|frz","|move|p1a: Billy|Brave Bird|p2a: Jawz","|-damage|p2a: Jawz|37/281","|-damage|p1a: Billy|208/423|[from] recoil|[of] p2a: Jawz","|","|turn|20","|","|move|p2a: Jawz|Waterfall|p1a: Billy","|-damage|p1a: Billy|90/423","|-damage|p2a: Jawz|0 fnt|[from] item: Rocky Helmet|[of] p1a: Billy","|faint|p2a: Jawz","|cant|p1a: Billy|flinch","|","|","|switch|p2a: iramalaC|Malamar, F|375/375","|-damage|p2a: iramalaC|329/375|[from] Stealth Rock","|turn|21","|","|move|p1a: Billy|Defog|p2a: iramalaC","|-boost|p2a: iramalaC|evasion|1","|-sideend|p2: Alliance-Succubus|Stealth Rock|[from] move: Defog|[of] p2a: iramalaC","|move|p2a: iramalaC|Trick Room|p2a: iramalaC","|-fieldstart|move: Trick Room|[of] p2a: iramalaC","|","|turn|22","|","|move|p2a: iramalaC|Superpower|p1a: Billy","|-crit|p1a: Billy","|-damage|p1a: Billy|0 fnt","|-damage|p2a: iramalaC|267/375|[from] item: Rocky Helmet|[of] p1a: Billy","|-boost|p2a: iramalaC|atk|1","|-boost|p2a: iramalaC|def|1","|faint|p1a: Billy","|","|","|switch|p1a: Sableye|Sableye, F|304/304","|turn|23","|","|detailschange|p1a: Sableye|Sableye-Mega, F","|-mega|p1a: Sableye|Sableye|Sablenite","|move|p1a: Sableye|Will-O-Wisp|p2a: iramalaC","|-status|p2a: iramalaC|brn","|move|p2a: iramalaC|Knock Off|p1a: Sableye","|-damage|p1a: Sableye|254/304","|","|-damage|p2a: iramalaC|221/375 brn|[from] brn","|turn|24","|","|win|theace22"],"p1rating":{"entryid":"301730","serverid":"eos","formatid":"monotype","userid":"theace22","username":"theace22","w":5,"l":"0","t":"0","gxe":68.4,"r":"1500","rd":"130","sigma":"0","rptime":"1440234000","rpr":1651.6671861722,"rprd":102.80589791725,"rpsigma":"0","acre":1151.7780926712,"lacre":1151.7780926712,"oldacre":"1131.4933329435"},"p2rating":{"entryid":"50240","serverid":"eos","formatid":"monotype","userid":"alliancesuccubus","username":"Alliance-Succubus","w":"10","l":16,"t":"0","gxe":41.5,"r":"1452.0845116179","rd":"69.354751822497","sigma":"0","rptime":"1440234000","rpr":1434.1661238248,"rprd":64.378179723926,"rpsigma":"0","acre":1049.1239818787,"lacre":1049.1239818787,"oldacre":"1065.169581595"},"endType":"forfeit"}