{"seed":[2904,47892,29117,47046],"turns":33,"p1":"Carnie Red","p2":"GL♅Reshiram","p1team":[{"name":"Gengar","species":"Gengar","item":"lifeorb","ability":"Levitate","moves":["focusblast","sludgewave","shadowball","suckerpunch"],"nature":"Hasty","evs":{"hp":0,"atk":4,"def":0,"spa":252,"spd":0,"spe":252},"ivs":{"hp":31,"atk":31,"def":31,"spa":31,"spd":31,"spe":31}},{"name":"Sableye","species":"Sableye","item":"sablenite","ability":"Keen Eye","moves":["darkpulse","calmmind","dazzlinggleam","recover"],"nature":"Bold","evs":{"hp":248,"atk":0,"def":252,"spa":8,"spd":0,"spe":0},"ivs":{"hp":31,"atk":31,"def":31,"spa":31,"spd":31,"spe":31}},{"name":"Dusclops","species":"Dusclops","item":"eviolite","ability":"Pressure","moves":["nightshade","willowisp","painsplit","protect"],"nature":"Calm","evs":{"hp":248,"atk":0,"def":8,"spa":0,"spd":252,"spe":0},"ivs":{"hp":31,"atk":31,"def":31,"spa":31,"spd":31,"spe":31}},{"name":"Jellicent","species":"Jellicent","item":"leftovers","ability":"Water Absorb","moves":["scald","recover","willowisp","shadowball"],"nature":"Calm","evs":{"hp":252,"atk":0,"def":0,"spa":4,"spd":252,"spe":0},"ivs":{"hp":31,"atk":31,"def":31,"spa":31,"spd":31,"spe":31}},{"name":"Spiritomb","species":"Spiritomb","item":"lifeorb","ability":"Infiltrator","moves":["darkpulse","calmmind","shadowball","rest"],"nature":"Modest","evs":{"hp":248,"atk":0,"def":0,"spa":252,"spd":8,"spe":0},"gender":"M","shiny":true,"ivs":{"hp":31,"atk":31,"def":31,"spa":31,"spd":31,"spe":31}},{"name":"Aegislash","species":"Aegislash","item":"weaknesspolicy","ability":"Stance Change","moves":["flashcannon","kingsshield","shadowball","shadowsneak"],"nature":"Gentle","evs":{"hp":248,"atk":8,"def":0,"spa":0,"spd":252,"spe":0},"ivs":{"hp":31,"atk":31,"def":31,"spa":31,"spd":31,"spe":31}}],"p2team":[{"name":"Heatran","species":"Heatran","item":"assaultvest","ability":"Flash Fire","moves":["lavaplume","earthpower","dragonpulse","flashcannon"],"nature":"Mild","evs":{"hp":4,"atk":0,"def":0,"spa":252,"spd":252,"spe":0},"ivs":{"hp":31,"atk":31,"def":31,"spa":31,"spd":31,"spe":31}},{"name":"Ninetales","species":"Ninetales","item":"focussash","ability":"Drought","moves":["flamethrower","solarbeam","roar","nastyplot"],"nature":"Timid","evs":{"hp":0,"atk":0,"def":0,"spa":252,"spd":4,"spe":252},"ivs":{"hp":31,"atk":31,"def":31,"spa":31,"spd":31,"spe":31}},{"name":"Torkoal","species":"Torkoal","item":"leftovers","ability":"Shell Armor","moves":["protect","willowisp","clearsmog","rapidspin"],"nature":"Bold","evs":{"hp":252,"atk":0,"def":252,"spa":4,"spd":0,"spe":0},"ivs":{"hp":31,"atk":31,"def":31,"spa":31,"spd":31,"spe":31}},{"name":"Rotom-Heat","species":"Rotom-Heat","item":"lightclay","ability":"Levitate","moves":["voltswitch","painsplit","reflect","lightscreen"],"nature":"Timid","evs":{"hp":236,"atk":0,"def":8,"spa":4,"spd":8,"spe":252},"ivs":{"hp":31,"atk":31,"def":31,"spa":31,"spd":31,"spe":31}},{"name":"Infernape","species":"Infernape","item":"focussash","ability":"Iron Fist","moves":["firepunch","machpunch","thunderpunch","swordsdance"],"nature":"Adamant","evs":{"hp":4,"atk":252,"def":0,"spa":0,"spd":0,"spe":252},"ivs":{"hp":31,"atk":31,"def":31,"spa":31,"spd":31,"spe":31}},{"name":"Charizard","species":"Charizard","item":"charizarditey","ability":"Blaze","moves":["fireblast","solarbeam","airslash","roost"],"nature":"Timid","evs":{"hp":0,"atk":0,"def":0,"spa":252,"spd":4,"spe":252},"ivs":{"hp":31,"atk":31,"def":31,"spa":31,"spd":31,"spe":31}}],"log":["|player|p1|Carnie Red|162","|player|p2|GL♅Reshiram|170","|gametype|singles","|gen|6","|tier|Monotype","|rated","|rule|Baton Pass Clause: Limit one Baton Passer, can't pass Spe and other stats simultaneously","|rule|Swagger Clause: Swagger is banned","|rule|Same Type Clause: Pokémon in a team must share a type","|clearpoke","|poke|p1|Gengar, F","|poke|p1|Sableye, M","|poke|p1|Dusclops, F","|poke|p1|Jellicent, F","|poke|p1|Spiritomb, M, shiny","|poke|p1|Aegislash, F","|poke|p2|Heatran, F","|poke|p2|Ninetales, F","|poke|p2|Torkoal, F","|poke|p2|Rotom-Heat","|poke|p2|Infernape, F","|poke|p2|Charizard, M","|rule|Sleep Clause Mod: Limit one foe put to sleep","|rule|Species Clause: Limit one of each Pokémon","|rule|OHKO Clause: OHKO moves are banned","|rule|Moody Clause: Moody is banned","|rule|Evasion Moves Clause: Evasion moves are banned","|rule|Endless Battle Clause: Forcing endless battles is banned","|rule|HP Percentage Mod: HP is shown in percentages","|teampreview","|","|start","|switch|p1a: Sableye|Sableye, M|303/303","|switch|p2a: Rotom-Heat|Rotom-Heat|300/300","|turn|1","|","|detailschange|p1a: Sableye|Sableye-Mega, M","|-mega|p1a: Sableye|Sableye|Sablenite","|move|p2a: Rotom-Heat|Light Screen|p2a: Rotom-Heat","|-sidestart|p2: GL♅Reshiram|move: Light Screen","|move|p1a: Sableye|Dark Pulse|p2a: Rotom-Heat","|-damage|p2a: Rotom-Heat|259/300","|","|turn|2","|","|move|p2a: Rotom-Heat|Volt Switch|p1a: Sableye","|-damage|p1a: Sableye|222/303","|","|switch|p2a: Heatran|Heatran, F|324/324","|move|p1a: Sableye|Calm Mind|p1a: Sableye","|-boost|p1a: Sableye|spa|1","|-boost|p1a: Sableye|spd|1","|","|turn|3","|","|move|p2a: Heatran|Lava Plume|p1a: Sableye","|-damage|p1a: Sableye|134/303","|move|p1a: Sableye|Dark Pulse|p2a: Heatran","|-damage|p2a: Heatran|295/324","|","|turn|4","|","|move|p2a: Heatran|Lava Plume|p1a: Sableye","|-damage|p1a: Sableye|44/303","|move|p1a: Sableye|Recover|p1a: Sableye","|-heal|p1a: Sableye|196/303","|","|turn|5","|","|move|p2a: Heatran|Lava Plume|p1a: Sableye","|-damage|p1a: Sableye|103/303","|move|p1a: Sableye|Recover|p1a: Sableye","|-heal|p1a: Sableye|255/303","|","|turn|6","|","|move|p2a: Heatran|Lava Plume|p1a: Sableye","|-damage|p1a: Sableye|168/303","|move|p1a: Sableye|Calm Mind|p1a: Sableye","|-boost|p1a: Sableye|spa|1","|-boost|p1a: Sableye|spd|1","|","|turn|7","|","|move|p2a: Heatran|Lava Plume|p1a: Sableye","|-damage|p1a: Sableye|102/303","|move|p1a: Sableye|Recover|p1a: Sableye","|-heal|p1a: Sableye|254/303","|","|turn|8","|","|move|p2a: Heatran|Lava Plume|p1a: Sableye","|-damage|p1a: Sableye|190/303","|move|p1a: Sableye|Calm Mind|p1a: Sableye","|-boost|p1a: Sableye|spa|1","|-boost|p1a: Sableye|spd|1","|","|-sideend|p2: GL♅Reshiram|move: Light Screen","|turn|9","|","|switch|p2a: Rotom-Heat|Rotom-Heat|259/300","|move|p1a: Sableye|Dark Pulse|p2a: Rotom-Heat","|-damage|p2a: Rotom-Heat|58/300","|","|turn|10","|","|move|p2a: Rotom-Heat|Light Screen|p2a: Rotom-Heat","|-sidestart|p2: GL♅Reshiram|move: Light Screen","|move|p1a: Sableye|Dark Pulse|p2a: Rotom-Heat","|-damage|p2a: Rotom-Heat|0 fnt","|faint|p2a: Rotom-Heat","|","|","|switch|p2a: Infernape|Infernape, F|294/294","|turn|11","|","|switch|p1a: Jellicent|Jellicent, F|404/404","|move|p2a: Infernape|Swords Dance|p2a: Infernape","|-boost|p2a: Infernape|atk|2","|","|turn|12","|","|move|p2a: Infernape|Swords Dance|p2a: Infernape","|-boost|p2a: Infernape|atk|2","|move|p1a: Jellicent|Scald|p2a: Infernape","|-supereffective|p2a: Infernape","|-damage|p2a: Infernape|188/294","|","|turn|13","|","|move|p2a: Infernape|Thunder Punch|p1a: Jellicent","|-supereffective|p1a: Jellicent","|-damage|p1a: Jellicent|0 fnt","|faint|p1a: Jellicent","|","|","|switch|p1a: Gengar|Gengar, F|261/261","|turn|14","|","|switch|p1a: Dusclops|Dusclops, F|283/283","|-ability|p1a: Dusclops|Pressure","|move|p2a: Infernape|Fire Punch|p1a: Dusclops","|-damage|p1a: Dusclops|63/283","|","|turn|15","|","|move|p1a: Dusclops|Protect|p1a: Dusclops","|-singleturn|p1a: Dusclops|Protect","|move|p2a: Infernape|Fire Punch|p1a: Dusclops","|-activate|p1a: Dusclops|Protect","|","|turn|16","|","|move|p2a: Infernape|Fire Punch|p1a: Dusclops","|-damage|p1a: Dusclops|0 fnt","|faint|p1a: Dusclops","|","|player|p1","|player|p1|Carnie Red|162","|","|switch|p1a: Aegislash|Aegislash, F|323/323","|turn|17","|","|switch|p2a: Torkoal|Torkoal, F|344/344","|move|p1a: Aegislash|King's Shield|p1a: Aegislash","|-fail|p1a: Aegislash","|","|-sideend|p2: GL♅Reshiram|move: Light Screen","|turn|18","|","|move|p2a: Torkoal|Protect|p2a: Torkoal","|-singleturn|p2a: Torkoal|Protect","|-formechange|p1a: Aegislash|Aegislash-Blade","|move|p1a: Aegislash|Shadow Ball|p2a: Torkoal","|-activate|p2a: Torkoal|Protect","|","|turn|19","|","|switch|p1a: Sableye|Sableye-Mega, M|190/303","|move|p2a: Torkoal|Will-O-Wisp|p1a: Sableye","|move|p1a: Sableye|Will-O-Wisp|p2a: Torkoal|[from]Magic Bounce","|-immune|p2a: Torkoal|[msg]","|","|turn|20","|","|move|p2a: Torkoal|Clear Smog|p1a: Sableye","|-resisted|p1a: Sableye","|-damage|p1a: Sableye|176/303","|-clearboost|p1a: Sableye","|move|p1a: Sableye|Calm Mind|p1a: Sableye","|-boost|p1a: Sableye|spa|1","|-boost|p1a: Sableye|spd|1","|","|turn|21","|","|move|p1a: Sableye|Recover|p1a: Sableye","|-heal|p1a: Sableye|303/303","|move|p2a: Torkoal|Clear Smog|p1a: Sableye","|-resisted|p1a: Sableye","|-damage|p1a: Sableye|294/303","|-clearboost|p1a: Sableye","|","|turn|22","|","|switch|p2a: Infernape|Infernape, F|188/294","|move|p1a: Sableye|Calm Mind|p1a: Sableye","|-boost|p1a: Sableye|spa|1","|-boost|p1a: Sableye|spd|1","|","|turn|23","|","|move|p2a: Infernape|Swords Dance|p2a: Infernape","|-boost|p2a: Infernape|atk|2","|move|p1a: Sableye|Dazzling Gleam|p2a: Infernape","|-damage|p2a: Infernape|78/294","|","|turn|24","|","|move|p2a: Infernape|Fire Punch|p1a: Sableye","|-damage|p1a: Sableye|111/303","|move|p1a: Sableye|Dazzling Gleam|p2a: Infernape","|-damage|p2a: Infernape|0 fnt","|faint|p2a: Infernape","|","|","|switch|p2a: Charizard|Charizard, M|297/297","|turn|25","|","|detailschange|p2a: Charizard|Charizard-Mega-Y, M","|-mega|p2a: Charizard|Charizard|Charizardite Y","|-weather|SunnyDay","|move|p2a: Charizard|Fire Blast|p1a: Sableye","|-damage|p1a: Sableye|0 fnt","|faint|p1a: Sableye","|","|-weather|SunnyDay|[upkeep]","|","|switch|p1a: Gengar|Gengar, F|261/261","|turn|26","|","|switch|p2a: Heatran|Heatran, F|295/324","|move|p1a: Gengar|Sludge Wave|p2a: Heatran","|-immune|p2a: Heatran|[msg]","|","|-weather|SunnyDay|[upkeep]","|turn|27","|","|move|p1a: Gengar|Focus Blast|p2a: Heatran","|-supereffective|p2a: Heatran","|-damage|p2a: Heatran|97/324","|-damage|p1a: Gengar|235/261|[from] item: Life Orb","|move|p2a: Heatran|Lava Plume|p1a: Gengar","|-damage|p1a: Gengar|0 fnt","|faint|p1a: Gengar","|","|-weather|SunnyDay|[upkeep]","|","|switch|p1a: Spiritomb|Spiritomb, M, shiny|303/303","|turn|28","|","|move|p2a: Heatran|Lava Plume|p1a: Spiritomb","|-damage|p1a: Spiritomb|77/303","|move|p1a: Spiritomb|Calm Mind|p1a: Spiritomb","|-boost|p1a: Spiritomb|spa|1","|-boost|p1a: Spiritomb|spd|1","|","|-weather|SunnyDay|[upkeep]","|turn|29","|","|move|p2a: Heatran|Lava Plume|p1a: Spiritomb","|-damage|p1a: Spiritomb|0 fnt","|faint|p1a: Spiritomb","|","|-weather|none","|","|switch|p1a: Aegislash|Aegislash, F|323/323","|turn|30","|","|move|p2a: Heatran|Lava Plume|p1a: Aegislash","|-supereffective|p1a: Aegislash","|-damage|p1a: Aegislash|143/323","|-enditem|p1a: Aegislash|Weakness Policy","|-boost|p1a: Aegislash|atk|2|[from] item: Weakness Policy","|-boost|p1a: Aegislash|spa|2|[from] item: Weakness Policy","|-status|p1a: Aegislash|brn","|-formechange|p1a: Aegislash|Aegislash-Blade","|move|p1a: Aegislash|Shadow Ball|p2a: Heatran","|-damage|p2a: Heatran|0 fnt","|faint|p2a: Heatran","|","|-damage|p1a: Aegislash|103/323 brn|[from] brn","|","|switch|p2a: Torkoal|Torkoal, F|344/344","|turn|31","|","|move|p2a: Torkoal|Protect|p2a: Torkoal","|-singleturn|p2a: Torkoal|Protect","|move|p1a: Aegislash|Shadow Ball|p2a: Torkoal","|-activate|p2a: Torkoal|Protect","|","|-damage|p1a: Aegislash|63/323 brn|[from] brn","|turn|32","|","|move|p1a: Aegislash|Shadow Ball|p2a: Torkoal","|-damage|p2a: Torkoal|0 fnt","|faint|p2a: Torkoal","|","|-damage|p1a: Aegislash|23/323 brn|[from] brn","|","|switch|p2a: Ninetales|Ninetales, F|287/287","|-weather|SunnyDay","|turn|33","|","|move|p2a: Ninetales|Flamethrower|p1a: Aegislash","|-supereffective|p1a: Aegislash","|-damage|p1a: Aegislash|0 fnt","|faint|p1a: Aegislash","|","|win|GL♅Reshiram"],"p1rating":{"entryid":"272068","serverid":"eos","formatid":"monotype","userid":"carniered","username":"Carnie Red","w":"6","l":2,"t":"0","gxe":58.6,"r":"1488.6155910309","rd":"116.86228302989","sigma":"0","rptime":"1440234000","rpr":1567.3698496358,"rprd":92.803142744082,"rpsigma":"0","acre":1113.7762103795,"lacre":1113.7762103795,"oldacre":"1148.8779959952"},"p2rating":{"entryid":319032,"formatid":"monotype","userid":"glreshiram","username":"GL♅Reshiram","r":1500,"rd":130,"sigma":0,"rpr":1539.3654502369,"rprd":122.67658593828,"rpsigma":0,"rptime":1440234000,"w":1,"l":0,"t":0,"gxe":54.9,"acre":1056.1628569852,"lacre":1056.1628569852,"oldacre":1000},"endType":"normal"}