{"seed":[28620,5572,47728,47745],"turns":33,"p1":"Apex Salamence","p2":"SirFancyFeastDeMC","p1team":[{"name":"Jupiter","species":"thundurus","item":"lifeorb","ability":"Prankster","moves":["thunderwave","taunt","thunderbolt","flashcannon"],"nature":"Timid","evs":{"hp":0,"atk":0,"def":0,"spa":252,"spd":4,"spe":252},"shiny":true,"ivs":{"hp":31,"atk":31,"def":31,"spa":31,"spd":31,"spe":31}},{"name":"Gaea","species":"landorus","item":"lifeorb","ability":"Sheer Force","moves":["earthpower","psychic","sludgewave","stealthrock"],"nature":"Timid","evs":{"hp":0,"atk":0,"def":0,"spa":252,"spd":4,"spe":252},"shiny":true,"ivs":{"hp":31,"atk":31,"def":31,"spa":31,"spd":31,"spe":31}},{"name":"Porunga","species":"dragonite","item":"weaknesspolicy","ability":"Multiscale","moves":["dragondance","dragonclaw","extremespeed","firepunch"],"nature":"Adamant","evs":{"hp":0,"atk":252,"def":0,"spa":0,"spd":4,"spe":252},"gender":"M","shiny":true,"ivs":{"hp":31,"atk":31,"def":31,"spa":31,"spd":31,"spe":31}},{"name":"BIRD JESUS","species":"pidgeot","item":"pidgeotite","ability":"Big Pecks","moves":["heatwave","hurricane","hiddenpowerground","protect"],"nature":"Timid","evs":{"hp":0,"atk":0,"def":0,"spa":252,"spd":4,"spe":252},"gender":"M","ivs":{"hp":31,"atk":31,"def":31,"spa":30,"spd":30,"spe":31},"shiny":true},{"name":"BoneZ","species":"mandibuzz","item":"leftovers","ability":"Overcoat","moves":["defog","foulplay","toxic","roost"],"nature":"Bold","evs":{"hp":252,"atk":0,"def":252,"spa":0,"spd":4,"spe":0},"shiny":true,"ivs":{"hp":31,"atk":31,"def":31,"spa":31,"spd":31,"spe":31}},{"name":"Raptor","species":"staraptor","item":"choicescarf","ability":"Reckless","moves":["bravebird","closecombat","doubleedge","uturn"],"nature":"Jolly","evs":{"hp":0,"atk":252,"def":0,"spa":0,"spd":4,"spe":252},"gender":"M","shiny":true,"ivs":{"hp":31,"atk":31,"def":31,"spa":31,"spd":31,"spe":31}}],"p2team":[{"name":"Meloetta","species":"Meloetta","item":"leftovers","ability":"Serene Grace","moves":["rest","snore","chargebeam","hypervoice"],"nature":"Modest","evs":{"hp":252,"atk":0,"def":0,"spa":252,"spd":4,"spe":0},"ivs":{"hp":31,"atk":31,"def":31,"spa":31,"spd":31,"spe":31}},{"name":"Diggersby","species":"Diggersby","item":"choiceband","ability":"Huge Power","moves":["quickattack","earthquake","knockoff","hammerarm"],"nature":"Lonely","evs":{"hp":248,"atk":252,"def":0,"spa":8,"spd":0,"spe":0},"ivs":{"hp":31,"atk":31,"def":31,"spa":31,"spd":31,"spe":31}},{"name":"Chansey","species":"Chansey","item":"eviolite","ability":"Natural Cure","moves":["wish","protect","seismictoss","healbell"],"nature":"Bold","evs":{"hp":248,"atk":0,"def":252,"spa":0,"spd":8,"spe":0},"ivs":{"hp":31,"atk":31,"def":31,"spa":31,"spd":31,"spe":31}},{"name":"Cinccino","species":"Cinccino","item":"lifeorb","ability":"Skill Link","moves":["bulletseed","tailslap","rockblast","knockoff"],"nature":"Jolly","evs":{"hp":0,"atk":252,"def":0,"spa":0,"spd":4,"spe":252},"ivs":{"hp":31,"atk":31,"def":31,"spa":31,"spd":31,"spe":31}},{"name":"Miltank","species":"Miltank","item":"assaultvest","ability":"Sap Sipper","moves":["bodyslam","icepunch","poweruppunch","earthquake"],"nature":"Jolly","evs":{"hp":0,"atk":252,"def":0,"spa":0,"spd":4,"spe":252},"ivs":{"hp":31,"atk":31,"def":31,"spa":31,"spd":31,"spe":31}},{"name":"Ambipom","species":"Ambipom","item":"lifeorb","ability":"Technician","moves":["fakeout","aerialace","brickbreak","payback"],"nature":"Jolly","evs":{"hp":0,"atk":252,"def":0,"spa":0,"spd":0,"spe":0},"ivs":{"hp":31,"atk":31,"def":31,"spa":31,"spd":31,"spe":31}}],"log":["|player|p1|Apex Salamence|1","|player|p2|SirFancyFeastDeMC|2","|gametype|singles","|gen|6","|tier|Monotype","|rated","|rule|Baton Pass Clause: Limit one Baton Passer, can't pass Spe and other stats simultaneously","|rule|Swagger Clause: Swagger is banned","|rule|Same Type Clause: Pokémon in a team must share a type","|clearpoke","|poke|p1|Thundurus, M, shiny","|poke|p1|Landorus, M, shiny","|poke|p1|Dragonite, M, shiny","|poke|p1|Pidgeot, M, shiny","|poke|p1|Mandibuzz, F, shiny","|poke|p1|Staraptor, M, shiny","|poke|p2|Meloetta","|poke|p2|Diggersby, F","|poke|p2|Chansey, F","|poke|p2|Cinccino, M","|poke|p2|Miltank, F","|poke|p2|Ambipom, F","|rule|Sleep Clause Mod: Limit one foe put to sleep","|rule|Species Clause: Limit one of each Pokémon","|rule|OHKO Clause: OHKO moves are banned","|rule|Moody Clause: Moody is banned","|rule|Evasion Moves Clause: Evasion moves are banned","|rule|Endless Battle Clause: Forcing endless battles is banned","|rule|HP Percentage Mod: HP is shown in percentages","|teampreview","|","|start","|switch|p1a: Jupiter|Thundurus, M, shiny|299/299","|switch|p2a: Ambipom|Ambipom, F|291/291","|turn|1","|","|move|p2a: Ambipom|Fake Out|p1a: Jupiter","|-crit|p1a: Jupiter","|-damage|p1a: Jupiter|69/299","|-damage|p2a: Ambipom|262/291|[from] item: Life Orb","|cant|p1a: Jupiter|flinch","|","|turn|2","|","|switch|p2a: Chansey|Chansey, F|703/703","|move|p1a: Jupiter|Thunder Wave|p2a: Chansey","|-status|p2a: Chansey|par","|","|turn|3","|","|move|p1a: Jupiter|Taunt|p2a: Chansey","|-start|p2a: Chansey|move: Taunt","|cant|p2a: Chansey|par","|","|turn|4","|","|move|p1a: Jupiter|Thunderbolt|p2a: Chansey","|-damage|p2a: Chansey|585/703 par","|-damage|p1a: Jupiter|40/299|[from] item: Life Orb","|move|p2a: Chansey|Seismic Toss|p1a: Jupiter","|-damage|p1a: Jupiter|0 fnt","|faint|p1a: Jupiter","|","|","|switch|p1a: Raptor|Staraptor, M, shiny|311/311","|turn|5","|","|switch|p2a: Miltank|Miltank, F|331/331","|move|p1a: Raptor|Close Combat|p2a: Miltank","|-supereffective|p2a: Miltank","|-damage|p2a: Miltank|75/331","|-unboost|p1a: Raptor|def|1","|-unboost|p1a: Raptor|spd|1","|","|turn|6","|","|move|p1a: Raptor|Close Combat|p2a: Miltank","|-supereffective|p2a: Miltank","|-damage|p2a: Miltank|0 fnt","|-unboost|p1a: Raptor|def|1","|-unboost|p1a: Raptor|spd|1","|faint|p2a: Miltank","|","|","|switch|p2a: Ambipom|Ambipom, F|262/291","|turn|7","|","|switch|p1a: BoneZ|Mandibuzz, F, shiny|424/424","|move|p2a: Ambipom|Fake Out|p1a: BoneZ","|-damage|p1a: BoneZ|346/424","|-damage|p2a: Ambipom|233/291|[from] item: Life Orb","|","|-heal|p1a: BoneZ|372/424|[from] item: Leftovers","|turn|8","|","|switch|p2a: Diggersby|Diggersby, F|373/373","|move|p1a: BoneZ|Foul Play|p2a: Diggersby","|-damage|p2a: Diggersby|220/373","|","|-heal|p1a: BoneZ|398/424|[from] item: Leftovers","|turn|9","|","|move|p1a: BoneZ|Foul Play|p2a: Diggersby","|-damage|p2a: Diggersby|67/373","|move|p2a: Diggersby|Knock Off|p1a: BoneZ","|-resisted|p1a: BoneZ","|-damage|p1a: BoneZ|318/424","|-enditem|p1a: BoneZ|Leftovers|[from] move: Knock Off|[of] p2a: Diggersby","|","|turn|10","|","|switch|p2a: Chansey|Chansey, F|585/703","|move|p1a: BoneZ|Foul Play|p2a: Chansey","|-damage|p2a: Chansey|558/703","|","|turn|11","|","|move|p1a: BoneZ|Toxic|p2a: Chansey|[miss]","|-miss|p1a: BoneZ|p2a: Chansey","|move|p2a: Chansey|Wish|p2a: Chansey","|","|turn|12","|","|switch|p2a: Diggersby|Diggersby, F|67/373","|move|p1a: BoneZ|Toxic|p2a: Diggersby","|-status|p2a: Diggersby|tox","|","|-heal|p2a: Diggersby|373/373 tox|[from] move: Wish|[wisher] Chansey","|-damage|p2a: Diggersby|350/373 tox|[from] psn","|turn|13","|","|switch|p2a: Cinccino|Cinccino, M|291/291","|move|p1a: BoneZ|Foul Play|p2a: Cinccino","|-damage|p2a: Cinccino|93/291","|","|turn|14","|","|move|p2a: Cinccino|Rock Blast|p1a: BoneZ|[miss]","|-miss|p2a: Cinccino|p1a: BoneZ","|move|p1a: BoneZ|Foul Play|p2a: Cinccino","|-damage|p2a: Cinccino|0 fnt","|faint|p2a: Cinccino","|","|","|switch|p2a: Meloetta|Meloetta|404/404","|turn|15","|","|move|p2a: Meloetta|Charge Beam|p1a: BoneZ","|-supereffective|p1a: BoneZ","|-damage|p1a: BoneZ|180/424","|-boost|p2a: Meloetta|spa|1","|move|p1a: BoneZ|Foul Play|p2a: Meloetta","|-supereffective|p2a: Meloetta","|-damage|p2a: Meloetta|198/404","|","|-heal|p2a: Meloetta|223/404|[from] item: Leftovers","|turn|16","|","|move|p2a: Meloetta|Charge Beam|p1a: BoneZ","|-supereffective|p1a: BoneZ","|-damage|p1a: BoneZ|0 fnt","|-boost|p2a: Meloetta|spa|1","|faint|p1a: BoneZ","|","|-heal|p2a: Meloetta|248/404|[from] item: Leftovers","|","|switch|p1a: Porunga|Dragonite, M, shiny|323/323","|turn|17","|","|move|p1a: Porunga|Dragon Dance|p1a: Porunga","|-boost|p1a: Porunga|atk|1","|-boost|p1a: Porunga|spe|1","|move|p2a: Meloetta|Hyper Voice|p1a: Porunga","|-damage|p1a: Porunga|146/323","|","|-heal|p2a: Meloetta|273/404|[from] item: Leftovers","|turn|18","|","|move|p1a: Porunga|Dragon Claw|p2a: Meloetta","|-damage|p2a: Meloetta|0 fnt","|faint|p2a: Meloetta","|","|","|switch|p2a: Diggersby|Diggersby, F|350/373 tox","|turn|19","|","|move|p1a: Porunga|Extreme Speed|p2a: Diggersby","|-damage|p2a: Diggersby|147/373 tox","|move|p2a: Diggersby|Quick Attack|p1a: Porunga","|-damage|p1a: Porunga|0 fnt","|faint|p1a: Porunga","|","|-damage|p2a: Diggersby|124/373 tox|[from] psn","|","|switch|p1a: Raptor|Staraptor, M, shiny|311/311","|turn|20","|","|move|p2a: Diggersby|Quick Attack|p1a: Raptor","|-damage|p1a: Raptor|136/311","|move|p1a: Raptor|Close Combat|p2a: Diggersby","|-supereffective|p2a: Diggersby","|-damage|p2a: Diggersby|0 fnt","|-unboost|p1a: Raptor|def|1","|-unboost|p1a: Raptor|spd|1","|faint|p2a: Diggersby","|","|","|switch|p2a: Ambipom|Ambipom, F|233/291","|turn|21","|","|move|p2a: Ambipom|Fake Out|p1a: Raptor","|-damage|p1a: Raptor|0 fnt","|-damage|p2a: Ambipom|204/291|[from] item: Life Orb","|faint|p1a: Raptor","|","|","|switch|p1a: BIRD JESUS|Pidgeot, M, shiny|307/307","|turn|22","|","|switch|p2a: Chansey|Chansey, F|558/703","|detailschange|p1a: BIRD JESUS|Pidgeot-Mega, M, shiny","|-mega|p1a: BIRD JESUS|Pidgeot|Pidgeotite","|move|p1a: BIRD JESUS|Protect|p1a: BIRD JESUS","|-fail|p1a: BIRD JESUS","|","|turn|23","|","|move|p1a: BIRD JESUS|Hurricane|p2a: Chansey","|-damage|p2a: Chansey|425/703","|move|p2a: Chansey|Wish|p2a: Chansey","|","|turn|24","|","|move|p1a: BIRD JESUS|Hurricane|p2a: Chansey","|-damage|p2a: Chansey|304/703","|move|p2a: Chansey|Seismic Toss|p1a: BIRD JESUS","|-damage|p1a: BIRD JESUS|207/307","|","|-heal|p2a: Chansey|655/703|[from] move: Wish|[wisher] Chansey","|turn|25","|","|move|p1a: BIRD JESUS|Hurricane|p2a: Chansey","|-damage|p2a: Chansey|519/703","|move|p2a: Chansey|Seismic Toss|p1a: BIRD JESUS","|-damage|p1a: BIRD JESUS|107/307","|","|turn|26","|","|move|p1a: BIRD JESUS|Hurricane|p2a: Chansey","|-damage|p2a: Chansey|390/703","|move|p2a: Chansey|Seismic Toss|p1a: BIRD JESUS","|-damage|p1a: BIRD JESUS|7/307","|","|turn|27","|","|move|p1a: BIRD JESUS|Heat Wave|p2a: Chansey","|-damage|p2a: Chansey|318/703","|move|p2a: Chansey|Wish|p2a: Chansey","|","|turn|28","|","|move|p1a: BIRD JESUS|Hurricane|p2a: Chansey","|-damage|p2a: Chansey|189/703","|move|p2a: Chansey|Seismic Toss|p1a: BIRD JESUS","|-damage|p1a: BIRD JESUS|0 fnt","|faint|p1a: BIRD JESUS","|","|-heal|p2a: Chansey|540/703|[from] move: Wish|[wisher] Chansey","|","|switch|p1a: Gaea|Landorus, M, shiny|319/319","|turn|29","|","|move|p1a: Gaea|Earth Power|p2a: Chansey","|-damage|p2a: Chansey|387/703","|move|p2a: Chansey|Wish|p2a: Chansey","|","|turn|30","|","|move|p1a: Gaea|Earth Power|p2a: Chansey","|-damage|p2a: Chansey|222/703","|move|p2a: Chansey|Seismic Toss|p1a: Gaea","|-damage|p1a: Gaea|219/319","|","|-heal|p2a: Chansey|573/703|[from] move: Wish|[wisher] Chansey","|turn|31","|","|move|p1a: Gaea|Earth Power|p2a: Chansey","|-damage|p2a: Chansey|405/703","|move|p2a: Chansey|Wish|p2a: Chansey","|","|turn|32","|","|move|p1a: Gaea|Earth Power|p2a: Chansey","|-damage|p2a: Chansey|244/703","|move|p2a: Chansey|Seismic Toss|p1a: Gaea","|-damage|p1a: Gaea|119/319","|","|-heal|p2a: Chansey|595/703|[from] move: Wish|[wisher] Chansey","|turn|33","|","|win|SirFancyFeastDeMC"],"p1rating":{"entryid":"1755","serverid":"eos","formatid":"monotype","userid":"apexsalamence","username":"Apex Salamence","w":"28","l":21,"t":"0","gxe":57.9,"r":"1564.2187828348","rd":"51.148676714321","sigma":"0","rptime":"1440234000","rpr":1560.3266900845,"rprd":49.318536151395,"rpsigma":"0","acre":1148.8134395119,"lacre":1148.8134395119,"oldacre":"1186.0528515275"},"p2rating":{"entryid":299946,"formatid":"monotype","userid":"sirfancyfeastdemc","username":"SirFancyFeastDeMC","r":1500,"rd":130,"sigma":0,"rpr":1550.0700962246,"rprd":122.18741755363,"rpsigma":0,"rptime":1440234000,"w":1,"l":0,"t":0,"gxe":56.2,"acre":1059.5830592249,"lacre":1059.5830592249,"oldacre":1000},"endType":"forfeit"}