{"seed":[5071,62122,7663,58424],"turns":41,"p1":"Rain Zeref","p2":"Shining Yin","p1team":[{"name":"Hydreigon","species":"Hydreigon","item":"lifeorb","ability":"Levitate","moves":["flamethrower","darkpulse","dracometeor","earthpower"],"nature":"Timid","evs":{"hp":0,"atk":0,"def":0,"spa":252,"spd":4,"spe":252},"gender":"F","shiny":true,"ivs":{"hp":31,"atk":31,"def":31,"spa":31,"spd":31,"spe":31}},{"name":"DEEZ NUTS!!","species":"weavile","item":"choicescarf","ability":"Pressure","moves":["iceshard","iciclecrash","knockoff","brickbreak"],"nature":"Adamant","evs":{"hp":0,"atk":252,"def":0,"spa":0,"spd":4,"spe":252},"gender":"F","ivs":{"hp":31,"atk":31,"def":31,"spa":31,"spd":31,"spe":31}},{"name":"DEEZ NUTS!!!","species":"mandibuzz","item":"leftovers","ability":"Overcoat","moves":["toxic","roost","foulplay","whirlwind"],"nature":"Bold","evs":{"hp":252,"atk":0,"def":252,"spa":0,"spd":4,"spe":0},"shiny":true,"ivs":{"hp":31,"atk":31,"def":31,"spa":31,"spd":31,"spe":31}},{"name":"DEEZ NUTS!!!!","species":"zoroark","item":"choicespecs","ability":"Illusion","moves":["darkpulse","flamethrower","trick","extrasensory"],"nature":"Timid","evs":{"hp":0,"atk":0,"def":0,"spa":252,"spd":4,"spe":252},"gender":"F","shiny":true,"ivs":{"hp":31,"atk":31,"def":31,"spa":31,"spd":31,"spe":31}},{"name":"DEEZ NUTS!!!!!","species":"hoopaunbound","item":"lifeorb","ability":"Magician","moves":["substitute","hyperspacefury","gunkshot","zenheadbutt"],"nature":"Jolly","evs":{"hp":0,"atk":252,"def":0,"spa":0,"spd":4,"spe":252},"ivs":{"hp":31,"atk":31,"def":31,"spa":31,"spd":31,"spe":31}},{"name":"DEEZ NUTS!!!!!!","species":"tyranitar","item":"tyranitarite","ability":"Sand Stream","moves":["dragondance","stoneedge","crunch","earthquake"],"nature":"Jolly","evs":{"hp":0,"atk":252,"def":0,"spa":0,"spd":4,"spe":252},"ivs":{"hp":31,"atk":31,"def":31,"spa":31,"spd":31,"spe":31}}],"p2team":[{"name":"Chansey","species":"Chansey","item":"eviolite","ability":"Natural Cure","moves":["thunderwave","softboiled","seismictoss","stealthrock"],"nature":"Bold","evs":{"hp":0,"atk":0,"def":252,"spa":0,"spd":252,"spe":4},"ivs":{"hp":31,"atk":0,"def":31,"spa":31,"spd":31,"spe":31}},{"name":"Porygon2","species":"Porygon2","item":"eviolite","ability":"Trace","moves":["icebeam","discharge","recover","thunderwave"],"nature":"Calm","evs":{"hp":248,"atk":0,"def":204,"spa":0,"spd":56,"spe":0},"ivs":{"hp":31,"atk":0,"def":31,"spa":31,"spd":31,"spe":31}},{"name":"Pidgeot","species":"Pidgeot","item":"pidgeotite","ability":"Keen Eye","moves":["hurricane","heatwave","defog","roost"],"nature":"Timid","evs":{"hp":0,"atk":0,"def":0,"spa":252,"spd":4,"spe":252},"ivs":{"hp":31,"atk":0,"def":31,"spa":31,"spd":31,"spe":31}},{"name":"Staraptor","species":"Staraptor","item":"choicescarf","ability":"Reckless","moves":["bravebird","uturn","doubleedge","closecombat"],"nature":"Jolly","evs":{"hp":0,"atk":252,"def":0,"spa":0,"spd":4,"spe":252},"ivs":{"hp":31,"atk":31,"def":31,"spa":31,"spd":31,"spe":31}},{"name":"Diggersby","species":"Diggersby","item":"choiceband","ability":"Huge Power","moves":["return","earthquake","knockoff","quickattack"],"nature":"Jolly","evs":{"hp":0,"atk":252,"def":0,"spa":0,"spd":4,"spe":252},"ivs":{"hp":31,"atk":31,"def":31,"spa":31,"spd":31,"spe":31}},{"name":"Heliolisk","species":"Heliolisk","item":"lifeorb","ability":"Dry Skin","moves":["grassknot","voltswitch","surf","focusblast"],"nature":"Timid","evs":{"hp":0,"atk":0,"def":0,"spa":252,"spd":4,"spe":252},"ivs":{"hp":31,"atk":31,"def":31,"spa":31,"spd":31,"spe":31}}],"log":["|player|p1|Rain Zeref|rainzeref.png","|player|p2|Shining Yin|277","|gametype|singles","|gen|6","|tier|Monotype","|rated","|rule|Baton Pass Clause: Limit one Baton Passer, can't pass Spe and other stats simultaneously","|rule|Swagger Clause: Swagger is banned","|rule|Same Type Clause: Pokémon in a team must share a type","|clearpoke","|poke|p1|Hydreigon, F, shiny","|poke|p1|Weavile, F","|poke|p1|Mandibuzz, F, shiny","|poke|p1|Zoroark, F, shiny","|poke|p1|Hoopa-Unbound","|poke|p1|Tyranitar, M","|poke|p2|Chansey, F","|poke|p2|Porygon2","|poke|p2|Pidgeot, F","|poke|p2|Staraptor, M","|poke|p2|Diggersby, F","|poke|p2|Heliolisk, M","|rule|Sleep Clause Mod: Limit one foe put to sleep","|rule|Species Clause: Limit one of each Pokémon","|rule|OHKO Clause: OHKO moves are banned","|rule|Moody Clause: Moody is banned","|rule|Evasion Moves Clause: Evasion moves are banned","|rule|Endless Battle Clause: Forcing endless battles is banned","|rule|HP Percentage Mod: HP is shown in percentages","|teampreview","|","|start","|switch|p1a: DEEZ NUTS!!!|Mandibuzz, F, shiny|261/261","|switch|p2a: Porygon2|Porygon2|373/373","|turn|1","|","|switch|p2a: Chansey|Chansey, F|641/641","|move|p1a: DEEZ NUTS!!!|Trick|p2a: Chansey","|-activate|p1a: DEEZ NUTS!!!|move: Trick|[of] p2a: Chansey","|-item|p2a: Chansey|Choice Specs|[from] move: Trick","|-item|p1a: DEEZ NUTS!!!|Eviolite|[from] move: Trick","|","|turn|2","|","|move|p1a: DEEZ NUTS!!!|Dark Pulse|p2a: Chansey","|-damage|p2a: Chansey|538/641","|move|p2a: Chansey|Thunder Wave|p1a: DEEZ NUTS!!!","|-status|p1a: DEEZ NUTS!!!|par","|","|turn|3","|","|switch|p2a: Porygon2|Porygon2|373/373","|cant|p1a: DEEZ NUTS!!!|par","|","|turn|4","|","|move|p2a: Porygon2|Discharge|p1a: DEEZ NUTS!!!","|replace|p1a: DEEZ NUTS!!!!|Zoroark, F, shiny|261/261 par","|-damage|p1a: DEEZ NUTS!!!!|160/261 par","|move|p1a: DEEZ NUTS!!!!|Dark Pulse|p2a: Porygon2","|-damage|p2a: Porygon2|288/373","|","|turn|5","|","|move|p2a: Porygon2|Discharge|p1a: DEEZ NUTS!!!!","|-damage|p1a: DEEZ NUTS!!!!|57/261 par","|move|p1a: DEEZ NUTS!!!!|Dark Pulse|p2a: Porygon2","|-crit|p2a: Porygon2","|-damage|p2a: Porygon2|176/373","|","|turn|6","|","|move|p2a: Porygon2|Recover|p2a: Porygon2","|-heal|p2a: Porygon2|363/373","|move|p1a: DEEZ NUTS!!!!|Dark Pulse|p2a: Porygon2","|-damage|p2a: Porygon2|287/373","|","|turn|7","|","|move|p2a: Porygon2|Recover|p2a: Porygon2","|-heal|p2a: Porygon2|373/373","|move|p1a: DEEZ NUTS!!!!|Dark Pulse|p2a: Porygon2","|-damage|p2a: Porygon2|294/373","|","|turn|8","|","|move|p2a: Porygon2|Discharge|p1a: DEEZ NUTS!!!!","|-damage|p1a: DEEZ NUTS!!!!|0 fnt","|faint|p1a: DEEZ NUTS!!!!","|","|","|switch|p1a: DEEZ NUTS!!|Weavile, F|281/281","|-ability|p2a: Porygon2|Pressure|[from] ability: Trace|[of] p1a: DEEZ NUTS!!","|-ability|p2a: Porygon2|Pressure","|-ability|p1a: DEEZ NUTS!!|Pressure","|turn|9","|","|move|p1a: DEEZ NUTS!!|Knock Off|p2a: Porygon2","|-damage|p2a: Porygon2|189/373","|-enditem|p2a: Porygon2|Eviolite|[from] move: Knock Off|[of] p1a: DEEZ NUTS!!","|move|p2a: Porygon2|Thunder Wave|p1a: DEEZ NUTS!!","|-status|p1a: DEEZ NUTS!!|par","|","|turn|10","|","|move|p2a: Porygon2|Recover|p2a: Porygon2","|-heal|p2a: Porygon2|373/373","|move|p1a: DEEZ NUTS!!|Knock Off|p2a: Porygon2","|-crit|p2a: Porygon2","|-damage|p2a: Porygon2|207/373","|","|turn|11","|","|move|p2a: Porygon2|Recover|p2a: Porygon2","|-heal|p2a: Porygon2|373/373","|cant|p1a: DEEZ NUTS!!|par","|","|turn|12","|","|move|p2a: Porygon2|Discharge|p1a: DEEZ NUTS!!","|-damage|p1a: DEEZ NUTS!!|204/281 par","|move|p1a: DEEZ NUTS!!|Knock Off|p2a: Porygon2","|-damage|p2a: Porygon2|267/373","|","|turn|13","|","|move|p2a: Porygon2|Discharge|p1a: DEEZ NUTS!!","|-damage|p1a: DEEZ NUTS!!|125/281 par","|move|p1a: DEEZ NUTS!!|Knock Off|p2a: Porygon2","|-damage|p2a: Porygon2|167/373","|","|turn|14","|","|move|p2a: Porygon2|Recover|p2a: Porygon2","|-heal|p2a: Porygon2|354/373","|move|p1a: DEEZ NUTS!!|Knock Off|p2a: Porygon2","|-damage|p2a: Porygon2|252/373","|","|turn|15","|","|move|p2a: Porygon2|Recover|p2a: Porygon2","|-heal|p2a: Porygon2|373/373","|cant|p1a: DEEZ NUTS!!|par","|","|turn|16","|","|move|p2a: Porygon2|Discharge|p1a: DEEZ NUTS!!","|-crit|p1a: DEEZ NUTS!!","|-damage|p1a: DEEZ NUTS!!|11/281 par","|move|p1a: DEEZ NUTS!!|Knock Off|p2a: Porygon2","|-damage|p2a: Porygon2|274/373","|","|turn|17","|","|move|p2a: Porygon2|Discharge|p1a: DEEZ NUTS!!","|-damage|p1a: DEEZ NUTS!!|0 fnt","|faint|p1a: DEEZ NUTS!!","|","|","|switch|p1a: DEEZ NUTS!!!!!|Hoopa-Unbound|301/301","|turn|18","|","|move|p1a: DEEZ NUTS!!!!!|Substitute|p1a: DEEZ NUTS!!!!!","|-start|p1a: DEEZ NUTS!!!!!|Substitute","|-damage|p1a: DEEZ NUTS!!!!!|226/301","|move|p2a: Porygon2|Thunder Wave|p1a: DEEZ NUTS!!!!!","|-fail|p1a: DEEZ NUTS!!!!!","|","|turn|19","|","|move|p1a: DEEZ NUTS!!!!!|Zen Headbutt|p2a: Porygon2","|-damage|p2a: Porygon2|78/373","|-damage|p1a: DEEZ NUTS!!!!!|196/301|[from] item: Life Orb","|move|p2a: Porygon2|Discharge|p1a: DEEZ NUTS!!!!!","|-activate|p1a: DEEZ NUTS!!!!!|Substitute|[damage]","|","|turn|20","|","|move|p1a: DEEZ NUTS!!!!!|Zen Headbutt|p2a: Porygon2|[miss]","|-miss|p1a: DEEZ NUTS!!!!!|p2a: Porygon2","|move|p2a: Porygon2|Discharge|p1a: DEEZ NUTS!!!!!","|-end|p1a: DEEZ NUTS!!!!!|Substitute","|","|turn|21","|","|move|p1a: DEEZ NUTS!!!!!|Zen Headbutt|p2a: Porygon2|[miss]","|-miss|p1a: DEEZ NUTS!!!!!|p2a: Porygon2","|move|p2a: Porygon2|Discharge|p1a: DEEZ NUTS!!!!!","|-damage|p1a: DEEZ NUTS!!!!!|142/301","|","|turn|22","|","|move|p1a: DEEZ NUTS!!!!!|Substitute|p1a: DEEZ NUTS!!!!!","|-start|p1a: DEEZ NUTS!!!!!|Substitute","|-damage|p1a: DEEZ NUTS!!!!!|67/301","|move|p2a: Porygon2|Discharge|p1a: DEEZ NUTS!!!!!","|-activate|p1a: DEEZ NUTS!!!!!|Substitute|[damage]","|","|turn|23","|","|move|p1a: DEEZ NUTS!!!!!|Zen Headbutt|p2a: Porygon2","|-damage|p2a: Porygon2|0 fnt","|-damage|p1a: DEEZ NUTS!!!!!|37/301|[from] item: Life Orb","|faint|p2a: Porygon2","|","|","|switch|p2a: Staraptor|Staraptor, M|311/311","|turn|24","|","|move|p2a: Staraptor|U-turn|p1a: DEEZ NUTS!!!!!","|-supereffective|p1a: DEEZ NUTS!!!!!","|-end|p1a: DEEZ NUTS!!!!!|Substitute","|","|switch|p2a: Pidgeot|Pidgeot, F|307/307","|move|p1a: DEEZ NUTS!!!!!|Hyperspace Fury|p2a: Pidgeot","|-damage|p2a: Pidgeot|0 fnt","|-unboost|p1a: DEEZ NUTS!!!!!|def|1","|-damage|p1a: DEEZ NUTS!!!!!|7/301|[from] item: Life Orb","|faint|p2a: Pidgeot","|","|","|switch|p2a: Staraptor|Staraptor, M|311/311","|turn|25","|","|move|p2a: Staraptor|U-turn|p1a: DEEZ NUTS!!!!!","|-supereffective|p1a: DEEZ NUTS!!!!!","|-damage|p1a: DEEZ NUTS!!!!!|0 fnt","|faint|p1a: DEEZ NUTS!!!!!","|","|switch|p2a: Heliolisk|Heliolisk, M|265/265","|","|","|switch|p1a: DEEZ NUTS!!!!!!|Tyranitar, M|341/341","|-weather|Sandstorm","|turn|26","|","|detailschange|p1a: DEEZ NUTS!!!!!!|Tyranitar-Mega, M","|-mega|p1a: DEEZ NUTS!!!!!!|Tyranitar|Tyranitarite","|move|p2a: Heliolisk|Grass Knot|p1a: DEEZ NUTS!!!!!!","|-supereffective|p1a: DEEZ NUTS!!!!!!","|-damage|p1a: DEEZ NUTS!!!!!!|154/341","|-damage|p2a: Heliolisk|239/265|[from] item: Life Orb","|move|p1a: DEEZ NUTS!!!!!!|Dragon Dance|p1a: DEEZ NUTS!!!!!!","|-boost|p1a: DEEZ NUTS!!!!!!|atk|1","|-boost|p1a: DEEZ NUTS!!!!!!|spe|1","|","|-weather|Sandstorm|[upkeep]","|-damage|p2a: Heliolisk|223/265|[from] sandstorm","|turn|27","|","|switch|p2a: Diggersby|Diggersby, F|311/311","|move|p1a: DEEZ NUTS!!!!!!|Crunch|p2a: Diggersby","|-damage|p2a: Diggersby|4/311","|","|-weather|Sandstorm|[upkeep]","|turn|28","|","|move|p2a: Diggersby|Quick Attack|p1a: DEEZ NUTS!!!!!!","|-resisted|p1a: DEEZ NUTS!!!!!!","|-damage|p1a: DEEZ NUTS!!!!!!|111/341","|move|p1a: DEEZ NUTS!!!!!!|Crunch|p2a: Diggersby","|-damage|p2a: Diggersby|0 fnt","|faint|p2a: Diggersby","|","|-weather|Sandstorm|[upkeep]","|","|switch|p2a: Staraptor|Staraptor, M|311/311","|turn|29","|","|move|p2a: Staraptor|Close Combat|p1a: DEEZ NUTS!!!!!!","|-supereffective|p1a: DEEZ NUTS!!!!!!","|-damage|p1a: DEEZ NUTS!!!!!!|0 fnt","|-unboost|p2a: Staraptor|def|1","|-unboost|p2a: Staraptor|spd|1","|faint|p1a: DEEZ NUTS!!!!!!","|","|-weather|Sandstorm|[upkeep]","|-damage|p2a: Staraptor|292/311|[from] sandstorm","|","|switch|p1a: DEEZ NUTS!!!|Mandibuzz, F, shiny|424/424","|turn|30","|","|switch|p2a: Heliolisk|Heliolisk, M|223/265","|move|p1a: DEEZ NUTS!!!|Toxic|p2a: Heliolisk","|-status|p2a: Heliolisk|tox","|","|-weather|none","|-damage|p2a: Heliolisk|207/265 tox|[from] psn","|turn|31","|","|switch|p1a: Hydreigon|Hydreigon, F, shiny|325/325","|move|p2a: Heliolisk|Volt Switch|p1a: Hydreigon","|-resisted|p1a: Hydreigon","|-damage|p1a: Hydreigon|251/325","|-damage|p2a: Heliolisk|181/265 tox|[from] item: Life Orb","|","|switch|p2a: Staraptor|Staraptor, M|292/311","|","|turn|32","|","|switch|p1a: DEEZ NUTS!!!|Mandibuzz, F, shiny|424/424","|move|p2a: Staraptor|Close Combat|p1a: DEEZ NUTS!!!","|-damage|p1a: DEEZ NUTS!!!|326/424","|-unboost|p2a: Staraptor|def|1","|-unboost|p2a: Staraptor|spd|1","|","|-heal|p1a: DEEZ NUTS!!!|352/424|[from] item: Leftovers","|turn|33","|","|switch|p2a: Heliolisk|Heliolisk, M|181/265 tox","|move|p1a: DEEZ NUTS!!!|Foul Play|p2a: Heliolisk","|-damage|p2a: Heliolisk|72/265 tox","|","|-heal|p1a: DEEZ NUTS!!!|378/424|[from] item: Leftovers","|-damage|p2a: Heliolisk|56/265 tox|[from] psn","|turn|34","|","|switch|p1a: Hydreigon|Hydreigon, F, shiny|251/325","|move|p2a: Heliolisk|Volt Switch|p1a: Hydreigon","|-crit|p1a: Hydreigon","|-resisted|p1a: Hydreigon","|-damage|p1a: Hydreigon|135/325","|-damage|p2a: Heliolisk|30/265 tox|[from] item: Life Orb","|","|switch|p2a: Chansey|Chansey, F|538/641","|","|turn|35","|","|move|p1a: Hydreigon|Draco Meteor|p2a: Chansey","|-crit|p2a: Chansey","|-damage|p2a: Chansey|194/641","|-unboost|p1a: Hydreigon|spa|2","|-damage|p1a: Hydreigon|103/325|[from] item: Life Orb","|move|p2a: Chansey|Stealth Rock|p1a: Hydreigon","|-sidestart|p1: Rain Zeref|move: Stealth Rock","|","|turn|36","|","|switch|p1a: DEEZ NUTS!!!|Mandibuzz, F, shiny|378/424","|-damage|p1a: DEEZ NUTS!!!|272/424|[from] Stealth Rock","|switch|p2a: Staraptor|Staraptor, M|292/311","|","|-heal|p1a: DEEZ NUTS!!!|298/424|[from] item: Leftovers","|turn|37","|","|move|p2a: Staraptor|Brave Bird|p1a: DEEZ NUTS!!!","|-damage|p1a: DEEZ NUTS!!!|126/424","|-damage|p2a: Staraptor|235/311|[from] recoil|[of] p1a: DEEZ NUTS!!!","|move|p1a: DEEZ NUTS!!!|Foul Play|p2a: Staraptor","|-crit|p2a: Staraptor","|-damage|p2a: Staraptor|0 fnt","|faint|p2a: Staraptor","|","|-heal|p1a: DEEZ NUTS!!!|152/424|[from] item: Leftovers","|","|switch|p2a: Heliolisk|Heliolisk, M|30/265 tox","|turn|38","|","|switch|p1a: Hydreigon|Hydreigon, F, shiny|103/325","|-damage|p1a: Hydreigon|63/325|[from] Stealth Rock","|move|p2a: Heliolisk|Focus Blast|p1a: Hydreigon|[miss]","|-miss|p2a: Heliolisk|p1a: Hydreigon","|","|-damage|p2a: Heliolisk|14/265 tox|[from] psn","|turn|39","|","|switch|p2a: Chansey|Chansey, F|194/641","|move|p1a: Hydreigon|Dark Pulse|p2a: Chansey","|-damage|p2a: Chansey|50/641","|-damage|p1a: Hydreigon|31/325|[from] item: Life Orb","|","|turn|40","|","|move|p1a: Hydreigon|Dark Pulse|p2a: Chansey","|-damage|p2a: Chansey|0 fnt","|-damage|p1a: Hydreigon|0 fnt|[from] item: Life Orb","|faint|p2a: Chansey","|faint|p1a: Hydreigon","|","|","|switch|p2a: Heliolisk|Heliolisk, M|14/265 tox","|switch|p1a: DEEZ NUTS!!!|Mandibuzz, F, shiny|152/424","|-damage|p1a: DEEZ NUTS!!!|46/424|[from] Stealth Rock","|turn|41","|","|move|p2a: Heliolisk|Volt Switch|p1a: DEEZ NUTS!!!","|-supereffective|p1a: DEEZ NUTS!!!","|-damage|p1a: DEEZ NUTS!!!|0 fnt","|-damage|p2a: Heliolisk|0 fnt|[from] item: Life Orb","|faint|p1a: DEEZ NUTS!!!","|faint|p2a: Heliolisk","|","|win|Shining Yin"],"p1rating":{"entryid":"191502","serverid":"eos","formatid":"monotype","userid":"rainzeref","username":"Rain Zeref","w":"3","l":12,"t":"0","gxe":34.7,"r":"1385.7064528291","rd":"80.056159849456","sigma":"0","rptime":"1440234000","rpr":1377.7699730163,"rprd":78.642254203118,"rpsigma":"0","acre":1013.4839912897,"lacre":1013.4839912897,"oldacre":"1023.5795402543"},"p2rating":{"entryid":"71235","serverid":"eos","formatid":"monotype","userid":"shiningyin","username":"Shining Yin","w":42,"l":"22","t":"0","gxe":62.9,"r":"1602.5384184487","rd":"46.548970627042","sigma":"0","rptime":"1440234000","rpr":1599.871428467,"rprd":45.887252013653,"rpsigma":"0","acre":1132.5298365241,"lacre":1132.5298365241,"oldacre":"1113.8853798593"},"endType":"normal"}