{"seed":[55525,48749,40646,18462],"turns":27,"p1":"Seven Swell","p2":"tboltrider","p1team":[{"name":"Mandibuzz","species":"Mandibuzz","item":"rockyhelmet","ability":"Overcoat","moves":["foulplay","roost","defog","toxic"],"nature":"Bold","evs":{"hp":248,"atk":0,"def":252,"spa":0,"spd":8,"spe":0},"ivs":{"hp":31,"atk":31,"def":31,"spa":31,"spd":31,"spe":31}},{"name":"Bisharp","species":"Bisharp","item":"focussash","ability":"Defiant","moves":["suckerpunch","swordsdance","ironhead","knockoff"],"nature":"Adamant","evs":{"hp":248,"atk":252,"def":0,"spa":0,"spd":8,"spe":0},"ivs":{"hp":31,"atk":31,"def":31,"spa":31,"spd":31,"spe":31}},{"name":"Zoroark","species":"Zoroark","item":"choicespecs","ability":"Illusion","moves":["darkpulse","flamethrower","shadowball","memento"],"nature":"Timid","evs":{"hp":0,"atk":0,"def":0,"spa":252,"spd":4,"spe":252},"ivs":{"hp":31,"atk":31,"def":31,"spa":31,"spd":31,"spe":31}},{"name":"Hoopa-Unbound","species":"Hoopa-Unbound","item":"choicescarf","ability":"Magician","moves":["hyperspacefury","drainpunch","firepunch","gunkshot"],"nature":"Adamant","evs":{"hp":0,"atk":252,"def":0,"spa":0,"spd":4,"spe":252},"ivs":{"hp":31,"atk":31,"def":31,"spa":31,"spd":31,"spe":31}},{"name":"Tyranitar","species":"Tyranitar","item":"choiceband","ability":"Sand Stream","moves":["pursuit","crunch","stoneedge","earthquake"],"nature":"Adamant","evs":{"hp":248,"atk":252,"def":0,"spa":0,"spd":8,"spe":0},"ivs":{"hp":31,"atk":31,"def":31,"spa":31,"spd":31,"spe":31}},{"name":"Weavile","species":"Weavile","item":"lifeorb","ability":"Pressure","moves":["iceshard","iciclecrash","knockoff","fakeout"],"nature":"Jolly","evs":{"hp":0,"atk":252,"def":0,"spa":0,"spd":4,"spe":252},"ivs":{"hp":31,"atk":31,"def":31,"spa":31,"spd":31,"spe":31}}],"p2team":[{"name":"Skarmory","species":"Skarmory","item":"rockyhelmet","ability":"Sturdy","moves":["roost","swordsdance","stealthrock","ironhead"],"nature":"Jolly","evs":{"hp":0,"atk":128,"def":0,"spa":0,"spd":248,"spe":132},"gender":"M","ivs":{"hp":31,"atk":31,"def":31,"spa":31,"spd":31,"spe":31}},{"name":"Togekiss","species":"Togekiss","item":"leftovers","ability":"Serene Grace","moves":["aurasphere","airslash","softboiled","thunderwave"],"nature":"Modest","evs":{"hp":0,"atk":0,"def":148,"spa":108,"spd":0,"spe":252},"gender":"F","ivs":{"hp":31,"atk":31,"def":31,"spa":31,"spd":31,"spe":31}},{"name":"Mandibuzz","species":"Mandibuzz","item":"leftovers","ability":"Overcoat","moves":["roost","defog","foulplay","taunt"],"nature":"Adamant","evs":{"hp":0,"atk":232,"def":0,"spa":0,"spd":156,"spe":120},"ivs":{"hp":31,"atk":31,"def":31,"spa":31,"spd":31,"spe":31}},{"name":"Gliscor","species":"Gliscor","item":"toxicorb","ability":"Poison Heal","moves":["earthquake","swordsdance","roost","facade"],"nature":"Careful","evs":{"hp":244,"atk":0,"def":8,"spa":0,"spd":200,"spe":56},"ivs":{"hp":31,"atk":31,"def":31,"spa":31,"spd":31,"spe":31}},{"name":"Thundurus","species":"Thundurus","item":"choicescarf","ability":"Prankster","moves":["thunderwave","thunderbolt","sludgewave","focusblast"],"nature":"Timid","evs":{"hp":0,"atk":0,"def":4,"spa":252,"spd":0,"spe":252},"ivs":{"hp":31,"atk":31,"def":31,"spa":31,"spd":31,"spe":31}},{"name":"Pidgeot","species":"Pidgeot","item":"pidgeotite","ability":"Big Pecks","moves":["heatwave","uturn","roost","hurricane"],"nature":"Timid","evs":{"hp":0,"atk":0,"def":4,"spa":252,"spd":0,"spe":252},"ivs":{"hp":31,"atk":31,"def":31,"spa":31,"spd":31,"spe":31}}],"log":["|player|p1|Seven Swell|sevenswell.png","|player|p2|tboltrider|93","|gametype|singles","|gen|6","|tier|Monotype","|rated","|rule|Baton Pass Clause: Limit one Baton Passer, can't pass Spe and other stats simultaneously","|rule|Swagger Clause: Swagger is banned","|rule|Same Type Clause: Pokémon in a team must share a type","|clearpoke","|poke|p1|Mandibuzz, F","|poke|p1|Bisharp, F","|poke|p1|Zoroark, F","|poke|p1|Hoopa-Unbound","|poke|p1|Tyranitar, M","|poke|p1|Weavile, F","|poke|p2|Skarmory, M","|poke|p2|Togekiss, F","|poke|p2|Mandibuzz, F","|poke|p2|Gliscor, F","|poke|p2|Thundurus, M","|poke|p2|Pidgeot, F","|rule|Sleep Clause Mod: Limit one foe put to sleep","|rule|Species Clause: Limit one of each Pokémon","|rule|OHKO Clause: OHKO moves are banned","|rule|Moody Clause: Moody is banned","|rule|Evasion Moves Clause: Evasion moves are banned","|rule|Endless Battle Clause: Forcing endless battles is banned","|rule|HP Percentage Mod: HP is shown in percentages","|teampreview","|","|start","|switch|p1a: Weavile|Weavile, F|261/261","|switch|p2a: Thundurus|Thundurus, M|299/299","|turn|1","|","|move|p2a: Thundurus|Focus Blast|p1a: Weavile|[miss]","|-miss|p2a: Thundurus|p1a: Weavile","|move|p1a: Weavile|Dark Pulse|p2a: Thundurus","|-damage|p2a: Thundurus|58/299","|","|turn|2","|","|switch|p1a: Hoopa-Unbound|Hoopa-Unbound|301/301","|move|p2a: Thundurus|Focus Blast|p1a: Hoopa-Unbound","|-damage|p1a: Hoopa-Unbound|187/301","|","|turn|3","|","|switch|p2a: Mandibuzz|Mandibuzz, F|361/361","|move|p1a: Hoopa-Unbound|Hyperspace Fury|p2a: Mandibuzz","|-resisted|p2a: Mandibuzz","|-damage|p2a: Mandibuzz|250/361","|-unboost|p1a: Hoopa-Unbound|def|1","|","|-heal|p2a: Mandibuzz|272/361|[from] item: Leftovers","|turn|4","|","|switch|p1a: Tyranitar|Tyranitar, M|403/403","|-weather|Sandstorm","|move|p2a: Mandibuzz|Foul Play|p1a: Tyranitar","|-resisted|p1a: Tyranitar","|-damage|p1a: Tyranitar|313/403","|","|-weather|Sandstorm|[upkeep]","|-heal|p2a: Mandibuzz|294/361|[from] item: Leftovers","|turn|5","|","|move|p2a: Mandibuzz|Taunt|p1a: Tyranitar","|-start|p1a: Tyranitar|move: Taunt","|move|p1a: Tyranitar|Stone Edge|p2a: Mandibuzz|[miss]","|-miss|p1a: Tyranitar|p2a: Mandibuzz","|","|-weather|Sandstorm|[upkeep]","|-heal|p2a: Mandibuzz|316/361|[from] item: Leftovers","|turn|6","|","|switch|p2a: Skarmory|Skarmory, M|271/271","|move|p1a: Tyranitar|Stone Edge|p2a: Skarmory","|-damage|p2a: Skarmory|36/271","|","|-weather|Sandstorm|[upkeep]","|turn|7","|","|switch|p1a: Weavile|Weavile, F|261/261","|move|p2a: Skarmory|Iron Head|p1a: Weavile","|replace|p1a: Zoroark|Zoroark, F|261/261","|-damage|p1a: Zoroark|128/261","|","|-weather|Sandstorm|[upkeep]","|-damage|p1a: Zoroark|112/261|[from] sandstorm","|turn|8","|","|move|p1a: Zoroark|Dark Pulse|p2a: Skarmory","|-damage|p2a: Skarmory|0 fnt","|faint|p2a: Skarmory","|","|-weather|none","|","|switch|p2a: Togekiss|Togekiss, F|311/311","|turn|9","|","|move|p1a: Zoroark|Dark Pulse|p2a: Togekiss","|-resisted|p2a: Togekiss","|-damage|p2a: Togekiss|215/311","|move|p2a: Togekiss|Air Slash|p1a: Zoroark","|-damage|p1a: Zoroark|0 fnt","|faint|p1a: Zoroark","|","|-heal|p2a: Togekiss|234/311|[from] item: Leftovers","|","|switch|p1a: Hoopa-Unbound|Hoopa-Unbound|187/301","|turn|10","|","|move|p1a: Hoopa-Unbound|Gunk Shot|p2a: Togekiss|[miss]","|-miss|p1a: Hoopa-Unbound|p2a: Togekiss","|move|p2a: Togekiss|Thunder Wave|p1a: Hoopa-Unbound","|-status|p1a: Hoopa-Unbound|par","|","|-heal|p2a: Togekiss|253/311|[from] item: Leftovers","|turn|11","|","|move|p2a: Togekiss|Air Slash|p1a: Hoopa-Unbound","|-damage|p1a: Hoopa-Unbound|84/301 par","|cant|p1a: Hoopa-Unbound|par","|","|-heal|p2a: Togekiss|272/311|[from] item: Leftovers","|turn|12","|","|move|p2a: Togekiss|Air Slash|p1a: Hoopa-Unbound","|-damage|p1a: Hoopa-Unbound|0 fnt","|faint|p1a: Hoopa-Unbound","|","|-heal|p2a: Togekiss|291/311|[from] item: Leftovers","|","|switch|p1a: Weavile|Weavile, F|281/281","|-ability|p1a: Weavile|Pressure","|turn|13","|","|move|p1a: Weavile|Icicle Crash|p2a: Togekiss","|-supereffective|p2a: Togekiss","|-damage|p2a: Togekiss|0 fnt","|-damage|p1a: Weavile|253/281|[from] item: Life Orb","|faint|p2a: Togekiss","|","|","|switch|p2a: Mandibuzz|Mandibuzz, F|316/361","|turn|14","|","|switch|p1a: Tyranitar|Tyranitar, M|313/403","|-weather|Sandstorm","|move|p2a: Mandibuzz|Foul Play|p1a: Tyranitar","|-resisted|p1a: Tyranitar","|-damage|p1a: Tyranitar|220/403","|","|-weather|Sandstorm|[upkeep]","|-heal|p2a: Mandibuzz|338/361|[from] item: Leftovers","|turn|15","|","|move|p2a: Mandibuzz|Taunt|p1a: Tyranitar","|-start|p1a: Tyranitar|move: Taunt","|move|p1a: Tyranitar|Stone Edge|p2a: Mandibuzz","|-supereffective|p2a: Mandibuzz","|-damage|p2a: Mandibuzz|0 fnt","|faint|p2a: Mandibuzz","|","|-weather|Sandstorm|[upkeep]","|","|switch|p2a: Gliscor|Gliscor, F|352/352","|turn|16","|","|move|p2a: Gliscor|Earthquake|p1a: Tyranitar","|-supereffective|p1a: Tyranitar","|-damage|p1a: Tyranitar|8/403","|move|p1a: Tyranitar|Stone Edge|p2a: Gliscor","|-damage|p2a: Gliscor|112/352","|","|-weather|Sandstorm|[upkeep]","|-status|p2a: Gliscor|tox|[from] item: Toxic Orb","|turn|17","|","|move|p2a: Gliscor|Roost|p2a: Gliscor","|-heal|p2a: Gliscor|288/352 tox","|move|p1a: Tyranitar|Stone Edge|p2a: Gliscor","|-resisted|p2a: Gliscor","|-damage|p2a: Gliscor|175/352 tox","|","|-weather|Sandstorm|[upkeep]","|-heal|p2a: Gliscor|219/352 tox|[from] ability: Poison Heal","|-end|p1a: Tyranitar|move: Taunt","|turn|18","|","|move|p2a: Gliscor|Earthquake|p1a: Tyranitar","|-supereffective|p1a: Tyranitar","|-damage|p1a: Tyranitar|0 fnt","|faint|p1a: Tyranitar","|","|-weather|none","|-heal|p2a: Gliscor|263/352 tox|[from] ability: Poison Heal","|","|switch|p1a: Weavile|Weavile, F|253/281","|-ability|p1a: Weavile|Pressure","|turn|19","|","|move|p1a: Weavile|Icicle Crash|p2a: Gliscor","|-supereffective|p2a: Gliscor","|-damage|p2a: Gliscor|0 fnt","|-damage|p1a: Weavile|225/281|[from] item: Life Orb","|faint|p2a: Gliscor","|","|","|switch|p2a: Pidgeot|Pidgeot, F|307/307","|turn|20","|","|switch|p1a: Mandibuzz|Mandibuzz, F|423/423","|detailschange|p2a: Pidgeot|Pidgeot-Mega, F","|-mega|p2a: Pidgeot|Pidgeot|Pidgeotite","|move|p2a: Pidgeot|Heat Wave|p1a: Mandibuzz","|-damage|p1a: Mandibuzz|310/423","|","|turn|21","|","|move|p2a: Pidgeot|Hurricane|p1a: Mandibuzz","|-damage|p1a: Mandibuzz|103/423","|-start|p1a: Mandibuzz|confusion","|-activate|p1a: Mandibuzz|confusion","|-damage|p1a: Mandibuzz|88/423|[from] confusion","|","|turn|22","|","|move|p2a: Pidgeot|Heat Wave|p1a: Mandibuzz","|-damage|p1a: Mandibuzz|0 fnt","|faint|p1a: Mandibuzz","|","|","|switch|p1a: Bisharp|Bisharp, F|333/333","|turn|23","|","|move|p2a: Pidgeot|Heat Wave|p1a: Bisharp","|-supereffective|p1a: Bisharp","|-damage|p1a: Bisharp|51/333","|move|p1a: Bisharp|Iron Head|p2a: Pidgeot","|-damage|p2a: Pidgeot|109/307","|","|turn|24","|","|move|p2a: Pidgeot|Roost|p2a: Pidgeot","|-heal|p2a: Pidgeot|263/307","|move|p1a: Bisharp|Iron Head|p2a: Pidgeot","|-damage|p2a: Pidgeot|82/307","|","|turn|25","|","|move|p2a: Pidgeot|Heat Wave|p1a: Bisharp","|-crit|p1a: Bisharp","|-supereffective|p1a: Bisharp","|-damage|p1a: Bisharp|0 fnt","|faint|p1a: Bisharp","|","|","|switch|p1a: Weavile|Weavile, F|225/281","|-ability|p1a: Weavile|Pressure","|turn|26","|","|move|p1a: Weavile|Ice Shard|p2a: Pidgeot","|-supereffective|p2a: Pidgeot","|-damage|p2a: Pidgeot|0 fnt","|-damage|p1a: Weavile|197/281|[from] item: Life Orb","|faint|p2a: Pidgeot","|","|","|switch|p2a: Thundurus|Thundurus, M|58/299","|turn|27","|","|move|p1a: Weavile|Ice Shard|p2a: Thundurus","|-supereffective|p2a: Thundurus","|-damage|p2a: Thundurus|0 fnt","|-damage|p1a: Weavile|169/281|[from] item: Life Orb","|faint|p2a: Thundurus","|","|win|Seven Swell"],"p1rating":{"entryid":"86214","serverid":"eos","formatid":"monotype","userid":"sevenswell","username":"Seven Swell","w":35,"l":"12","t":"0","gxe":71.5,"r":"1668.7018373852","rd":"53.007097185552","sigma":"0","rptime":"1440234000","rpr":1674.9231258289,"rprd":52.257078854739,"rpsigma":"0","acre":1286.274103181,"lacre":1286.274103181,"oldacre":"1277.6560424834"},"p2rating":{"entryid":"11792","serverid":"eos","formatid":"monotype","userid":"tboltrider","username":"tboltrider","w":"9","l":19,"t":"0","gxe":37.1,"r":"1418.0188532775","rd":"65.237596453578","sigma":"0","rptime":"1440234000","rpr":1399.0952005021,"rprd":62.891617059555,"rpsigma":"0","acre":1001.3848205483,"lacre":1001.3848205483,"oldacre":"1005.0955261492"},"endType":"normal"}