{"seed":[25099,13300,30410,5894],"turns":28,"p1":"fudenciu","p2":"Wispy","p1team":[{"name":"Son of a Killer","species":"azelf","item":"focussash","ability":"Levitate","moves":["stealthrock","firepunch","explosion","icepunch"],"nature":"Hasty","evs":{"hp":0,"atk":252,"def":0,"spa":4,"spd":0,"spe":252},"ivs":{"hp":31,"atk":31,"def":31,"spa":31,"spd":31,"spe":31}},{"name":"HotLoverofaKiller","species":"mew","item":"assaultvest","ability":"Synchronize","moves":["earthpower","icebeam","flamethrower","ancientpower"],"nature":"Modest","evs":{"hp":0,"atk":0,"def":0,"spa":252,"spd":252,"spe":4},"ivs":{"hp":31,"atk":31,"def":31,"spa":31,"spd":31,"spe":31}},{"name":"KillerFather","species":"latios","item":"choicescarf","ability":"Levitate","moves":["thunderbolt","psyshock","icebeam","energyball"],"nature":"Modest","evs":{"hp":0,"atk":0,"def":0,"spa":252,"spd":4,"spe":252},"ivs":{"hp":31,"atk":31,"def":31,"spa":31,"spd":31,"spe":31}},{"name":"KillerMother","species":"latias","item":"latiasite","ability":"Levitate","moves":["energyball","psyshock","icebeam","defog"],"nature":"Timid","evs":{"hp":0,"atk":0,"def":0,"spa":252,"spd":4,"spe":252},"ivs":{"hp":31,"atk":30,"def":31,"spa":30,"spd":31,"spe":31},"shiny":true},{"name":"Daughter of a Kill","species":"jirachi","item":"choicescarf","ability":"Serene Grace","moves":["ironhead","bodyslam","zenheadbutt","trick"],"nature":"Adamant","evs":{"hp":0,"atk":252,"def":0,"spa":0,"spd":4,"spe":252},"shiny":true,"ivs":{"hp":31,"atk":31,"def":31,"spa":31,"spd":31,"spe":31}},{"name":"Pet of a Killer","species":"victini","item":"choiceband","ability":"Victory Star","moves":["vcreate","zenheadbutt","boltstrike","trick"],"nature":"Jolly","evs":{"hp":0,"atk":252,"def":0,"spa":0,"spd":4,"spe":252},"ivs":{"hp":31,"atk":31,"def":31,"spa":31,"spd":31,"spe":31}}],"p2team":[{"name":"Whimsicott","species":"Whimsicott","item":"leftovers","ability":"Prankster","moves":["substitute","leechseed","protect","hurricane"],"nature":"Timid","evs":{"hp":248,"atk":0,"def":44,"spa":8,"spd":0,"spe":208},"ivs":{"hp":31,"atk":31,"def":31,"spa":31,"spd":31,"spe":31}},{"name":"Breloom","species":"Breloom","item":"focussash","ability":"Technician","moves":["spore","machpunch","bulletseed","rocktomb"],"nature":"Jolly","evs":{"hp":0,"atk":248,"def":0,"spa":0,"spd":4,"spe":252},"ivs":{"hp":31,"atk":31,"def":31,"spa":31,"spd":31,"spe":31}},{"name":"Ferrothorn","species":"Ferrothorn","item":"occaberry","ability":"Iron Barbs","moves":["thunderwave","stealthrock","gyroball","powerwhip"],"nature":"Brave","evs":{"hp":248,"atk":252,"def":0,"spa":0,"spd":8,"spe":0},"ivs":{"hp":31,"atk":31,"def":31,"spa":31,"spd":31,"spe":0}},{"name":"Cradily","species":"Cradily","item":"lumberry","ability":"Suction Cups","moves":["earthpower","recover","ancientpower","gigadrain"],"nature":"Calm","evs":{"hp":248,"atk":0,"def":0,"spa":8,"spd":252,"spe":0},"ivs":{"hp":31,"atk":31,"def":31,"spa":31,"spd":31,"spe":31}},{"name":"Roserade","species":"Roserade","item":"choicescarf","ability":"Technician","moves":["hiddenpowerrock","magicalleaf","shadowball","dazzlinggleam"],"nature":"Timid","evs":{"hp":0,"atk":0,"def":0,"spa":252,"spd":4,"spe":252},"ivs":{"hp":31,"atk":31,"def":30,"spa":31,"spd":30,"spe":30}},{"name":"Gourgeist-Small","species":"Gourgeist-Small","item":"focussash","ability":"Frisk","moves":["fireblast","foulplay","willowisp","leechseed"],"nature":"Timid","evs":{"hp":0,"atk":0,"def":0,"spa":8,"spd":0,"spe":252},"ivs":{"hp":31,"atk":31,"def":31,"spa":31,"spd":31,"spe":31}}],"log":["|player|p1|fudenciu|2","|player|p2|Wispy|1","|gametype|singles","|gen|6","|tier|Monotype","|rated","|rule|Baton Pass Clause: Limit one Baton Passer, can't pass Spe and other stats simultaneously","|rule|Swagger Clause: Swagger is banned","|rule|Same Type Clause: Pokémon in a team must share a type","|clearpoke","|poke|p1|Azelf","|poke|p1|Mew","|poke|p1|Latios, M","|poke|p1|Latias, F, shiny","|poke|p1|Jirachi, shiny","|poke|p1|Victini","|poke|p2|Whimsicott, F","|poke|p2|Breloom, M","|poke|p2|Ferrothorn, F","|poke|p2|Cradily, M","|poke|p2|Roserade, F","|poke|p2|Gourgeist-*, F","|rule|Sleep Clause Mod: Limit one foe put to sleep","|rule|Species Clause: Limit one of each Pokémon","|rule|OHKO Clause: OHKO moves are banned","|rule|Moody Clause: Moody is banned","|rule|Evasion Moves Clause: Evasion moves are banned","|rule|Endless Battle Clause: Forcing endless battles is banned","|rule|HP Percentage Mod: HP is shown in percentages","|teampreview","|","|start","|switch|p1a: Son of a Killer|Azelf|291/291","|switch|p2a: Breloom|Breloom, M|261/261","|turn|1","|","|move|p1a: Son of a Killer|Ice Punch|p2a: Breloom","|-supereffective|p2a: Breloom","|-damage|p2a: Breloom|49/261","|move|p2a: Breloom|Rock Tomb|p1a: Son of a Killer","|-damage|p1a: Son of a Killer|139/291","|-unboost|p1a: Son of a Killer|spe|1","|","|turn|2","|","|move|p2a: Breloom|Bullet Seed|p1a: Son of a Killer","|-damage|p1a: Son of a Killer|31/291","|-damage|p1a: Son of a Killer|0 fnt","|-hitcount|p1a: Son of a Killer|2","|faint|p1a: Son of a Killer","|","|","|switch|p1a: HotLoverofaKiller|Mew|341/341","|turn|3","|","|move|p2a: Breloom|Bullet Seed|p1a: HotLoverofaKiller","|-damage|p1a: HotLoverofaKiller|278/341","|-crit|p1a: HotLoverofaKiller","|-damage|p1a: HotLoverofaKiller|173/341","|-damage|p1a: HotLoverofaKiller|101/341","|-damage|p1a: HotLoverofaKiller|28/341","|-damage|p1a: HotLoverofaKiller|0 fnt","|-hitcount|p1a: HotLoverofaKiller|5","|faint|p1a: HotLoverofaKiller","|","|","|switch|p1a: KillerMother|Latias, F, shiny|301/301","|turn|4","|","|switch|p2a: Ferrothorn|Ferrothorn, F|351/351","|detailschange|p1a: KillerMother|Latias-Mega, F, shiny","|-mega|p1a: KillerMother|Latias|Latiasite","|move|p1a: KillerMother|Psyshock|p2a: Ferrothorn","|-resisted|p2a: Ferrothorn","|-damage|p2a: Ferrothorn|289/351","|","|turn|5","|","|switch|p1a: Pet of a Killer|Victini|341/341","|move|p2a: Ferrothorn|Stealth Rock|p1a: Pet of a Killer","|-sidestart|p1: fudenciu|move: Stealth Rock","|","|turn|6","|","|switch|p2a: Gourgeist-Small|Gourgeist-Small, F|251/251","|-item|p1a: Pet of a Killer|Choice Band|[from] ability: Frisk|[of] p2a: Gourgeist-Small|[identify]","|move|p1a: Pet of a Killer|V-create|p2a: Gourgeist-Small","|-supereffective|p2a: Gourgeist-Small","|-enditem|p2a: Gourgeist-Small|Focus Sash","|-damage|p2a: Gourgeist-Small|1/251","|-unboost|p1a: Pet of a Killer|spe|1","|-unboost|p1a: Pet of a Killer|def|1","|-unboost|p1a: Pet of a Killer|spd|1","|","|turn|7","|","|move|p2a: Gourgeist-Small|Foul Play|p1a: Pet of a Killer","|-supereffective|p1a: Pet of a Killer","|-damage|p1a: Pet of a Killer|49/341","|move|p1a: Pet of a Killer|V-create|p2a: Gourgeist-Small","|-supereffective|p2a: Gourgeist-Small","|-damage|p2a: Gourgeist-Small|0 fnt","|-unboost|p1a: Pet of a Killer|spe|1","|-unboost|p1a: Pet of a Killer|def|1","|-unboost|p1a: Pet of a Killer|spd|1","|faint|p2a: Gourgeist-Small","|","|","|switch|p2a: Breloom|Breloom, M|49/261","|turn|8","|","|switch|p1a: KillerMother|Latias-Mega, F, shiny|301/301","|-damage|p1a: KillerMother|264/301|[from] Stealth Rock","|move|p2a: Breloom|Bullet Seed|p1a: KillerMother","|-resisted|p1a: KillerMother","|-damage|p1a: KillerMother|234/301","|-resisted|p1a: KillerMother","|-damage|p1a: KillerMother|207/301","|-resisted|p1a: KillerMother","|-damage|p1a: KillerMother|177/301","|-resisted|p1a: KillerMother","|-damage|p1a: KillerMother|150/301","|-hitcount|p1a: KillerMother|4","|","|turn|9","|","|move|p1a: KillerMother|Defog|p2a: Breloom","|-unboost|p2a: Breloom|evasion|1","|-sideend|p1: fudenciu|Stealth Rock|[from] move: Defog|[of] p1a: KillerMother","|move|p2a: Breloom|Rock Tomb|p1a: KillerMother","|-damage|p1a: KillerMother|56/301","|-unboost|p1a: KillerMother|spe|1","|","|turn|10","|","|switch|p1a: Daughter of a Kill|Jirachi, shiny|341/341","|move|p2a: Breloom|Rock Tomb|p1a: Daughter of a Kill","|-resisted|p1a: Daughter of a Kill","|-damage|p1a: Daughter of a Kill|291/341","|-unboost|p1a: Daughter of a Kill|spe|1","|","|turn|11","|","|move|p1a: Daughter of a Kill|Body Slam|p2a: Breloom","|-damage|p2a: Breloom|0 fnt","|faint|p2a: Breloom","|","|","|switch|p2a: Ferrothorn|Ferrothorn, F|289/351","|turn|12","|","|switch|p1a: Pet of a Killer|Victini|49/341","|move|p2a: Ferrothorn|Stealth Rock|p1a: Pet of a Killer","|-sidestart|p1: fudenciu|move: Stealth Rock","|","|turn|13","|","|move|p1a: Pet of a Killer|V-create|p2a: Ferrothorn","|-supereffective|p2a: Ferrothorn","|-enditem|p2a: Ferrothorn|Occa Berry|[eat]","|-damage|p2a: Ferrothorn|0 fnt","|-damage|p1a: Pet of a Killer|7/341|[from] ability: Iron Barbs|[of] p2a: Ferrothorn","|-unboost|p1a: Pet of a Killer|spe|1","|-unboost|p1a: Pet of a Killer|def|1","|-unboost|p1a: Pet of a Killer|spd|1","|faint|p2a: Ferrothorn","|","|","|switch|p2a: Roserade|Roserade, F|261/261","|turn|14","|","|move|p2a: Roserade|Shadow Ball|p1a: Pet of a Killer","|-supereffective|p1a: Pet of a Killer","|-damage|p1a: Pet of a Killer|0 fnt","|faint|p1a: Pet of a Killer","|","|","|switch|p1a: Daughter of a Kill|Jirachi, shiny|291/341","|-damage|p1a: Daughter of a Kill|270/341|[from] Stealth Rock","|turn|15","|","|move|p2a: Roserade|Shadow Ball|p1a: Daughter of a Kill","|-supereffective|p1a: Daughter of a Kill","|-damage|p1a: Daughter of a Kill|96/341","|move|p1a: Daughter of a Kill|Iron Head|p2a: Roserade","|-damage|p2a: Roserade|84/261","|","|turn|16","|","|switch|p1a: KillerMother|Latias-Mega, F, shiny|56/301","|-damage|p1a: KillerMother|19/301|[from] Stealth Rock","|move|p2a: Roserade|Shadow Ball|p1a: KillerMother","|-supereffective|p1a: KillerMother","|-damage|p1a: KillerMother|0 fnt","|faint|p1a: KillerMother","|","|","|switch|p1a: KillerFather|Latios, M|301/301","|-damage|p1a: KillerFather|264/301|[from] Stealth Rock","|turn|17","|","|switch|p2a: Cradily|Cradily, M|375/375","|move|p1a: KillerFather|Ice Beam|p2a: Cradily","|-supereffective|p2a: Cradily","|-damage|p2a: Cradily|199/375","|","|turn|18","|","|move|p1a: KillerFather|Ice Beam|p2a: Cradily","|-supereffective|p2a: Cradily","|-damage|p2a: Cradily|51/375","|move|p2a: Cradily|Recover|p2a: Cradily","|-heal|p2a: Cradily|239/375","|","|turn|19","|","|move|p1a: KillerFather|Ice Beam|p2a: Cradily","|-supereffective|p2a: Cradily","|-damage|p2a: Cradily|63/375","|move|p2a: Cradily|Ancient Power|p1a: KillerFather","|-damage|p1a: KillerFather|212/301","|-boost|p2a: Cradily|atk|1","|-boost|p2a: Cradily|def|1","|-boost|p2a: Cradily|spa|1","|-boost|p2a: Cradily|spd|1","|-boost|p2a: Cradily|spe|1","|","|turn|20","|","|move|p1a: KillerFather|Ice Beam|p2a: Cradily","|-supereffective|p2a: Cradily","|-damage|p2a: Cradily|0 fnt","|faint|p2a: Cradily","|","|","|switch|p2a: Whimsicott|Whimsicott, F|323/323","|turn|21","|","|move|p2a: Whimsicott|Leech Seed|p1a: KillerFather","|-start|p1a: KillerFather|move: Leech Seed","|move|p1a: KillerFather|Ice Beam|p2a: Whimsicott","|-supereffective|p2a: Whimsicott","|-damage|p2a: Whimsicott|45/323","|","|-heal|p2a: Whimsicott|65/323|[from] item: Leftovers","|-damage|p1a: KillerFather|175/301|[from] Leech Seed|[of] p2a: Whimsicott","|-heal|p2a: Whimsicott|102/323|[silent]","|turn|22","|","|move|p2a: Whimsicott|Substitute|p2a: Whimsicott","|-start|p2a: Whimsicott|Substitute","|-damage|p2a: Whimsicott|22/323","|move|p1a: KillerFather|Ice Beam|p2a: Whimsicott","|-supereffective|p2a: Whimsicott","|-end|p2a: Whimsicott|Substitute","|","|-heal|p2a: Whimsicott|42/323|[from] item: Leftovers","|-damage|p1a: KillerFather|138/301|[from] Leech Seed|[of] p2a: Whimsicott","|-heal|p2a: Whimsicott|79/323|[silent]","|turn|23","|","|move|p2a: Whimsicott|Protect|p2a: Whimsicott","|-singleturn|p2a: Whimsicott|Protect","|move|p1a: KillerFather|Ice Beam|p2a: Whimsicott","|-activate|p2a: Whimsicott|Protect","|","|-heal|p2a: Whimsicott|99/323|[from] item: Leftovers","|-damage|p1a: KillerFather|101/301|[from] Leech Seed|[of] p2a: Whimsicott","|-heal|p2a: Whimsicott|136/323|[silent]","|turn|24","|","|move|p2a: Whimsicott|Substitute|p2a: Whimsicott","|-start|p2a: Whimsicott|Substitute","|-damage|p2a: Whimsicott|56/323","|move|p1a: KillerFather|Ice Beam|p2a: Whimsicott","|-supereffective|p2a: Whimsicott","|-end|p2a: Whimsicott|Substitute","|","|-heal|p2a: Whimsicott|76/323|[from] item: Leftovers","|-damage|p1a: KillerFather|64/301|[from] Leech Seed|[of] p2a: Whimsicott","|-heal|p2a: Whimsicott|113/323|[silent]","|turn|25","|","|move|p2a: Whimsicott|Substitute|p2a: Whimsicott","|-start|p2a: Whimsicott|Substitute","|-damage|p2a: Whimsicott|33/323","|move|p1a: KillerFather|Ice Beam|p2a: Whimsicott","|-supereffective|p2a: Whimsicott","|-end|p2a: Whimsicott|Substitute","|","|-heal|p2a: Whimsicott|53/323|[from] item: Leftovers","|-damage|p1a: KillerFather|27/301|[from] Leech Seed|[of] p2a: Whimsicott","|-heal|p2a: Whimsicott|90/323|[silent]","|turn|26","|","|move|p2a: Whimsicott|Protect|p2a: Whimsicott","|-singleturn|p2a: Whimsicott|Protect","|move|p1a: KillerFather|Ice Beam|p2a: Whimsicott","|-activate|p2a: Whimsicott|Protect","|","|-heal|p2a: Whimsicott|110/323|[from] item: Leftovers","|-damage|p1a: KillerFather|0 fnt|[from] Leech Seed|[of] p2a: Whimsicott","|-heal|p2a: Whimsicott|137/323|[silent]","|faint|p1a: KillerFather","|","|switch|p1a: Daughter of a Kill|Jirachi, shiny|96/341","|-damage|p1a: Daughter of a Kill|75/341|[from] Stealth Rock","|turn|27","|","|move|p1a: Daughter of a Kill|Iron Head|p2a: Whimsicott","|-supereffective|p2a: Whimsicott","|-damage|p2a: Whimsicott|0 fnt","|faint|p2a: Whimsicott","|","|","|switch|p2a: Roserade|Roserade, F|84/261","|turn|28","|","|move|p2a: Roserade|Shadow Ball|p1a: Daughter of a Kill","|-supereffective|p1a: Daughter of a Kill","|-damage|p1a: Daughter of a Kill|0 fnt","|faint|p1a: Daughter of a Kill","|","|win|Wispy"],"p1rating":{"entryid":312564,"formatid":"monotype","userid":"fudenciu","username":"fudenciu","r":1500,"rd":130,"sigma":0,"rpr":1459.8393856612,"rprd":122.8583080769,"rpsigma":0,"rptime":1440234000,"w":0,"l":1,"t":0,"gxe":45,"acre":1000,"lacre":1000,"oldacre":1000},"p2rating":{"entryid":"311535","serverid":"eos","formatid":"monotype","userid":"wispy","username":"Wispy","w":1,"l":"1","t":"0","gxe":49.8,"r":"1500","rd":"130","sigma":"0","rptime":"1440234000","rpr":1498.3568760342,"rprd":116.62145285949,"rpsigma":"0","acre":1040,"lacre":1040,"oldacre":"1000"},"endType":"normal"}