{"seed":[47949,35424,17049,53646],"turns":28,"p1":"Jake1079","p2":"V Photon","p1team":[{"name":"Hoopa-Unbound","species":"Hoopa-Unbound","item":"choicescarf","ability":"Magician","moves":["focusblast","thunderbolt","psychic","darkpulse"],"nature":"Timid","evs":{"hp":0,"atk":0,"def":0,"spa":252,"spd":4,"spe":252},"ivs":{"hp":31,"atk":31,"def":31,"spa":31,"spd":31,"spe":31}},{"name":"Mandibuzz","species":"Mandibuzz","item":"rockyhelmet","ability":"Overcoat","moves":["toxic","roost","foulplay","defog"],"nature":"Impish","evs":{"hp":252,"atk":4,"def":252,"spa":0,"spd":0,"spe":0},"ivs":{"hp":31,"atk":31,"def":31,"spa":31,"spd":31,"spe":31}},{"name":"Sableye","species":"Sableye","item":"leftovers","ability":"Prankster","moves":["recover","willowisp","knockoff","taunt"],"nature":"Careful","evs":{"hp":252,"atk":4,"def":0,"spa":0,"spd":252,"spe":0},"ivs":{"hp":31,"atk":31,"def":31,"spa":31,"spd":31,"spe":31}},{"name":"Hydreigon","species":"Hydreigon","item":"choicescarf","ability":"Levitate","moves":["uturn","dracometeor","darkpulse","fireblast"],"nature":"Timid","evs":{"hp":0,"atk":0,"def":0,"spa":252,"spd":4,"spe":252},"ivs":{"hp":31,"atk":31,"def":31,"spa":31,"spd":31,"spe":31}},{"name":"Tyranitar","species":"Tyranitar","item":"assaultvest","ability":"Sand Stream","moves":["ironhead","crunch","stoneedge","earthquake"],"nature":"Adamant","evs":{"hp":248,"atk":252,"def":0,"spa":0,"spd":8,"spe":0},"ivs":{"hp":31,"atk":31,"def":31,"spa":31,"spd":31,"spe":31}},{"name":"Absol","species":"Absol","item":"absolite","ability":"Pressure","moves":["protect","knockoff","megahorn","playrough"],"nature":"Jolly","evs":{"hp":0,"atk":252,"def":0,"spa":0,"spd":4,"spe":252},"ivs":{"hp":31,"atk":31,"def":31,"spa":31,"spd":31,"spe":31}}],"p2team":[{"name":"Cradily","species":"Cradily","item":"leftovers","ability":"Storm Drain","moves":["rockslide","stockpile","recover","stealthrock"],"nature":"Careful","evs":{"hp":252,"atk":4,"def":0,"spa":0,"spd":252,"spe":0},"ivs":{"hp":31,"atk":30,"def":31,"spa":30,"spd":31,"spe":30}},{"name":"Ferrothorn","species":"Ferrothorn","item":"rockyhelmet","ability":"Iron Barbs","moves":["curse","gyroball","leechseed","thunderwave"],"nature":"Relaxed","evs":{"hp":252,"atk":0,"def":120,"spa":0,"spd":136,"spe":0},"ivs":{"hp":31,"atk":31,"def":31,"spa":31,"spd":31,"spe":0}},{"name":"Rotom-Mow","species":"Rotom-Mow","item":"weaknesspolicy","ability":"Levitate","moves":["thunderbolt","willowisp","rest","sleeptalk"],"nature":"Calm","evs":{"hp":248,"atk":0,"def":8,"spa":0,"spd":252,"spe":0},"ivs":{"hp":31,"atk":31,"def":31,"spa":31,"spd":31,"spe":31}},{"name":"Venusaur","species":"Venusaur","item":"venusaurite","ability":"Overgrow","moves":["earthquake","petalblizzard","synthesis","curse"],"nature":"Adamant","evs":{"hp":248,"atk":252,"def":0,"spa":0,"spd":8,"spe":0},"ivs":{"hp":31,"atk":31,"def":31,"spa":31,"spd":31,"spe":31}},{"name":"Celebi","species":"Celebi","item":"choicescarf","ability":"Natural Cure","moves":["psychic","dazzlinggleam","ancientpower","earthpower"],"nature":"Timid","evs":{"hp":4,"atk":0,"def":0,"spa":252,"spd":0,"spe":252},"ivs":{"hp":31,"atk":31,"def":31,"spa":31,"spd":31,"spe":31}},{"name":"Shiftry","species":"Shiftry","item":"lifeorb","ability":"Chlorophyll","moves":["knockoff","suckerpunch","rockslide","defog"],"nature":"Adamant","evs":{"hp":0,"atk":252,"def":0,"spa":0,"spd":4,"spe":252},"ivs":{"hp":31,"atk":31,"def":31,"spa":31,"spd":31,"spe":31}}],"log":["|player|p1|Jake1079|281","|player|p2|V Photon|66","|gametype|singles","|gen|6","|tier|Monotype","|rated","|rule|Baton Pass Clause: Limit one Baton Passer, can't pass Spe and other stats simultaneously","|rule|Swagger Clause: Swagger is banned","|rule|Same Type Clause: Pokémon in a team must share a type","|clearpoke","|poke|p1|Hoopa-Unbound","|poke|p1|Mandibuzz, F","|poke|p1|Sableye, F","|poke|p1|Hydreigon, F","|poke|p1|Tyranitar, F","|poke|p1|Absol, F","|poke|p2|Cradily, F","|poke|p2|Ferrothorn, M","|poke|p2|Rotom-Mow","|poke|p2|Venusaur, F","|poke|p2|Celebi","|poke|p2|Shiftry, M","|rule|Sleep Clause Mod: Limit one foe put to sleep","|rule|Species Clause: Limit one of each Pokémon","|rule|OHKO Clause: OHKO moves are banned","|rule|Moody Clause: Moody is banned","|rule|Evasion Moves Clause: Evasion moves are banned","|rule|Endless Battle Clause: Forcing endless battles is banned","|rule|HP Percentage Mod: HP is shown in percentages","|teampreview","|","|start","|switch|p1a: Hydreigon|Hydreigon, F|325/325","|switch|p2a: Celebi|Celebi|342/342","|turn|1","|","|move|p2a: Celebi|Dazzling Gleam|p1a: Hydreigon","|-supereffective|p1a: Hydreigon","|-damage|p1a: Hydreigon|0 fnt","|faint|p1a: Hydreigon","|","|","|switch|p1a: Absol|Absol, F|271/271","|-ability|p1a: Absol|Pressure","|turn|2","|","|switch|p2a: Ferrothorn|Ferrothorn, M|352/352","|detailschange|p1a: Absol|Absol-Mega, F","|-mega|p1a: Absol|Absol|Absolite","|move|p1a: Absol|Protect|p1a: Absol","|-fail|p1a: Absol","|","|turn|3","|","|switch|p1a: Sableye|Sableye, F|304/304","|move|p2a: Ferrothorn|Gyro Ball|p1a: Sableye","|-damage|p1a: Sableye|175/304","|","|-heal|p1a: Sableye|194/304|[from] item: Leftovers","|turn|4","|","|switch|p2a: Rotom-Mow|Rotom-Mow|303/303","|move|p1a: Sableye|Will-O-Wisp|p2a: Rotom-Mow|[miss]","|-miss|p1a: Sableye|p2a: Rotom-Mow","|","|-heal|p1a: Sableye|213/304|[from] item: Leftovers","|turn|5","|","|move|p1a: Sableye|Will-O-Wisp|p2a: Rotom-Mow","|-status|p2a: Rotom-Mow|brn","|move|p2a: Rotom-Mow|Will-O-Wisp|p1a: Sableye|[miss]","|-miss|p2a: Rotom-Mow|p1a: Sableye","|","|-heal|p1a: Sableye|232/304|[from] item: Leftovers","|-damage|p2a: Rotom-Mow|266/303 brn|[from] brn","|turn|6","|","|move|p1a: Sableye|Taunt|p2a: Rotom-Mow","|-start|p2a: Rotom-Mow|move: Taunt","|move|p2a: Rotom-Mow|Thunderbolt|p1a: Sableye","|-damage|p1a: Sableye|129/304","|","|-heal|p1a: Sableye|148/304|[from] item: Leftovers","|-damage|p2a: Rotom-Mow|229/303 brn|[from] brn","|turn|7","|","|switch|p2a: Venusaur|Venusaur, F|363/363","|move|p1a: Sableye|Knock Off|p2a: Venusaur","|-damage|p2a: Venusaur|290/363","|","|-heal|p1a: Sableye|167/304|[from] item: Leftovers","|turn|8","|","|switch|p2a: Celebi|Celebi|342/342","|move|p1a: Sableye|Will-O-Wisp|p2a: Celebi","|-status|p2a: Celebi|brn","|","|-heal|p1a: Sableye|186/304|[from] item: Leftovers","|-damage|p2a: Celebi|300/342 brn|[from] brn","|turn|9","|","|move|p1a: Sableye|Recover|p1a: Sableye","|-heal|p1a: Sableye|304/304","|move|p2a: Celebi|Dazzling Gleam|p1a: Sableye","|-supereffective|p1a: Sableye","|-damage|p1a: Sableye|156/304","|","|-heal|p1a: Sableye|175/304|[from] item: Leftovers","|-damage|p2a: Celebi|258/342 brn|[from] brn","|turn|10","|","|move|p2a: Celebi|Dazzling Gleam|p1a: Sableye","|-supereffective|p1a: Sableye","|-damage|p1a: Sableye|31/304","|move|p1a: Sableye|Knock Off|p2a: Celebi","|-supereffective|p2a: Celebi","|-damage|p2a: Celebi|78/342 brn","|-enditem|p2a: Celebi|Choice Scarf|[from] move: Knock Off|[of] p1a: Sableye","|","|-heal|p1a: Sableye|50/304|[from] item: Leftovers","|-damage|p2a: Celebi|36/342 brn|[from] brn","|turn|11","|","|move|p1a: Sableye|Recover|p1a: Sableye","|-heal|p1a: Sableye|202/304","|move|p2a: Celebi|Dazzling Gleam|p1a: Sableye","|-supereffective|p1a: Sableye","|-damage|p1a: Sableye|42/304","|","|-heal|p1a: Sableye|61/304|[from] item: Leftovers","|-damage|p2a: Celebi|0 fnt|[from] brn","|faint|p2a: Celebi","|","|switch|p2a: Venusaur|Venusaur, F|290/363","|turn|12","|","|detailschange|p2a: Venusaur|Venusaur-Mega, F","|-mega|p2a: Venusaur|Venusaur|Venusaurite","|move|p1a: Sableye|Recover|p1a: Sableye","|-heal|p1a: Sableye|213/304","|move|p2a: Venusaur|Petal Blizzard|p1a: Sableye","|-damage|p1a: Sableye|30/304","|","|-heal|p1a: Sableye|49/304|[from] item: Leftovers","|turn|13","|","|switch|p1a: Hoopa-Unbound|Hoopa-Unbound|301/301","|move|p2a: Venusaur|Petal Blizzard|p1a: Hoopa-Unbound","|-damage|p1a: Hoopa-Unbound|88/301","|","|turn|14","|","|switch|p2a: Cradily|Cradily, F|376/376","|move|p1a: Hoopa-Unbound|Psychic|p2a: Cradily","|-damage|p2a: Cradily|246/376","|","|-heal|p2a: Cradily|269/376|[from] item: Leftovers","|turn|15","|","|switch|p1a: Tyranitar|Tyranitar, F|403/403","|-weather|Sandstorm","|move|p2a: Cradily|Rock Slide|p1a: Tyranitar","|-damage|p1a: Tyranitar|337/403","|","|-weather|Sandstorm|[upkeep]","|-heal|p2a: Cradily|292/376|[from] item: Leftovers","|turn|16","|","|switch|p2a: Venusaur|Venusaur-Mega, F|290/363","|move|p1a: Tyranitar|Earthquake|p2a: Venusaur","|-crit|p2a: Venusaur","|-damage|p2a: Venusaur|111/363","|","|-weather|Sandstorm|[upkeep]","|-damage|p2a: Venusaur|89/363|[from] sandstorm","|turn|17","|","|move|p2a: Venusaur|Synthesis|p2a: Venusaur","|-heal|p2a: Venusaur|180/363","|move|p1a: Tyranitar|Earthquake|p2a: Venusaur","|-damage|p2a: Venusaur|77/363","|","|-weather|Sandstorm|[upkeep]","|-damage|p2a: Venusaur|55/363|[from] sandstorm","|turn|18","|","|move|p2a: Venusaur|Petal Blizzard|p1a: Tyranitar","|-supereffective|p1a: Tyranitar","|-damage|p1a: Tyranitar|79/403","|move|p1a: Tyranitar|Earthquake|p2a: Venusaur","|-damage|p2a: Venusaur|0 fnt","|faint|p2a: Venusaur","|","|-weather|Sandstorm|[upkeep]","|","|switch|p2a: Ferrothorn|Ferrothorn, M|352/352","|turn|19","|","|move|p1a: Tyranitar|Earthquake|p2a: Ferrothorn","|-crit|p2a: Ferrothorn","|-damage|p2a: Ferrothorn|208/352","|move|p2a: Ferrothorn|Curse|p2a: Ferrothorn","|-unboost|p2a: Ferrothorn|spe|1","|-boost|p2a: Ferrothorn|atk|1","|-boost|p2a: Ferrothorn|def|1","|","|-weather|none","|turn|20","|","|move|p1a: Tyranitar|Earthquake|p2a: Ferrothorn","|-damage|p2a: Ferrothorn|144/352","|move|p2a: Ferrothorn|Leech Seed|p1a: Tyranitar","|-start|p1a: Tyranitar|move: Leech Seed","|","|-damage|p1a: Tyranitar|29/403|[from] Leech Seed|[of] p2a: Ferrothorn","|-heal|p2a: Ferrothorn|194/352|[silent]","|turn|21","|","|move|p1a: Tyranitar|Earthquake|p2a: Ferrothorn","|-damage|p2a: Ferrothorn|137/352","|move|p2a: Ferrothorn|Curse|p2a: Ferrothorn","|-unboost|p2a: Ferrothorn|spe|1","|-boost|p2a: Ferrothorn|atk|1","|-boost|p2a: Ferrothorn|def|1","|","|-damage|p1a: Tyranitar|0 fnt|[from] Leech Seed|[of] p2a: Ferrothorn","|-heal|p2a: Ferrothorn|166/352|[silent]","|faint|p1a: Tyranitar","|","|switch|p1a: Hoopa-Unbound|Hoopa-Unbound|88/301","|turn|22","|","|move|p1a: Hoopa-Unbound|Focus Blast|p2a: Ferrothorn|[miss]","|-miss|p1a: Hoopa-Unbound|p2a: Ferrothorn","|move|p2a: Ferrothorn|Gyro Ball|p1a: Hoopa-Unbound","|-damage|p1a: Hoopa-Unbound|0 fnt","|faint|p1a: Hoopa-Unbound","|","|","|switch|p1a: Sableye|Sableye, F|49/304","|turn|23","|","|move|p1a: Sableye|Will-O-Wisp|p2a: Ferrothorn|[miss]","|-miss|p1a: Sableye|p2a: Ferrothorn","|move|p2a: Ferrothorn|Gyro Ball|p1a: Sableye","|-damage|p1a: Sableye|0 fnt","|faint|p1a: Sableye","|","|","|switch|p1a: Mandibuzz|Mandibuzz, F|424/424","|turn|24","|","|move|p1a: Mandibuzz|Foul Play|p2a: Ferrothorn","|-damage|p2a: Ferrothorn|99/352","|-damage|p1a: Mandibuzz|371/424|[from] ability: Iron Barbs|[of] p2a: Ferrothorn","|-damage|p1a: Mandibuzz|301/424|[from] item: Rocky Helmet|[of] p2a: Ferrothorn","|move|p2a: Ferrothorn|Leech Seed|p1a: Mandibuzz","|-start|p1a: Mandibuzz|move: Leech Seed","|","|-damage|p1a: Mandibuzz|248/424|[from] Leech Seed|[of] p2a: Ferrothorn","|-heal|p2a: Ferrothorn|152/352|[silent]","|turn|25","|","|move|p1a: Mandibuzz|Foul Play|p2a: Ferrothorn","|-crit|p2a: Ferrothorn","|-damage|p2a: Ferrothorn|0 fnt","|-damage|p1a: Mandibuzz|195/424|[from] ability: Iron Barbs|[of] p2a: Ferrothorn","|-damage|p1a: Mandibuzz|125/424|[from] item: Rocky Helmet|[of] p2a: Ferrothorn","|faint|p2a: Ferrothorn","|","|","|switch|p2a: Rotom-Mow|Rotom-Mow|229/303 brn","|turn|26","|","|move|p2a: Rotom-Mow|Thunderbolt|p1a: Mandibuzz","|-supereffective|p1a: Mandibuzz","|-damage|p1a: Mandibuzz|0 fnt","|faint|p1a: Mandibuzz","|","|-damage|p2a: Rotom-Mow|192/303 brn|[from] brn","|","|switch|p1a: Absol|Absol-Mega, F|271/271","|turn|27","|","|move|p1a: Absol|Knock Off|p2a: Rotom-Mow","|-damage|p2a: Rotom-Mow|14/303 brn","|-enditem|p2a: Rotom-Mow|Weakness Policy|[from] move: Knock Off|[of] p1a: Absol","|move|p2a: Rotom-Mow|Thunderbolt|p1a: Absol","|-damage|p1a: Absol|100/271","|","|-damage|p2a: Rotom-Mow|0 fnt|[from] brn","|faint|p2a: Rotom-Mow","|","|switch|p2a: Shiftry|Shiftry, M|321/321","|turn|28","|","|move|p2a: Shiftry|Sucker Punch|p1a: Absol","|-resisted|p1a: Absol","|-damage|p1a: Absol|0 fnt","|-damage|p2a: Shiftry|289/321|[from] item: Life Orb","|faint|p1a: Absol","|","|win|V Photon"],"p1rating":{"entryid":"56288","serverid":"eos","formatid":"monotype","userid":"jake1079","username":"Jake1079","w":"11","l":18,"t":"0","gxe":41.7,"r":"1449.4500048155","rd":"63.441703864907","sigma":"0","rptime":"1440234000","rpr":1435.9251931376,"rprd":62.550429109316,"rpsigma":"0","acre":1011.143066307,"lacre":1011.143066307,"oldacre":"1026.1017833571"},"p2rating":{"entryid":"24749","serverid":"eos","formatid":"monotype","userid":"vphoton","username":"V Photon - ⓈⓁⒺⒺⓅ","w":2,"l":"8","t":"0","gxe":34.3,"r":"1355.9239025717","rd":"93.282947122814","sigma":"0","rptime":"1440234000","rpr":1374.0873980226,"rprd":88.481125990151,"rpsigma":"0","acre":1042.9994379806,"lacre":1042.9994379806,"oldacre":"1000"},"endType":"normal"}