{"seed":[23269,3144,47264,22540],"turns":28,"p1":"key7","p2":"alpha vodoom","p1team":[{"name":"Aggron","species":"Aggron","item":"lifeorb","ability":"Rock Head","moves":["rockpolish","headsmash","ironhead","earthquake"],"nature":"Adamant","evs":{"hp":0,"atk":252,"def":0,"spa":0,"spd":4,"spe":252},"ivs":{"hp":31,"atk":31,"def":31,"spa":31,"spd":31,"spe":31}},{"name":"Scizor","species":"Scizor","item":"scizorite","ability":"Technician","moves":["swordsdance","xscissor","bulletpunch","roost"],"nature":"Adamant","evs":{"hp":248,"atk":252,"def":0,"spa":0,"spd":8,"spe":0},"ivs":{"hp":31,"atk":31,"def":31,"spa":31,"spd":31,"spe":31}},{"name":"Lucario","species":"Lucario","item":"focussash","ability":"Inner Focus","moves":["nastyplot","aurasphere","flashcannon","vacuumwave"],"nature":"Timid","evs":{"hp":0,"atk":0,"def":0,"spa":252,"spd":4,"spe":252},"ivs":{"hp":31,"atk":31,"def":31,"spa":31,"spd":31,"spe":31}},{"name":"Heatran","species":"Heatran","item":"airballoon","ability":"Flash Fire","moves":["fireblast","flashcannon","earthpower","protect"],"nature":"Modest","evs":{"hp":240,"atk":0,"def":0,"spa":252,"spd":8,"spe":8},"ivs":{"hp":31,"atk":31,"def":31,"spa":31,"spd":31,"spe":31}},{"name":"Skarmory","species":"Skarmory","item":"leftovers","ability":"Sturdy","moves":["spikes","toxic","protect","bravebird"],"nature":"Impish","evs":{"hp":252,"atk":0,"def":232,"spa":0,"spd":0,"spe":24},"ivs":{"hp":31,"atk":31,"def":31,"spa":31,"spd":31,"spe":31}},{"name":"Registeel","species":"Registeel","item":"leftovers","ability":"Clear Body","moves":["stealthrock","protect","toxic","seismictoss"],"nature":"Calm","evs":{"hp":252,"atk":0,"def":4,"spa":0,"spd":252,"spe":0},"ivs":{"hp":31,"atk":31,"def":31,"spa":31,"spd":31,"spe":31}}],"p2team":[{"name":"Tentacruel","species":"Tentacruel","item":"blacksludge","ability":"Liquid Ooze","moves":["acidspray","rapidspin","sludgewave","scald"],"nature":"Calm","evs":{"hp":252,"atk":0,"def":0,"spa":4,"spd":252,"spe":0},"ivs":{"hp":31,"atk":31,"def":31,"spa":31,"spd":31,"spe":31}},{"name":"Swampert","species":"Swampert","item":"swampertite","ability":"Torrent","moves":["waterfall","icepunch","earthquake","superpower"],"nature":"Adamant","evs":{"hp":4,"atk":252,"def":0,"spa":0,"spd":0,"spe":252},"ivs":{"hp":31,"atk":31,"def":31,"spa":31,"spd":31,"spe":31}},{"name":"Azumarill","species":"Azumarill","item":"choiceband","ability":"Huge Power","moves":["waterfall","aquajet","icepunch","playrough"],"nature":"Adamant","evs":{"hp":32,"atk":252,"def":0,"spa":0,"spd":0,"spe":224},"ivs":{"hp":31,"atk":31,"def":31,"spa":31,"spd":31,"spe":31}},{"name":"Starmie","species":"Starmie","item":"lifeorb","ability":"Natural Cure","moves":["icebeam","psychic","scald","thunderbolt"],"nature":"Timid","evs":{"hp":0,"atk":0,"def":0,"spa":252,"spd":4,"spe":252},"ivs":{"hp":31,"atk":31,"def":31,"spa":31,"spd":31,"spe":31}},{"name":"Politoed","species":"Politoed","item":"choicescarf","ability":"Drizzle","moves":["hydropump","icebeam","encore","perishsong"],"nature":"Timid","evs":{"hp":0,"atk":0,"def":0,"spa":252,"spd":4,"spe":252},"ivs":{"hp":31,"atk":31,"def":31,"spa":31,"spd":31,"spe":31}},{"name":"Ludicolo","species":"Ludicolo","item":"lifeorb","ability":"Swift Swim","moves":["gigadrain","icebeam","focusblast","surf"],"nature":"Modest","evs":{"hp":0,"atk":0,"def":0,"spa":252,"spd":4,"spe":252},"ivs":{"hp":31,"atk":31,"def":31,"spa":31,"spd":31,"spe":31}}],"log":["|player|p1|key7|key7.png","|player|p2|alpha vodoom|102","|gametype|singles","|gen|6","|tier|Monotype","|rated","|rule|Baton Pass Clause: Limit one Baton Passer, can't pass Spe and other stats simultaneously","|rule|Swagger Clause: Swagger is banned","|rule|Same Type Clause: Pokémon in a team must share a type","|clearpoke","|poke|p1|Aggron, F","|poke|p1|Scizor, M","|poke|p1|Lucario, F","|poke|p1|Heatran, M","|poke|p1|Skarmory, M","|poke|p1|Registeel","|poke|p2|Tentacruel, M","|poke|p2|Swampert, M","|poke|p2|Azumarill, F","|poke|p2|Starmie","|poke|p2|Politoed, M","|poke|p2|Ludicolo, F","|rule|Sleep Clause Mod: Limit one foe put to sleep","|rule|Species Clause: Limit one of each Pokémon","|rule|OHKO Clause: OHKO moves are banned","|rule|Moody Clause: Moody is banned","|rule|Evasion Moves Clause: Evasion moves are banned","|rule|Endless Battle Clause: Forcing endless battles is banned","|rule|HP Percentage Mod: HP is shown in percentages","|teampreview","|","|start","|switch|p1a: Registeel|Registeel|364/364","|switch|p2a: Politoed|Politoed, M|321/321","|-weather|RainDance","|turn|1","|","|move|p2a: Politoed|Hydro Pump|p1a: Registeel|[miss]","|-miss|p2a: Politoed|p1a: Registeel","|move|p1a: Registeel|Toxic|p2a: Politoed","|-status|p2a: Politoed|tox","|","|-weather|RainDance|[upkeep]","|-damage|p2a: Politoed|301/321 tox|[from] psn","|turn|2","|","|move|p1a: Registeel|Protect|p1a: Registeel","|-singleturn|p1a: Registeel|Protect","|move|p2a: Politoed|Hydro Pump|p1a: Registeel","|-activate|p1a: Registeel|Protect","|","|-weather|RainDance|[upkeep]","|-damage|p2a: Politoed|261/321 tox|[from] psn","|turn|3","|","|move|p2a: Politoed|Hydro Pump|p1a: Registeel|[miss]","|-miss|p2a: Politoed|p1a: Registeel","|move|p1a: Registeel|Stealth Rock|p2a: Politoed","|-sidestart|p2: alpha vodoom|move: Stealth Rock","|","|-weather|RainDance|[upkeep]","|-damage|p2a: Politoed|201/321 tox|[from] psn","|turn|4","|","|switch|p2a: Ludicolo|Ludicolo, F|301/301","|-damage|p2a: Ludicolo|264/301|[from] Stealth Rock","|move|p1a: Registeel|Protect|p1a: Registeel","|-fail|p1a: Registeel","|","|-weather|RainDance|[upkeep]","|turn|5","|","|move|p1a: Registeel|Protect|p1a: Registeel","|-singleturn|p1a: Registeel|Protect","|move|p2a: Ludicolo|Surf|p1a: Registeel","|-activate|p1a: Registeel|Protect","|","|-weather|none","|turn|6","|","|move|p2a: Ludicolo|Focus Blast|p1a: Registeel","|-supereffective|p1a: Registeel","|-damage|p1a: Registeel|198/364","|-damage|p2a: Ludicolo|234/301|[from] item: Life Orb","|move|p1a: Registeel|Toxic|p2a: Ludicolo","|-status|p2a: Ludicolo|tox","|","|-heal|p1a: Registeel|220/364|[from] item: Leftovers","|-damage|p2a: Ludicolo|216/301 tox|[from] psn","|turn|7","|","|switch|p2a: Tentacruel|Tentacruel, M|364/364","|-damage|p2a: Tentacruel|319/364|[from] Stealth Rock","|move|p1a: Registeel|Seismic Toss|p2a: Tentacruel","|-damage|p2a: Tentacruel|219/364","|","|-heal|p2a: Tentacruel|241/364|[from] item: Black Sludge","|-heal|p1a: Registeel|242/364|[from] item: Leftovers","|turn|8","|","|move|p2a: Tentacruel|Scald|p1a: Registeel","|-damage|p1a: Registeel|202/364","|-status|p1a: Registeel|brn","|move|p1a: Registeel|Seismic Toss|p2a: Tentacruel","|-damage|p2a: Tentacruel|141/364","|","|-heal|p2a: Tentacruel|163/364|[from] item: Black Sludge","|-heal|p1a: Registeel|224/364 brn|[from] item: Leftovers","|-damage|p1a: Registeel|179/364 brn|[from] brn","|turn|9","|","|switch|p2a: Swampert|Swampert, M|342/342","|-damage|p2a: Swampert|321/342|[from] Stealth Rock","|move|p1a: Registeel|Seismic Toss|p2a: Swampert","|-damage|p2a: Swampert|221/342","|","|-heal|p1a: Registeel|201/364 brn|[from] item: Leftovers","|-damage|p1a: Registeel|156/364 brn|[from] brn","|turn|10","|","|detailschange|p2a: Swampert|Swampert-Mega, M","|-mega|p2a: Swampert|Swampert|Swampertite","|move|p2a: Swampert|Waterfall|p1a: Registeel","|-damage|p1a: Registeel|30/364 brn","|move|p1a: Registeel|Toxic|p2a: Swampert|[miss]","|-miss|p1a: Registeel|p2a: Swampert","|","|-heal|p1a: Registeel|52/364 brn|[from] item: Leftovers","|-damage|p1a: Registeel|7/364 brn|[from] brn","|turn|11","|","|move|p2a: Swampert|Waterfall|p1a: Registeel","|-damage|p1a: Registeel|0 fnt","|faint|p1a: Registeel","|","|","|switch|p1a: Skarmory|Skarmory, M|334/334","|turn|12","|","|switch|p2a: Politoed|Politoed, M|201/321 tox","|-damage|p2a: Politoed|161/321 tox|[from] Stealth Rock","|-weather|RainDance","|move|p1a: Skarmory|Toxic|p2a: Politoed","|-fail|p2a: Politoed|tox","|","|-weather|RainDance|[upkeep]","|-damage|p2a: Politoed|141/321 tox|[from] psn","|turn|13","|","|move|p1a: Skarmory|Protect|p1a: Skarmory","|-singleturn|p1a: Skarmory|Protect","|move|p2a: Politoed|Hydro Pump|p1a: Skarmory","|-activate|p1a: Skarmory|Protect","|","|-weather|RainDance|[upkeep]","|-damage|p2a: Politoed|101/321 tox|[from] psn","|turn|14","|","|switch|p2a: Ludicolo|Ludicolo, F|216/301 tox","|-damage|p2a: Ludicolo|179/301 tox|[from] Stealth Rock","|switch|p1a: Aggron|Aggron, F|281/281","|","|-weather|RainDance|[upkeep]","|-damage|p2a: Ludicolo|161/301 tox|[from] psn","|turn|15","|","|move|p2a: Ludicolo|Surf|p1a: Aggron","|-supereffective|p1a: Aggron","|-damage|p1a: Aggron|0 fnt","|-damage|p2a: Ludicolo|131/301 tox|[from] item: Life Orb","|faint|p1a: Aggron","|","|-weather|RainDance|[upkeep]","|-damage|p2a: Ludicolo|95/301 tox|[from] psn","|","|switch|p1a: Skarmory|Skarmory, M|334/334","|turn|16","|","|switch|p2a: Tentacruel|Tentacruel, M|163/364","|-damage|p2a: Tentacruel|118/364|[from] Stealth Rock","|move|p1a: Skarmory|Protect|p1a: Skarmory","|-fail|p1a: Skarmory","|","|-weather|none","|-heal|p2a: Tentacruel|140/364|[from] item: Black Sludge","|turn|17","|","|move|p2a: Tentacruel|Scald|p1a: Skarmory","|-damage|p1a: Skarmory|225/334","|move|p1a: Skarmory|Brave Bird|p2a: Tentacruel","|-damage|p2a: Tentacruel|0 fnt","|-damage|p1a: Skarmory|179/334|[from] recoil|[of] p2a: Tentacruel","|faint|p2a: Tentacruel","|","|-heal|p1a: Skarmory|199/334|[from] item: Leftovers","|","|switch|p2a: Starmie|Starmie|261/261","|-damage|p2a: Starmie|229/261|[from] Stealth Rock","|turn|18","|","|move|p2a: Starmie|Scald|p1a: Skarmory","|-damage|p1a: Skarmory|0 fnt","|-damage|p2a: Starmie|203/261|[from] item: Life Orb","|faint|p1a: Skarmory","|","|","|switch|p1a: Heatran|Heatran, M|383/383","|-item|p1a: Heatran|Air Balloon","|turn|19","|","|move|p2a: Starmie|Scald|p1a: Heatran","|-supereffective|p1a: Heatran","|-damage|p1a: Heatran|68/383","|-enditem|p1a: Heatran|Air Balloon","|-damage|p2a: Starmie|177/261|[from] item: Life Orb","|move|p1a: Heatran|Earth Power|p2a: Starmie","|-damage|p2a: Starmie|37/261","|","|turn|20","|","|move|p2a: Starmie|Scald|p1a: Heatran","|-supereffective|p1a: Heatran","|-damage|p1a: Heatran|0 fnt","|-damage|p2a: Starmie|11/261|[from] item: Life Orb","|faint|p1a: Heatran","|","|","|switch|p1a: Scizor|Scizor, M|343/343","|turn|21","|","|detailschange|p1a: Scizor|Scizor-Mega, M","|-mega|p1a: Scizor|Scizor|Scizorite","|move|p1a: Scizor|Bullet Punch|p2a: Starmie","|-resisted|p2a: Starmie","|-damage|p2a: Starmie|0 fnt","|faint|p2a: Starmie","|","|","|switch|p2a: Politoed|Politoed, M|101/321 tox","|-damage|p2a: Politoed|61/321 tox|[from] Stealth Rock","|-weather|RainDance","|turn|22","|","|move|p1a: Scizor|Bullet Punch|p2a: Politoed","|-resisted|p2a: Politoed","|-damage|p2a: Politoed|0 fnt","|faint|p2a: Politoed","|","|-weather|RainDance|[upkeep]","|","|switch|p2a: Swampert|Swampert-Mega, M|221/342","|-damage|p2a: Swampert|200/342|[from] Stealth Rock","|turn|23","|","|move|p2a: Swampert|Waterfall|p1a: Scizor","|-damage|p1a: Scizor|147/343","|move|p1a: Scizor|X-Scissor|p2a: Swampert","|-damage|p2a: Swampert|32/342","|","|-weather|RainDance|[upkeep]","|turn|24","|","|move|p1a: Scizor|Bullet Punch|p2a: Swampert","|-resisted|p2a: Swampert","|-damage|p2a: Swampert|0 fnt","|faint|p2a: Swampert","|","|-weather|RainDance|[upkeep]","|","|switch|p2a: Azumarill|Azumarill, F|349/349","|-damage|p2a: Azumarill|306/349|[from] Stealth Rock","|turn|25","|","|move|p2a: Azumarill|Waterfall|p1a: Scizor","|-damage|p1a: Scizor|0 fnt","|faint|p1a: Scizor","|","|-weather|RainDance|[upkeep]","|","|switch|p1a: Lucario|Lucario, F|281/281","|turn|26","|","|move|p1a: Lucario|Flash Cannon|p2a: Azumarill","|-damage|p2a: Azumarill|138/349","|move|p2a: Azumarill|Waterfall|p1a: Lucario","|-enditem|p1a: Lucario|Focus Sash","|-damage|p1a: Lucario|1/281","|","|-weather|none","|turn|27","|","|switch|p2a: Ludicolo|Ludicolo, F|95/301 tox","|-damage|p2a: Ludicolo|58/301 tox|[from] Stealth Rock","|move|p1a: Lucario|Flash Cannon|p2a: Ludicolo","|-resisted|p2a: Ludicolo","|-damage|p2a: Ludicolo|0 fnt","|faint|p2a: Ludicolo","|","|","|switch|p2a: Azumarill|Azumarill, F|138/349","|-damage|p2a: Azumarill|95/349|[from] Stealth Rock","|turn|28","|","|move|p1a: Lucario|Vacuum Wave|p2a: Azumarill","|-resisted|p2a: Azumarill","|-damage|p2a: Azumarill|57/349","|move|p2a: Azumarill|Aqua Jet|p1a: Lucario","|-damage|p1a: Lucario|0 fnt","|faint|p1a: Lucario","|","|win|alpha vodoom"],"p1rating":{"entryid":"188976","serverid":"eos","formatid":"monotype","userid":"key7","username":"key7","w":"14","l":9,"t":"0","gxe":61.1,"r":"1573.5569175671","rd":"72.895405283569","sigma":"0","rptime":"1440234000","rpr":1586.1577588988,"rprd":67.978840205228,"rpsigma":"0","acre":1144.1343492995,"lacre":1144.1343492995,"oldacre":"1178.1840593911"},"p2rating":{"entryid":"214259","serverid":"eos","formatid":"monotype","userid":"alphavodoom","username":"Alpha α Vodoom","w":5,"l":"6","t":"0","gxe":50,"r":"1474.0257703446","rd":"87.564573761156","sigma":"0","rptime":"1440234000","rpr":1499.9305086293,"rprd":85.218037195073,"rpsigma":"0","acre":1091.4367981241,"lacre":1091.4367981241,"oldacre":"1046.4461244023"},"endType":"normal"}