{"seed":[34509,9484,33570,10294],"turns":21,"p1":"I ONLY USE CARNIE","p2":"Rain Mistral","p1team":[{"name":"Gengar","species":"Gengar","item":"lifeorb","ability":"Levitate","moves":["sludgebomb","shadowball","thunderbolt","focusblast"],"nature":"","evs":{"hp":0,"atk":0,"def":0,"spa":0,"spd":0,"spe":0},"ivs":{"hp":31,"atk":31,"def":31,"spa":31,"spd":31,"spe":31}},{"name":"Venusaur","species":"Venusaur","item":"venusaurite","ability":"Overgrow","moves":["leechseed","sludgebomb","gigadrain","synthesis"],"nature":"Calm","evs":{"hp":248,"atk":0,"def":0,"spa":8,"spd":252,"spe":0},"ivs":{"hp":31,"atk":31,"def":31,"spa":31,"spd":31,"spe":31}},{"name":"Nidoqueen","species":"Nidoqueen","item":"lifeorb","ability":"Sheer Force","moves":["sludgewave","earthpower","fireblast","icebeam"],"nature":"","evs":{"hp":0,"atk":0,"def":0,"spa":0,"spd":0,"spe":0},"ivs":{"hp":31,"atk":31,"def":31,"spa":31,"spd":31,"spe":31}},{"name":"Dragalge","species":"Dragalge","item":"lifeorb","ability":"Adaptability","moves":["dracometeor","sludgewave","focusblast","scald"],"nature":"Modest","evs":{"hp":248,"atk":0,"def":0,"spa":252,"spd":8,"spe":0},"ivs":{"hp":31,"atk":31,"def":31,"spa":31,"spd":31,"spe":31}},{"name":"Tentacruel","species":"Tentacruel","item":"blacksludge","ability":"Clear Body","moves":["toxicspikes","sludgebomb","scald","rapidspin"],"nature":"Timid","evs":{"hp":0,"atk":0,"def":0,"spa":252,"spd":4,"spe":252},"ivs":{"hp":31,"atk":31,"def":31,"spa":31,"spd":31,"spe":31}},{"name":"Toxicroak","species":"Toxicroak","item":"blacksludge","ability":"Poison Touch","moves":["brickbreak","gunkshot","bulletpunch","earthquake"],"nature":"Adamant","evs":{"hp":252,"atk":252,"def":0,"spa":0,"spd":4,"spe":0},"ivs":{"hp":31,"atk":31,"def":31,"spa":31,"spd":31,"spe":31}}],"p2team":[{"name":"Reshi's Keys","species":"klefki","item":"lightclay","ability":"Prankster","moves":["reflect","lightscreen","thunderwave","foulplay"],"nature":"Bold","evs":{"hp":248,"atk":0,"def":252,"spa":0,"spd":8,"spe":0},"gender":"F","ivs":{"hp":31,"atk":31,"def":31,"spa":31,"spd":31,"spe":31}},{"name":"Reshi's Astra","species":"clefable","item":"leftovers","ability":"Magic Guard","moves":["softboiled","moonblast","calmmind","flamethrower"],"nature":"Bold","evs":{"hp":252,"atk":0,"def":252,"spa":4,"spd":0,"spe":0},"gender":"F","ivs":{"hp":31,"atk":31,"def":31,"spa":30,"spd":30,"spe":31},"shiny":true},{"name":"Reshi's Shiawase","species":"togekiss","item":"choicescarf","ability":"Serene Grace","moves":["airslash","aurasphere","flamethrower","dazzlinggleam"],"nature":"Timid","evs":{"hp":4,"atk":0,"def":0,"spa":252,"spd":0,"spe":252},"gender":"M","shiny":true,"ivs":{"hp":31,"atk":31,"def":31,"spa":31,"spd":31,"spe":31}},{"name":"Reshi's Bobbles","species":"mrmime","item":"weaknesspolicy","ability":"Filter","moves":["batonpass","calmmind","barrier","magiccoat"],"nature":"Bold","evs":{"hp":248,"atk":0,"def":252,"spa":0,"spd":8,"spe":0},"gender":"M","ivs":{"hp":31,"atk":31,"def":31,"spa":31,"spd":30,"spe":31},"shiny":true},{"name":"Reshi's Dots","species":"azumarill","item":"sitrusberry","ability":"Huge Power","moves":["aquajet","playrough","bellydrum","knockoff"],"nature":"Adamant","evs":{"hp":94,"atk":252,"def":0,"spa":0,"spd":4,"spe":158},"gender":"F","ivs":{"hp":31,"atk":31,"def":31,"spa":31,"spd":31,"spe":31}},{"name":"Reshi's Rosa","species":"gardevoir","item":"gardevoirite","ability":"Trace","moves":["hiddenpowerground","focusblast","thunderbolt","hypervoice"],"nature":"Timid","evs":{"hp":0,"atk":0,"def":0,"spa":252,"spd":4,"spe":252},"gender":"F","ivs":{"hp":31,"atk":31,"def":31,"spa":30,"spd":30,"spe":31}}],"log":["|player|p1|I ONLY USE CARNIE|146","|player|p2|Rain Mistral|52","|gametype|singles","|gen|6","|tier|Monotype","|rated","|rule|Baton Pass Clause: Limit one Baton Passer, can't pass Spe and other stats simultaneously","|rule|Swagger Clause: Swagger is banned","|rule|Same Type Clause: Pokémon in a team must share a type","|clearpoke","|poke|p1|Gengar, M","|poke|p1|Venusaur, M","|poke|p1|Nidoqueen, F","|poke|p1|Dragalge, F","|poke|p1|Tentacruel, F","|poke|p1|Toxicroak, M","|poke|p2|Klefki, F","|poke|p2|Clefable, F, shiny","|poke|p2|Togekiss, M, shiny","|poke|p2|Mr. Mime, M, shiny","|poke|p2|Azumarill, F","|poke|p2|Gardevoir, F","|rule|Sleep Clause Mod: Limit one foe put to sleep","|rule|Species Clause: Limit one of each Pokémon","|rule|OHKO Clause: OHKO moves are banned","|rule|Moody Clause: Moody is banned","|rule|Evasion Moves Clause: Evasion moves are banned","|rule|Endless Battle Clause: Forcing endless battles is banned","|rule|HP Percentage Mod: HP is shown in percentages","|teampreview","|","|start","|switch|p1a: Nidoqueen|Nidoqueen, F|321/321","|switch|p2a: Reshi's Bobbles|Mr. Mime, M, shiny|283/283","|turn|1","|","|move|p2a: Reshi's Bobbles|Calm Mind|p2a: Reshi's Bobbles","|-boost|p2a: Reshi's Bobbles|spa|1","|-boost|p2a: Reshi's Bobbles|spd|1","|move|p1a: Nidoqueen|Sludge Wave|p2a: Reshi's Bobbles","|-supereffective|p2a: Reshi's Bobbles","|-damage|p2a: Reshi's Bobbles|148/283","|-enditem|p2a: Reshi's Bobbles|Weakness Policy","|-boost|p2a: Reshi's Bobbles|atk|2|[from] item: Weakness Policy","|-boost|p2a: Reshi's Bobbles|spa|2|[from] item: Weakness Policy","|","|turn|2","|","|move|p2a: Reshi's Bobbles|Baton Pass|p2a: Reshi's Bobbles","|","|switch|p2a: Reshi's Shiawase|Togekiss, M, shiny|312/312","|move|p1a: Nidoqueen|Sludge Wave|p2a: Reshi's Shiawase","|-supereffective|p2a: Reshi's Shiawase","|-damage|p2a: Reshi's Shiawase|125/312","|","|turn|3","|","|move|p2a: Reshi's Shiawase|Air Slash|p1a: Nidoqueen","|-damage|p1a: Nidoqueen|0 fnt","|faint|p1a: Nidoqueen","|","|","|switch|p1a: Toxicroak|Toxicroak, M|370/370","|turn|4","|","|move|p1a: Toxicroak|Bullet Punch|p2a: Reshi's Shiawase","|-supereffective|p2a: Reshi's Shiawase","|-damage|p2a: Reshi's Shiawase|35/312","|move|p2a: Reshi's Shiawase|Air Slash|p1a: Toxicroak","|-supereffective|p1a: Toxicroak","|-damage|p1a: Toxicroak|0 fnt","|faint|p1a: Toxicroak","|","|","|switch|p1a: Gengar|Gengar, M|261/261","|turn|5","|","|move|p2a: Reshi's Shiawase|Air Slash|p1a: Gengar","|-damage|p1a: Gengar|0 fnt","|faint|p1a: Gengar","|","|","|switch|p1a: Tentacruel|Tentacruel, F|301/301","|turn|6","|","|move|p2a: Reshi's Shiawase|Air Slash|p1a: Tentacruel","|-damage|p1a: Tentacruel|16/301","|move|p1a: Tentacruel|Sludge Bomb|p2a: Reshi's Shiawase","|-supereffective|p2a: Reshi's Shiawase","|-damage|p2a: Reshi's Shiawase|0 fnt","|faint|p2a: Reshi's Shiawase","|","|-heal|p1a: Tentacruel|34/301|[from] item: Black Sludge","|","|switch|p2a: Reshi's Rosa|Gardevoir, F|277/277","|-ability|p2a: Reshi's Rosa|Clear Body|[from] ability: Trace|[of] p1a: Tentacruel","|turn|7","|","|detailschange|p2a: Reshi's Rosa|Gardevoir-Mega, F","|-mega|p2a: Reshi's Rosa|Gardevoir|Gardevoirite","|move|p1a: Tentacruel|Sludge Bomb|p2a: Reshi's Rosa","|-supereffective|p2a: Reshi's Rosa","|-damage|p2a: Reshi's Rosa|83/277","|move|p2a: Reshi's Rosa|Thunderbolt|p1a: Tentacruel","|-supereffective|p1a: Tentacruel","|-damage|p1a: Tentacruel|0 fnt","|faint|p1a: Tentacruel","|","|","|switch|p1a: Dragalge|Dragalge, F|333/333","|turn|8","|","|move|p2a: Reshi's Rosa|Hyper Voice|p1a: Dragalge","|-damage|p1a: Dragalge|113/333","|move|p1a: Dragalge|Sludge Wave|p2a: Reshi's Rosa","|-supereffective|p2a: Reshi's Rosa","|-damage|p2a: Reshi's Rosa|0 fnt","|-damage|p1a: Dragalge|80/333|[from] item: Life Orb","|faint|p2a: Reshi's Rosa","|","|","|switch|p2a: Reshi's Bobbles|Mr. Mime, M, shiny|148/283","|turn|9","|","|move|p2a: Reshi's Bobbles|Calm Mind|p2a: Reshi's Bobbles","|-boost|p2a: Reshi's Bobbles|spa|1","|-boost|p2a: Reshi's Bobbles|spd|1","|move|p1a: Dragalge|Sludge Wave|p2a: Reshi's Bobbles","|-supereffective|p2a: Reshi's Bobbles","|-damage|p2a: Reshi's Bobbles|0 fnt","|-damage|p1a: Dragalge|47/333|[from] item: Life Orb","|faint|p2a: Reshi's Bobbles","|","|","|switch|p2a: Reshi's Keys|Klefki, F|317/317","|turn|10","|","|move|p2a: Reshi's Keys|Foul Play|p1a: Dragalge","|-damage|p1a: Dragalge|0 fnt","|faint|p1a: Dragalge","|","|","|switch|p1a: Venusaur|Venusaur, M|363/363","|turn|11","|","|detailschange|p1a: Venusaur|Venusaur-Mega, M","|-mega|p1a: Venusaur|Venusaur|Venusaurite","|move|p2a: Reshi's Keys|Light Screen|p2a: Reshi's Keys","|-sidestart|p2: Rain Mistral|move: Light Screen","|move|p1a: Venusaur|Leech Seed|p2a: Reshi's Keys","|-start|p2a: Reshi's Keys|move: Leech Seed","|","|-damage|p2a: Reshi's Keys|278/317|[from] Leech Seed|[of] p1a: Venusaur","|turn|12","|","|move|p2a: Reshi's Keys|Thunder Wave|p1a: Venusaur","|-status|p1a: Venusaur|par","|move|p1a: Venusaur|Giga Drain|p2a: Reshi's Keys","|-resisted|p2a: Reshi's Keys","|-damage|p2a: Reshi's Keys|248/317","|","|-damage|p2a: Reshi's Keys|209/317|[from] Leech Seed|[of] p1a: Venusaur","|turn|13","|","|switch|p2a: Reshi's Astra|Clefable, F, shiny|394/394","|move|p1a: Venusaur|Giga Drain|p2a: Reshi's Astra","|-damage|p2a: Reshi's Astra|338/394","|","|-heal|p2a: Reshi's Astra|362/394|[from] item: Leftovers","|turn|14","|","|move|p2a: Reshi's Astra|Calm Mind|p2a: Reshi's Astra","|-boost|p2a: Reshi's Astra|spa|1","|-boost|p2a: Reshi's Astra|spd|1","|move|p1a: Venusaur|Sludge Bomb|p2a: Reshi's Astra","|-supereffective|p2a: Reshi's Astra","|-damage|p2a: Reshi's Astra|271/394","|-status|p2a: Reshi's Astra|psn","|","|-heal|p2a: Reshi's Astra|295/394 psn|[from] item: Leftovers","|turn|15","|","|move|p2a: Reshi's Astra|Calm Mind|p2a: Reshi's Astra","|-boost|p2a: Reshi's Astra|spa|1","|-boost|p2a: Reshi's Astra|spd|1","|move|p1a: Venusaur|Sludge Bomb|p2a: Reshi's Astra","|-supereffective|p2a: Reshi's Astra","|-damage|p2a: Reshi's Astra|222/394 psn","|","|-heal|p2a: Reshi's Astra|246/394 psn|[from] item: Leftovers","|turn|16","|","|move|p2a: Reshi's Astra|Calm Mind|p2a: Reshi's Astra","|-boost|p2a: Reshi's Astra|spa|1","|-boost|p2a: Reshi's Astra|spd|1","|cant|p1a: Venusaur|par","|","|-heal|p2a: Reshi's Astra|270/394 psn|[from] item: Leftovers","|turn|17","|","|move|p2a: Reshi's Astra|Calm Mind|p2a: Reshi's Astra","|-boost|p2a: Reshi's Astra|spa|1","|-boost|p2a: Reshi's Astra|spd|1","|move|p1a: Venusaur|Sludge Bomb|p2a: Reshi's Astra","|-supereffective|p2a: Reshi's Astra","|-damage|p2a: Reshi's Astra|221/394 psn","|","|-heal|p2a: Reshi's Astra|245/394 psn|[from] item: Leftovers","|turn|18","|","|move|p2a: Reshi's Astra|Soft-Boiled|p2a: Reshi's Astra","|-heal|p2a: Reshi's Astra|394/394 psn","|cant|p1a: Venusaur|par","|","|-sideend|p2: Rain Mistral|move: Light Screen","|turn|19","|","|move|p2a: Reshi's Astra|Flamethrower|p1a: Venusaur","|-supereffective|p1a: Venusaur","|-damage|p1a: Venusaur|243/363 par","|move|p1a: Venusaur|Sludge Bomb|p2a: Reshi's Astra","|-supereffective|p2a: Reshi's Astra","|-damage|p2a: Reshi's Astra|304/394 psn","|","|-heal|p2a: Reshi's Astra|328/394 psn|[from] item: Leftovers","|turn|20","|","|move|p2a: Reshi's Astra|Flamethrower|p1a: Venusaur","|-supereffective|p1a: Venusaur","|-damage|p1a: Venusaur|123/363 par","|move|p1a: Venusaur|Sludge Bomb|p2a: Reshi's Astra","|-supereffective|p2a: Reshi's Astra","|-damage|p2a: Reshi's Astra|232/394 psn","|","|-heal|p2a: Reshi's Astra|256/394 psn|[from] item: Leftovers","|turn|21","|","|move|p2a: Reshi's Astra|Flamethrower|p1a: Venusaur","|-supereffective|p1a: Venusaur","|-damage|p1a: Venusaur|0 fnt","|faint|p1a: Venusaur","|","|win|Rain Mistral"],"p1rating":{"entryid":"7563861","serverid":"eos","formatid":"monotype","userid":"ionlyusecarnie","username":"I ONLY USE CARNIE","w":"10","l":16,"t":"0","gxe":39.5,"r":"1416.150543545","rd":"70.749511086101","sigma":"0","rptime":"1439456400","rpr":1418.7662031619,"rprd":63.461718782169,"rpsigma":"0","acre":1082.9048877229,"lacre":1082.9048877229,"oldacre":"1109.3805711504"},"p2rating":{"entryid":"7617331","serverid":"eos","formatid":"monotype","userid":"rainmistral","username":"Rain Mistral","w":3,"l":"0","t":"0","gxe":63.2,"r":"1500","rd":"130","sigma":"0","rptime":"1439456400","rpr":1606.9352302899,"rprd":110.68433071099,"rpsigma":"0","acre":1117.095649476,"lacre":1117.095649476,"oldacre":"1088.8485054046"},"endType":"normal"}