{"seed":[59027,24114,53052,17407],"turns":22,"p1":"I ONLY USE CARNIE","p2":"GTX♅Bzumzum","p1team":[{"name":"Ferrothorn","species":"Ferrothorn","item":"leftovers","ability":"Iron Barbs","moves":["stealthrock","leechseed","thunderwave","gyroball"],"nature":"Relaxed","evs":{"hp":252,"atk":4,"def":252,"spa":0,"spd":0,"spe":0},"ivs":{"hp":31,"atk":31,"def":31,"spa":31,"spd":31,"spe":0}},{"name":"Heatran","species":"Heatran","item":"leftovers","ability":"Flash Fire","moves":["protect","fireblast","earthpower","flashcannon"],"nature":"Modest","evs":{"hp":252,"atk":0,"def":0,"spa":252,"spd":4,"spe":0},"ivs":{"hp":31,"atk":31,"def":31,"spa":31,"spd":31,"spe":31}},{"name":"Empoleon","species":"Empoleon","item":"leftovers","ability":"Torrent","moves":["scald","toxic","roar","stealthrock"],"nature":"Calm","evs":{"hp":248,"atk":0,"def":8,"spa":0,"spd":252,"spe":0},"ivs":{"hp":31,"atk":31,"def":31,"spa":31,"spd":31,"spe":31}},{"name":"Scizor","species":"Scizor","item":"scizorite","ability":"Technician","moves":["swordsdance","bulletpunch","bugbite","roost"],"nature":"Careful","evs":{"hp":248,"atk":0,"def":8,"spa":0,"spd":252,"spe":0},"ivs":{"hp":31,"atk":31,"def":31,"spa":31,"spd":31,"spe":31}},{"name":"Lucario","species":"Lucario","item":"lifeorb","ability":"Steadfast","moves":["nastyplot","aurasphere","darkpulse","flashcannon"],"nature":"Timid","evs":{"hp":0,"atk":0,"def":0,"spa":252,"spd":4,"spe":252},"shiny":true,"ivs":{"hp":31,"atk":31,"def":31,"spa":31,"spd":31,"spe":31}},{"name":"Bisharp","species":"Bisharp","item":"lifeorb","ability":"Defiant","moves":["swordsdance","suckerpunch","psychocut","ironhead"],"nature":"Jolly","evs":{"hp":0,"atk":252,"def":0,"spa":0,"spd":4,"spe":252},"ivs":{"hp":31,"atk":31,"def":31,"spa":31,"spd":31,"spe":31}}],"p2team":[{"name":"Elec","species":"manectric","item":"manectite","ability":"Lightning Rod","moves":["thunderbolt","hiddenpowerice","voltswitch","overheat"],"nature":"Timid","evs":{"hp":0,"atk":0,"def":0,"spa":252,"spd":4,"spe":252},"gender":"M","ivs":{"hp":31,"atk":30,"def":30,"spa":31,"spd":31,"spe":31}},{"name":"Water-Safe","species":"rotomwash","item":"chestoberry","ability":"Levitate","moves":["hydropump","hiddenpowerground","willowisp","rest"],"nature":"Calm","evs":{"hp":248,"atk":0,"def":0,"spa":8,"spd":252,"spe":0},"ivs":{"hp":31,"atk":31,"def":31,"spa":30,"spd":30,"spe":31},"shiny":true},{"name":"MY ZONE!!!","species":"magnezone","item":"choicespecs","ability":"Sturdy","moves":["hiddenpowerice","flashcannon","triattack","signalbeam"],"nature":"Modest","evs":{"hp":248,"atk":0,"def":0,"spa":252,"spd":8,"spe":0},"ivs":{"hp":31,"atk":30,"def":30,"spa":31,"spd":31,"spe":31},"shiny":true},{"name":"Lightning","species":"raichu","item":"choicescarf","ability":"Static","moves":["focusblast","voltswitch","grassknot","surf"],"nature":"Modest","evs":{"hp":4,"atk":0,"def":0,"spa":252,"spd":0,"spe":252},"gender":"M","shiny":true,"ivs":{"hp":31,"atk":31,"def":31,"spa":31,"spd":31,"spe":31}},{"name":"Charging-Squirrel","species":"emolga","item":"leftovers","ability":"Static","moves":["encore","roost","airslash","hiddenpowerfire"],"nature":"Timid","evs":{"hp":4,"atk":0,"def":0,"spa":252,"spd":0,"spe":252},"gender":"M","ivs":{"hp":31,"atk":30,"def":31,"spa":30,"spd":31,"spe":30},"shiny":true},{"name":"Plugg-in Failure","species":"electivire","item":"choicescarf","ability":"Vital Spirit","moves":["crosschop","earthquake","icepunch","rockslide"],"nature":"Adamant","evs":{"hp":0,"atk":252,"def":0,"spa":0,"spd":4,"spe":252},"gender":"M","shiny":true,"ivs":{"hp":31,"atk":31,"def":31,"spa":31,"spd":31,"spe":31}}],"log":["|player|p1|I ONLY USE CARNIE|146","|player|p2|GTX♅Bzumzum|225","|gametype|singles","|gen|6","|tier|Monotype","|rated","|rule|Baton Pass Clause: Limit one Baton Passer, can't pass Spe and other stats simultaneously","|rule|Swagger Clause: Swagger is banned","|rule|Same Type Clause: Pokémon in a team must share a type","|clearpoke","|poke|p1|Ferrothorn, F","|poke|p1|Heatran, F","|poke|p1|Empoleon, M","|poke|p1|Scizor, F","|poke|p1|Lucario, M, shiny","|poke|p1|Bisharp, F","|poke|p2|Manectric, M","|poke|p2|Rotom-Wash, shiny","|poke|p2|Magnezone, shiny","|poke|p2|Raichu, M, shiny","|poke|p2|Emolga, M, shiny","|poke|p2|Electivire, M, shiny","|rule|Sleep Clause Mod: Limit one foe put to sleep","|rule|Species Clause: Limit one of each Pokémon","|rule|OHKO Clause: OHKO moves are banned","|rule|Moody Clause: Moody is banned","|rule|Evasion Moves Clause: Evasion moves are banned","|rule|Endless Battle Clause: Forcing endless battles is banned","|rule|HP Percentage Mod: HP is shown in percentages","|teampreview","|","|start","|switch|p1a: Ferrothorn|Ferrothorn, F|352/352","|switch|p2a: Charging-Squirrel|Emolga, M, shiny|252/252","|turn|1","|","|move|p2a: Charging-Squirrel|Hidden Power|p1a: Ferrothorn","|-supereffective|p1a: Ferrothorn","|-damage|p1a: Ferrothorn|180/352","|move|p1a: Ferrothorn|Stealth Rock|p2a: Charging-Squirrel","|-sidestart|p2: GTX♅Bzumzum|move: Stealth Rock","|","|-heal|p1a: Ferrothorn|202/352|[from] item: Leftovers","|turn|2","|","|move|p2a: Charging-Squirrel|Encore|p1a: Ferrothorn","|-start|p1a: Ferrothorn|Encore","|move|p1a: Ferrothorn|Stealth Rock|p2a: Charging-Squirrel","|-fail|p2a: Charging-Squirrel","|","|-heal|p1a: Ferrothorn|224/352|[from] item: Leftovers","|turn|3","|","|switch|p1a: Heatran|Heatran, F|386/386","|move|p2a: Charging-Squirrel|Air Slash|p1a: Heatran","|-resisted|p1a: Heatran","|-damage|p1a: Heatran|340/386","|","|-heal|p1a: Heatran|364/386|[from] item: Leftovers","|turn|4","|","|move|p2a: Charging-Squirrel|Air Slash|p1a: Heatran","|-resisted|p1a: Heatran","|-damage|p1a: Heatran|322/386","|move|p1a: Heatran|Fire Blast|p2a: Charging-Squirrel","|-damage|p2a: Charging-Squirrel|0 fnt","|faint|p2a: Charging-Squirrel","|","|-heal|p1a: Heatran|346/386|[from] item: Leftovers","|","|switch|p2a: Water-Safe|Rotom-Wash, shiny|303/303","|-damage|p2a: Water-Safe|266/303|[from] Stealth Rock","|turn|5","|","|switch|p1a: Empoleon|Empoleon, M|371/371","|move|p2a: Water-Safe|Hidden Power|p1a: Empoleon","|-supereffective|p1a: Empoleon","|-damage|p1a: Empoleon|299/371","|","|-heal|p1a: Empoleon|322/371|[from] item: Leftovers","|turn|6","|","|move|p2a: Water-Safe|Will-O-Wisp|p1a: Empoleon","|-status|p1a: Empoleon|brn","|move|p1a: Empoleon|Roar|p2a: Water-Safe","|drag|p2a: Plugg-in Failure|Electivire, M, shiny|291/291","|-damage|p2a: Plugg-in Failure|255/291|[from] Stealth Rock","|","|-heal|p1a: Empoleon|345/371 brn|[from] item: Leftovers","|-damage|p1a: Empoleon|299/371 brn|[from] brn","|turn|7","|","|move|p2a: Plugg-in Failure|Earthquake|p1a: Empoleon","|-supereffective|p1a: Empoleon","|-damage|p1a: Empoleon|41/371 brn","|move|p1a: Empoleon|Scald|p2a: Plugg-in Failure","|-damage|p2a: Plugg-in Failure|86/291","|-status|p2a: Plugg-in Failure|brn","|","|-heal|p1a: Empoleon|64/371 brn|[from] item: Leftovers","|-damage|p2a: Plugg-in Failure|50/291 brn|[from] brn","|-damage|p1a: Empoleon|18/371 brn|[from] brn","|turn|8","|","|move|p2a: Plugg-in Failure|Earthquake|p1a: Empoleon","|-supereffective|p1a: Empoleon","|-damage|p1a: Empoleon|0 fnt","|faint|p1a: Empoleon","|","|-damage|p2a: Plugg-in Failure|14/291 brn|[from] brn","|","|switch|p1a: Scizor|Scizor, F|343/343","|turn|9","|","|detailschange|p1a: Scizor|Scizor-Mega, F","|-mega|p1a: Scizor|Scizor|Scizorite","|move|p1a: Scizor|Bullet Punch|p2a: Plugg-in Failure","|-resisted|p2a: Plugg-in Failure","|-damage|p2a: Plugg-in Failure|0 fnt","|faint|p2a: Plugg-in Failure","|","|","|switch|p2a: Elec|Manectric, M|281/281","|-damage|p2a: Elec|246/281|[from] Stealth Rock","|turn|10","|","|switch|p1a: Heatran|Heatran, F|346/386","|move|p2a: Elec|Thunderbolt|p1a: Heatran","|-damage|p1a: Heatran|214/386","|","|-heal|p1a: Heatran|238/386|[from] item: Leftovers","|turn|11","|","|detailschange|p2a: Elec|Manectric-Mega, M","|-mega|p2a: Elec|Manectric|Manectite","|-ability|p2a: Elec|Intimidate","|-unboost|p1a: Heatran|atk|1","|move|p2a: Elec|Thunderbolt|p1a: Heatran","|-damage|p1a: Heatran|78/386","|move|p1a: Heatran|Earth Power|p2a: Elec","|-supereffective|p2a: Elec","|-damage|p2a: Elec|0 fnt","|faint|p2a: Elec","|","|-heal|p1a: Heatran|102/386|[from] item: Leftovers","|","|switch|p2a: Lightning|Raichu, M, shiny|262/262","|-damage|p2a: Lightning|230/262|[from] Stealth Rock","|turn|12","|","|move|p2a: Lightning|Focus Blast|p1a: Heatran","|-supereffective|p1a: Heatran","|-damage|p1a: Heatran|0 fnt","|faint|p1a: Heatran","|","|","|switch|p1a: Scizor|Scizor-Mega, F|343/343","|turn|13","|","|move|p2a: Lightning|Focus Blast|p1a: Scizor|[miss]","|-miss|p2a: Lightning|p1a: Scizor","|move|p1a: Scizor|Swords Dance|p1a: Scizor","|-boost|p1a: Scizor|atk|2","|","|turn|14","|","|move|p2a: Lightning|Focus Blast|p1a: Scizor","|-damage|p1a: Scizor|252/343","|move|p1a: Scizor|Swords Dance|p1a: Scizor","|-boost|p1a: Scizor|atk|2","|","|turn|15","|","|move|p2a: Lightning|Focus Blast|p1a: Scizor","|-damage|p1a: Scizor|160/343","|move|p1a: Scizor|Swords Dance|p1a: Scizor","|-boost|p1a: Scizor|atk|2","|","|turn|16","|","|move|p2a: Lightning|Focus Blast|p1a: Scizor","|-crit|p1a: Scizor","|-damage|p1a: Scizor|31/343","|move|p1a: Scizor|Roost|p1a: Scizor","|-heal|p1a: Scizor|203/343","|","|turn|17","|","|move|p2a: Lightning|Focus Blast|p1a: Scizor","|-damage|p1a: Scizor|111/343","|move|p1a: Scizor|Roost|p1a: Scizor","|-heal|p1a: Scizor|283/343","|","|turn|18","|","|switch|p2a: Water-Safe|Rotom-Wash, shiny|266/303","|-damage|p2a: Water-Safe|229/303|[from] Stealth Rock","|move|p1a: Scizor|Bug Bite|p2a: Water-Safe","|-damage|p2a: Water-Safe|0 fnt","|-enditem|p2a: Water-Safe|Chesto Berry|[from] stealeat|[move] Bug Bite|[of] p1a: Scizor","|faint|p2a: Water-Safe","|","|","|switch|p2a: Lightning|Raichu, M, shiny|230/262","|-damage|p2a: Lightning|198/262|[from] Stealth Rock","|turn|19","|","|move|p2a: Lightning|Surf|p1a: Scizor","|-damage|p1a: Scizor|214/343","|move|p1a: Scizor|Bug Bite|p2a: Lightning","|-damage|p2a: Lightning|0 fnt","|-status|p1a: Scizor|par","|faint|p2a: Lightning","|","|","|switch|p2a: MY ZONE!!!|Magnezone, shiny|343/343","|-damage|p2a: MY ZONE!!!|322/343|[from] Stealth Rock","|turn|20","|","|move|p2a: MY ZONE!!!|Tri Attack|p1a: Scizor","|-crit|p1a: Scizor","|-resisted|p1a: Scizor","|-damage|p1a: Scizor|133/343 par","|move|p1a: Scizor|Bug Bite|p2a: MY ZONE!!!","|-resisted|p2a: MY ZONE!!!","|-damage|p2a: MY ZONE!!!|66/343","|","|turn|21","|","|cant|p1a: Scizor|par","|move|p2a: MY ZONE!!!|Tri Attack|p1a: Scizor","|-resisted|p1a: Scizor","|-damage|p1a: Scizor|76/343 par","|","|turn|22","|","|move|p1a: Scizor|Bullet Punch|p2a: MY ZONE!!!","|-resisted|p2a: MY ZONE!!!","|-damage|p2a: MY ZONE!!!|0 fnt","|faint|p2a: MY ZONE!!!","|","|win|I ONLY USE CARNIE"],"p1rating":{"entryid":"7563861","serverid":"eos","formatid":"monotype","userid":"ionlyusecarnie","username":"I ONLY USE CARNIE","w":8,"l":"12","t":"0","gxe":40.3,"r":1416.150543545,"rd":70.749511086101,"sigma":"0","rptime":1439456400,"rpr":1424.4147263744,"rprd":69.565247832467,"rpsigma":"0","acre":1105.6535684683,"lacre":1105.6535684683,"oldacre":"1081.0716828183"},"p2rating":{"entryid":"6857825","serverid":"eos","formatid":"monotype","userid":"gtxbzumzum","username":"GTX♅Bzumzum","w":"34","l":120,"t":"0","gxe":22.6,"r":"1266.7313486526","rd":"33.215708107489","sigma":"0","rptime":"1439456400","rpr":1267.3194554882,"rprd":32.874178842414,"rpsigma":"0","acre":1026.0738418243,"lacre":1026.0738418243,"oldacre":"1040.2325444414"},"endType":"normal"}