{"seed":[9613,24414,16150,7149],"turns":20,"p1":"GTX♅Cool","p2":"SlyZix","p1team":[{"name":"Garchomp","species":"Garchomp","item":"rockyhelmet","ability":"Rough Skin","moves":["stealthrock","earthquake","dragontail","fireblast"],"nature":"Quiet","evs":{"hp":252,"atk":164,"def":0,"spa":0,"spd":76,"spe":16},"shiny":true,"ivs":{"hp":31,"atk":31,"def":31,"spa":31,"spd":31,"spe":31}},{"name":"Salamence","species":"Salamence","item":"leftovers","ability":"Moxie","moves":["return","dragondance","earthquake","protect"],"nature":"Adamant","evs":{"hp":4,"atk":252,"def":0,"spa":0,"spd":0,"spe":252},"shiny":true,"ivs":{"hp":31,"atk":31,"def":31,"spa":31,"spd":31,"spe":31}},{"name":"Kyurem-Black","species":"Kyurem-Black","item":"lifeorb","ability":"Teravolt","moves":["icebeam","earthpower","fusionbolt","roost"],"nature":"","evs":{"hp":0,"atk":20,"def":0,"spa":252,"spd":0,"spe":236},"shiny":true,"ivs":{"hp":31,"atk":31,"def":31,"spa":31,"spd":31,"spe":31}},{"name":"Altaria","species":"Altaria","item":"altarianite","ability":"Cloud Nine","moves":["dragondance","return","earthquake","roost"],"nature":"Quiet","evs":{"hp":0,"atk":252,"def":4,"spa":0,"spd":0,"spe":252},"shiny":true,"ivs":{"hp":31,"atk":31,"def":31,"spa":31,"spd":31,"spe":31}},{"name":"Hydreigon","species":"Hydreigon","item":"lifeorb","ability":"Levitate","moves":["dracometeor","darkpulse","flashcannon","earthpower"],"nature":"Modest","evs":{"hp":0,"atk":4,"def":0,"spa":252,"spd":0,"spe":252},"shiny":true,"ivs":{"hp":31,"atk":31,"def":31,"spa":31,"spd":31,"spe":31}},{"name":"Latios","species":"Latios","item":"lifeorb","ability":"Levitate","moves":["dracometeor","psychic","tailwind","roost"],"nature":"","evs":{"hp":4,"atk":0,"def":0,"spa":252,"spd":0,"spe":252},"shiny":true,"ivs":{"hp":31,"atk":31,"def":31,"spa":31,"spd":31,"spe":31}}],"p2team":[{"name":"Charizard","species":"Charizard","item":"charizarditex","ability":"Blaze","moves":["dragondance","earthquake","firepunch","dragonclaw"],"nature":"Jolly","evs":{"hp":0,"atk":252,"def":0,"spa":0,"spd":4,"spe":252},"gender":"M","shiny":true,"ivs":{"hp":31,"atk":31,"def":31,"spa":31,"spd":31,"spe":31}},{"name":"Entei","species":"Entei","item":"choiceband","ability":"Pressure","moves":["ironhead","sacredfire","extremespeed","stoneedge"],"nature":"Adamant","evs":{"hp":0,"atk":252,"def":0,"spa":0,"spd":4,"spe":252},"shiny":true,"ivs":{"hp":31,"atk":31,"def":31,"spa":31,"spd":31,"spe":31}},{"name":"Victini","species":"Victini","item":"choicescarf","ability":"Victory Star","moves":["glaciate","blueflare","energyball","thunderbolt"],"nature":"Timid","evs":{"hp":0,"atk":0,"def":0,"spa":252,"spd":4,"spe":252},"ivs":{"hp":31,"atk":31,"def":31,"spa":31,"spd":31,"spe":31}},{"name":"Torkoal","species":"Torkoal","item":"leftovers","ability":"White Smoke","moves":["lavaplume","rapidspin","stealthrock","rest"],"nature":"Bold","evs":{"hp":252,"atk":0,"def":252,"spa":4,"spd":0,"spe":0},"ivs":{"hp":31,"atk":31,"def":31,"spa":31,"spd":31,"spe":31}},{"name":"Rotom-Heat","species":"Rotom-Heat","item":"leftovers","ability":"Levitate","moves":["voltswitch","overheat","painsplit","willowisp"],"nature":"Calm","evs":{"hp":252,"atk":0,"def":0,"spa":4,"spd":252,"spe":0},"ivs":{"hp":31,"atk":31,"def":31,"spa":31,"spd":31,"spe":31}},{"name":"Ninetales","species":"Ninetales","item":"heatrock","ability":"Drought","moves":["energyball","flamethrower","psyshock","nastyplot"],"nature":"Timid","evs":{"hp":0,"atk":0,"def":0,"spa":252,"spd":4,"spe":252},"ivs":{"hp":31,"atk":31,"def":31,"spa":31,"spd":31,"spe":31}}],"log":["|player|p1|GTX♅Cool|163","|player|p2|SlyZix|293","|gametype|singles","|gen|6","|tier|Monotype","|rated","|rule|Baton Pass Clause: Limit one Baton Passer, can't pass Spe and other stats simultaneously","|rule|Swagger Clause: Swagger is banned","|rule|Same Type Clause: Pokémon in a team must share a type","|clearpoke","|poke|p1|Garchomp, M, shiny","|poke|p1|Salamence, F, shiny","|poke|p1|Kyurem-Black, shiny","|poke|p1|Altaria, F, shiny","|poke|p1|Hydreigon, F, shiny","|poke|p1|Latios, M, shiny","|poke|p2|Charizard, M, shiny","|poke|p2|Entei, shiny","|poke|p2|Victini","|poke|p2|Torkoal, M","|poke|p2|Rotom-Heat","|poke|p2|Ninetales, M","|rule|Sleep Clause Mod: Limit one foe put to sleep","|rule|Species Clause: Limit one of each Pokémon","|rule|OHKO Clause: OHKO moves are banned","|rule|Moody Clause: Moody is banned","|rule|Evasion Moves Clause: Evasion moves are banned","|rule|Endless Battle Clause: Forcing endless battles is banned","|rule|HP Percentage Mod: HP is shown in percentages","|teampreview","|","|start","|switch|p1a: Garchomp|Garchomp, M, shiny|420/420","|switch|p2a: Torkoal|Torkoal, M|344/344","|turn|1","|","|move|p1a: Garchomp|Earthquake|p2a: Torkoal","|-supereffective|p2a: Torkoal","|-damage|p2a: Torkoal|164/344","|move|p2a: Torkoal|Stealth Rock|p1a: Garchomp","|-sidestart|p1: GTX♅Cool|move: Stealth Rock","|","|-heal|p2a: Torkoal|185/344|[from] item: Leftovers","|turn|2","|","|switch|p2a: Rotom-Heat|Rotom-Heat|304/304","|move|p1a: Garchomp|Earthquake|p2a: Rotom-Heat","|-immune|p2a: Rotom-Heat|[msg]","|","|turn|3","|","|move|p2a: Rotom-Heat|Will-O-Wisp|p1a: Garchomp","|-status|p1a: Garchomp|brn","|move|p1a: Garchomp|Dragon Tail|p2a: Rotom-Heat","|-damage|p2a: Rotom-Heat|256/304","|drag|p2a: Victini|Victini|341/341","|","|-damage|p1a: Garchomp|368/420 brn|[from] brn","|turn|4","|","|move|p2a: Victini|Glaciate|p1a: Garchomp","|-supereffective|p1a: Garchomp","|-damage|p1a: Garchomp|84/420 brn","|-unboost|p1a: Garchomp|spe|1","|move|p1a: Garchomp|Earthquake|p2a: Victini","|-supereffective|p2a: Victini","|-damage|p2a: Victini|172/341","|","|-damage|p1a: Garchomp|32/420 brn|[from] brn","|turn|5","|","|switch|p2a: Rotom-Heat|Rotom-Heat|256/304","|move|p1a: Garchomp|Earthquake|p2a: Rotom-Heat","|-immune|p2a: Rotom-Heat|[msg]","|","|-heal|p2a: Rotom-Heat|275/304|[from] item: Leftovers","|-damage|p1a: Garchomp|0 fnt|[from] brn","|faint|p1a: Garchomp","|","|switch|p1a: Latios|Latios, M, shiny|302/302","|-damage|p1a: Latios|265/302|[from] Stealth Rock","|turn|6","|","|move|p1a: Latios|Psychic|p2a: Rotom-Heat","|-damage|p2a: Rotom-Heat|129/304","|-damage|p1a: Latios|235/302|[from] item: Life Orb","|move|p2a: Rotom-Heat|Volt Switch|p1a: Latios","|-resisted|p1a: Latios","|-damage|p1a: Latios|199/302","|","|switch|p2a: Victini|Victini|172/341","|","|turn|7","|","|move|p2a: Victini|Glaciate|p1a: Latios","|-supereffective|p1a: Latios","|-damage|p1a: Latios|85/302","|-unboost|p1a: Latios|spe|1","|move|p1a: Latios|Psychic|p2a: Victini","|-crit|p2a: Victini","|-resisted|p2a: Victini","|-damage|p2a: Victini|23/341","|-damage|p1a: Latios|55/302|[from] item: Life Orb","|","|turn|8","|","|move|p2a: Victini|Glaciate|p1a: Latios","|-supereffective|p1a: Latios","|-damage|p1a: Latios|0 fnt","|faint|p1a: Latios","|","|","|switch|p1a: Salamence|Salamence, F, shiny|332/332","|-damage|p1a: Salamence|249/332|[from] Stealth Rock","|turn|9","|","|switch|p2a: Torkoal|Torkoal, M|185/344","|move|p1a: Salamence|Return|p2a: Torkoal","|-damage|p2a: Torkoal|109/344","|","|-heal|p1a: Salamence|269/332|[from] item: Leftovers","|-heal|p2a: Torkoal|130/344|[from] item: Leftovers","|turn|10","|","|move|p1a: Salamence|Earthquake|p2a: Torkoal","|-supereffective|p2a: Torkoal","|-damage|p2a: Torkoal|0 fnt","|faint|p2a: Torkoal","|-boost|p1a: Salamence|atk|1|[from] ability: Moxie","|","|-heal|p1a: Salamence|289/332|[from] item: Leftovers","|","|switch|p2a: Rotom-Heat|Rotom-Heat|129/304","|turn|11","|","|move|p1a: Salamence|Return|p2a: Rotom-Heat","|-damage|p2a: Rotom-Heat|0 fnt","|faint|p2a: Rotom-Heat","|-boost|p1a: Salamence|atk|1|[from] ability: Moxie","|","|-heal|p1a: Salamence|309/332|[from] item: Leftovers","|","|switch|p2a: Charizard|Charizard, M, shiny|297/297","|turn|12","|","|detailschange|p2a: Charizard|Charizard-Mega-X, M, shiny","|-mega|p2a: Charizard|Charizard|Charizardite X","|move|p2a: Charizard|Dragon Claw|p1a: Salamence","|-supereffective|p1a: Salamence","|-damage|p1a: Salamence|0 fnt","|faint|p1a: Salamence","|","|","|switch|p1a: Kyurem-Black|Kyurem-Black, shiny|391/391","|-damage|p1a: Kyurem-Black|294/391|[from] Stealth Rock","|-ability|p1a: Kyurem-Black|Teravolt","|turn|13","|","|switch|p2a: Ninetales|Ninetales, M|287/287","|-weather|SunnyDay","|move|p1a: Kyurem-Black|Ice Beam|p2a: Ninetales","|-resisted|p2a: Ninetales","|-damage|p2a: Ninetales|190/287","|-damage|p1a: Kyurem-Black|255/391|[from] item: Life Orb","|","|-weather|SunnyDay|[upkeep]","|turn|14","|","|move|p2a: Ninetales|Flamethrower|p1a: Kyurem-Black","|-crit|p1a: Kyurem-Black","|-damage|p1a: Kyurem-Black|0 fnt","|faint|p1a: Kyurem-Black","|","|-weather|SunnyDay|[upkeep]","|","|switch|p1a: Altaria|Altaria, F, shiny|291/291","|-damage|p1a: Altaria|219/291|[from] Stealth Rock","|-ability|p1a: Altaria|Cloud Nine","|turn|15","|","|move|p2a: Ninetales|Flamethrower|p1a: Altaria","|-resisted|p1a: Altaria","|-damage|p1a: Altaria|162/291","|move|p1a: Altaria|Earthquake|p2a: Ninetales","|-supereffective|p2a: Ninetales","|-damage|p2a: Ninetales|0 fnt","|faint|p2a: Ninetales","|","|-weather|SunnyDay|[upkeep]","|","|switch|p2a: Entei|Entei, shiny|371/371","|-ability|p2a: Entei|Pressure","|turn|16","|","|detailschange|p1a: Altaria|Altaria-Mega, F, shiny","|-mega|p1a: Altaria|Altaria|Altarianite","|move|p2a: Entei|Stone Edge|p1a: Altaria","|-crit|p1a: Altaria","|-damage|p1a: Altaria|0 fnt","|faint|p1a: Altaria","|","|-weather|SunnyDay|[upkeep]","|","|switch|p1a: Hydreigon|Hydreigon, F, shiny|325/325","|-damage|p1a: Hydreigon|285/325|[from] Stealth Rock","|turn|17","|","|move|p2a: Entei|Stone Edge|p1a: Hydreigon|[miss]","|-miss|p2a: Entei|p1a: Hydreigon","|move|p1a: Hydreigon|Earth Power|p2a: Entei","|-supereffective|p2a: Entei","|-damage|p2a: Entei|28/371","|-unboost|p2a: Entei|spd|1","|-damage|p1a: Hydreigon|253/325|[from] item: Life Orb","|","|-weather|SunnyDay|[upkeep]","|turn|18","|","|move|p2a: Entei|Stone Edge|p1a: Hydreigon|[miss]","|-miss|p2a: Entei|p1a: Hydreigon","|move|p1a: Hydreigon|Earth Power|p2a: Entei","|-supereffective|p2a: Entei","|-damage|p2a: Entei|0 fnt","|-damage|p1a: Hydreigon|221/325|[from] item: Life Orb","|faint|p2a: Entei","|","|-weather|SunnyDay|[upkeep]","|","|switch|p2a: Victini|Victini|23/341","|turn|19","|","|move|p2a: Victini|Glaciate|p1a: Hydreigon","|-supereffective|p1a: Hydreigon","|-damage|p1a: Hydreigon|87/325","|-unboost|p1a: Hydreigon|spe|1","|move|p1a: Hydreigon|Earth Power|p2a: Victini","|-supereffective|p2a: Victini","|-damage|p2a: Victini|0 fnt","|-damage|p1a: Hydreigon|55/325|[from] item: Life Orb","|faint|p2a: Victini","|","|-weather|SunnyDay|[upkeep]","|","|switch|p2a: Charizard|Charizard-Mega-X, M, shiny|297/297","|turn|20","|","|move|p2a: Charizard|Dragon Claw|p1a: Hydreigon","|-supereffective|p1a: Hydreigon","|-damage|p1a: Hydreigon|0 fnt","|faint|p1a: Hydreigon","|","|win|SlyZix"],"p1rating":{"entryid":"7611673","serverid":"eos","formatid":"monotype","userid":"gtxcool","username":"GTX♅Cool","w":"2","l":10,"t":"0","gxe":30.9,"r":"1500","rd":"130","sigma":"0","rptime":"1439456400","rpr":1344.0081741014,"rprd":82.810285390889,"rpsigma":"0","acre":1000,"lacre":1000,"oldacre":"1001.439027068"},"p2rating":{"entryid":"6871806","serverid":"eos","formatid":"monotype","userid":"slyzix","username":"SlyZix","w":4,"l":"3","t":"0","gxe":52.2,"r":"1418.7038286651","rd":"111.23921461212","sigma":"0","rptime":"1439456400","rpr":1517.5589982139,"rprd":99.486706288159,"rpsigma":"0","acre":1140.0080653478,"lacre":1140.0080653478,"oldacre":"1123.4430710247"},"endType":"normal"}