{"seed":[47784,27112,44275,2714],"turns":43,"p1":"The drunk knight","p2":"Inferno OverClass","p1team":[{"name":"Nokia","species":"sableye","item":"sablenite","ability":"Prankster","moves":["willowisp","recover","calmmind","dazzlinggleam"],"nature":"Bold","evs":{"hp":248,"atk":0,"def":252,"spa":8,"spd":0,"spe":0},"ivs":{"hp":31,"atk":0,"def":31,"spa":31,"spd":31,"spe":31}},{"name":"Juggarnaut","species":"aegislash","item":"weaknesspolicy","ability":"Stance Change","moves":["flashcannon","shadowsneak","sacredsword","kingsshield"],"nature":"Relaxed","evs":{"hp":248,"atk":8,"def":252,"spa":0,"spd":0,"spe":0},"shiny":true,"ivs":{"hp":31,"atk":31,"def":31,"spa":31,"spd":31,"spe":31}},{"name":"Monolith","species":"golurk","item":"focussash","ability":"No Guard","moves":["dynamicpunch","earthquake","stoneedge","stealthrock"],"nature":"Adamant","evs":{"hp":248,"atk":252,"def":0,"spa":0,"spd":8,"spe":0},"ivs":{"hp":31,"atk":31,"def":31,"spa":31,"spd":31,"spe":31}},{"name":"Rockerfeller","species":"spiritomb","item":"chestoberry","ability":"Pressure","moves":["rest","calmmind","sleeptalk","darkpulse"],"nature":"Bold","evs":{"hp":248,"atk":0,"def":252,"spa":0,"spd":8,"spe":0},"ivs":{"hp":31,"atk":31,"def":31,"spa":31,"spd":31,"spe":31}},{"name":"Time","species":"dusclops","item":"eviolite","ability":"Pressure","moves":["meanlook","rest","willowisp","spite"],"nature":"Calm","evs":{"hp":248,"atk":0,"def":8,"spa":0,"spd":252,"spe":0},"ivs":{"hp":31,"atk":31,"def":31,"spa":31,"spd":31,"spe":31}},{"name":"Tut","species":"cofagrigus","item":"rockyhelmet","ability":"Mummy","moves":["willowisp","painsplit","hex","calmmind"],"nature":"Bold","evs":{"hp":248,"atk":0,"def":252,"spa":8,"spd":0,"spe":0},"ivs":{"hp":31,"atk":31,"def":31,"spa":31,"spd":31,"spe":31}}],"p2team":[{"name":"Weezing","species":"Weezing","item":"blacksludge","ability":"Levitate","moves":["clearsmog","stockpile","rest","sleeptalk"],"nature":"Bold","evs":{"hp":252,"atk":0,"def":252,"spa":4,"spd":0,"spe":0},"gender":"M","shiny":true,"ivs":{"hp":31,"atk":31,"def":31,"spa":31,"spd":31,"spe":31}},{"name":"Nidoking","species":"Nidoking","item":"lifeorb","ability":"Sheer Force","moves":["sludgewave","earthpower","icebeam","fireblast"],"nature":"Timid","evs":{"hp":0,"atk":0,"def":4,"spa":252,"spd":0,"spe":252},"shiny":true,"ivs":{"hp":31,"atk":31,"def":31,"spa":31,"spd":31,"spe":31}},{"name":"Gengar","species":"Gengar","item":"blacksludge","ability":"Levitate","moves":["psychic","taunt","willowisp","sludgewave"],"nature":"Timid","evs":{"hp":8,"atk":0,"def":0,"spa":248,"spd":0,"spe":252},"ivs":{"hp":31,"atk":31,"def":31,"spa":31,"spd":31,"spe":31}},{"name":"Venusaur","species":"Venusaur","item":"venusaurite","ability":"Chlorophyll","moves":["sleeppowder","gigadrain","leechseed","growth"],"nature":"Bold","evs":{"hp":252,"atk":0,"def":252,"spa":0,"spd":4,"spe":0},"ivs":{"hp":31,"atk":31,"def":31,"spa":31,"spd":31,"spe":31}},{"name":"Skuntank","species":"Skuntank","item":"assaultvest","ability":"Aftermath","moves":["foulplay","crunch","poisonjab","playrough"],"nature":"Adamant","evs":{"hp":16,"atk":228,"def":0,"spa":0,"spd":252,"spe":12},"ivs":{"hp":31,"atk":31,"def":31,"spa":31,"spd":31,"spe":31}},{"name":"Crobat","species":"Crobat","item":"choiceband","ability":"Infiltrator","moves":["bravebird","uturn","crosspoison","defog"],"nature":"Jolly","evs":{"hp":0,"atk":252,"def":0,"spa":0,"spd":4,"spe":252},"ivs":{"hp":31,"atk":31,"def":31,"spa":31,"spd":31,"spe":31}}],"log":["|player|p1|The drunk knight|101","|player|p2|Inferno OverClass|110","|gametype|singles","|gen|6","|tier|Monotype","|rated","|rule|Baton Pass Clause: Limit one Baton Passer, can't pass Spe and other stats simultaneously","|rule|Swagger Clause: Swagger is banned","|rule|Same Type Clause: Pokémon in a team must share a type","|clearpoke","|poke|p1|Sableye, F","|poke|p1|Aegislash, F, shiny","|poke|p1|Golurk","|poke|p1|Spiritomb, F","|poke|p1|Dusclops, M","|poke|p1|Cofagrigus, F","|poke|p2|Weezing, M, shiny","|poke|p2|Nidoking, M, shiny","|poke|p2|Gengar, M","|poke|p2|Venusaur, M","|poke|p2|Skuntank, F","|poke|p2|Crobat, M","|rule|Sleep Clause Mod: Limit one foe put to sleep","|rule|Species Clause: Limit one of each Pokémon","|rule|OHKO Clause: OHKO moves are banned","|rule|Moody Clause: Moody is banned","|rule|Evasion Moves Clause: Evasion moves are banned","|rule|Endless Battle Clause: Forcing endless battles is banned","|rule|HP Percentage Mod: HP is shown in percentages","|teampreview","|","|start","|switch|p1a: Rockerfeller|Spiritomb, F|303/303","|switch|p2a: Skuntank|Skuntank, F|351/351","|-ability|p1a: Rockerfeller|Pressure","|turn|1","|","|move|p2a: Skuntank|Play Rough|p1a: Rockerfeller","|-supereffective|p1a: Rockerfeller","|-damage|p1a: Rockerfeller|177/303","|move|p1a: Rockerfeller|Calm Mind|p1a: Rockerfeller","|-boost|p1a: Rockerfeller|spa|1","|-boost|p1a: Rockerfeller|spd|1","|","|turn|2","|","|switch|p2a: Weezing|Weezing, M, shiny|334/334","|switch|p1a: Tut|Cofagrigus, F|319/319","|","|turn|3","|","|switch|p2a: Nidoking|Nidoking, M, shiny|303/303","|move|p1a: Tut|Will-O-Wisp|p2a: Nidoking","|-status|p2a: Nidoking|brn","|","|-damage|p2a: Nidoking|266/303 brn|[from] brn","|turn|4","|","|switch|p1a: Time|Dusclops, M|283/283","|-ability|p1a: Time|Pressure","|move|p2a: Nidoking|Sludge Wave|p1a: Time","|-resisted|p1a: Time","|-damage|p1a: Time|240/283","|","|-damage|p2a: Nidoking|229/303 brn|[from] brn","|turn|5","|","|move|p2a: Nidoking|Earth Power|p1a: Time","|-damage|p1a: Time|157/283","|move|p1a: Time|Mean Look|p2a: Nidoking","|-activate|p2a: Nidoking|trapped","|","|-damage|p2a: Nidoking|192/303 brn|[from] brn","|turn|6","|","|move|p2a: Nidoking|Earth Power|p1a: Time","|-damage|p1a: Time|75/283","|move|p1a: Time|Rest|p1a: Time","|-status|p1a: Time|slp","|-heal|p1a: Time|283/283 slp|[silent]","|-status|p1a: Time|slp|[from] move: Rest","|","|-damage|p2a: Nidoking|155/303 brn|[from] brn","|turn|7","|","|move|p2a: Nidoking|Earth Power|p1a: Time","|-crit|p1a: Time","|-damage|p1a: Time|154/283 slp","|cant|p1a: Time|slp","|","|-damage|p2a: Nidoking|118/303 brn|[from] brn","|turn|8","|","|switch|p1a: Rockerfeller|Spiritomb, F|177/303","|-ability|p1a: Rockerfeller|Pressure","|move|p2a: Nidoking|Earth Power|p1a: Rockerfeller","|-damage|p1a: Rockerfeller|0 fnt","|faint|p1a: Rockerfeller","|","|-damage|p2a: Nidoking|81/303 brn|[from] brn","|","|switch|p1a: Juggarnaut|Aegislash, F, shiny|323/323","|turn|9","|","|-formechange|p1a: Juggarnaut|Aegislash-Blade","|move|p1a: Juggarnaut|Shadow Sneak|p2a: Nidoking","|-damage|p2a: Nidoking|0 fnt","|faint|p2a: Nidoking","|","|","|switch|p2a: Gengar|Gengar, M|263/263","|turn|10","|","|move|p1a: Juggarnaut|Shadow Sneak|p2a: Gengar","|-supereffective|p2a: Gengar","|-damage|p2a: Gengar|63/263","|move|p2a: Gengar|Will-O-Wisp|p1a: Juggarnaut","|-status|p1a: Juggarnaut|brn","|","|-heal|p2a: Gengar|79/263|[from] item: Black Sludge","|-damage|p1a: Juggarnaut|283/323 brn|[from] brn","|turn|11","|","|switch|p2a: Crobat|Crobat, M|311/311","|move|p1a: Juggarnaut|Shadow Sneak|p2a: Crobat","|-damage|p2a: Crobat|272/311","|","|-damage|p1a: Juggarnaut|243/323 brn|[from] brn","|turn|12","|","|-formechange|p1a: Juggarnaut|Aegislash","|move|p1a: Juggarnaut|King's Shield|p1a: Juggarnaut","|-singleturn|p1a: Juggarnaut|Protect","|move|p2a: Crobat|Brave Bird|p1a: Juggarnaut","|-activate|p1a: Juggarnaut|Protect","|-unboost|p2a: Crobat|atk|2","|","|-damage|p1a: Juggarnaut|203/323 brn|[from] brn","|turn|13","|","|move|p2a: Crobat|Brave Bird|p1a: Juggarnaut","|-resisted|p1a: Juggarnaut","|-damage|p1a: Juggarnaut|171/323 brn","|-damage|p2a: Crobat|261/311|[from] recoil|[of] p1a: Juggarnaut","|-formechange|p1a: Juggarnaut|Aegislash-Blade","|move|p1a: Juggarnaut|Flash Cannon|p2a: Crobat","|-damage|p2a: Crobat|93/311","|","|-damage|p1a: Juggarnaut|131/323 brn|[from] brn","|turn|14","|","|switch|p2a: Venusaur|Venusaur, M|364/364","|switch|p1a: Tut|Cofagrigus, F|319/319","|","|turn|15","|","|detailschange|p2a: Venusaur|Venusaur-Mega, M","|-mega|p2a: Venusaur|Venusaur|Venusaurite","|move|p2a: Venusaur|Sleep Powder|p1a: Tut","|-status|p1a: Tut|slp","|cant|p1a: Tut|slp","|","|turn|16","|","|move|p2a: Venusaur|Growth|p2a: Venusaur","|-boost|p2a: Venusaur|atk|1","|-boost|p2a: Venusaur|spa|1","|-curestatus|p1a: Tut|slp","|move|p1a: Tut|Will-O-Wisp|p2a: Venusaur","|-status|p2a: Venusaur|brn","|","|-damage|p2a: Venusaur|319/364 brn|[from] brn","|turn|17","|","|move|p2a: Venusaur|Leech Seed|p1a: Tut","|-start|p1a: Tut|move: Leech Seed","|move|p1a: Tut|Hex|p2a: Venusaur","|-crit|p2a: Venusaur","|-damage|p2a: Venusaur|141/364 brn","|","|-damage|p1a: Tut|280/319|[from] Leech Seed|[of] p2a: Venusaur","|-heal|p2a: Venusaur|180/364 brn|[silent]","|-damage|p2a: Venusaur|135/364 brn|[from] brn","|turn|18","|","|switch|p1a: Juggarnaut|Aegislash, F, shiny|131/323 brn","|move|p2a: Venusaur|Giga Drain|p1a: Juggarnaut","|-resisted|p1a: Juggarnaut","|-damage|p1a: Juggarnaut|74/323 brn","|-heal|p2a: Venusaur|164/364 brn|[from] drain|[of] p1a: Juggarnaut","|","|-damage|p2a: Venusaur|119/364 brn|[from] brn","|-damage|p1a: Juggarnaut|34/323 brn|[from] brn","|turn|19","|","|switch|p2a: Skuntank|Skuntank, F|351/351","|-formechange|p1a: Juggarnaut|Aegislash-Blade","|move|p1a: Juggarnaut|Flash Cannon|p2a: Skuntank","|-damage|p2a: Skuntank|257/351","|","|-damage|p1a: Juggarnaut|0 fnt|[from] brn","|faint|p1a: Juggarnaut","|","|switch|p1a: Monolith|Golurk|381/381","|turn|20","|","|move|p2a: Skuntank|Foul Play|p1a: Monolith","|-supereffective|p1a: Monolith","|-enditem|p1a: Monolith|Focus Sash","|-damage|p1a: Monolith|1/381","|move|p1a: Monolith|Earthquake|p2a: Skuntank","|-supereffective|p2a: Skuntank","|-damage|p2a: Skuntank|0 fnt","|faint|p2a: Skuntank","|","|","|switch|p2a: Gengar|Gengar, M|79/263","|turn|21","|","|move|p2a: Gengar|Will-O-Wisp|p1a: Monolith","|-status|p1a: Monolith|brn","|move|p1a: Monolith|Stone Edge|p2a: Gengar","|-damage|p2a: Gengar|0 fnt","|faint|p2a: Gengar","|","|-damage|p1a: Monolith|0 fnt|[from] brn","|faint|p1a: Monolith","|","|switch|p2a: Crobat|Crobat, M|93/311","|switch|p1a: Nokia|Sableye, F|303/303","|turn|22","|","|detailschange|p1a: Nokia|Sableye-Mega, F","|-mega|p1a: Nokia|Sableye|Sablenite","|move|p1a: Nokia|Will-O-Wisp|p2a: Crobat","|-status|p2a: Crobat|brn","|move|p2a: Crobat|Cross Poison|p1a: Nokia","|-resisted|p1a: Nokia","|-damage|p1a: Nokia|280/303","|","|-damage|p2a: Crobat|55/311 brn|[from] brn","|turn|23","|","|switch|p2a: Weezing|Weezing, M, shiny|334/334","|move|p1a: Nokia|Calm Mind|p1a: Nokia","|-boost|p1a: Nokia|spa|1","|-boost|p1a: Nokia|spd|1","|","|turn|24","|","|move|p2a: Weezing|Clear Smog|p1a: Nokia","|-resisted|p1a: Nokia","|-damage|p1a: Nokia|265/303","|-clearboost|p1a: Nokia","|move|p1a: Nokia|Calm Mind|p1a: Nokia","|-boost|p1a: Nokia|spa|1","|-boost|p1a: Nokia|spd|1","|","|turn|25","|","|move|p2a: Weezing|Stockpile|p2a: Weezing","|-start|p2a: Weezing|stockpile1","|-boost|p2a: Weezing|def|1","|-boost|p2a: Weezing|spd|1","|move|p1a: Nokia|Will-O-Wisp|p2a: Weezing","|-status|p2a: Weezing|brn","|","|-damage|p2a: Weezing|293/334 brn|[from] brn","|turn|26","|","|switch|p1a: Time|Dusclops, M|154/283 slp","|-ability|p1a: Time|Pressure","|move|p2a: Weezing|Stockpile|p2a: Weezing","|-start|p2a: Weezing|stockpile2","|-boost|p2a: Weezing|def|1","|-boost|p2a: Weezing|spd|1","|","|-heal|p2a: Weezing|313/334 brn|[from] item: Black Sludge","|-damage|p2a: Weezing|272/334 brn|[from] brn","|turn|27","|","|move|p2a: Weezing|Stockpile|p2a: Weezing","|-start|p2a: Weezing|stockpile3","|-boost|p2a: Weezing|def|1","|-boost|p2a: Weezing|spd|1","|cant|p1a: Time|slp","|","|-heal|p2a: Weezing|292/334 brn|[from] item: Black Sludge","|-damage|p2a: Weezing|251/334 brn|[from] brn","|turn|28","|","|move|p2a: Weezing|Clear Smog|p1a: Time","|-resisted|p1a: Time","|-damage|p1a: Time|143/283 slp","|-clearboost|p1a: Time","|-curestatus|p1a: Time|slp","|move|p1a: Time|Mean Look|p2a: Weezing","|-activate|p2a: Weezing|trapped","|","|-heal|p2a: Weezing|271/334 brn|[from] item: Black Sludge","|-damage|p2a: Weezing|230/334 brn|[from] brn","|turn|29","|","|move|p2a: Weezing|Clear Smog|p1a: Time","|-crit|p1a: Time","|-resisted|p1a: Time","|-damage|p1a: Time|127/283","|-clearboost|p1a: Time","|move|p1a: Time|Rest|p1a: Time","|-status|p1a: Time|slp","|-heal|p1a: Time|283/283 slp|[silent]","|-status|p1a: Time|slp|[from] move: Rest","|","|-heal|p2a: Weezing|250/334 brn|[from] item: Black Sludge","|-damage|p2a: Weezing|209/334 brn|[from] brn","|turn|30","|","|move|p2a: Weezing|Clear Smog|p1a: Time","|-resisted|p1a: Time","|-damage|p1a: Time|273/283 slp","|-clearboost|p1a: Time","|cant|p1a: Time|slp","|","|-heal|p2a: Weezing|229/334 brn|[from] item: Black Sludge","|-damage|p2a: Weezing|188/334 brn|[from] brn","|turn|31","|","|move|p2a: Weezing|Rest|p2a: Weezing","|-status|p2a: Weezing|slp","|-heal|p2a: Weezing|334/334 slp|[silent]","|-status|p2a: Weezing|slp|[from] move: Rest","|cant|p1a: Time|slp","|","|turn|32","|","|cant|p2a: Weezing|slp","|move|p2a: Weezing|Sleep Talk|p2a: Weezing","|move|p2a: Weezing|Clear Smog|p1a: Time|[from]Sleep Talk","|-resisted|p1a: Time","|-damage|p1a: Time|263/283 slp","|-clearboost|p1a: Time","|-curestatus|p1a: Time|slp","|move|p1a: Time|Spite|p2a: Weezing","|-activate|p2a: Weezing|move: Spite|Sleep Talk|4","|","|turn|33","|","|cant|p2a: Weezing|slp","|move|p2a: Weezing|Sleep Talk|p2a: Weezing","|move|p2a: Weezing|Rest|p2a: Weezing|[from]Sleep Talk","|-fail|p2a: Weezing","|move|p1a: Time|Spite|p2a: Weezing","|-activate|p2a: Weezing|move: Spite|Sleep Talk|4","|","|turn|34","|","|-curestatus|p2a: Weezing|slp","|move|p2a: Weezing|Sleep Talk|p2a: Weezing","|-fail|p2a: Weezing","|move|p1a: Time|Spite|p2a: Weezing","|-activate|p2a: Weezing|move: Spite|Sleep Talk|4","|","|turn|35","|","|move|p2a: Weezing|Clear Smog|p1a: Time","|-resisted|p1a: Time","|-damage|p1a: Time|252/283","|-clearboost|p1a: Time","|move|p1a: Time|Spite|p2a: Weezing","|-activate|p2a: Weezing|move: Spite|Clear Smog|4","|","|turn|36","|","|move|p2a: Weezing|Clear Smog|p1a: Time","|-resisted|p1a: Time","|-damage|p1a: Time|242/283","|-clearboost|p1a: Time","|move|p1a: Time|Spite|p2a: Weezing","|-activate|p2a: Weezing|move: Spite|Clear Smog|4","|","|turn|37","|","|move|p2a: Weezing|Clear Smog|p1a: Time","|-resisted|p1a: Time","|-damage|p1a: Time|230/283","|-clearboost|p1a: Time","|move|p1a: Time|Spite|p2a: Weezing","|-activate|p2a: Weezing|move: Spite|Clear Smog|4","|","|turn|38","|","|move|p2a: Weezing|Rest|p2a: Weezing","|-fail|p2a: Weezing","|move|p1a: Time|Spite|p2a: Weezing","|-activate|p2a: Weezing|move: Spite|Rest|4","|","|turn|39","|","|move|p2a: Weezing|Stockpile|p2a: Weezing","|-fail|p2a: Weezing","|move|p1a: Time|Spite|p2a: Weezing","|-activate|p2a: Weezing|move: Spite|Stockpile|4","|","|turn|40","|","|move|p2a: Weezing|Stockpile|p2a: Weezing","|-fail|p2a: Weezing","|move|p1a: Time|Will-O-Wisp|p2a: Weezing|[miss]","|-miss|p1a: Time|p2a: Weezing","|","|turn|41","|","|move|p2a: Weezing|Stockpile|p2a: Weezing","|-fail|p2a: Weezing","|move|p1a: Time|Will-O-Wisp|p2a: Weezing","|-status|p2a: Weezing|brn","|","|-damage|p2a: Weezing|293/334 brn|[from] brn","|turn|42","|","|move|p2a: Weezing|Stockpile|p2a: Weezing","|-fail|p2a: Weezing","|move|p1a: Time|Rest|p1a: Time","|-status|p1a: Time|slp","|-heal|p1a: Time|283/283 slp|[silent]","|-status|p1a: Time|slp|[from] move: Rest","|","|-heal|p2a: Weezing|313/334 brn|[from] item: Black Sludge","|-damage|p2a: Weezing|272/334 brn|[from] brn","|turn|43","|","|win|The drunk knight"],"p1rating":{"entryid":"7545743","serverid":"eos","formatid":"monotype","userid":"thedrunkknight","username":"The drunk knight","w":2,"l":"2","t":"0","gxe":48.1,"r":"1495.2388804002","rd":"116.52497355599","sigma":"0","rptime":"1439456400","rpr":1485.1417559419,"rprd":106.48102849374,"rpsigma":"0","acre":1061.3789217345,"lacre":1061.3789217345,"oldacre":"1028.6024400647"},"p2rating":{"entryid":"7012653","serverid":"eos","formatid":"monotype","userid":"infernooverclass","username":"Inferno OverClass","w":"15","l":38,"t":"0","gxe":30.2,"r":1345.1457901671,"rd":52.626233098622,"sigma":"0","rptime":1439456400,"rpr":1340.6209361824,"rprd":52.179375677501,"rpsigma":"0","acre":1000,"lacre":1000,"oldacre":"1000"},"endType":"forfeit"}