{"seed":[14748,20408,19656,42498],"turns":39,"p1":"SailorStarshine","p2":"V SLootBoot","p1team":[{"name":"Klefki","species":"Klefki","item":"choicescarf","ability":"Prankster","moves":["thunderwave","calmmind","switcheroo","drainingkiss"],"nature":"Bold","evs":{"hp":252,"atk":0,"def":4,"spa":252,"spd":0,"spe":0},"ivs":{"hp":31,"atk":31,"def":31,"spa":31,"spd":31,"spe":31}},{"name":"Togekiss","species":"Togekiss","item":"babiriberry","ability":"Serene Grace","moves":["flamethrower","airslash","roost","nastyplot"],"nature":"Calm","evs":{"hp":248,"atk":0,"def":0,"spa":8,"spd":252,"spe":0},"ivs":{"hp":31,"atk":31,"def":31,"spa":31,"spd":31,"spe":31}},{"name":"Gardevoir","species":"Gardevoir","item":"assaultvest","ability":"Trace","moves":["psychic","moonblast","focusblast","energyball"],"nature":"Modest","evs":{"hp":248,"atk":0,"def":0,"spa":252,"spd":8,"spe":0},"ivs":{"hp":31,"atk":31,"def":31,"spa":31,"spd":31,"spe":31}},{"name":"Azumarill","species":"Azumarill","item":"sitrusberry","ability":"Huge Power","moves":["playrough","aquatail","superpower","icepunch"],"nature":"Adamant","evs":{"hp":248,"atk":252,"def":0,"spa":0,"spd":8,"spe":0},"ivs":{"hp":31,"atk":31,"def":31,"spa":31,"spd":31,"spe":31}},{"name":"Whimsicott","species":"Whimsicott","item":"leftovers","ability":"Prankster","moves":["stunspore","encore","leechseed","uturn"],"nature":"Bold","evs":{"hp":252,"atk":0,"def":128,"spa":0,"spd":128,"spe":0},"ivs":{"hp":31,"atk":31,"def":31,"spa":31,"spd":31,"spe":31}},{"name":"Diancie","species":"Diancie","item":"diancite","ability":"Clear Body","moves":["moonblast","diamondstorm","earthpower","protect"],"nature":"","evs":{"hp":252,"atk":0,"def":0,"spa":252,"spd":4,"spe":0},"ivs":{"hp":31,"atk":31,"def":31,"spa":31,"spd":31,"spe":31}}],"p2team":[{"name":"Mandibuzz","species":"Mandibuzz","item":"leftovers","ability":"Overcoat","moves":["foulplay","roost","defog","taunt"],"nature":"Impish","evs":{"hp":248,"atk":0,"def":136,"spa":0,"spd":108,"spe":16},"ivs":{"hp":31,"atk":31,"def":31,"spa":31,"spd":31,"spe":31}},{"name":"Togekiss","species":"Togekiss","item":"leftovers","ability":"Serene Grace","moves":["thunderwave","airslash","nastyplot","roost"],"nature":"Calm","evs":{"hp":248,"atk":0,"def":0,"spa":0,"spd":216,"spe":44},"ivs":{"hp":31,"atk":31,"def":31,"spa":31,"spd":31,"spe":31}},{"name":"Dragonite","species":"Dragonite","item":"weaknesspolicy","ability":"Multiscale","moves":["earthquake","dragonclaw","extremespeed","dragondance"],"nature":"Adamant","evs":{"hp":0,"atk":252,"def":0,"spa":0,"spd":4,"spe":252},"ivs":{"hp":31,"atk":31,"def":31,"spa":31,"spd":31,"spe":31}},{"name":"Skarmory","species":"Skarmory","item":"rockyhelmet","ability":"Sturdy","moves":["roost","toxic","bravebird","stealthrock"],"nature":"Impish","evs":{"hp":252,"atk":0,"def":252,"spa":0,"spd":4,"spe":0},"ivs":{"hp":31,"atk":31,"def":31,"spa":31,"spd":31,"spe":31}},{"name":"Xatu","species":"Xatu","item":"lightclay","ability":"Magic Bounce","moves":["thunderwave","reflect","uturn","nightshade"],"nature":"Jolly","evs":{"hp":248,"atk":0,"def":0,"spa":0,"spd":8,"spe":252},"ivs":{"hp":31,"atk":31,"def":31,"spa":31,"spd":31,"spe":31}},{"name":"Gyarados","species":"Gyarados","item":"gyaradosite","ability":"Intimidate","moves":["dragondance","waterfall","earthquake","icefang"],"nature":"Adamant","evs":{"hp":0,"atk":252,"def":4,"spa":0,"spd":0,"spe":252},"ivs":{"hp":31,"atk":31,"def":31,"spa":31,"spd":31,"spe":31}}],"log":["|player|p1|SailorStarshine|101","|player|p2|V SLootBoot|285","|gametype|singles","|gen|6","|tier|Monotype","|rated","|rule|Baton Pass Clause: Limit one Baton Passer, can't pass Spe and other stats simultaneously","|rule|Swagger Clause: Swagger is banned","|rule|Same Type Clause: Pokémon in a team must share a type","|clearpoke","|poke|p1|Klefki, F","|poke|p1|Togekiss, M","|poke|p1|Gardevoir, F","|poke|p1|Azumarill, F","|poke|p1|Whimsicott, M","|poke|p1|Diancie","|poke|p2|Mandibuzz, F","|poke|p2|Togekiss, F","|poke|p2|Dragonite, F","|poke|p2|Skarmory, F","|poke|p2|Xatu, F","|poke|p2|Gyarados, M","|rule|Sleep Clause Mod: Limit one foe put to sleep","|rule|Species Clause: Limit one of each Pokémon","|rule|OHKO Clause: OHKO moves are banned","|rule|Moody Clause: Moody is banned","|rule|Evasion Moves Clause: Evasion moves are banned","|rule|Endless Battle Clause: Forcing endless battles is banned","|rule|HP Percentage Mod: HP is shown in percentages","|teampreview","|","|start","|switch|p1a: Klefki|Klefki, F|318/318","|switch|p2a: Skarmory|Skarmory, F|334/334","|turn|1","|","|move|p1a: Klefki|Switcheroo|p2a: Skarmory","|-activate|p1a: Klefki|move: Trick|[of] p2a: Skarmory","|-item|p2a: Skarmory|Choice Scarf|[from] Trick","|-item|p1a: Klefki|Rocky Helmet|[from] Trick","|move|p2a: Skarmory|Stealth Rock|p1a: Klefki","|-sidestart|p1: SailorStarshine|move: Stealth Rock","|","|turn|2","|","|switch|p2a: Xatu|Xatu, F|333/333","|move|p1a: Klefki|Thunder Wave|p2a: Xatu","|move|p2a: Xatu|Thunder Wave|p1a: Klefki|[from]Magic Bounce","|-status|p1a: Klefki|par","|","|turn|3","|","|switch|p1a: Diancie|Diancie|304/304","|-damage|p1a: Diancie|266/304|[from] Stealth Rock","|move|p2a: Xatu|Reflect|p2a: Xatu","|-sidestart|p2: V SLootBoot|Reflect","|","|turn|4","|","|detailschange|p1a: Diancie|Diancie-Mega","|-mega|p1a: Diancie|Diancie|Diancite","|move|p2a: Xatu|Night Shade|p1a: Diancie","|-damage|p1a: Diancie|166/304","|move|p1a: Diancie|Diamond Storm|p2a: Xatu","|-supereffective|p2a: Xatu","|-damage|p2a: Xatu|87/333","|-boost|p1a: Diancie|def|1","|","|turn|5","|","|switch|p2a: Skarmory|Skarmory, F|334/334","|move|p1a: Diancie|Diamond Storm|p2a: Skarmory","|-damage|p2a: Skarmory|282/334","|","|turn|6","|","|switch|p1a: Togekiss|Togekiss, M|373/373","|-damage|p1a: Togekiss|280/373|[from] Stealth Rock","|move|p2a: Skarmory|Brave Bird|p1a: Togekiss","|-damage|p1a: Togekiss|151/373","|-damage|p2a: Skarmory|239/334|[from] recoil|[of] p1a: Togekiss","|","|turn|7","|","|move|p2a: Skarmory|Brave Bird|p1a: Togekiss","|-damage|p1a: Togekiss|31/373","|-damage|p2a: Skarmory|199/334|[from] recoil|[of] p1a: Togekiss","|move|p1a: Togekiss|Roost|p1a: Togekiss","|-heal|p1a: Togekiss|218/373","|","|turn|8","|","|switch|p2a: Togekiss|Togekiss, F|373/373","|move|p1a: Togekiss|Roost|p1a: Togekiss","|-heal|p1a: Togekiss|373/373","|","|turn|9","|","|switch|p1a: Klefki|Klefki, F|318/318 par","|-damage|p1a: Klefki|299/318 par|[from] Stealth Rock","|move|p2a: Togekiss|Thunder Wave|p1a: Klefki","|-fail|p1a: Klefki|par","|","|turn|10","|","|switch|p2a: Xatu|Xatu, F|87/333","|move|p1a: Klefki|Thunder Wave|p2a: Xatu","|move|p2a: Xatu|Thunder Wave|p1a: Klefki|[from]Magic Bounce","|-fail|p1a: Klefki|par","|","|-sideend|p2: V SLootBoot|Reflect","|turn|11","|","|move|p1a: Klefki|Calm Mind|p1a: Klefki","|-boost|p1a: Klefki|spa|1","|-boost|p1a: Klefki|spd|1","|move|p2a: Xatu|Reflect|p2a: Xatu","|-sidestart|p2: V SLootBoot|Reflect","|","|turn|12","|","|move|p2a: Xatu|Night Shade|p1a: Klefki","|-damage|p1a: Klefki|199/318 par","|move|p1a: Klefki|Draining Kiss|p2a: Xatu","|-damage|p2a: Xatu|0 fnt","|-heal|p1a: Klefki|265/318 par|[from] drain|[of] p2a: Xatu","|faint|p2a: Xatu","|","|","|switch|p2a: Mandibuzz|Mandibuzz, F|423/423","|turn|13","|","|cant|p1a: Klefki|par","|move|p2a: Mandibuzz|Taunt|p1a: Klefki","|-start|p1a: Klefki|move: Taunt","|","|turn|14","|","|move|p2a: Mandibuzz|Foul Play|p1a: Klefki","|-resisted|p1a: Klefki","|-damage|p1a: Klefki|226/318 par","|-damage|p2a: Mandibuzz|353/423|[from] item: Rocky Helmet|[of] p1a: Klefki","|move|p1a: Klefki|Draining Kiss|p2a: Mandibuzz","|-supereffective|p2a: Mandibuzz","|-damage|p2a: Mandibuzz|161/423","|-heal|p1a: Klefki|318/318 par|[from] drain|[of] p2a: Mandibuzz","|","|-heal|p2a: Mandibuzz|187/423|[from] item: Leftovers","|turn|15","|","|switch|p2a: Skarmory|Skarmory, F|199/334","|move|p1a: Klefki|Draining Kiss|p2a: Skarmory","|-resisted|p2a: Skarmory","|-damage|p2a: Skarmory|130/334","|","|turn|16","|","|move|p2a: Skarmory|Roost|p2a: Skarmory","|-heal|p2a: Skarmory|297/334","|cant|p1a: Klefki|par","|","|-end|p1a: Klefki|move: Taunt","|turn|17","|","|move|p1a: Klefki|Thunder Wave|p2a: Skarmory","|-status|p2a: Skarmory|par","|move|p2a: Skarmory|Roost|p2a: Skarmory","|-heal|p2a: Skarmory|334/334 par","|","|turn|18","|","|switch|p2a: Mandibuzz|Mandibuzz, F|187/423","|move|p1a: Klefki|Calm Mind|p1a: Klefki","|-boost|p1a: Klefki|spa|1","|-boost|p1a: Klefki|spd|1","|","|-heal|p2a: Mandibuzz|213/423|[from] item: Leftovers","|-sideend|p2: V SLootBoot|Reflect","|turn|19","|","|move|p1a: Klefki|Calm Mind|p1a: Klefki","|-boost|p1a: Klefki|spa|1","|-boost|p1a: Klefki|spd|1","|move|p2a: Mandibuzz|Roost|p2a: Mandibuzz","|-heal|p2a: Mandibuzz|423/423","|","|turn|20","|","|move|p2a: Mandibuzz|Taunt|p1a: Klefki","|-start|p1a: Klefki|move: Taunt","|move|p1a: Klefki|Draining Kiss|p2a: Mandibuzz","|-supereffective|p2a: Mandibuzz","|-damage|p2a: Mandibuzz|127/423","|","|-heal|p2a: Mandibuzz|153/423|[from] item: Leftovers","|turn|21","|","|switch|p2a: Dragonite|Dragonite, F|323/323","|move|p1a: Klefki|Draining Kiss|p2a: Dragonite","|-supereffective|p2a: Dragonite","|-damage|p2a: Dragonite|173/323","|-enditem|p2a: Dragonite|Weakness Policy","|-boost|p2a: Dragonite|atk|2|[from] item: Weakness Policy","|-boost|p2a: Dragonite|spa|2|[from] item: Weakness Policy","|","|turn|22","|","|move|p2a: Dragonite|Earthquake|p1a: Klefki","|-supereffective|p1a: Klefki","|-damage|p1a: Klefki|0 fnt","|faint|p1a: Klefki","|","|","|switch|p1a: Whimsicott|Whimsicott, M|324/324","|-damage|p1a: Whimsicott|284/324|[from] Stealth Rock","|turn|23","|","|move|p2a: Dragonite|Extreme Speed|p1a: Whimsicott","|-damage|p1a: Whimsicott|84/324","|move|p1a: Whimsicott|Encore|p2a: Dragonite","|-start|p2a: Dragonite|Encore","|","|-heal|p1a: Whimsicott|104/324|[from] item: Leftovers","|turn|24","|","|move|p2a: Dragonite|Extreme Speed|p1a: Whimsicott","|-crit|p1a: Whimsicott","|-damage|p1a: Whimsicott|0 fnt","|faint|p1a: Whimsicott","|","|","|switch|p1a: Diancie|Diancie-Mega|166/304","|-damage|p1a: Diancie|128/304|[from] Stealth Rock","|turn|25","|","|move|p2a: Dragonite|Extreme Speed|p1a: Diancie","|-resisted|p1a: Diancie","|-damage|p1a: Diancie|25/304","|move|p1a: Diancie|Diamond Storm|p2a: Dragonite","|-crit|p2a: Dragonite","|-supereffective|p2a: Dragonite","|-damage|p2a: Dragonite|0 fnt","|faint|p2a: Dragonite","|","|","|switch|p2a: Skarmory|Skarmory, F|334/334 par","|turn|26","|","|move|p1a: Diancie|Diamond Storm|p2a: Skarmory","|-damage|p2a: Skarmory|225/334 par","|move|p2a: Skarmory|Brave Bird|p1a: Diancie","|-resisted|p1a: Diancie","|-damage|p1a: Diancie|0 fnt","|-damage|p2a: Skarmory|217/334 par|[from] recoil|[of] p1a: Diancie","|faint|p1a: Diancie","|","|","|switch|p1a: Togekiss|Togekiss, M|373/373","|-damage|p1a: Togekiss|280/373|[from] Stealth Rock","|turn|27","|","|move|p1a: Togekiss|Flamethrower|p2a: Skarmory","|-supereffective|p2a: Skarmory","|-damage|p2a: Skarmory|13/334 par","|move|p2a: Skarmory|Brave Bird|p1a: Togekiss","|-damage|p1a: Togekiss|162/373","|-damage|p2a: Skarmory|0 fnt|[from] recoil|[of] p1a: Togekiss","|faint|p2a: Skarmory","|","|","|switch|p2a: Mandibuzz|Mandibuzz, F|153/423","|turn|28","|","|move|p2a: Mandibuzz|Taunt|p1a: Togekiss","|-start|p1a: Togekiss|move: Taunt","|cant|p1a: Togekiss|move: Taunt|Roost","|","|-heal|p2a: Mandibuzz|179/423|[from] item: Leftovers","|turn|29","|","|switch|p2a: Togekiss|Togekiss, F|373/373","|move|p1a: Togekiss|Air Slash|p2a: Togekiss","|-damage|p2a: Togekiss|303/373","|","|-heal|p2a: Togekiss|326/373|[from] item: Leftovers","|turn|30","|","|move|p2a: Togekiss|Thunder Wave|p1a: Togekiss","|-status|p1a: Togekiss|par","|move|p1a: Togekiss|Air Slash|p2a: Togekiss","|-damage|p2a: Togekiss|253/373","|","|-heal|p2a: Togekiss|276/373|[from] item: Leftovers","|-end|p1a: Togekiss|move: Taunt","|turn|31","|","|switch|p1a: Azumarill|Azumarill, F|403/403","|-damage|p1a: Azumarill|353/403|[from] Stealth Rock","|move|p2a: Togekiss|Air Slash|p1a: Azumarill","|-damage|p1a: Azumarill|239/403","|","|-heal|p2a: Togekiss|299/373|[from] item: Leftovers","|turn|32","|","|move|p2a: Togekiss|Air Slash|p1a: Azumarill","|-damage|p1a: Azumarill|116/403","|-enditem|p1a: Azumarill|Sitrus Berry|[eat]","|-heal|p1a: Azumarill|216/403|[from] item: Sitrus Berry","|cant|p1a: Azumarill|flinch","|","|-heal|p2a: Togekiss|322/373|[from] item: Leftovers","|turn|33","|","|move|p2a: Togekiss|Air Slash|p1a: Azumarill","|-crit|p1a: Azumarill","|-damage|p1a: Azumarill|39/403","|cant|p1a: Azumarill|flinch","|","|-heal|p2a: Togekiss|345/373|[from] item: Leftovers","|turn|34","|","|move|p2a: Togekiss|Air Slash|p1a: Azumarill","|-damage|p1a: Azumarill|0 fnt","|faint|p1a: Azumarill","|","|-heal|p2a: Togekiss|368/373|[from] item: Leftovers","|","|switch|p1a: Gardevoir|Gardevoir, F|339/339","|-damage|p1a: Gardevoir|297/339|[from] Stealth Rock","|-ability|p1a: Gardevoir|Serene Grace|[from] ability: Trace|[of] p2a: Togekiss","|turn|35","|","|move|p2a: Togekiss|Thunder Wave|p1a: Gardevoir","|-status|p1a: Gardevoir|par","|move|p1a: Gardevoir|Moonblast|p2a: Togekiss","|-damage|p2a: Togekiss|251/373","|","|-heal|p2a: Togekiss|274/373|[from] item: Leftovers","|turn|36","|","|move|p2a: Togekiss|Air Slash|p1a: Gardevoir","|-damage|p1a: Gardevoir|230/339 par","|cant|p1a: Gardevoir|flinch","|","|-heal|p2a: Togekiss|297/373|[from] item: Leftovers","|turn|37","|","|move|p2a: Togekiss|Air Slash|p1a: Gardevoir","|-damage|p1a: Gardevoir|163/339 par","|cant|p1a: Gardevoir|flinch","|","|-heal|p2a: Togekiss|320/373|[from] item: Leftovers","|turn|38","|","|move|p2a: Togekiss|Air Slash|p1a: Gardevoir","|-damage|p1a: Gardevoir|105/339 par","|cant|p1a: Gardevoir|flinch","|","|-heal|p2a: Togekiss|343/373|[from] item: Leftovers","|turn|39","|","|win|V SLootBoot"],"p1rating":{"entryid":"7452383","serverid":"eos","formatid":"monotype","userid":"sailorstarshine","username":"SailorStarshine","w":"15","l":20,"t":"0","gxe":43.4,"r":"1490.7451950267","rd":"60.894204811903","sigma":"0","rptime":"1439456400","rpr":1449.4422081259,"rprd":56.646379473454,"rpsigma":"0","acre":1004.6260159807,"lacre":1004.6260159807,"oldacre":"1014.6363766674"},"p2rating":{"entryid":"7571098","serverid":"eos","formatid":"monotype","userid":"vslootboot","username":"V SLootBoot","w":4,"l":"2","t":"0","gxe":54.5,"r":"1533.1385125152","rd":"110.73793183369","sigma":"0","rptime":"1439456400","rpr":1535.2521308802,"rprd":99.378923397771,"rpsigma":"0","acre":1100.8494666361,"lacre":1100.8494666361,"oldacre":"1077.5667128004"},"endType":"forfeit"}