{"seed":[21658,2455,39630,52410],"turns":22,"p1":"gabethegreen","p2":"SailorStarshine","p1team":[{"name":"Vanilluxe","species":"Vanilluxe","item":"lifeorb","ability":"Weak Armor","moves":["flashcannon","icebeam","freezedry","hiddenpowerground"],"nature":"Timid","evs":{"hp":0,"atk":0,"def":0,"spa":252,"spd":4,"spe":252},"ivs":{"hp":31,"atk":31,"def":31,"spa":30,"spd":30,"spe":31}},{"name":"Regice","species":"Regice","item":"assaultvest","ability":"Clear Body","moves":["flashcannon","icebeam","thunderbolt","signalbeam"],"nature":"Modest","evs":{"hp":248,"atk":0,"def":0,"spa":252,"spd":8,"spe":0},"ivs":{"hp":31,"atk":31,"def":31,"spa":31,"spd":31,"spe":31}},{"name":"Mamoswine","species":"Mamoswine","item":"lifeorb","ability":"Thick Fat","moves":["avalanche","iceshard","earthquake","iciclecrash"],"nature":"Jolly","evs":{"hp":0,"atk":252,"def":0,"spa":0,"spd":4,"spe":252},"ivs":{"hp":31,"atk":31,"def":31,"spa":31,"spd":31,"spe":31}},{"name":"Abomasnow","species":"Abomasnow","item":"focussash","ability":"Snow Warning","moves":["earthquake","brickbreak","swordsdance","iceshard"],"nature":"Adamant","evs":{"hp":248,"atk":252,"def":0,"spa":0,"spd":8,"spe":0},"ivs":{"hp":31,"atk":31,"def":31,"spa":31,"spd":31,"spe":31}},{"name":"Glalie","species":"Glalie","item":"glalitite","ability":"Ice Body","moves":["explosion","doubleedge","earthquake","iceshard"],"nature":"Adamant","evs":{"hp":248,"atk":252,"def":0,"spa":0,"spd":8,"spe":0},"ivs":{"hp":31,"atk":31,"def":31,"spa":31,"spd":31,"spe":31}},{"name":"Froslass","species":"Froslass","item":"focussash","ability":"Cursed Body","moves":["taunt","spikes","icebeam","destinybond"],"nature":"Timid","evs":{"hp":0,"atk":0,"def":4,"spa":252,"spd":0,"spe":252},"ivs":{"hp":31,"atk":31,"def":31,"spa":31,"spd":31,"spe":31}}],"p2team":[{"name":"Klefki","species":"Klefki","item":"lightclay","ability":"Prankster","moves":["reflect","lightscreen","thunderwave","drainingkiss"],"nature":"Bold","evs":{"hp":248,"atk":0,"def":252,"spa":8,"spd":0,"spe":0},"ivs":{"hp":31,"atk":31,"def":31,"spa":31,"spd":31,"spe":31}},{"name":"Togekiss","species":"Togekiss","item":"babiriberry","ability":"Serene Grace","moves":["flamethrower","airslash","roost","nastyplot"],"nature":"Calm","evs":{"hp":248,"atk":0,"def":0,"spa":8,"spd":252,"spe":0},"ivs":{"hp":31,"atk":31,"def":31,"spa":31,"spd":31,"spe":31}},{"name":"Gardevoir","species":"Gardevoir","item":"assaultvest","ability":"Trace","moves":["psychic","moonblast","focusblast","energyball"],"nature":"Modest","evs":{"hp":248,"atk":0,"def":0,"spa":252,"spd":8,"spe":0},"ivs":{"hp":31,"atk":31,"def":31,"spa":31,"spd":31,"spe":31}},{"name":"Azumarill","species":"Azumarill","item":"sitrusberry","ability":"Huge Power","moves":["playrough","aquatail","superpower","icepunch"],"nature":"Adamant","evs":{"hp":248,"atk":252,"def":0,"spa":0,"spd":8,"spe":0},"ivs":{"hp":31,"atk":31,"def":31,"spa":31,"spd":31,"spe":31}},{"name":"Whimsicott","species":"Whimsicott","item":"leftovers","ability":"Prankster","moves":["stunspore","encore","leechseed","uturn"],"nature":"Bold","evs":{"hp":252,"atk":0,"def":128,"spa":0,"spd":128,"spe":0},"ivs":{"hp":31,"atk":31,"def":31,"spa":31,"spd":31,"spe":31}},{"name":"Diancie","species":"Diancie","item":"diancite","ability":"Clear Body","moves":["moonblast","diamondstorm","earthpower","protect"],"nature":"","evs":{"hp":252,"atk":0,"def":0,"spa":252,"spd":4,"spe":0},"ivs":{"hp":31,"atk":31,"def":31,"spa":31,"spd":31,"spe":31}}],"log":["|player|p1|gabethegreen|168","|player|p2|SailorStarshine|101","|gametype|singles","|gen|6","|tier|Monotype","|rated","|rule|Baton Pass Clause: Limit one Baton Passer, can't pass Spe and other stats simultaneously","|rule|Swagger Clause: Swagger is banned","|rule|Same Type Clause: Pokémon in a team must share a type","|clearpoke","|poke|p1|Vanilluxe, M","|poke|p1|Regice","|poke|p1|Mamoswine, M","|poke|p1|Abomasnow, F","|poke|p1|Glalie, M","|poke|p1|Froslass, F","|poke|p2|Klefki, F","|poke|p2|Togekiss, M","|poke|p2|Gardevoir, M","|poke|p2|Azumarill, F","|poke|p2|Whimsicott, F","|poke|p2|Diancie","|rule|Sleep Clause Mod: Limit one foe put to sleep","|rule|Species Clause: Limit one of each Pokémon","|rule|OHKO Clause: OHKO moves are banned","|rule|Moody Clause: Moody is banned","|rule|Evasion Moves Clause: Evasion moves are banned","|rule|Endless Battle Clause: Forcing endless battles is banned","|rule|HP Percentage Mod: HP is shown in percentages","|teampreview","|","|start","|switch|p1a: Froslass|Froslass, F|281/281","|switch|p2a: Klefki|Klefki, F|317/317","|turn|1","|","|move|p2a: Klefki|Thunder Wave|p1a: Froslass","|-status|p1a: Froslass|par","|move|p1a: Froslass|Spikes|p2a: Klefki","|-sidestart|p2: SailorStarshine|Spikes","|","|turn|2","|","|switch|p2a: Whimsicott|Whimsicott, F|324/324","|-damage|p2a: Whimsicott|284/324|[from] Spikes","|move|p1a: Froslass|Spikes|p2a: Whimsicott","|-sidestart|p2: SailorStarshine|Spikes","|","|-heal|p2a: Whimsicott|304/324|[from] item: Leftovers","|turn|3","|","|move|p2a: Whimsicott|Encore|p1a: Froslass","|-start|p1a: Froslass|Encore","|move|p1a: Froslass|Spikes|p2a: Whimsicott","|-sidestart|p2: SailorStarshine|Spikes","|","|-heal|p2a: Whimsicott|324/324|[from] item: Leftovers","|turn|4","|","|switch|p2a: Diancie|Diancie|304/304","|-damage|p2a: Diancie|228/304|[from] Spikes","|switch|p1a: Abomasnow|Abomasnow, F|383/383","|-weather|Hail","|","|-weather|Hail|[upkeep]","|-damage|p2a: Diancie|209/304|[from] hail","|turn|5","|","|detailschange|p2a: Diancie|Diancie-Mega","|-mega|p2a: Diancie|Diancie|Diancite","|move|p1a: Abomasnow|Swords Dance|p1a: Abomasnow","|-boost|p1a: Abomasnow|atk|2","|move|p2a: Diancie|Diamond Storm|p1a: Abomasnow","|-supereffective|p1a: Abomasnow","|-enditem|p1a: Abomasnow|Focus Sash","|-damage|p1a: Abomasnow|1/383","|-boost|p2a: Diancie|def|1","|","|-weather|Hail|[upkeep]","|-damage|p2a: Diancie|190/304|[from] hail","|turn|6","|","|move|p1a: Abomasnow|Ice Shard|p2a: Diancie","|-damage|p2a: Diancie|120/304","|move|p2a: Diancie|Moonblast|p1a: Abomasnow","|-damage|p1a: Abomasnow|0 fnt","|faint|p1a: Abomasnow","|","|-weather|Hail|[upkeep]","|-damage|p2a: Diancie|101/304|[from] hail","|","|switch|p1a: Vanilluxe|Vanilluxe, M|283/283","|turn|7","|","|move|p1a: Vanilluxe|Flash Cannon|p2a: Diancie","|-supereffective|p2a: Diancie","|-damage|p2a: Diancie|0 fnt","|-damage|p1a: Vanilluxe|255/283|[from] item: Life Orb","|faint|p2a: Diancie","|","|-weather|Hail|[upkeep]","|","|switch|p2a: Klefki|Klefki, F|317/317","|-damage|p2a: Klefki|238/317|[from] Spikes","|turn|8","|","|move|p2a: Klefki|Reflect|p2a: Klefki","|-sidestart|p2: SailorStarshine|Reflect","|move|p1a: Vanilluxe|Flash Cannon|p2a: Klefki","|-damage|p2a: Klefki|124/317","|-damage|p1a: Vanilluxe|227/283|[from] item: Life Orb","|","|-weather|none","|turn|9","|","|move|p2a: Klefki|Light Screen|p2a: Klefki","|-sidestart|p2: SailorStarshine|move: Light Screen","|move|p1a: Vanilluxe|Ice Beam|p2a: Klefki","|-resisted|p2a: Klefki","|-damage|p2a: Klefki|72/317","|-damage|p1a: Vanilluxe|199/283|[from] item: Life Orb","|","|turn|10","|","|move|p1a: Vanilluxe|Flash Cannon|p2a: Klefki","|-damage|p2a: Klefki|9/317","|-damage|p1a: Vanilluxe|171/283|[from] item: Life Orb","|move|p2a: Klefki|Draining Kiss|p1a: Vanilluxe","|-crit|p1a: Vanilluxe","|-damage|p1a: Vanilluxe|93/283","|-heal|p2a: Klefki|68/317|[from] drain|[of] p1a: Vanilluxe","|","|turn|11","|","|move|p1a: Vanilluxe|Hidden Power|p2a: Klefki","|-supereffective|p2a: Klefki","|-damage|p2a: Klefki|0 fnt","|-damage|p1a: Vanilluxe|65/283|[from] item: Life Orb","|faint|p2a: Klefki","|","|","|switch|p2a: Gardevoir|Gardevoir, M|339/339","|-damage|p2a: Gardevoir|255/339|[from] Spikes","|-ability|p2a: Gardevoir|Weak Armor|[from] ability: Trace|[of] p1a: Vanilluxe","|turn|12","|","|move|p1a: Vanilluxe|Ice Beam|p2a: Gardevoir","|-damage|p2a: Gardevoir|202/339","|-damage|p1a: Vanilluxe|37/283|[from] item: Life Orb","|move|p2a: Gardevoir|Moonblast|p1a: Vanilluxe","|-damage|p1a: Vanilluxe|0 fnt","|faint|p1a: Vanilluxe","|","|","|switch|p1a: Froslass|Froslass, F|281/281 par","|turn|13","|","|move|p2a: Gardevoir|Moonblast|p1a: Froslass","|-damage|p1a: Froslass|53/281 par","|cant|p1a: Froslass|par","|","|turn|14","|","|move|p2a: Gardevoir|Moonblast|p1a: Froslass","|-damage|p1a: Froslass|0 fnt","|faint|p1a: Froslass","|","|","|switch|p1a: Mamoswine|Mamoswine, M|361/361","|turn|15","|","|move|p1a: Mamoswine|Earthquake|p2a: Gardevoir","|-damage|p2a: Gardevoir|51/339","|-unboost|p2a: Gardevoir|def|1|[from] ability: Weak Armor","|-boost|p2a: Gardevoir|spe|1|[from] ability: Weak Armor","|-damage|p1a: Mamoswine|325/361|[from] item: Life Orb","|move|p2a: Gardevoir|Focus Blast|p1a: Mamoswine|[miss]","|-miss|p2a: Gardevoir|p1a: Mamoswine","|","|-sideend|p2: SailorStarshine|Reflect","|turn|16","|","|move|p1a: Mamoswine|Ice Shard|p2a: Gardevoir","|-damage|p2a: Gardevoir|0 fnt","|-damage|p1a: Mamoswine|289/361|[from] item: Life Orb","|faint|p2a: Gardevoir","|","|-sideend|p2: SailorStarshine|move: Light Screen","|","|switch|p2a: Azumarill|Azumarill, F|403/403","|-damage|p2a: Azumarill|303/403|[from] Spikes","|turn|17","|","|switch|p1a: Regice|Regice|363/363","|move|p2a: Azumarill|Superpower|p1a: Regice","|-supereffective|p1a: Regice","|-damage|p1a: Regice|19/363","|-unboost|p2a: Azumarill|atk|1","|-unboost|p2a: Azumarill|def|1","|","|turn|18","|","|move|p1a: Regice|Thunderbolt|p2a: Azumarill","|-supereffective|p2a: Azumarill","|-damage|p2a: Azumarill|53/403","|-enditem|p2a: Azumarill|Sitrus Berry|[eat]","|-heal|p2a: Azumarill|153/403|[from] item: Sitrus Berry","|move|p2a: Azumarill|Superpower|p1a: Regice","|-supereffective|p1a: Regice","|-damage|p1a: Regice|0 fnt","|-unboost|p2a: Azumarill|atk|1","|-unboost|p2a: Azumarill|def|1","|faint|p1a: Regice","|","|","|switch|p1a: Glalie|Glalie, M|363/363","|turn|19","|","|switch|p2a: Whimsicott|Whimsicott, F|324/324","|-damage|p2a: Whimsicott|243/324|[from] Spikes","|detailschange|p1a: Glalie|Glalie-Mega, M","|-mega|p1a: Glalie|Glalie|Glalitite","|move|p1a: Glalie|Ice Shard|p2a: Whimsicott","|-supereffective|p2a: Whimsicott","|-damage|p2a: Whimsicott|103/324","|","|-heal|p2a: Whimsicott|123/324|[from] item: Leftovers","|turn|20","|","|move|p2a: Whimsicott|Stun Spore|p1a: Glalie","|-status|p1a: Glalie|par","|move|p1a: Glalie|Ice Shard|p2a: Whimsicott","|-supereffective|p2a: Whimsicott","|-damage|p2a: Whimsicott|0 fnt","|faint|p2a: Whimsicott","|","|","|switch|p2a: Togekiss|Togekiss, M|373/373","|turn|21","|","|move|p2a: Togekiss|Nasty Plot|p2a: Togekiss","|-boost|p2a: Togekiss|spa|2","|move|p1a: Glalie|Double-Edge|p2a: Togekiss","|-supereffective|p2a: Togekiss","|-damage|p2a: Togekiss|0 fnt","|-damage|p1a: Glalie|240/363 par|[from] recoil|[of] p2a: Togekiss","|faint|p2a: Togekiss","|","|","|switch|p2a: Azumarill|Azumarill, F|153/403","|-damage|p2a: Azumarill|53/403|[from] Spikes","|turn|22","|","|move|p1a: Glalie|Ice Shard|p2a: Azumarill","|-resisted|p2a: Azumarill","|-damage|p2a: Azumarill|11/403","|move|p2a: Azumarill|Superpower|p1a: Glalie","|-supereffective|p1a: Glalie","|-damage|p1a: Glalie|0 fnt","|-unboost|p2a: Azumarill|atk|1","|-unboost|p2a: Azumarill|def|1","|faint|p1a: Glalie","|","|","|win|gabethegreen"],"p1rating":{"entryid":"7308127","serverid":"eos","formatid":"monotype","userid":"gabethegreen","username":"gabethegreen","w":3,"l":"9","t":"0","gxe":36.4,"r":"1345.8483802191","rd":"92.598865918931","sigma":"0","rptime":"1439370000","rpr":1391.9364934642,"rprd":86.114289625141,"rpsigma":"0","acre":1092.2298133498,"lacre":1092.2298133498,"oldacre":"1056.8271334547"},"p2rating":{"entryid":"7452383","serverid":"eos","formatid":"monotype","userid":"sailorstarshine","username":"SailorStarshine","w":"14","l":14,"t":"0","gxe":49.9,"r":"1526.4962411485","rd":"63.405102914701","sigma":"0","rptime":"1439370000","rpr":1499.6070806249,"rprd":61.721212719841,"rpsigma":"0","acre":1072.2792663015,"lacre":1072.2792663015,"oldacre":"1100.398117687"},"endType":"forfeit"}