{"seed":[40349,18345,12795,41238],"turns":32,"p1":"Im Slash","p2":"Guard LUcifer","p1team":[{"name":"Metagross","species":"Metagross","item":"leftovers","ability":"Clear Body","moves":["stealthrock","meteormash","bulletpunch","hammerarm"],"nature":"Adamant","evs":{"hp":252,"atk":252,"def":4,"spa":0,"spd":0,"spe":0},"ivs":{"hp":31,"atk":31,"def":31,"spa":31,"spd":31,"spe":31}},{"name":"Hoopa-Unbound","species":"Hoopa-Unbound","item":"choicescarf","ability":"Magician","moves":["hyperspacefury","drainpunch","firepunch","hyperspacehole"],"nature":"Hasty","evs":{"hp":0,"atk":252,"def":0,"spa":4,"spd":0,"spe":252},"ivs":{"hp":31,"atk":31,"def":31,"spa":31,"spd":31,"spe":31}},{"name":"Victini","species":"Victini","item":"leftovers","ability":"Victory Star","moves":["taunt","vcreate","willowisp","boltstrike"],"nature":"Jolly","evs":{"hp":248,"atk":132,"def":68,"spa":0,"spd":0,"spe":60},"ivs":{"hp":31,"atk":31,"def":31,"spa":31,"spd":31,"spe":31}},{"name":"Gardevoir","species":"Gardevoir","item":"gardevoirite","ability":"Trace","moves":["hypervoice","psyshock","substitute","focusblast"],"nature":"Timid","evs":{"hp":0,"atk":0,"def":0,"spa":252,"spd":0,"spe":252},"ivs":{"hp":31,"atk":30,"def":30,"spa":31,"spd":31,"spe":31}},{"name":"Meloetta","species":"Meloetta","item":"leftovers","ability":"Serene Grace","moves":["calmmind","shadowball","psyshock","hypervoice"],"nature":"Modest","evs":{"hp":252,"atk":0,"def":0,"spa":252,"spd":4,"spe":0},"ivs":{"hp":31,"atk":31,"def":31,"spa":31,"spd":31,"spe":31}},{"name":"Latias","species":"Latias","item":"lifeorb","ability":"Levitate","moves":["dracometeor","psychic","defog","healingwish"],"nature":"Timid","evs":{"hp":0,"atk":0,"def":0,"spa":252,"spd":4,"spe":252},"ivs":{"hp":31,"atk":31,"def":31,"spa":31,"spd":31,"spe":31}}],"p2team":[{"name":"Azumarill","species":"Azumarill","item":"sitrusberry","ability":"Huge Power","moves":["playrough","waterfall","aquajet","bellydrum"],"nature":"Adamant","evs":{"hp":164,"atk":252,"def":92,"spa":0,"spd":0,"spe":0},"gender":"M","shiny":true,"ivs":{"hp":31,"atk":31,"def":31,"spa":31,"spd":31,"spe":31}},{"name":"Granbull","species":"Granbull","item":"leftovers","ability":"Intimidate","moves":["thunderwave","earthquake","playrough","healbell"],"nature":"Adamant","evs":{"hp":252,"atk":172,"def":84,"spa":0,"spd":0,"spe":0},"gender":"M","shiny":true,"ivs":{"hp":31,"atk":31,"def":31,"spa":31,"spd":31,"spe":31}},{"name":"Diancie","species":"Diancie","item":"diancite","ability":"Clear Body","moves":["earthpower","moonblast","rockpolish","psyshock"],"nature":"Modest","evs":{"hp":4,"atk":0,"def":0,"spa":252,"spd":0,"spe":252},"ivs":{"hp":31,"atk":31,"def":31,"spa":31,"spd":31,"spe":31}},{"name":"Togekiss","species":"Togekiss","item":"leftovers","ability":"Serene Grace","moves":["defog","airslash","flamethrower","roost"],"nature":"Timid","evs":{"hp":0,"atk":0,"def":4,"spa":252,"spd":0,"spe":252},"gender":"M","shiny":true,"ivs":{"hp":31,"atk":31,"def":31,"spa":31,"spd":31,"spe":31}},{"name":"Sylveon","species":"Sylveon","item":"leftovers","ability":"Pixilate","moves":["hypervoice","hiddenpowerfire","calmmind","wish"],"nature":"Modest","evs":{"hp":252,"atk":0,"def":4,"spa":252,"spd":0,"spe":0},"gender":"M","ivs":{"hp":31,"atk":30,"def":31,"spa":30,"spd":31,"spe":30},"shiny":true},{"name":"Klefki","species":"Klefki","item":"lightclay","ability":"Prankster","moves":["foulplay","thunderwave","lightscreen","reflect"],"nature":"Bold","evs":{"hp":248,"atk":0,"def":252,"spa":0,"spd":8,"spe":0},"gender":"M","shiny":true,"ivs":{"hp":31,"atk":31,"def":31,"spa":31,"spd":31,"spe":31}}],"log":["|player|p1|Im Slash|144","|player|p2|Guard LUcifer|karlpower.png","|gametype|singles","|gen|6","|tier|Monotype","|rated","|rule|Baton Pass Clause: Limit one Baton Passer, can't pass Spe and other stats simultaneously","|rule|Swagger Clause: Swagger is banned","|rule|Same Type Clause: Pokémon in a team must share a type","|clearpoke","|poke|p1|Metagross","|poke|p1|Hoopa-Unbound","|poke|p1|Victini","|poke|p1|Gardevoir, M","|poke|p1|Meloetta","|poke|p1|Latias, F","|poke|p2|Azumarill, M, shiny","|poke|p2|Granbull, M, shiny","|poke|p2|Diancie","|poke|p2|Togekiss, M, shiny","|poke|p2|Sylveon, M, shiny","|poke|p2|Klefki, M, shiny","|rule|Sleep Clause Mod: Limit one foe put to sleep","|rule|Species Clause: Limit one of each Pokémon","|rule|OHKO Clause: OHKO moves are banned","|rule|Moody Clause: Moody is banned","|rule|Evasion Moves Clause: Evasion moves are banned","|rule|Endless Battle Clause: Forcing endless battles is banned","|rule|HP Percentage Mod: HP is shown in percentages","|teampreview","|","|start","|switch|p1a: Victini|Victini|403/403","|switch|p2a: Granbull|Granbull, M, shiny|384/384","|-ability|p2a: Granbull|Intimidate","|-unboost|p1a: Victini|atk|1","|turn|1","|","|move|p1a: Victini|Taunt|p2a: Granbull","|-start|p2a: Granbull|move: Taunt","|cant|p2a: Granbull|move: Taunt|Thunder Wave","|","|turn|2","|","|switch|p2a: Azumarill|Azumarill, M, shiny|382/382","|move|p1a: Victini|Will-O-Wisp|p2a: Azumarill","|-status|p2a: Azumarill|brn","|","|-damage|p2a: Azumarill|335/382 brn|[from] brn","|turn|3","|","|switch|p1a: Metagross|Metagross|364/364","|move|p2a: Azumarill|Waterfall|p1a: Metagross","|-crit|p1a: Metagross","|-damage|p1a: Metagross|265/364","|","|-heal|p1a: Metagross|287/364|[from] item: Leftovers","|-damage|p2a: Azumarill|288/382 brn|[from] brn","|turn|4","|","|switch|p2a: Granbull|Granbull, M, shiny|384/384","|-ability|p2a: Granbull|Intimidate","|-fail|p1a: Metagross|unboost|[from] ability: Clear Body|[of] p1a: Metagross","|move|p1a: Metagross|Meteor Mash|p2a: Granbull","|-supereffective|p2a: Granbull","|-damage|p2a: Granbull|0 fnt","|faint|p2a: Granbull","|","|-heal|p1a: Metagross|309/364|[from] item: Leftovers","|","|switch|p2a: Klefki|Klefki, M, shiny|317/317","|turn|5","|","|switch|p1a: Victini|Victini|403/403","|move|p2a: Klefki|Reflect|p2a: Klefki","|-sidestart|p2: Guard LUcifer|Reflect","|","|turn|6","|","|move|p2a: Klefki|Thunder Wave|p1a: Victini","|-status|p1a: Victini|par","|move|p1a: Victini|Will-O-Wisp|p2a: Klefki","|-status|p2a: Klefki|brn","|","|-damage|p2a: Klefki|278/317 brn|[from] brn","|turn|7","|","|switch|p1a: Gardevoir|Gardevoir, M|277/277","|-ability|p1a: Gardevoir|Prankster|[from] ability: Trace|[of] p2a: Klefki","|move|p2a: Klefki|Foul Play|p1a: Gardevoir","|-damage|p1a: Gardevoir|245/277","|","|-damage|p2a: Klefki|239/317 brn|[from] brn","|turn|8","|","|switch|p1a: Victini|Victini|403/403 par","|switch|p2a: Azumarill|Azumarill, M, shiny|288/382 brn","|","|-damage|p2a: Azumarill|241/382 brn|[from] brn","|turn|9","|","|move|p2a: Azumarill|Waterfall|p1a: Victini","|-supereffective|p1a: Victini","|-damage|p1a: Victini|253/403 par","|move|p1a: Victini|Bolt Strike|p2a: Azumarill","|-supereffective|p2a: Azumarill","|-damage|p2a: Azumarill|114/382 brn","|-enditem|p2a: Azumarill|Sitrus Berry|[eat]","|-heal|p2a: Azumarill|209/382 brn|[from] item: Sitrus Berry","|","|-heal|p1a: Victini|278/403 par|[from] item: Leftovers","|-damage|p2a: Azumarill|162/382 brn|[from] brn","|turn|10","|","|switch|p1a: Latias|Latias, F|301/301","|move|p2a: Azumarill|Waterfall|p1a: Latias","|-resisted|p1a: Latias","|-damage|p1a: Latias|256/301","|","|-damage|p2a: Azumarill|115/382 brn|[from] brn","|turn|11","|","|move|p1a: Latias|Psychic|p2a: Azumarill","|-damage|p2a: Azumarill|0 fnt","|-damage|p1a: Latias|226/301|[from] item: Life Orb","|faint|p2a: Azumarill","|","|","|switch|p2a: Diancie|Diancie|242/242","|turn|12","|","|switch|p1a: Metagross|Metagross|309/364","|move|p2a: Diancie|Moonblast|p1a: Metagross","|-resisted|p1a: Metagross","|-damage|p1a: Metagross|224/364","|","|-heal|p1a: Metagross|246/364|[from] item: Leftovers","|-sideend|p2: Guard LUcifer|Reflect","|turn|13","|","|switch|p2a: Klefki|Klefki, M, shiny|239/317 brn","|move|p1a: Metagross|Bullet Punch|p2a: Klefki","|-damage|p2a: Klefki|172/317 brn","|","|-heal|p1a: Metagross|268/364|[from] item: Leftovers","|-damage|p2a: Klefki|133/317 brn|[from] brn","|turn|14","|","|move|p2a: Klefki|Foul Play|p1a: Metagross","|-supereffective|p1a: Metagross","|-damage|p1a: Metagross|172/364","|move|p1a: Metagross|Meteor Mash|p2a: Klefki","|-damage|p2a: Klefki|0 fnt","|faint|p2a: Klefki","|","|-heal|p1a: Metagross|194/364|[from] item: Leftovers","|","|switch|p2a: Togekiss|Togekiss, M, shiny|311/311","|turn|15","|","|move|p2a: Togekiss|Flamethrower|p1a: Metagross","|-supereffective|p1a: Metagross","|-damage|p1a: Metagross|0 fnt","|faint|p1a: Metagross","|","|","|switch|p1a: Meloetta|Meloetta|404/404","|turn|16","|","|move|p2a: Togekiss|Air Slash|p1a: Meloetta","|-damage|p1a: Meloetta|307/404","|move|p1a: Meloetta|Calm Mind|p1a: Meloetta","|-boost|p1a: Meloetta|spa|1","|-boost|p1a: Meloetta|spd|1","|","|-heal|p1a: Meloetta|332/404|[from] item: Leftovers","|turn|17","|","|move|p2a: Togekiss|Air Slash|p1a: Meloetta","|-damage|p1a: Meloetta|257/404","|cant|p1a: Meloetta|flinch","|","|-heal|p1a: Meloetta|282/404|[from] item: Leftovers","|turn|18","|","|move|p2a: Togekiss|Air Slash|p1a: Meloetta","|-damage|p1a: Meloetta|210/404","|move|p1a: Meloetta|Psyshock|p2a: Togekiss","|-damage|p2a: Togekiss|80/311","|","|-heal|p2a: Togekiss|99/311|[from] item: Leftovers","|-heal|p1a: Meloetta|235/404|[from] item: Leftovers","|turn|19","|","|move|p2a: Togekiss|Air Slash|p1a: Meloetta","|-damage|p1a: Meloetta|165/404","|cant|p1a: Meloetta|flinch","|","|-heal|p2a: Togekiss|118/311|[from] item: Leftovers","|-heal|p1a: Meloetta|190/404|[from] item: Leftovers","|turn|20","|","|move|p2a: Togekiss|Air Slash|p1a: Meloetta","|-damage|p1a: Meloetta|120/404","|cant|p1a: Meloetta|flinch","|","|-heal|p2a: Togekiss|137/311|[from] item: Leftovers","|-heal|p1a: Meloetta|145/404|[from] item: Leftovers","|turn|21","|","|move|p2a: Togekiss|Air Slash|p1a: Meloetta","|-damage|p1a: Meloetta|75/404","|cant|p1a: Meloetta|flinch","|","|-heal|p2a: Togekiss|156/311|[from] item: Leftovers","|-heal|p1a: Meloetta|100/404|[from] item: Leftovers","|turn|22","|","|move|p2a: Togekiss|Air Slash|p1a: Meloetta","|-damage|p1a: Meloetta|34/404","|cant|p1a: Meloetta|flinch","|","|-heal|p2a: Togekiss|175/311|[from] item: Leftovers","|-heal|p1a: Meloetta|59/404|[from] item: Leftovers","|turn|23","|","|move|p2a: Togekiss|Air Slash|p1a: Meloetta","|-damage|p1a: Meloetta|0 fnt","|faint|p1a: Meloetta","|","|-heal|p2a: Togekiss|194/311|[from] item: Leftovers","|","|switch|p1a: Gardevoir|Gardevoir, M|245/277","|-ability|p1a: Gardevoir|Serene Grace|[from] ability: Trace|[of] p2a: Togekiss","|turn|24","|","|detailschange|p1a: Gardevoir|Gardevoir-Mega, M","|-mega|p1a: Gardevoir|Gardevoir|Gardevoirite","|move|p2a: Togekiss|Air Slash|p1a: Gardevoir","|-damage|p1a: Gardevoir|143/277","|move|p1a: Gardevoir|Psyshock|p2a: Togekiss","|-damage|p2a: Togekiss|7/311","|","|-heal|p2a: Togekiss|26/311|[from] item: Leftovers","|turn|25","|","|move|p1a: Gardevoir|Psyshock|p2a: Togekiss","|-damage|p2a: Togekiss|0 fnt","|faint|p2a: Togekiss","|","|","|switch|p2a: Sylveon|Sylveon, M, shiny|394/394","|turn|26","|","|move|p1a: Gardevoir|Psyshock|p2a: Sylveon","|-damage|p2a: Sylveon|168/394","|move|p2a: Sylveon|Calm Mind|p2a: Sylveon","|-boost|p2a: Sylveon|spa|1","|-boost|p2a: Sylveon|spd|1","|","|-heal|p2a: Sylveon|192/394|[from] item: Leftovers","|turn|27","|","|move|p1a: Gardevoir|Psyshock|p2a: Sylveon","|-damage|p2a: Sylveon|0 fnt","|faint|p2a: Sylveon","|","|","|switch|p2a: Diancie|Diancie|242/242","|turn|28","|","|move|p1a: Gardevoir|Hyper Voice|p2a: Diancie","|-damage|p2a: Diancie|71/242","|move|p2a: Diancie|Rock Polish|p2a: Diancie","|-boost|p2a: Diancie|spe|2","|","|turn|29","|","|detailschange|p2a: Diancie|Diancie-Mega","|-mega|p2a: Diancie|Diancie|Diancite","|move|p2a: Diancie|Moonblast|p1a: Gardevoir","|-damage|p1a: Gardevoir|0 fnt","|faint|p1a: Gardevoir","|","|","|switch|p1a: Victini|Victini|278/403 par","|turn|30","|","|move|p2a: Diancie|Earth Power|p1a: Victini","|-supereffective|p1a: Victini","|-damage|p1a: Victini|4/403 par","|cant|p1a: Victini|par","|","|-heal|p1a: Victini|29/403 par|[from] item: Leftovers","|turn|31","|","|switch|p1a: Hoopa-Unbound|Hoopa-Unbound|301/301","|move|p2a: Diancie|Moonblast|p1a: Hoopa-Unbound","|-supereffective|p1a: Hoopa-Unbound","|-damage|p1a: Hoopa-Unbound|0 fnt","|faint|p1a: Hoopa-Unbound","|","|","|switch|p1a: Latias|Latias, F|226/301","|turn|32","|","|move|p2a: Diancie|Moonblast|p1a: Latias","|-supereffective|p1a: Latias","|-damage|p1a: Latias|0 fnt","|faint|p1a: Latias","|","|","|win|Guard LUcifer"],"p1rating":{"entryid":"7172051","serverid":"eos","formatid":"monotype","userid":"imslash","username":"Im Slash","w":"10","l":5,"t":"0","gxe":61,"r":1607.555647359,"rd":81.12954781876,"sigma":"0","rptime":1439456400,"rpr":1586.0866936649,"rprd":79.440396846385,"rpsigma":"0","acre":1125.7457103357,"lacre":1125.7457103357,"oldacre":"1161.6020745506"},"p2rating":{"entryid":"7604731","serverid":"eos","formatid":"monotype","userid":"guardlucifer","username":"Guard LUcifer","w":1,"l":"1","t":"0","gxe":50.9,"r":"1500","rd":"130","sigma":"0","rptime":"1439456400","rpr":1507.126032071,"rprd":116.74920643469,"rpsigma":"0","acre":1057.3701827438,"lacre":1057.3701827438,"oldacre":"1000"},"endType":"forfeit"}