{"seed":[48790,780,45232,50057],"turns":27,"p1":"Guard Darkrai","p2":"Im Little Bob","p1team":[{"name":"Cradily","species":"Cradily","item":"leftovers","ability":"Suction Cups","moves":["recover","toxic","ancientpower","gigadrain"],"nature":"Calm","evs":{"hp":252,"atk":0,"def":0,"spa":4,"spd":252,"spe":0},"shiny":true,"ivs":{"hp":31,"atk":31,"def":31,"spa":31,"spd":31,"spe":31}},{"name":"Venusaur","species":"Venusaur","item":"venusaurite","ability":"Overgrow","moves":["synthesis","sludgebomb","gigadrain","hiddenpowerfire"],"nature":"Modest","evs":{"hp":248,"atk":0,"def":0,"spa":252,"spd":8,"spe":0},"ivs":{"hp":31,"atk":30,"def":31,"spa":30,"spd":31,"spe":30},"shiny":true},{"name":"Whimsicott","species":"Whimsicott","item":"focussash","ability":"Prankster","moves":["leechseed","substitute","protect","moonblast"],"nature":"Bold","evs":{"hp":248,"atk":0,"def":252,"spa":8,"spd":0,"spe":0},"shiny":true,"ivs":{"hp":31,"atk":31,"def":31,"spa":31,"spd":31,"spe":31}},{"name":"Breloom","species":"Breloom","item":"focussash","ability":"Technician","moves":["spore","rocktomb","bulletseed","machpunch"],"nature":"Jolly","evs":{"hp":0,"atk":252,"def":0,"spa":0,"spd":4,"spe":252},"shiny":true,"ivs":{"hp":31,"atk":31,"def":31,"spa":31,"spd":31,"spe":31}},{"name":"Serperior","species":"Serperior","item":"focussash","ability":"Contrary","moves":["leafstorm","dragonpulse","substitute","taunt"],"nature":"Timid","evs":{"hp":0,"atk":0,"def":0,"spa":252,"spd":4,"spe":252},"shiny":true,"ivs":{"hp":31,"atk":31,"def":31,"spa":31,"spd":31,"spe":31}},{"name":"Amoonguss","species":"Amoonguss","item":"blacksludge","ability":"Regenerator","moves":["spore","gastroacid","gigadrain","sludgebomb"],"nature":"Modest","evs":{"hp":252,"atk":0,"def":0,"spa":252,"spd":4,"spe":0},"shiny":true,"ivs":{"hp":31,"atk":31,"def":31,"spa":31,"spd":31,"spe":31}}],"p2team":[{"name":"Rojo","species":"gyarados","item":"gyaradosite","ability":"Moxie","moves":["dragondance","waterfall","taunt","earthquake"],"nature":"Adamant","evs":{"hp":0,"atk":0,"def":96,"spa":0,"spd":160,"spe":252},"gender":"F","shiny":true,"ivs":{"hp":31,"atk":31,"def":31,"spa":31,"spd":31,"spe":31}},{"name":"Staraptor","species":"Staraptor","item":"choicescarf","ability":"Reckless","moves":["bravebird","uturn","closecombat","doubleedge"],"nature":"Jolly","evs":{"hp":4,"atk":252,"def":0,"spa":0,"spd":0,"spe":252},"ivs":{"hp":31,"atk":31,"def":31,"spa":31,"spd":31,"spe":31}},{"name":"Natsu","species":"salamence","item":"choicescarf","ability":"Moxie","moves":["rockslide","earthquake","outrage","doubleedge"],"nature":"Jolly","evs":{"hp":0,"atk":252,"def":0,"spa":0,"spd":4,"spe":252},"ivs":{"hp":31,"atk":31,"def":31,"spa":31,"spd":31,"spe":31}},{"name":"Plane","species":"togekiss","item":"leftovers","ability":"Serene Grace","moves":["thunderwave","aurasphere","airslash","flamethrower"],"nature":"Modest","evs":{"hp":108,"atk":0,"def":28,"spa":236,"spd":136,"spe":0},"ivs":{"hp":31,"atk":31,"def":31,"spa":31,"spd":31,"spe":31}},{"name":"Tornadus-Therian","species":"Tornadus-Therian","item":"assaultvest","ability":"Regenerator","moves":["hurricane","knockoff","superpower","heatwave"],"nature":"Jolly","evs":{"hp":24,"atk":252,"def":0,"spa":0,"spd":0,"spe":232},"ivs":{"hp":31,"atk":31,"def":31,"spa":31,"spd":31,"spe":31}},{"name":"Hammer Time","species":"thundurustherian","item":"expertbelt","ability":"Volt Absorb","moves":["thunderbolt","focusblast","hiddenpowerice","nastyplot"],"nature":"Timid","evs":{"hp":4,"atk":0,"def":0,"spa":252,"spd":0,"spe":252},"ivs":{"hp":31,"atk":30,"def":30,"spa":31,"spd":31,"spe":31}}],"log":["|player|p1|Guard Darkrai|guarddarkrai.png","|player|p2|Im Little Bob|184","|gametype|singles","|gen|6","|tier|Monotype","|rated","|rule|Baton Pass Clause: Limit one Baton Passer, can't pass Spe and other stats simultaneously","|rule|Swagger Clause: Swagger is banned","|rule|Same Type Clause: Pokémon in a team must share a type","|clearpoke","|poke|p1|Cradily, M, shiny","|poke|p1|Venusaur, M, shiny","|poke|p1|Whimsicott, F, shiny","|poke|p1|Breloom, F, shiny","|poke|p1|Serperior, F, shiny","|poke|p1|Amoonguss, F, shiny","|poke|p2|Gyarados, F, shiny","|poke|p2|Staraptor, F","|poke|p2|Salamence, F","|poke|p2|Togekiss, F","|poke|p2|Tornadus-Therian, M","|poke|p2|Thundurus-Therian, M","|rule|Sleep Clause Mod: Limit one foe put to sleep","|rule|Species Clause: Limit one of each Pokémon","|rule|OHKO Clause: OHKO moves are banned","|rule|Moody Clause: Moody is banned","|rule|Evasion Moves Clause: Evasion moves are banned","|rule|Endless Battle Clause: Forcing endless battles is banned","|rule|HP Percentage Mod: HP is shown in percentages","|teampreview","|","|start","|switch|p1a: Whimsicott|Whimsicott, F, shiny|323/323","|switch|p2a: Rojo|Gyarados, F, shiny|331/331","|turn|1","|","|detailschange|p2a: Rojo|Gyarados-Mega, F, shiny","|-mega|p2a: Rojo|Gyarados|Gyaradosite","|-ability|p2a: Rojo|Mold Breaker","|move|p1a: Whimsicott|Leech Seed|p2a: Rojo","|-start|p2a: Rojo|move: Leech Seed","|move|p2a: Rojo|Taunt|p1a: Whimsicott","|-start|p1a: Whimsicott|move: Taunt","|","|-damage|p2a: Rojo|290/331|[from] Leech Seed|[of] p1a: Whimsicott","|turn|2","|","|switch|p2a: Plane|Togekiss, F|338/338","|move|p1a: Whimsicott|Moonblast|p2a: Plane","|-damage|p2a: Plane|262/338","|-unboost|p2a: Plane|spa|1","|","|-heal|p2a: Plane|283/338|[from] item: Leftovers","|turn|3","|","|move|p1a: Whimsicott|Moonblast|p2a: Plane","|-damage|p2a: Plane|214/338","|move|p2a: Plane|Thunder Wave|p1a: Whimsicott","|-status|p1a: Whimsicott|par","|","|-heal|p2a: Plane|235/338|[from] item: Leftovers","|turn|4","|","|move|p2a: Plane|Air Slash|p1a: Whimsicott","|-crit|p1a: Whimsicott","|-supereffective|p1a: Whimsicott","|-enditem|p1a: Whimsicott|Focus Sash","|-damage|p1a: Whimsicott|1/323 par","|move|p1a: Whimsicott|Moonblast|p2a: Plane","|-damage|p2a: Plane|162/338","|","|-heal|p2a: Plane|183/338|[from] item: Leftovers","|-end|p1a: Whimsicott|move: Taunt","|turn|5","|","|move|p1a: Whimsicott|Leech Seed|p2a: Plane","|-start|p2a: Plane|move: Leech Seed","|move|p2a: Plane|Flamethrower|p1a: Whimsicott","|-supereffective|p1a: Whimsicott","|-damage|p1a: Whimsicott|0 fnt","|faint|p1a: Whimsicott","|","|-heal|p2a: Plane|204/338|[from] item: Leftovers","|","|switch|p1a: Breloom|Breloom, F, shiny|261/261","|turn|6","|","|move|p1a: Breloom|Rock Tomb|p2a: Plane","|-supereffective|p2a: Plane","|-damage|p2a: Plane|4/338","|-unboost|p2a: Plane|spe|1","|move|p2a: Plane|Air Slash|p1a: Breloom","|-supereffective|p1a: Breloom","|-enditem|p1a: Breloom|Focus Sash","|-damage|p1a: Breloom|1/261","|","|-heal|p2a: Plane|25/338|[from] item: Leftovers","|-damage|p2a: Plane|0 fnt|[from] Leech Seed|[of] p1a: Breloom","|-heal|p1a: Breloom|26/261|[silent]","|faint|p2a: Plane","|","|switch|p2a: Natsu|Salamence, F|331/331","|turn|7","|","|move|p2a: Natsu|Outrage|p1a: Breloom","|-damage|p1a: Breloom|0 fnt","|faint|p1a: Breloom","|-boost|p2a: Natsu|atk|1|[from] ability: Moxie","|","|","|switch|p1a: Serperior|Serperior, F, shiny|291/291","|turn|8","|","|move|p2a: Natsu|Outrage|p1a: Serperior|[from]lockedmove","|-enditem|p1a: Serperior|Focus Sash","|-damage|p1a: Serperior|1/291","|move|p1a: Serperior|Leaf Storm|p2a: Natsu","|-resisted|p2a: Natsu","|-damage|p2a: Natsu|287/331","|-boost|p1a: Serperior|spa|2","|","|turn|9","|","|move|p2a: Natsu|Outrage|p1a: Serperior|[from]lockedmove","|-damage|p1a: Serperior|0 fnt","|-start|p2a: Natsu|confusion|[fatigue]","|faint|p1a: Serperior","|-boost|p2a: Natsu|atk|1|[from] ability: Moxie","|","|","|switch|p1a: Cradily|Cradily, M, shiny|376/376","|turn|10","|","|switch|p2a: Rojo|Gyarados-Mega, F, shiny|290/331","|-ability|p2a: Rojo|Mold Breaker","|move|p1a: Cradily|Ancient Power|p2a: Rojo","|-damage|p2a: Rojo|250/331","|","|turn|11","|","|move|p2a: Rojo|Taunt|p1a: Cradily","|-start|p1a: Cradily|move: Taunt","|move|p1a: Cradily|Giga Drain|p2a: Rojo","|-supereffective|p2a: Rojo","|-damage|p2a: Rojo|146/331","|","|turn|12","|","|move|p2a: Rojo|Earthquake|p1a: Cradily","|-damage|p1a: Cradily|239/376","|move|p1a: Cradily|Giga Drain|p2a: Rojo","|-supereffective|p2a: Rojo","|-damage|p2a: Rojo|42/331","|-heal|p1a: Cradily|291/376|[from] drain|[of] p2a: Rojo","|","|-heal|p1a: Cradily|314/376|[from] item: Leftovers","|turn|13","|","|switch|p2a: Tornadus-Therian|Tornadus-Therian, M|305/305","|move|p1a: Cradily|Ancient Power|p2a: Tornadus-Therian","|-supereffective|p2a: Tornadus-Therian","|-damage|p2a: Tornadus-Therian|225/305","|","|-heal|p1a: Cradily|337/376|[from] item: Leftovers","|-end|p1a: Cradily|move: Taunt","|turn|14","|","|switch|p1a: Amoonguss|Amoonguss, F, shiny|432/432","|move|p2a: Tornadus-Therian|Knock Off|p1a: Amoonguss","|-damage|p1a: Amoonguss|298/432","|-enditem|p1a: Amoonguss|Black Sludge|[from] move: Knock Off|[of] p2a: Tornadus-Therian","|","|turn|15","|","|move|p2a: Tornadus-Therian|Heat Wave|p1a: Amoonguss","|-miss|p2a: Tornadus-Therian|p1a: Amoonguss","|move|p1a: Amoonguss|Sludge Bomb|p2a: Tornadus-Therian","|-damage|p2a: Tornadus-Therian|126/305","|-status|p2a: Tornadus-Therian|psn","|","|-damage|p2a: Tornadus-Therian|88/305 psn|[from] psn","|turn|16","|","|move|p2a: Tornadus-Therian|Heat Wave|p1a: Amoonguss","|-supereffective|p1a: Amoonguss","|-damage|p1a: Amoonguss|108/432","|move|p1a: Amoonguss|Sludge Bomb|p2a: Tornadus-Therian","|-damage|p2a: Tornadus-Therian|0 fnt","|faint|p2a: Tornadus-Therian","|","|","|switch|p2a: Natsu|Salamence, F|287/331","|turn|17","|","|switch|p1a: Venusaur|Venusaur, M, shiny|363/363","|move|p2a: Natsu|Outrage|p1a: Venusaur","|-damage|p1a: Venusaur|113/363","|","|turn|18","|","|switch|p1a: Cradily|Cradily, M, shiny|337/376","|move|p2a: Natsu|Outrage|p1a: Cradily|[from]lockedmove","|-damage|p1a: Cradily|96/376","|","|-heal|p1a: Cradily|119/376|[from] item: Leftovers","|turn|19","|","|move|p2a: Natsu|Outrage|p1a: Cradily|[from]lockedmove","|-damage|p1a: Cradily|0 fnt","|-start|p2a: Natsu|confusion|[fatigue]","|faint|p1a: Cradily","|-boost|p2a: Natsu|atk|1|[from] ability: Moxie","|","|","|switch|p1a: Amoonguss|Amoonguss, F, shiny|252/432","|turn|20","|","|switch|p2a: Rojo|Gyarados-Mega, F, shiny|42/331","|-ability|p2a: Rojo|Mold Breaker","|switch|p1a: Venusaur|Venusaur, M, shiny|113/363","|","|turn|21","|","|detailschange|p1a: Venusaur|Venusaur-Mega, M, shiny","|-mega|p1a: Venusaur|Venusaur|Venusaurite","|move|p2a: Rojo|Earthquake|p1a: Venusaur","|-damage|p1a: Venusaur|11/363","|move|p1a: Venusaur|Synthesis|p1a: Venusaur","|-heal|p1a: Venusaur|192/363","|","|turn|22","|","|move|p2a: Rojo|Taunt|p1a: Venusaur","|-start|p1a: Venusaur|move: Taunt","|cant|p1a: Venusaur|move: Taunt|Synthesis","|","|turn|23","|","|switch|p1a: Amoonguss|Amoonguss, F, shiny|396/432","|move|p2a: Rojo|Earthquake|p1a: Amoonguss","|-damage|p1a: Amoonguss|235/432","|","|turn|24","|","|move|p2a: Rojo|Taunt|p1a: Amoonguss","|-start|p1a: Amoonguss|move: Taunt","|cant|p1a: Amoonguss|move: Taunt|Spore","|","|turn|25","|","|move|p2a: Rojo|Earthquake|p1a: Amoonguss","|-damage|p1a: Amoonguss|62/432","|move|p1a: Amoonguss|Giga Drain|p2a: Rojo","|-supereffective|p2a: Rojo","|-damage|p2a: Rojo|0 fnt","|-heal|p1a: Amoonguss|83/432|[from] drain|[of] p2a: Rojo","|faint|p2a: Rojo","|","|","|switch|p2a: Natsu|Salamence, F|287/331","|turn|26","|","|move|p2a: Natsu|Outrage|p1a: Amoonguss","|-damage|p1a: Amoonguss|0 fnt","|faint|p1a: Amoonguss","|-boost|p2a: Natsu|atk|1|[from] ability: Moxie","|","|","|switch|p1a: Venusaur|Venusaur-Mega, M, shiny|192/363","|turn|27","|","|move|p2a: Natsu|Outrage|p1a: Venusaur|[from]lockedmove","|-damage|p1a: Venusaur|0 fnt","|-start|p2a: Natsu|confusion|[fatigue]","|faint|p1a: Venusaur","|-boost|p2a: Natsu|atk|1|[from] ability: Moxie","|","|win|Im Little Bob"],"p1rating":{"entryid":"6034648","serverid":"eos","formatid":"monotype","userid":"guarddarkrai","username":"Guard Darkrai","w":"94","l":108,"t":"0","gxe":47.1,"r":"1481.0541730248","rd":"29.768516543686","sigma":"0","rptime":"1439456400","rpr":1477.9527896838,"rprd":29.394465485383,"rpsigma":"0","acre":1048.6436160838,"lacre":1048.6436160838,"oldacre":"1074.2248080846"},"p2rating":{"entryid":7613659,"formatid":"monotype","userid":"imlittlebob","username":"Im Little Bob","r":1500,"rd":130,"sigma":0,"rpr":1540.2334740286,"rprd":121.84401712133,"rpsigma":0,"rptime":1439456400,"w":1,"l":0,"t":0,"gxe":55,"acre":1048.4177712828,"lacre":1048.4177712828,"oldacre":1000},"endType":"normal"}