{"seed":[50551,1821,62476,52871],"turns":22,"p1":"Rain SageHerbs","p2":"Sovereign♕Vanguard","p1team":[{"name":"Hippowdon","species":"Hippowdon","item":"leftovers","ability":"Sand Stream","moves":["earthquake","stealthrock","slackoff","toxic"],"nature":"Careful","evs":{"hp":252,"atk":4,"def":252,"spa":0,"spd":0,"spe":0},"ivs":{"hp":31,"atk":31,"def":31,"spa":31,"spd":31,"spe":31}},{"name":"Claydol","species":"Claydol","item":"leftovers","ability":"Levitate","moves":["rapidspin","earthpower","shadowball","psychic"],"nature":"Modest","evs":{"hp":4,"atk":0,"def":0,"spa":252,"spd":0,"spe":252},"ivs":{"hp":31,"atk":31,"def":31,"spa":31,"spd":31,"spe":31}},{"name":"Gliscor","species":"Gliscor","item":"toxicorb","ability":"Poison Heal","moves":["swordsdance","earthquake","knockoff","poisonjab"],"nature":"Careful","evs":{"hp":244,"atk":0,"def":8,"spa":0,"spd":200,"spe":56},"ivs":{"hp":31,"atk":31,"def":31,"spa":31,"spd":31,"spe":31}},{"name":"Garchomp","species":"Garchomp","item":"garchompite","ability":"Rough Skin","moves":["dragonpulse","earthquake","flamethrower","stealthrock"],"nature":"Naive","evs":{"hp":0,"atk":4,"def":0,"spa":252,"spd":0,"spe":252},"ivs":{"hp":31,"atk":31,"def":31,"spa":31,"spd":31,"spe":31}},{"name":"Gastrodon","species":"Gastrodon","item":"leftovers","ability":"Storm Drain","moves":["toxic","sludgebomb","earthpower","scald"],"nature":"Calm","evs":{"hp":252,"atk":0,"def":252,"spa":4,"spd":0,"spe":0},"ivs":{"hp":31,"atk":31,"def":31,"spa":31,"spd":31,"spe":31}},{"name":"Excadrill","species":"Excadrill","item":"airballoon","ability":"Sand Rush","moves":["earthquake","ironhead","rocktomb","swordsdance"],"nature":"Adamant","evs":{"hp":0,"atk":252,"def":4,"spa":0,"spd":0,"spe":252},"shiny":true,"ivs":{"hp":31,"atk":31,"def":31,"spa":31,"spd":31,"spe":31}}],"p2team":[{"name":"Altaria","species":"Altaria","item":"altarianite","ability":"Natural Cure","moves":["dragondance","return","earthquake","roost"],"nature":"Adamant","evs":{"hp":0,"atk":252,"def":4,"spa":0,"spd":0,"spe":252},"ivs":{"hp":31,"atk":31,"def":31,"spa":31,"spd":31,"spe":31}},{"name":"Dragonite","species":"Dragonite","item":"choiceband","ability":"Multiscale","moves":["outrage","extremespeed","firepunch","earthquake"],"nature":"Adamant","evs":{"hp":0,"atk":252,"def":4,"spa":0,"spd":0,"spe":252},"ivs":{"hp":31,"atk":31,"def":31,"spa":31,"spd":31,"spe":31}},{"name":"Hydreigon","species":"Hydreigon","item":"lifeorb","ability":"Levitate","moves":["dracometeor","darkpulse","fireblast","flashcannon"],"nature":"Hasty","evs":{"hp":0,"atk":252,"def":0,"spa":0,"spd":4,"spe":252},"ivs":{"hp":31,"atk":31,"def":31,"spa":31,"spd":31,"spe":31}},{"name":"Garchomp","species":"Garchomp","item":"rockyhelmet","ability":"Rough Skin","moves":["stealthrock","toxic","dragontail","earthquake"],"nature":"Impish","evs":{"hp":252,"atk":0,"def":164,"spa":0,"spd":76,"spe":16},"ivs":{"hp":31,"atk":31,"def":31,"spa":31,"spd":31,"spe":31}},{"name":"Latios","species":"Latios","item":"lifeorb","ability":"Levitate","moves":["dracometeor","psyshock","calmmind","roost"],"nature":"","evs":{"hp":0,"atk":0,"def":4,"spa":252,"spd":0,"spe":252},"ivs":{"hp":31,"atk":31,"def":31,"spa":31,"spd":31,"spe":31}},{"name":"Goodra","species":"Goodra","item":"assaultvest","ability":"Sap Sipper","moves":["dragonpulse","sludgebomb","flamethrower","dragontail"],"nature":"","evs":{"hp":248,"atk":0,"def":0,"spa":252,"spd":8,"spe":0},"ivs":{"hp":31,"atk":31,"def":31,"spa":31,"spd":31,"spe":31}}],"log":["|player|p1|Rain SageHerbs|154","|player|p2|Sovereign♕Vanguard|110","|gametype|singles","|gen|6","|tier|Monotype","|rated","|rule|Baton Pass Clause: Limit one Baton Passer, can't pass Spe and other stats simultaneously","|rule|Swagger Clause: Swagger is banned","|rule|Same Type Clause: Pokémon in a team must share a type","|clearpoke","|poke|p1|Hippowdon, F","|poke|p1|Claydol","|poke|p1|Gliscor, M","|poke|p1|Garchomp, M","|poke|p1|Gastrodon, M","|poke|p1|Excadrill, F, shiny","|poke|p2|Altaria, M","|poke|p2|Dragonite, F","|poke|p2|Hydreigon, F","|poke|p2|Garchomp, F","|poke|p2|Latios, M","|poke|p2|Goodra, M","|rule|Sleep Clause Mod: Limit one foe put to sleep","|rule|Species Clause: Limit one of each Pokémon","|rule|OHKO Clause: OHKO moves are banned","|rule|Moody Clause: Moody is banned","|rule|Evasion Moves Clause: Evasion moves are banned","|rule|Endless Battle Clause: Forcing endless battles is banned","|rule|HP Percentage Mod: HP is shown in percentages","|teampreview","|","|start","|switch|p1a: Hippowdon|Hippowdon, F|420/420","|switch|p2a: Garchomp|Garchomp, F|420/420","|-weather|Sandstorm","|turn|1","|","|move|p2a: Garchomp|Stealth Rock|p1a: Hippowdon","|-sidestart|p1: Rain SageHerbs|move: Stealth Rock","|move|p1a: Hippowdon|Toxic|p2a: Garchomp","|-status|p2a: Garchomp|tox","|","|-weather|Sandstorm|[upkeep]","|-damage|p2a: Garchomp|394/420 tox|[from] psn","|turn|2","|","|move|p1a: Hippowdon|Stealth Rock|p2a: Garchomp","|-sidestart|p2: Sovereign♕Vanguard|move: Stealth Rock","|move|p2a: Garchomp|Dragon Tail|p1a: Hippowdon","|-damage|p1a: Hippowdon|356/420","|drag|p1a: Claydol|Claydol|262/262","|-damage|p1a: Claydol|246/262|[from] Stealth Rock","|","|-weather|Sandstorm|[upkeep]","|-heal|p1a: Claydol|262/262|[from] item: Leftovers","|-damage|p2a: Garchomp|342/420 tox|[from] psn","|turn|3","|","|move|p1a: Claydol|Rapid Spin|p2a: Garchomp","|-damage|p2a: Garchomp|332/420 tox","|-damage|p1a: Claydol|230/262|[from] ability: Rough Skin|[of] p2a: Garchomp","|-damage|p1a: Claydol|187/262|[from] item: Rocky Helmet|[of] p2a: Garchomp","|-sideend|p1: Rain SageHerbs|Stealth Rock|[from] move: Rapid Spin|[of] p1a: Claydol","|move|p2a: Garchomp|Toxic|p1a: Claydol","|-status|p1a: Claydol|tox","|","|-weather|Sandstorm|[upkeep]","|-heal|p1a: Claydol|203/262 tox|[from] item: Leftovers","|-damage|p1a: Claydol|187/262 tox|[from] psn","|-damage|p2a: Garchomp|254/420 tox|[from] psn","|turn|4","|","|switch|p2a: Altaria|Altaria, M|291/291","|-damage|p2a: Altaria|219/291|[from] Stealth Rock","|move|p1a: Claydol|Earth Power|p2a: Altaria","|-immune|p2a: Altaria|[msg]","|","|-weather|Sandstorm|[upkeep]","|-damage|p2a: Altaria|201/291|[from] sandstorm","|-heal|p1a: Claydol|203/262 tox|[from] item: Leftovers","|-damage|p1a: Claydol|171/262 tox|[from] psn","|turn|5","|","|switch|p1a: Gliscor|Gliscor, M|352/352","|detailschange|p2a: Altaria|Altaria-Mega, M","|-mega|p2a: Altaria|Altaria|Altarianite","|move|p2a: Altaria|Dragon Dance|p2a: Altaria","|-boost|p2a: Altaria|atk|1","|-boost|p2a: Altaria|spe|1","|","|-weather|none","|-status|p1a: Gliscor|tox|[from] item: Toxic Orb","|turn|6","|","|move|p2a: Altaria|Dragon Dance|p2a: Altaria","|-boost|p2a: Altaria|atk|1","|-boost|p2a: Altaria|spe|1","|move|p1a: Gliscor|Poison Jab|p2a: Altaria","|-supereffective|p2a: Altaria","|-damage|p2a: Altaria|89/291","|","|turn|7","|","|switch|p1a: Hippowdon|Hippowdon, F|356/420","|-weather|Sandstorm","|move|p2a: Altaria|Return|p1a: Hippowdon","|-damage|p1a: Hippowdon|29/420","|","|-weather|Sandstorm|[upkeep]","|-damage|p2a: Altaria|71/291|[from] sandstorm","|-heal|p1a: Hippowdon|55/420|[from] item: Leftovers","|turn|8","|","|move|p2a: Altaria|Dragon Dance|p2a: Altaria","|-boost|p2a: Altaria|atk|1","|-boost|p2a: Altaria|spe|1","|move|p1a: Hippowdon|Toxic|p2a: Altaria","|-status|p2a: Altaria|tox","|","|-weather|Sandstorm|[upkeep]","|-damage|p2a: Altaria|53/291 tox|[from] sandstorm","|-heal|p1a: Hippowdon|81/420|[from] item: Leftovers","|-damage|p2a: Altaria|35/291 tox|[from] psn","|turn|9","|","|switch|p1a: Claydol|Claydol|171/262 tox","|move|p2a: Altaria|Return|p1a: Claydol","|-damage|p1a: Claydol|0 fnt","|faint|p1a: Claydol","|","|-weather|Sandstorm|[upkeep]","|-damage|p2a: Altaria|17/291 tox|[from] sandstorm","|-damage|p2a: Altaria|0 fnt|[from] psn","|faint|p2a: Altaria","|","|switch|p2a: Hydreigon|Hydreigon, F|325/325","|switch|p1a: Excadrill|Excadrill, F, shiny|361/361","|-item|p1a: Excadrill|Air Balloon","|-damage|p2a: Hydreigon|285/325|[from] Stealth Rock","|turn|10","|","|move|p1a: Excadrill|Iron Head|p2a: Hydreigon","|-damage|p2a: Hydreigon|84/325","|move|p2a: Hydreigon|Fire Blast|p1a: Excadrill","|-supereffective|p1a: Excadrill","|-damage|p1a: Excadrill|0 fnt","|-enditem|p1a: Excadrill|Air Balloon","|-damage|p2a: Hydreigon|52/325|[from] item: Life Orb","|faint|p1a: Excadrill","|","|-weather|Sandstorm|[upkeep]","|-damage|p2a: Hydreigon|32/325|[from] sandstorm","|","|switch|p1a: Hippowdon|Hippowdon, F|81/420","|turn|11","|","|switch|p1a: Gastrodon|Gastrodon, M|426/426","|move|p2a: Hydreigon|Dark Pulse|p1a: Gastrodon","|-damage|p1a: Gastrodon|270/426","|-damage|p2a: Hydreigon|0 fnt|[from] item: Life Orb","|faint|p2a: Hydreigon","|","|-weather|none","|-heal|p1a: Gastrodon|296/426|[from] item: Leftovers","|","|switch|p2a: Garchomp|Garchomp, F|254/420 tox","|-damage|p2a: Garchomp|228/420 tox|[from] Stealth Rock","|turn|12","|","|move|p2a: Garchomp|Stealth Rock|p1a: Gastrodon","|-sidestart|p1: Rain SageHerbs|move: Stealth Rock","|move|p1a: Gastrodon|Sludge Bomb|p2a: Garchomp","|-resisted|p2a: Garchomp","|-damage|p2a: Garchomp|194/420 tox","|","|-heal|p1a: Gastrodon|322/426|[from] item: Leftovers","|-damage|p2a: Garchomp|168/420 tox|[from] psn","|turn|13","|","|move|p2a: Garchomp|Toxic|p1a: Gastrodon","|-status|p1a: Gastrodon|tox","|move|p1a: Gastrodon|Scald|p2a: Garchomp","|-crit|p2a: Garchomp","|-damage|p2a: Garchomp|33/420 tox","|","|-heal|p1a: Gastrodon|348/426 tox|[from] item: Leftovers","|-damage|p2a: Garchomp|0 fnt|[from] psn","|-damage|p1a: Gastrodon|322/426 tox|[from] psn","|faint|p2a: Garchomp","|","|switch|p2a: Latios|Latios, M|301/301","|-damage|p2a: Latios|264/301|[from] Stealth Rock","|turn|14","|","|move|p2a: Latios|Calm Mind|p2a: Latios","|-boost|p2a: Latios|spa|1","|-boost|p2a: Latios|spd|1","|move|p1a: Gastrodon|Toxic|p2a: Latios","|-status|p2a: Latios|tox","|","|-heal|p1a: Gastrodon|348/426 tox|[from] item: Leftovers","|-damage|p2a: Latios|246/301 tox|[from] psn","|-damage|p1a: Gastrodon|296/426 tox|[from] psn","|turn|15","|","|move|p2a: Latios|Psyshock|p1a: Gastrodon","|-damage|p1a: Gastrodon|31/426 tox","|-damage|p2a: Latios|216/301 tox|[from] item: Life Orb","|move|p1a: Gastrodon|Sludge Bomb|p2a: Latios","|-crit|p2a: Latios","|-damage|p2a: Latios|122/301 tox","|","|-heal|p1a: Gastrodon|57/426 tox|[from] item: Leftovers","|-damage|p2a: Latios|86/301 tox|[from] psn","|-damage|p1a: Gastrodon|0 fnt|[from] psn","|faint|p1a: Gastrodon","|","|switch|p1a: Gliscor|Gliscor, M|352/352 tox","|-damage|p1a: Gliscor|308/352 tox|[from] Stealth Rock","|turn|16","|","|move|p2a: Latios|Draco Meteor|p1a: Gliscor","|-damage|p1a: Gliscor|0 fnt","|-unboost|p2a: Latios|spa|2","|-damage|p2a: Latios|56/301 tox|[from] item: Life Orb","|faint|p1a: Gliscor","|","|-damage|p2a: Latios|2/301 tox|[from] psn","|","|switch|p1a: Hippowdon|Hippowdon, F|81/420","|-damage|p1a: Hippowdon|55/420|[from] Stealth Rock","|-weather|Sandstorm","|turn|17","|","|move|p2a: Latios|Draco Meteor|p1a: Hippowdon|[miss]","|-miss|p2a: Latios|p1a: Hippowdon","|move|p1a: Hippowdon|Slack Off|p1a: Hippowdon","|-heal|p1a: Hippowdon|265/420","|","|-weather|Sandstorm|[upkeep]","|-damage|p2a: Latios|0 fnt|[from] sandstorm","|-heal|p1a: Hippowdon|291/420|[from] item: Leftovers","|faint|p2a: Latios","|","|switch|p2a: Dragonite|Dragonite, F|323/323","|-damage|p2a: Dragonite|243/323|[from] Stealth Rock","|turn|18","|","|move|p2a: Dragonite|Outrage|p1a: Hippowdon","|-damage|p1a: Hippowdon|50/420","|move|p1a: Hippowdon|Toxic|p2a: Dragonite","|-status|p2a: Dragonite|tox","|","|-weather|Sandstorm|[upkeep]","|-damage|p2a: Dragonite|223/323 tox|[from] sandstorm","|-heal|p1a: Hippowdon|76/420|[from] item: Leftovers","|-damage|p2a: Dragonite|203/323 tox|[from] psn","|turn|19","|","|move|p2a: Dragonite|Outrage|p1a: Hippowdon|[from]lockedmove","|-damage|p1a: Hippowdon|0 fnt","|faint|p1a: Hippowdon","|","|-weather|Sandstorm|[upkeep]","|-damage|p2a: Dragonite|183/323 tox|[from] sandstorm","|-damage|p2a: Dragonite|143/323 tox|[from] psn","|","|switch|p1a: Garchomp|Garchomp, M|357/357","|-damage|p1a: Garchomp|335/357|[from] Stealth Rock","|turn|20","|","|detailschange|p1a: Garchomp|Garchomp-Mega, M","|-mega|p1a: Garchomp|Garchomp|Garchompite","|move|p1a: Garchomp|Dragon Pulse|p2a: Dragonite","|-supereffective|p2a: Dragonite","|-damage|p2a: Dragonite|0 fnt","|faint|p2a: Dragonite","|","|-weather|Sandstorm|[upkeep]","|","|switch|p2a: Goodra|Goodra, M|383/383","|-damage|p2a: Goodra|336/383|[from] Stealth Rock","|turn|21","|","|move|p1a: Garchomp|Earthquake|p2a: Goodra","|-damage|p2a: Goodra|33/383","|move|p2a: Goodra|Dragon Pulse|p1a: Garchomp","|-supereffective|p1a: Garchomp","|-damage|p1a: Garchomp|5/357","|","|-weather|none","|turn|22","|","|move|p1a: Garchomp|Earthquake|p2a: Goodra","|-damage|p2a: Goodra|0 fnt","|faint|p2a: Goodra","|","|win|Rain SageHerbs"],"p1rating":{"entryid":"7585786","serverid":"eos","formatid":"monotype","userid":"rainsageherbs","username":"Rain SageHerbs","w":8,"l":"5","t":"0","gxe":58.2,"r":"1557.5934648193","rd":"91.91988460524","sigma":"0","rptime":"1439456400","rpr":1564.1013933808,"rprd":80.185727014555,"rpsigma":"0","acre":1145.2348958666,"lacre":1145.2348958666,"oldacre":"1123.5844006754"},"p2rating":{"entryid":"7434426","serverid":"eos","formatid":"monotype","userid":"sovereignvanguard","username":"Sovereign♕Vanguard","w":"8","l":9,"t":"0","gxe":47.2,"r":"1524.6053234959","rd":"78.896053253987","sigma":"0","rptime":"1439456400","rpr":1478.3491711285,"rprd":74.023026998355,"rpsigma":"0","acre":1058.1226579288,"lacre":1058.1226579288,"oldacre":"1076.7533433522"},"endType":"normal"}