{"seed":[943,8170,65201,41206],"turns":21,"p1":"tahit","p2":"Rain ☆ Hoot","p1team":[{"name":"Tyranitar","species":"Tyranitar","item":"assaultvest","ability":"Sand Stream","moves":["stoneedge","earthquake","icebeam","fireblast"],"nature":"Sassy","evs":{"hp":252,"atk":0,"def":252,"spa":0,"spd":4,"spe":0},"ivs":{"hp":31,"atk":31,"def":31,"spa":31,"spd":31,"spe":31}},{"name":"Aerodactyl","species":"Aerodactyl","item":"aerodactylite","ability":"Pressure","moves":["honeclaws","stoneedge","aquatail","aerialace"],"nature":"Jolly","evs":{"hp":4,"atk":252,"def":0,"spa":0,"spd":0,"spe":252},"ivs":{"hp":31,"atk":31,"def":31,"spa":31,"spd":31,"spe":31}},{"name":"Terrakion","species":"Terrakion","item":"choicescarf","ability":"Justified","moves":["ironhead","closecombat","stoneedge","earthquake"],"nature":"Adamant","evs":{"hp":4,"atk":252,"def":0,"spa":0,"spd":0,"spe":252},"ivs":{"hp":31,"atk":31,"def":31,"spa":31,"spd":31,"spe":31}},{"name":"Cradily","species":"Cradily","item":"leftovers","ability":"Suction Cups","moves":["stockpile","toxic","gigadrain","recover"],"nature":"Calm","evs":{"hp":252,"atk":0,"def":176,"spa":0,"spd":80,"spe":0},"ivs":{"hp":31,"atk":31,"def":31,"spa":31,"spd":31,"spe":31}},{"name":"Shuckle","species":"Shuckle","item":"leftovers","ability":"Sturdy","moves":["infestation","encore","stickyweb","stealthrock"],"nature":"Bold","evs":{"hp":252,"atk":0,"def":252,"spa":0,"spd":4,"spe":0},"ivs":{"hp":31,"atk":31,"def":31,"spa":31,"spd":31,"spe":31}},{"name":"Omastar","species":"Omastar","item":"focussash","ability":"Weak Armor","moves":["shellsmash","hydropump","icebeam","hiddenpowergrass"],"nature":"Timid","evs":{"hp":0,"atk":0,"def":4,"spa":252,"spd":0,"spe":252},"ivs":{"atk":30,"spa":30,"hp":31,"def":31,"spe":31,"spd":31}}],"p2team":[{"name":"Aerodactyl","species":"Aerodactyl","item":"lifeorb","ability":"Pressure","moves":["aerialace","stoneedge","earthquake","taunt"],"nature":"Jolly","evs":{"hp":0,"atk":252,"def":0,"spa":0,"spd":4,"spe":252},"ivs":{"hp":31,"atk":31,"def":31,"spa":31,"spd":31,"spe":31}},{"name":"Diancie","species":"Diancie","item":"diancite","ability":"Clear Body","moves":["diamondstorm","moonblast","earthpower","protect"],"nature":"Hasty","evs":{"hp":0,"atk":4,"def":0,"spa":252,"spd":0,"spe":252},"ivs":{"hp":31,"atk":31,"def":31,"spa":31,"spd":31,"spe":31}},{"name":"Shuckle","species":"Shuckle","item":"leftovers","ability":"Sturdy","moves":["stickyweb","stealthrock","toxic","infestation"],"nature":"Calm","evs":{"hp":252,"atk":0,"def":0,"spa":4,"spd":252,"spe":0},"ivs":{"hp":31,"atk":31,"def":31,"spa":31,"spd":31,"spe":31}},{"name":"Aurorus","species":"Aurorus","item":"assaultvest","ability":"Refrigerate","moves":["freezedry","hypervoice","darkpulse","mirrorcoat"],"nature":"Calm","evs":{"hp":248,"atk":0,"def":0,"spa":0,"spd":252,"spe":0},"ivs":{"hp":31,"atk":31,"def":31,"spa":31,"spd":31,"spe":31}},{"name":"Golem","species":"Golem","item":"weaknesspolicy","ability":"Sturdy","moves":["earthquake","rockblast","suckerpunch","rockpolish"],"nature":"Adamant","evs":{"hp":0,"atk":252,"def":0,"spa":0,"spd":4,"spe":252},"ivs":{"hp":31,"atk":31,"def":31,"spa":31,"spd":31,"spe":31}},{"name":"Relicanth","species":"Relicanth","item":"choiceband","ability":"Rock Head","moves":["headsmash","earthquake","waterfall","zenheadbutt"],"nature":"Adamant","evs":{"hp":248,"atk":252,"def":0,"spa":0,"spd":8,"spe":0},"ivs":{"hp":31,"atk":31,"def":31,"spa":31,"spd":31,"spe":31}}],"log":["|player|p1|tahit|169","|player|p2|Rain ☆ Hoot|266","|gametype|singles","|gen|6","|tier|Monotype","|rated","|rule|Baton Pass Clause: Limit one Baton Passer, can't pass Spe and other stats simultaneously","|rule|Swagger Clause: Swagger is banned","|rule|Same Type Clause: Pokémon in a team must share a type","|clearpoke","|poke|p1|Tyranitar, M","|poke|p1|Aerodactyl, F","|poke|p1|Terrakion","|poke|p1|Cradily, F","|poke|p1|Shuckle, F","|poke|p1|Omastar, F","|poke|p2|Aerodactyl, M","|poke|p2|Diancie","|poke|p2|Shuckle, M","|poke|p2|Aurorus, F","|poke|p2|Golem, F","|poke|p2|Relicanth, M","|rule|Sleep Clause Mod: Limit one foe put to sleep","|rule|Species Clause: Limit one of each Pokémon","|rule|OHKO Clause: OHKO moves are banned","|rule|Moody Clause: Moody is banned","|rule|Evasion Moves Clause: Evasion moves are banned","|rule|Endless Battle Clause: Forcing endless battles is banned","|rule|HP Percentage Mod: HP is shown in percentages","|teampreview","|","|start","|switch|p1a: Shuckle|Shuckle, F|244/244","|switch|p2a: Golem|Golem, F|301/301","|turn|1","|","|move|p2a: Golem|Rock Blast|p1a: Shuckle","|-supereffective|p1a: Shuckle","|-damage|p1a: Shuckle|206/244","|-supereffective|p1a: Shuckle","|-damage|p1a: Shuckle|168/244","|-supereffective|p1a: Shuckle","|-damage|p1a: Shuckle|132/244","|-supereffective|p1a: Shuckle","|-damage|p1a: Shuckle|96/244","|-supereffective|p1a: Shuckle","|-damage|p1a: Shuckle|58/244","|-hitcount|p1a: Shuckle|5","|move|p1a: Shuckle|Sticky Web|p2a: Golem","|-sidestart|p2: Rain ☆ Hoot|move: Sticky Web","|","|-heal|p1a: Shuckle|73/244|[from] item: Leftovers","|turn|2","|","|move|p2a: Golem|Rock Blast|p1a: Shuckle","|-supereffective|p1a: Shuckle","|-damage|p1a: Shuckle|35/244","|-supereffective|p1a: Shuckle","|-damage|p1a: Shuckle|0 fnt","|-hitcount|p1a: Shuckle|2","|faint|p1a: Shuckle","|","|","|switch|p1a: Cradily|Cradily, F|376/376","|turn|3","|","|switch|p2a: Aurorus|Aurorus, F|449/449","|-activate|p2a: Aurorus|move: Sticky Web","|-unboost|p2a: Aurorus|spe|1","|move|p1a: Cradily|Stockpile|p1a: Cradily","|-start|p1a: Cradily|stockpile1","|-boost|p1a: Cradily|def|1","|-boost|p1a: Cradily|spd|1","|","|turn|4","|","|switch|p2a: Shuckle|Shuckle, M|244/244","|-activate|p2a: Shuckle|move: Sticky Web","|-unboost|p2a: Shuckle|spe|1","|move|p1a: Cradily|Toxic|p2a: Shuckle","|-status|p2a: Shuckle|tox","|","|-damage|p2a: Shuckle|229/244 tox|[from] psn","|turn|5","|","|move|p1a: Cradily|Stockpile|p1a: Cradily","|-start|p1a: Cradily|stockpile2","|-boost|p1a: Cradily|def|1","|-boost|p1a: Cradily|spd|1","|move|p2a: Shuckle|Toxic|p1a: Cradily","|-status|p1a: Cradily|tox","|","|-heal|p2a: Shuckle|244/244 tox|[from] item: Leftovers","|-damage|p1a: Cradily|353/376 tox|[from] psn","|-damage|p2a: Shuckle|214/244 tox|[from] psn","|turn|6","|","|move|p1a: Cradily|Stockpile|p1a: Cradily","|-start|p1a: Cradily|stockpile3","|-boost|p1a: Cradily|def|1","|-boost|p1a: Cradily|spd|1","|move|p2a: Shuckle|Infestation|p1a: Cradily","|-supereffective|p1a: Cradily","|-damage|p1a: Cradily|347/376 tox","|-activate|p1a: Cradily|move: Infestation|[of] p2a: Shuckle","|","|-heal|p1a: Cradily|370/376 tox|[from] item: Leftovers","|-heal|p2a: Shuckle|229/244 tox|[from] item: Leftovers","|-damage|p1a: Cradily|324/376 tox|[from] psn","|-damage|p2a: Shuckle|184/244 tox|[from] psn","|-damage|p1a: Cradily|277/376 tox|[from] move: Infestation|[partiallytrapped]","|turn|7","|","|move|p1a: Cradily|Giga Drain|p2a: Shuckle","|-damage|p2a: Shuckle|154/244 tox","|-heal|p1a: Cradily|292/376 tox|[from] drain|[of] p2a: Shuckle","|move|p2a: Shuckle|Sticky Web|p1a: Cradily","|-sidestart|p1: tahit|move: Sticky Web","|","|-heal|p1a: Cradily|315/376 tox|[from] item: Leftovers","|-heal|p2a: Shuckle|169/244 tox|[from] item: Leftovers","|-damage|p1a: Cradily|246/376 tox|[from] psn","|-damage|p2a: Shuckle|109/244 tox|[from] psn","|-damage|p1a: Cradily|199/376 tox|[from] move: Infestation|[partiallytrapped]","|turn|8","|","|move|p1a: Cradily|Giga Drain|p2a: Shuckle","|-damage|p2a: Shuckle|79/244 tox","|-heal|p1a: Cradily|214/376 tox|[from] drain|[of] p2a: Shuckle","|move|p2a: Shuckle|Stealth Rock|p1a: Cradily","|-sidestart|p1: tahit|move: Stealth Rock","|","|-heal|p1a: Cradily|237/376 tox|[from] item: Leftovers","|-heal|p2a: Shuckle|94/244 tox|[from] item: Leftovers","|-damage|p1a: Cradily|145/376 tox|[from] psn","|-damage|p2a: Shuckle|19/244 tox|[from] psn","|-damage|p1a: Cradily|98/376 tox|[from] move: Infestation|[partiallytrapped]","|turn|9","|","|move|p1a: Cradily|Giga Drain|p2a: Shuckle","|-damage|p2a: Shuckle|0 fnt","|-heal|p1a: Cradily|108/376 tox|[from] drain|[of] p2a: Shuckle","|faint|p2a: Shuckle","|","|-heal|p1a: Cradily|131/376 tox|[from] item: Leftovers","|-damage|p1a: Cradily|16/376 tox|[from] psn","|","|switch|p2a: Aerodactyl|Aerodactyl, M|301/301","|-ability|p2a: Aerodactyl|Pressure","|turn|10","|","|move|p2a: Aerodactyl|Earthquake|p1a: Cradily","|-damage|p1a: Cradily|0 fnt","|-damage|p2a: Aerodactyl|271/301|[from] item: Life Orb","|faint|p1a: Cradily","|","|","|switch|p1a: Aerodactyl|Aerodactyl, F|302/302","|-damage|p1a: Aerodactyl|227/302|[from] Stealth Rock","|-ability|p1a: Aerodactyl|Pressure","|turn|11","|","|detailschange|p1a: Aerodactyl|Aerodactyl-Mega, F","|-mega|p1a: Aerodactyl|Aerodactyl|Aerodactylite","|move|p1a: Aerodactyl|Aqua Tail|p2a: Aerodactyl","|-supereffective|p2a: Aerodactyl","|-damage|p2a: Aerodactyl|0 fnt","|faint|p2a: Aerodactyl","|","|","|switch|p2a: Relicanth|Relicanth, M|403/403","|-activate|p2a: Relicanth|move: Sticky Web","|-unboost|p2a: Relicanth|spe|1","|turn|12","|","|move|p1a: Aerodactyl|Hone Claws|p1a: Aerodactyl","|-boost|p1a: Aerodactyl|atk|1","|-boost|p1a: Aerodactyl|accuracy|1","|move|p2a: Relicanth|Waterfall|p1a: Aerodactyl","|-crit|p1a: Aerodactyl","|-supereffective|p1a: Aerodactyl","|-damage|p1a: Aerodactyl|0 fnt","|faint|p1a: Aerodactyl","|","|","|switch|p1a: Terrakion|Terrakion|324/324","|-activate|p1a: Terrakion|move: Sticky Web","|-unboost|p1a: Terrakion|spe|1","|-damage|p1a: Terrakion|304/324|[from] Stealth Rock","|turn|13","|","|move|p1a: Terrakion|Iron Head|p2a: Relicanth","|-damage|p2a: Relicanth|318/403","|cant|p2a: Relicanth|flinch","|","|turn|14","|","|move|p1a: Terrakion|Iron Head|p2a: Relicanth","|-damage|p2a: Relicanth|232/403","|move|p2a: Relicanth|Waterfall|p1a: Terrakion","|-supereffective|p1a: Terrakion","|-damage|p1a: Terrakion|0 fnt","|faint|p1a: Terrakion","|","|","|switch|p1a: Omastar|Omastar, F|281/281","|-damage|p1a: Omastar|246/281|[from] Stealth Rock","|-activate|p1a: Omastar|move: Sticky Web","|-unboost|p1a: Omastar|spe|1","|turn|15","|","|move|p1a: Omastar|Shell Smash|p1a: Omastar","|-unboost|p1a: Omastar|def|1","|-unboost|p1a: Omastar|spd|1","|-boost|p1a: Omastar|atk|2","|-boost|p1a: Omastar|spa|2","|-boost|p1a: Omastar|spe|2","|move|p2a: Relicanth|Waterfall|p1a: Omastar","|-damage|p1a: Omastar|35/281","|-unboost|p1a: Omastar|def|1|[from] ability: Weak Armor","|-boost|p1a: Omastar|spe|1|[from] ability: Weak Armor","|","|turn|16","|","|switch|p2a: Aurorus|Aurorus, F|449/449","|-activate|p2a: Aurorus|move: Sticky Web","|-unboost|p2a: Aurorus|spe|1","|move|p1a: Omastar|Hidden Power|p2a: Aurorus","|-supereffective|p2a: Aurorus","|-damage|p2a: Aurorus|327/449","|","|turn|17","|","|move|p1a: Omastar|Hydro Pump|p2a: Aurorus|[miss]","|-miss|p1a: Omastar|p2a: Aurorus","|move|p2a: Aurorus|Mirror Coat|p1a: Omastar","|-fail|p1a: Omastar","|","|turn|18","|","|move|p1a: Omastar|Hydro Pump|p2a: Aurorus","|-supereffective|p2a: Aurorus","|-damage|p2a: Aurorus|0 fnt","|faint|p2a: Aurorus","|","|","|switch|p2a: Golem|Golem, F|301/301","|-activate|p2a: Golem|move: Sticky Web","|-unboost|p2a: Golem|spe|1","|turn|19","|","|move|p2a: Golem|Sucker Punch|p1a: Omastar","|-damage|p1a: Omastar|0 fnt","|faint|p1a: Omastar","|","|","|switch|p1a: Tyranitar|Tyranitar, M|404/404","|-activate|p1a: Tyranitar|move: Sticky Web","|-unboost|p1a: Tyranitar|spe|1","|-damage|p1a: Tyranitar|354/404|[from] Stealth Rock","|-weather|Sandstorm","|turn|20","|","|move|p2a: Golem|Earthquake|p1a: Tyranitar","|-supereffective|p1a: Tyranitar","|-damage|p1a: Tyranitar|64/404","|move|p1a: Tyranitar|Ice Beam|p2a: Golem","|-supereffective|p2a: Golem","|-damage|p2a: Golem|181/301","|-enditem|p2a: Golem|Weakness Policy","|-boost|p2a: Golem|atk|2|[from] item: Weakness Policy","|-boost|p2a: Golem|spa|2|[from] item: Weakness Policy","|","|-weather|Sandstorm|[upkeep]","|turn|21","|","|move|p2a: Golem|Earthquake|p1a: Tyranitar","|-supereffective|p1a: Tyranitar","|-damage|p1a: Tyranitar|0 fnt","|faint|p1a: Tyranitar","|","|win|Rain ☆ Hoot"],"p1rating":{"entryid":"7556594","serverid":"eos","formatid":"monotype","userid":"tahit","username":"Tahit","w":"4","l":6,"t":"0","gxe":45.1,"r":"1520.0158326147","rd":"98.501677958395","sigma":"0","rptime":"1439456400","rpr":1461.4677012634,"rprd":87.510154945238,"rpsigma":"0","acre":1046.8766478161,"lacre":1046.8766478161,"oldacre":"1061.4608246933"},"p2rating":{"entryid":"7558745","serverid":"eos","formatid":"monotype","userid":"rainhoot","username":"Rain Hoot","w":14,"l":"13","t":"0","gxe":53.4,"r":1515.0508231072,"rd":63.086542023131,"sigma":"0","rptime":1439456400,"rpr":1525.810152223,"rprd":62.160124443462,"rpsigma":"0","acre":1165.9039732879,"lacre":1165.9039732879,"oldacre":"1146.9330551781"},"endType":"normal"}