{"seed":[10558,1397,36821,37946],"turns":34,"p1":"emforbes","p2":"Rain ☆ sidious","p1team":[{"name":"Serperior","species":"Serperior","item":"lifeorb","ability":"Contrary","moves":["leafstorm","dragonpulse","hiddenpowerfire","substitute"],"nature":"Timid","evs":{"hp":0,"atk":0,"def":0,"spa":252,"spd":4,"spe":252},"ivs":{"hp":31,"atk":30,"def":31,"spa":30,"spd":31,"spe":30}},{"name":"Venusaur","species":"Venusaur","item":"venusaurite","ability":"Chlorophyll","moves":["gigadrain","sludgebomb","synthesis","hiddenpowerfire"],"nature":"Modest","evs":{"hp":252,"atk":0,"def":4,"spa":244,"spd":4,"spe":4},"ivs":{"hp":31,"atk":30,"def":31,"spa":30,"spd":31,"spe":30},"shiny":true},{"name":"Breloom","species":"Breloom","item":"focussash","ability":"Technician","moves":["bulletseed","machpunch","spore","rocktomb"],"nature":"Jolly","evs":{"hp":0,"atk":252,"def":0,"spa":0,"spd":4,"spe":252},"shiny":true,"ivs":{"hp":31,"atk":31,"def":31,"spa":31,"spd":31,"spe":31}},{"name":"Ferrothorn","species":"Ferrothorn","item":"leftovers","ability":"Iron Barbs","moves":["gyroball","stealthrock","leechseed","thunderwave"],"nature":"Relaxed","evs":{"hp":252,"atk":4,"def":252,"spa":0,"spd":0,"spe":0},"ivs":{"hp":31,"atk":31,"def":31,"spa":31,"spd":31,"spe":0}},{"name":"Celebi","species":"Celebi","item":"lifeorb","ability":"Natural Cure","moves":["psychic","gigadrain","nastyplot","earthpower"],"nature":"Timid","evs":{"hp":0,"atk":0,"def":0,"spa":252,"spd":4,"spe":252},"ivs":{"hp":31,"atk":31,"def":31,"spa":31,"spd":31,"spe":31}},{"name":"Ludicolo","species":"Ludicolo","item":"lifeorb","ability":"Swift Swim","moves":["hydropump","icebeam","gigadrain","raindance"],"nature":"Modest","evs":{"hp":0,"atk":0,"def":0,"spa":252,"spd":4,"spe":252},"ivs":{"hp":31,"atk":31,"def":31,"spa":31,"spd":31,"spe":31}}],"p2team":[{"name":"Gardevoir","species":"Gardevoir","item":"gardevoirite","ability":"Synchronize","moves":["hypervoice","wish","willowisp","protect"],"nature":"Bold","evs":{"hp":158,"atk":0,"def":244,"spa":106,"spd":0,"spe":0},"ivs":{"hp":31,"atk":31,"def":31,"spa":31,"spd":31,"spe":31}},{"name":"Latias","species":"Latias","item":"leftovers","ability":"Levitate","moves":["tailwind","roost","psyshock","defog"],"nature":"Calm","evs":{"hp":252,"atk":0,"def":0,"spa":0,"spd":252,"spe":4},"ivs":{"hp":31,"atk":31,"def":31,"spa":31,"spd":31,"spe":31}},{"name":"Victini","species":"Victini","item":"choicescarf","ability":"Victory Star","moves":["boltstrike","flareblitz","uturn","facade"],"nature":"Jolly","evs":{"hp":0,"atk":252,"def":0,"spa":0,"spd":4,"spe":252},"ivs":{"hp":31,"atk":31,"def":31,"spa":31,"spd":31,"spe":31}},{"name":"Jirachi","species":"Jirachi","item":"leftovers","ability":"Serene Grace","moves":["ironhead","thunderwave","stealthrock","meteormash"],"nature":"Impish","evs":{"hp":252,"atk":4,"def":252,"spa":0,"spd":0,"spe":0},"ivs":{"hp":31,"atk":31,"def":31,"spa":31,"spd":31,"spe":31}},{"name":"Reuniclus","species":"Reuniclus","item":"leftovers","ability":"Magic Guard","moves":["calmmind","psyshock","recover","signalbeam"],"nature":"Bold","evs":{"hp":56,"atk":0,"def":200,"spa":252,"spd":0,"spe":0},"ivs":{"hp":31,"atk":31,"def":31,"spa":31,"spd":31,"spe":31}},{"name":"Alakazam","species":"Alakazam","item":"lifeorb","ability":"Magic Guard","moves":["dazzlinggleam","psychic","shadowball","hiddenpowerfire"],"nature":"Timid","evs":{"hp":0,"atk":0,"def":0,"spa":252,"spd":4,"spe":252},"ivs":{"hp":31,"atk":30,"def":31,"spa":30,"spd":31,"spe":30}}],"log":["|player|p1|emforbes|75","|player|p2|Rain ☆ sidious|291","|gametype|singles","|gen|6","|tier|Monotype","|rated","|rule|Baton Pass Clause: Limit one Baton Passer, can't pass Spe and other stats simultaneously","|rule|Swagger Clause: Swagger is banned","|rule|Same Type Clause: Pokémon in a team must share a type","|clearpoke","|poke|p1|Serperior, M","|poke|p1|Venusaur, M, shiny","|poke|p1|Breloom, M, shiny","|poke|p1|Ferrothorn, F","|poke|p1|Celebi","|poke|p1|Ludicolo, F","|poke|p2|Gardevoir, M","|poke|p2|Latias, F","|poke|p2|Victini","|poke|p2|Jirachi","|poke|p2|Reuniclus, F","|poke|p2|Alakazam, M","|rule|Sleep Clause Mod: Limit one foe put to sleep","|rule|Species Clause: Limit one of each Pokémon","|rule|OHKO Clause: OHKO moves are banned","|rule|Moody Clause: Moody is banned","|rule|Evasion Moves Clause: Evasion moves are banned","|rule|Endless Battle Clause: Forcing endless battles is banned","|rule|HP Percentage Mod: HP is shown in percentages","|teampreview","|","|start","|switch|p1a: Breloom|Breloom, M, shiny|261/261","|switch|p2a: Alakazam|Alakazam, M|251/251","|turn|1","|","|move|p2a: Alakazam|Psychic|p1a: Breloom","|-supereffective|p1a: Breloom","|-enditem|p1a: Breloom|Focus Sash","|-damage|p1a: Breloom|1/261","|move|p1a: Breloom|Spore|p2a: Alakazam","|-status|p2a: Alakazam|slp","|","|turn|2","|","|switch|p2a: Victini|Victini|341/341","|move|p1a: Breloom|Rock Tomb|p2a: Victini","|-supereffective|p2a: Victini","|-damage|p2a: Victini|125/341","|-unboost|p2a: Victini|spe|1","|","|turn|3","|","|move|p1a: Breloom|Mach Punch|p2a: Victini","|-resisted|p2a: Victini","|-damage|p2a: Victini|71/341","|move|p2a: Victini|U-turn|p1a: Breloom","|-crit|p1a: Breloom","|-damage|p1a: Breloom|0 fnt","|faint|p1a: Breloom","|","|switch|p2a: Reuniclus|Reuniclus, F|375/375","|","|","|switch|p1a: Celebi|Celebi|341/341","|turn|4","|","|move|p1a: Celebi|Nasty Plot|p1a: Celebi","|-boost|p1a: Celebi|spa|2","|move|p2a: Reuniclus|Calm Mind|p2a: Reuniclus","|-boost|p2a: Reuniclus|spa|1","|-boost|p2a: Reuniclus|spd|1","|","|turn|5","|","|move|p1a: Celebi|Giga Drain|p2a: Reuniclus","|-damage|p2a: Reuniclus|145/375","|-damage|p1a: Celebi|307/341|[from] item: Life Orb","|move|p2a: Reuniclus|Signal Beam|p1a: Celebi","|-supereffective|p1a: Celebi","|-damage|p1a: Celebi|0 fnt","|faint|p1a: Celebi","|","|-heal|p2a: Reuniclus|168/375|[from] item: Leftovers","|","|switch|p1a: Serperior|Serperior, M|291/291","|turn|6","|","|move|p1a: Serperior|Leaf Storm|p2a: Reuniclus","|-damage|p2a: Reuniclus|0 fnt","|-boost|p1a: Serperior|spa|2","|-damage|p1a: Serperior|262/291|[from] item: Life Orb","|faint|p2a: Reuniclus","|","|","|switch|p2a: Victini|Victini|71/341","|turn|7","|","|move|p2a: Victini|Flare Blitz|p1a: Serperior","|-supereffective|p1a: Serperior","|-damage|p1a: Serperior|0 fnt","|-damage|p2a: Victini|0 fnt|[from] recoil|[of] p1a: Serperior","|faint|p1a: Serperior","|faint|p2a: Victini","|","|","|switch|p2a: Jirachi|Jirachi|404/404","|switch|p1a: Ferrothorn|Ferrothorn, F|352/352","|turn|8","|","|move|p2a: Jirachi|Stealth Rock|p1a: Ferrothorn","|-sidestart|p1: emforbes|move: Stealth Rock","|move|p1a: Ferrothorn|Thunder Wave|p2a: Jirachi","|-status|p2a: Jirachi|par","|","|turn|9","|","|move|p2a: Jirachi|Thunder Wave|p1a: Ferrothorn","|-status|p1a: Ferrothorn|par","|cant|p1a: Ferrothorn|par","|","|turn|10","|","|move|p2a: Jirachi|Iron Head|p1a: Ferrothorn","|-resisted|p1a: Ferrothorn","|-damage|p1a: Ferrothorn|325/352 par","|-damage|p2a: Jirachi|354/404 par|[from] ability: Iron Barbs|[of] p1a: Ferrothorn","|cant|p1a: Ferrothorn|flinch","|","|-heal|p2a: Jirachi|379/404 par|[from] item: Leftovers","|-heal|p1a: Ferrothorn|347/352 par|[from] item: Leftovers","|turn|11","|","|switch|p2a: Alakazam|Alakazam, M|251/251 slp","|move|p1a: Ferrothorn|Leech Seed|p2a: Alakazam","|-start|p2a: Alakazam|move: Leech Seed","|","|-heal|p1a: Ferrothorn|352/352 par|[from] item: Leftovers","|turn|12","|","|cant|p2a: Alakazam|slp","|move|p1a: Ferrothorn|Stealth Rock|p2a: Alakazam","|-sidestart|p2: Rain ☆ sidious|move: Stealth Rock","|","|turn|13","|","|cant|p2a: Alakazam|slp","|move|p1a: Ferrothorn|Gyro Ball|p2a: Alakazam","|-crit|p2a: Alakazam","|-damage|p2a: Alakazam|0 fnt","|faint|p2a: Alakazam","|","|","|switch|p2a: Latias|Latias, F|364/364","|-damage|p2a: Latias|319/364|[from] Stealth Rock","|turn|14","|","|move|p2a: Latias|Defog|p1a: Ferrothorn","|-unboost|p1a: Ferrothorn|evasion|1","|-sideend|p1: emforbes|Stealth Rock|[from] move: Defog|[of] p1a: Ferrothorn","|-sideend|p2: Rain ☆ sidious|Stealth Rock|[from] move: Defog|[of] p2a: Latias","|move|p1a: Ferrothorn|Thunder Wave|p2a: Latias","|-status|p2a: Latias|par","|","|-heal|p2a: Latias|341/364 par|[from] item: Leftovers","|turn|15","|","|cant|p2a: Latias|par","|move|p1a: Ferrothorn|Leech Seed|p2a: Latias","|-start|p2a: Latias|move: Leech Seed","|","|-heal|p2a: Latias|363/364 par|[from] item: Leftovers","|-damage|p2a: Latias|318/364 par|[from] Leech Seed|[of] p1a: Ferrothorn","|turn|16","|","|cant|p2a: Latias|par","|move|p1a: Ferrothorn|Gyro Ball|p2a: Latias","|-damage|p2a: Latias|122/364 par","|","|-heal|p2a: Latias|144/364 par|[from] item: Leftovers","|-damage|p2a: Latias|99/364 par|[from] Leech Seed|[of] p1a: Ferrothorn","|turn|17","|","|switch|p2a: Jirachi|Jirachi|379/404 par","|move|p1a: Ferrothorn|Gyro Ball|p2a: Jirachi","|-resisted|p2a: Jirachi","|-damage|p2a: Jirachi|318/404 par","|","|-heal|p2a: Jirachi|343/404 par|[from] item: Leftovers","|turn|18","|","|move|p2a: Jirachi|Meteor Mash|p1a: Ferrothorn","|-resisted|p1a: Ferrothorn","|-damage|p1a: Ferrothorn|319/352 par","|-damage|p2a: Jirachi|293/404 par|[from] ability: Iron Barbs|[of] p1a: Ferrothorn","|cant|p1a: Ferrothorn|par","|","|-heal|p2a: Jirachi|318/404 par|[from] item: Leftovers","|-heal|p1a: Ferrothorn|341/352 par|[from] item: Leftovers","|turn|19","|","|move|p2a: Jirachi|Meteor Mash|p1a: Ferrothorn","|-resisted|p1a: Ferrothorn","|-damage|p1a: Ferrothorn|307/352 par","|-damage|p2a: Jirachi|268/404 par|[from] ability: Iron Barbs|[of] p1a: Ferrothorn","|-boost|p2a: Jirachi|atk|1","|move|p1a: Ferrothorn|Leech Seed|p2a: Jirachi","|-start|p2a: Jirachi|move: Leech Seed","|","|-heal|p2a: Jirachi|293/404 par|[from] item: Leftovers","|-heal|p1a: Ferrothorn|329/352 par|[from] item: Leftovers","|-damage|p2a: Jirachi|243/404 par|[from] Leech Seed|[of] p1a: Ferrothorn","|-heal|p1a: Ferrothorn|352/352 par|[silent]","|turn|20","|","|move|p2a: Jirachi|Meteor Mash|p1a: Ferrothorn","|-resisted|p1a: Ferrothorn","|-damage|p1a: Ferrothorn|301/352 par","|-damage|p2a: Jirachi|193/404 par|[from] ability: Iron Barbs|[of] p1a: Ferrothorn","|move|p1a: Ferrothorn|Gyro Ball|p2a: Jirachi","|-resisted|p2a: Jirachi","|-damage|p2a: Jirachi|134/404 par","|","|-heal|p2a: Jirachi|159/404 par|[from] item: Leftovers","|-heal|p1a: Ferrothorn|323/352 par|[from] item: Leftovers","|-damage|p2a: Jirachi|109/404 par|[from] Leech Seed|[of] p1a: Ferrothorn","|-heal|p1a: Ferrothorn|352/352 par|[silent]","|turn|21","|","|move|p2a: Jirachi|Meteor Mash|p1a: Ferrothorn","|-crit|p1a: Ferrothorn","|-resisted|p1a: Ferrothorn","|-damage|p1a: Ferrothorn|283/352 par","|-damage|p2a: Jirachi|59/404 par|[from] ability: Iron Barbs|[of] p1a: Ferrothorn","|-boost|p2a: Jirachi|atk|1","|cant|p1a: Ferrothorn|par","|","|-heal|p2a: Jirachi|84/404 par|[from] item: Leftovers","|-heal|p1a: Ferrothorn|305/352 par|[from] item: Leftovers","|-damage|p2a: Jirachi|34/404 par|[from] Leech Seed|[of] p1a: Ferrothorn","|-heal|p1a: Ferrothorn|352/352 par|[silent]","|turn|22","|","|cant|p2a: Jirachi|par","|move|p1a: Ferrothorn|Gyro Ball|p2a: Jirachi","|-resisted|p2a: Jirachi","|-damage|p2a: Jirachi|0 fnt","|faint|p2a: Jirachi","|","|","|switch|p2a: Gardevoir|Gardevoir, M|316/316","|turn|23","|","|detailschange|p2a: Gardevoir|Gardevoir-Mega, M","|-mega|p2a: Gardevoir|Gardevoir|Gardevoirite","|move|p2a: Gardevoir|Protect|p2a: Gardevoir","|-singleturn|p2a: Gardevoir|Protect","|move|p1a: Ferrothorn|Thunder Wave|p2a: Gardevoir","|-activate|p2a: Gardevoir|Protect","|","|turn|24","|","|move|p2a: Gardevoir|Hyper Voice|p1a: Ferrothorn","|-resisted|p1a: Ferrothorn","|-damage|p1a: Ferrothorn|252/352 par","|cant|p1a: Ferrothorn|par","|","|-heal|p1a: Ferrothorn|274/352 par|[from] item: Leftovers","|turn|25","|","|move|p2a: Gardevoir|Hyper Voice|p1a: Ferrothorn","|-resisted|p1a: Ferrothorn","|-damage|p1a: Ferrothorn|179/352 par","|move|p1a: Ferrothorn|Gyro Ball|p2a: Gardevoir","|-supereffective|p2a: Gardevoir","|-damage|p2a: Gardevoir|22/316","|","|-heal|p1a: Ferrothorn|201/352 par|[from] item: Leftovers","|turn|26","|","|move|p2a: Gardevoir|Wish|p2a: Gardevoir","|cant|p1a: Ferrothorn|par","|","|-heal|p1a: Ferrothorn|223/352 par|[from] item: Leftovers","|turn|27","|","|move|p2a: Gardevoir|Protect|p2a: Gardevoir","|-singleturn|p2a: Gardevoir|Protect","|cant|p1a: Ferrothorn|par","|","|-heal|p2a: Gardevoir|180/316|[from] move: Wish|[wisher] Gardevoir","|-heal|p1a: Ferrothorn|245/352 par|[from] item: Leftovers","|turn|28","|","|switch|p2a: Latias|Latias, F|99/364 par","|move|p1a: Ferrothorn|Gyro Ball|p2a: Latias","|-damage|p2a: Latias|0 fnt","|faint|p2a: Latias","|","|-heal|p1a: Ferrothorn|267/352 par|[from] item: Leftovers","|","|switch|p2a: Gardevoir|Gardevoir-Mega, M|180/316","|turn|29","|","|move|p2a: Gardevoir|Protect|p2a: Gardevoir","|-singleturn|p2a: Gardevoir|Protect","|move|p1a: Ferrothorn|Thunder Wave|p2a: Gardevoir","|-activate|p2a: Gardevoir|Protect","|","|-heal|p1a: Ferrothorn|289/352 par|[from] item: Leftovers","|turn|30","|","|move|p2a: Gardevoir|Wish|p2a: Gardevoir","|move|p1a: Ferrothorn|Thunder Wave|p2a: Gardevoir","|-status|p2a: Gardevoir|par","|","|-heal|p1a: Ferrothorn|311/352 par|[from] item: Leftovers","|turn|31","|","|move|p2a: Gardevoir|Protect|p2a: Gardevoir","|-singleturn|p2a: Gardevoir|Protect","|move|p1a: Ferrothorn|Leech Seed|p2a: Gardevoir","|-activate|p2a: Gardevoir|Protect","|","|-heal|p2a: Gardevoir|316/316 par|[from] move: Wish|[wisher] Gardevoir","|-heal|p1a: Ferrothorn|333/352 par|[from] item: Leftovers","|turn|32","|","|cant|p2a: Gardevoir|par","|move|p1a: Ferrothorn|Leech Seed|p2a: Gardevoir","|-start|p2a: Gardevoir|move: Leech Seed","|","|-heal|p1a: Ferrothorn|352/352 par|[from] item: Leftovers","|-damage|p2a: Gardevoir|277/316 par|[from] Leech Seed|[of] p1a: Ferrothorn","|turn|33","|","|move|p2a: Gardevoir|Hyper Voice|p1a: Ferrothorn","|-resisted|p1a: Ferrothorn","|-damage|p1a: Ferrothorn|250/352 par","|cant|p1a: Ferrothorn|par","|","|-heal|p1a: Ferrothorn|272/352 par|[from] item: Leftovers","|-damage|p2a: Gardevoir|238/316 par|[from] Leech Seed|[of] p1a: Ferrothorn","|-heal|p1a: Ferrothorn|311/352 par|[silent]","|turn|34","|","|move|p2a: Gardevoir|Hyper Voice|p1a: Ferrothorn","|-resisted|p1a: Ferrothorn","|-damage|p1a: Ferrothorn|207/352 par","|move|p1a: Ferrothorn|Gyro Ball|p2a: Gardevoir","|-supereffective|p2a: Gardevoir","|-damage|p2a: Gardevoir|0 fnt","|faint|p2a: Gardevoir","|","|win|emforbes"],"p1rating":{"entryid":"7537626","serverid":"eos","formatid":"monotype","userid":"emforbes","username":"emforbes","w":27,"l":"10","t":"0","gxe":66.5,"r":"1621.3531969181","rd":"57.835538569519","sigma":"0","rptime":"1439456400","rpr":1630.8728776578,"rprd":55.190220967778,"rpsigma":"0","acre":1321.890028952,"lacre":1321.890028952,"oldacre":"1313.7461457478"},"p2rating":{"entryid":"6395890","serverid":"eos","formatid":"monotype","userid":"rainsidious","username":"Rain ☆ sidious","w":"54","l":70,"t":"0","gxe":44.9,"r":"1471.8032132384","rd":"40.669426530625","sigma":"0","rptime":"1439456400","rpr":1461.5273437238,"rprd":39.982741192069,"rpsigma":"0","acre":1068.0387087307,"lacre":1068.0387087307,"oldacre":"1076.8016263973"},"endType":"normal"}