{"seed":[63270,23543,40576,43044],"turns":35,"p1":"Shining Yin","p2":"V SLootBoot","p1team":[{"name":"Aegislash","species":"Aegislash","item":"weaknesspolicy","ability":"Stance Change","moves":["kingsshield","swordsdance","shadowsneak","ironhead"],"nature":"Adamant","evs":{"hp":248,"atk":252,"def":0,"spa":0,"spd":8,"spe":0},"ivs":{"hp":31,"atk":31,"def":31,"spa":31,"spd":31,"spe":31}},{"name":"Sableye","species":"Sableye","item":"sablenite","ability":"Prankster","moves":["willowisp","recover","calmmind","snarl"],"nature":"Calm","evs":{"hp":252,"atk":0,"def":160,"spa":0,"spd":96,"spe":0},"ivs":{"hp":31,"atk":0,"def":31,"spa":31,"spd":31,"spe":31}},{"name":"Golurk","species":"Golurk","item":"focussash","ability":"No Guard","moves":["stealthrock","stoneedge","dynamicpunch","earthquake"],"nature":"Adamant","evs":{"hp":0,"atk":252,"def":0,"spa":0,"spd":4,"spe":252},"ivs":{"hp":31,"atk":31,"def":31,"spa":31,"spd":31,"spe":31}},{"name":"Jellicent","species":"Jellicent","item":"leftovers","ability":"Water Absorb","moves":["acidarmor","toxic","recover","scald"],"nature":"Calm","evs":{"hp":252,"atk":0,"def":4,"spa":0,"spd":252,"spe":0},"gender":"M","ivs":{"hp":31,"atk":0,"def":31,"spa":31,"spd":31,"spe":31}},{"name":"Chandelure","species":"Chandelure","item":"choicescarf","ability":"Flash Fire","moves":["flamethrower","shadowball","energyball","trick"],"nature":"Timid","evs":{"hp":0,"atk":0,"def":4,"spa":252,"spd":0,"spe":252},"ivs":{"hp":31,"atk":30,"def":30,"spa":31,"spd":31,"spe":31}},{"name":"Gengar","species":"Gengar","item":"focussash","ability":"Levitate","moves":["destinybond","shadowball","icywind","sludgewave"],"nature":"Timid","evs":{"hp":0,"atk":0,"def":0,"spa":252,"spd":4,"spe":252},"ivs":{"hp":31,"atk":0,"def":31,"spa":31,"spd":31,"spe":31}}],"p2team":[{"name":"Mandibuzz","species":"Mandibuzz","item":"leftovers","ability":"Overcoat","moves":["foulplay","roost","defog","taunt"],"nature":"Impish","evs":{"hp":248,"atk":0,"def":136,"spa":0,"spd":108,"spe":16},"ivs":{"hp":31,"atk":31,"def":31,"spa":31,"spd":31,"spe":31}},{"name":"Togekiss","species":"Togekiss","item":"leftovers","ability":"Serene Grace","moves":["thunderwave","airslash","nastyplot","roost"],"nature":"Calm","evs":{"hp":248,"atk":0,"def":0,"spa":0,"spd":216,"spe":44},"ivs":{"hp":31,"atk":31,"def":31,"spa":31,"spd":31,"spe":31}},{"name":"Dragonite","species":"Dragonite","item":"weaknesspolicy","ability":"Multiscale","moves":["earthquake","dragonclaw","extremespeed","dragondance"],"nature":"Adamant","evs":{"hp":0,"atk":252,"def":0,"spa":0,"spd":4,"spe":252},"ivs":{"hp":31,"atk":31,"def":31,"spa":31,"spd":31,"spe":31}},{"name":"Skarmory","species":"Skarmory","item":"rockyhelmet","ability":"Sturdy","moves":["roost","toxic","bravebird","stealthrock"],"nature":"Impish","evs":{"hp":252,"atk":0,"def":252,"spa":0,"spd":4,"spe":0},"ivs":{"hp":31,"atk":31,"def":31,"spa":31,"spd":31,"spe":31}},{"name":"Xatu","species":"Xatu","item":"lightclay","ability":"Magic Bounce","moves":["thunderwave","reflect","uturn","nightshade"],"nature":"Jolly","evs":{"hp":248,"atk":0,"def":0,"spa":0,"spd":8,"spe":252},"ivs":{"hp":31,"atk":31,"def":31,"spa":31,"spd":31,"spe":31}},{"name":"Gyarados","species":"Gyarados","item":"gyaradosite","ability":"Intimidate","moves":["dragondance","waterfall","earthquake","icefang"],"nature":"Adamant","evs":{"hp":0,"atk":252,"def":4,"spa":0,"spd":0,"spe":252},"ivs":{"hp":31,"atk":31,"def":31,"spa":31,"spd":31,"spe":31}}],"log":["|player|p1|Shining Yin|206","|player|p2|V SLootBoot|285","|gametype|singles","|gen|6","|tier|Monotype","|rated","|rule|Baton Pass Clause: Limit one Baton Passer, can't pass Spe and other stats simultaneously","|rule|Swagger Clause: Swagger is banned","|rule|Same Type Clause: Pokémon in a team must share a type","|clearpoke","|poke|p1|Aegislash, F","|poke|p1|Sableye, M","|poke|p1|Golurk","|poke|p1|Jellicent, M","|poke|p1|Chandelure, F","|poke|p1|Gengar, F","|poke|p2|Mandibuzz, F","|poke|p2|Togekiss, M","|poke|p2|Dragonite, M","|poke|p2|Skarmory, M","|poke|p2|Xatu, F","|poke|p2|Gyarados, M","|rule|Sleep Clause Mod: Limit one foe put to sleep","|rule|Species Clause: Limit one of each Pokémon","|rule|OHKO Clause: OHKO moves are banned","|rule|Moody Clause: Moody is banned","|rule|Evasion Moves Clause: Evasion moves are banned","|rule|Endless Battle Clause: Forcing endless battles is banned","|rule|HP Percentage Mod: HP is shown in percentages","|teampreview","|","|start","|switch|p1a: Sableye|Sableye, M|304/304","|switch|p2a: Mandibuzz|Mandibuzz, F|423/423","|turn|1","|","|switch|p2a: Xatu|Xatu, F|333/333","|detailschange|p1a: Sableye|Sableye-Mega, M","|-mega|p1a: Sableye|Sableye|Sablenite","|move|p1a: Sableye|Calm Mind|p1a: Sableye","|-boost|p1a: Sableye|spa|1","|-boost|p1a: Sableye|spd|1","|","|turn|2","|","|move|p2a: Xatu|Reflect|p2a: Xatu","|-sidestart|p2: V SLootBoot|Reflect","|move|p1a: Sableye|Snarl|p2a: Xatu","|-crit|p2a: Xatu","|-supereffective|p2a: Xatu","|-damage|p2a: Xatu|0 fnt","|faint|p2a: Xatu","|","|","|switch|p2a: Dragonite|Dragonite, M|323/323","|turn|3","|","|move|p2a: Dragonite|Earthquake|p1a: Sableye","|-crit|p1a: Sableye","|-damage|p1a: Sableye|171/304","|move|p1a: Sableye|Will-O-Wisp|p2a: Dragonite","|-status|p2a: Dragonite|brn","|","|-damage|p2a: Dragonite|283/323 brn|[from] brn","|turn|4","|","|move|p2a: Dragonite|Dragon Claw|p1a: Sableye","|-damage|p1a: Sableye|111/304","|move|p1a: Sableye|Recover|p1a: Sableye","|-heal|p1a: Sableye|263/304","|","|-damage|p2a: Dragonite|243/323 brn|[from] brn","|turn|5","|","|switch|p2a: Togekiss|Togekiss, M|373/373","|move|p1a: Sableye|Snarl|p2a: Togekiss","|-crit|p2a: Togekiss","|-resisted|p2a: Togekiss","|-damage|p2a: Togekiss|329/373","|-unboost|p2a: Togekiss|spa|1","|","|-heal|p2a: Togekiss|352/373|[from] item: Leftovers","|turn|6","|","|move|p2a: Togekiss|Air Slash|p1a: Sableye","|-damage|p1a: Sableye|226/304","|move|p1a: Sableye|Will-O-Wisp|p2a: Togekiss","|-status|p2a: Togekiss|brn","|","|-heal|p2a: Togekiss|373/373 brn|[from] item: Leftovers","|-damage|p2a: Togekiss|327/373 brn|[from] brn","|turn|7","|","|move|p2a: Togekiss|Air Slash|p1a: Sableye","|-damage|p1a: Sableye|189/304","|move|p1a: Sableye|Calm Mind|p1a: Sableye","|-boost|p1a: Sableye|spa|1","|-boost|p1a: Sableye|spd|1","|","|-heal|p2a: Togekiss|350/373 brn|[from] item: Leftovers","|-damage|p2a: Togekiss|304/373 brn|[from] brn","|turn|8","|","|move|p2a: Togekiss|Air Slash|p1a: Sableye","|-damage|p1a: Sableye|161/304","|move|p1a: Sableye|Recover|p1a: Sableye","|-heal|p1a: Sableye|304/304","|","|-heal|p2a: Togekiss|327/373 brn|[from] item: Leftovers","|-damage|p2a: Togekiss|281/373 brn|[from] brn","|turn|9","|","|move|p2a: Togekiss|Air Slash|p1a: Sableye","|-damage|p1a: Sableye|276/304","|move|p1a: Sableye|Snarl|p2a: Togekiss","|-resisted|p2a: Togekiss","|-damage|p2a: Togekiss|242/373 brn","|-unboost|p2a: Togekiss|spa|1","|","|-heal|p2a: Togekiss|265/373 brn|[from] item: Leftovers","|-damage|p2a: Togekiss|219/373 brn|[from] brn","|-sideend|p2: V SLootBoot|Reflect","|turn|10","|","|move|p2a: Togekiss|Air Slash|p1a: Sableye","|-crit|p1a: Sableye","|-damage|p1a: Sableye|167/304","|cant|p1a: Sableye|flinch","|","|-heal|p2a: Togekiss|242/373 brn|[from] item: Leftovers","|-damage|p2a: Togekiss|196/373 brn|[from] brn","|turn|11","|","|move|p2a: Togekiss|Air Slash|p1a: Sableye","|-damage|p1a: Sableye|146/304","|move|p1a: Sableye|Recover|p1a: Sableye","|-heal|p1a: Sableye|298/304","|","|-heal|p2a: Togekiss|219/373 brn|[from] item: Leftovers","|-damage|p2a: Togekiss|173/373 brn|[from] brn","|turn|12","|","|move|p2a: Togekiss|Air Slash|p1a: Sableye","|-damage|p1a: Sableye|277/304","|move|p1a: Sableye|Snarl|p2a: Togekiss","|-resisted|p2a: Togekiss","|-damage|p2a: Togekiss|133/373 brn","|-unboost|p2a: Togekiss|spa|1","|","|-heal|p2a: Togekiss|156/373 brn|[from] item: Leftovers","|-damage|p2a: Togekiss|110/373 brn|[from] brn","|turn|13","|","|move|p2a: Togekiss|Air Slash|p1a: Sableye","|-damage|p1a: Sableye|262/304","|move|p1a: Sableye|Calm Mind|p1a: Sableye","|-boost|p1a: Sableye|spa|1","|-boost|p1a: Sableye|spd|1","|","|-heal|p2a: Togekiss|133/373 brn|[from] item: Leftovers","|-damage|p2a: Togekiss|87/373 brn|[from] brn","|turn|14","|","|move|p2a: Togekiss|Roost|p2a: Togekiss","|-heal|p2a: Togekiss|274/373 brn","|move|p1a: Sableye|Snarl|p2a: Togekiss","|-resisted|p2a: Togekiss","|-damage|p2a: Togekiss|224/373 brn","|-unboost|p2a: Togekiss|spa|1","|","|-heal|p2a: Togekiss|247/373 brn|[from] item: Leftovers","|-damage|p2a: Togekiss|201/373 brn|[from] brn","|turn|15","|","|switch|p2a: Mandibuzz|Mandibuzz, F|423/423","|move|p1a: Sableye|Snarl|p2a: Mandibuzz","|-resisted|p2a: Mandibuzz","|-damage|p2a: Mandibuzz|353/423","|-unboost|p2a: Mandibuzz|spa|1","|","|-heal|p2a: Mandibuzz|379/423|[from] item: Leftovers","|turn|16","|","|move|p2a: Mandibuzz|Taunt|p1a: Sableye","|move|p1a: Sableye|Taunt|p2a: Mandibuzz|[from]Magic Bounce","|-start|p2a: Mandibuzz|move: Taunt","|move|p1a: Sableye|Will-O-Wisp|p2a: Mandibuzz","|-status|p2a: Mandibuzz|brn","|","|-heal|p2a: Mandibuzz|405/423 brn|[from] item: Leftovers","|-damage|p2a: Mandibuzz|353/423 brn|[from] brn","|turn|17","|","|move|p2a: Mandibuzz|Foul Play|p1a: Sableye","|-damage|p1a: Sableye|237/304","|move|p1a: Sableye|Snarl|p2a: Mandibuzz","|-resisted|p2a: Mandibuzz","|-damage|p2a: Mandibuzz|282/423 brn","|-unboost|p2a: Mandibuzz|spa|1","|","|-heal|p2a: Mandibuzz|308/423 brn|[from] item: Leftovers","|-damage|p2a: Mandibuzz|256/423 brn|[from] brn","|turn|18","|","|switch|p2a: Skarmory|Skarmory, M|334/334","|move|p1a: Sableye|Recover|p1a: Sableye","|-heal|p1a: Sableye|304/304","|","|turn|19","|","|move|p2a: Skarmory|Brave Bird|p1a: Sableye","|-crit|p1a: Sableye","|-damage|p1a: Sableye|168/304","|-damage|p2a: Skarmory|289/334|[from] recoil|[of] p1a: Sableye","|move|p1a: Sableye|Snarl|p2a: Skarmory","|-damage|p2a: Skarmory|99/334","|-unboost|p2a: Skarmory|spa|1","|","|turn|20","|","|move|p2a: Skarmory|Brave Bird|p1a: Sableye","|-damage|p1a: Sableye|81/304","|-damage|p2a: Skarmory|70/334|[from] recoil|[of] p1a: Sableye","|move|p1a: Sableye|Recover|p1a: Sableye","|-heal|p1a: Sableye|233/304","|","|turn|21","|","|move|p2a: Skarmory|Roost|p2a: Skarmory","|-heal|p2a: Skarmory|237/334","|move|p1a: Sableye|Will-O-Wisp|p2a: Skarmory|[miss]","|-miss|p1a: Sableye|p2a: Skarmory","|","|turn|22","|","|move|p2a: Skarmory|Brave Bird|p1a: Sableye","|-damage|p1a: Sableye|155/304","|-damage|p2a: Skarmory|211/334|[from] recoil|[of] p1a: Sableye","|move|p1a: Sableye|Recover|p1a: Sableye","|-heal|p1a: Sableye|304/304","|","|turn|23","|","|move|p2a: Skarmory|Brave Bird|p1a: Sableye","|-damage|p1a: Sableye|219/304","|-damage|p2a: Skarmory|183/334|[from] recoil|[of] p1a: Sableye","|move|p1a: Sableye|Will-O-Wisp|p2a: Skarmory","|-status|p2a: Skarmory|brn","|","|-damage|p2a: Skarmory|142/334 brn|[from] brn","|turn|24","|","|move|p2a: Skarmory|Brave Bird|p1a: Sableye","|-damage|p1a: Sableye|176/304","|-damage|p2a: Skarmory|128/334 brn|[from] recoil|[of] p1a: Sableye","|move|p1a: Sableye|Recover|p1a: Sableye","|-heal|p1a: Sableye|304/304","|","|-damage|p2a: Skarmory|87/334 brn|[from] brn","|turn|25","|","|move|p2a: Skarmory|Brave Bird|p1a: Sableye","|-damage|p1a: Sableye|263/304","|-damage|p2a: Skarmory|73/334 brn|[from] recoil|[of] p1a: Sableye","|move|p1a: Sableye|Calm Mind|p1a: Sableye","|-boost|p1a: Sableye|spa|1","|-boost|p1a: Sableye|spd|1","|","|-damage|p2a: Skarmory|32/334 brn|[from] brn","|turn|26","|","|move|p2a: Skarmory|Brave Bird|p1a: Sableye","|-damage|p1a: Sableye|222/304","|-damage|p2a: Skarmory|18/334 brn|[from] recoil|[of] p1a: Sableye","|move|p1a: Sableye|Recover|p1a: Sableye","|-heal|p1a: Sableye|304/304","|","|-damage|p2a: Skarmory|0 fnt|[from] brn","|faint|p2a: Skarmory","|","|switch|p2a: Dragonite|Dragonite, M|243/323 brn","|turn|27","|","|move|p2a: Dragonite|Dragon Dance|p2a: Dragonite","|-boost|p2a: Dragonite|atk|1","|-boost|p2a: Dragonite|spe|1","|move|p1a: Sableye|Snarl|p2a: Dragonite","|-damage|p2a: Dragonite|72/323 brn","|-unboost|p2a: Dragonite|spa|1","|","|-damage|p2a: Dragonite|32/323 brn|[from] brn","|turn|28","|","|move|p2a: Dragonite|Dragon Claw|p1a: Sableye","|-damage|p1a: Sableye|210/304","|move|p1a: Sableye|Recover|p1a: Sableye","|-heal|p1a: Sableye|304/304","|","|-damage|p2a: Dragonite|0 fnt|[from] brn","|faint|p2a: Dragonite","|","|switch|p2a: Gyarados|Gyarados, M|331/331","|-ability|p2a: Gyarados|Intimidate","|-unboost|p1a: Sableye|atk|1","|turn|29","|","|detailschange|p2a: Gyarados|Gyarados-Mega, M","|-mega|p2a: Gyarados|Gyarados|Gyaradosite","|-ability|p2a: Gyarados|Mold Breaker","|move|p2a: Gyarados|Waterfall|p1a: Sableye","|-damage|p1a: Sableye|172/304","|cant|p1a: Sableye|flinch","|","|turn|30","|","|move|p2a: Gyarados|Waterfall|p1a: Sableye","|-damage|p1a: Sableye|49/304","|move|p1a: Sableye|Will-O-Wisp|p2a: Gyarados|[miss]","|-miss|p1a: Sableye|p2a: Gyarados","|","|turn|31","|","|move|p2a: Gyarados|Waterfall|p1a: Sableye","|-damage|p1a: Sableye|0 fnt","|faint|p1a: Sableye","|","|","|switch|p1a: Golurk|Golurk|319/319","|turn|32","|","|move|p2a: Gyarados|Dragon Dance|p2a: Gyarados","|-boost|p2a: Gyarados|atk|1","|-boost|p2a: Gyarados|spe|1","|move|p1a: Golurk|Dynamic Punch|p2a: Gyarados","|-crit|p2a: Gyarados","|-supereffective|p2a: Gyarados","|-damage|p2a: Gyarados|0 fnt","|faint|p2a: Gyarados","|","|","|switch|p2a: Mandibuzz|Mandibuzz, F|256/423 brn","|turn|33","|","|move|p1a: Golurk|Stone Edge|p2a: Mandibuzz","|-supereffective|p2a: Mandibuzz","|-damage|p2a: Mandibuzz|74/423 brn","|move|p2a: Mandibuzz|Foul Play|p1a: Golurk","|-supereffective|p1a: Golurk","|-damage|p1a: Golurk|106/319","|","|-heal|p2a: Mandibuzz|100/423 brn|[from] item: Leftovers","|-damage|p2a: Mandibuzz|48/423 brn|[from] brn","|turn|34","|","|move|p1a: Golurk|Stone Edge|p2a: Mandibuzz","|-crit|p2a: Mandibuzz","|-supereffective|p2a: Mandibuzz","|-damage|p2a: Mandibuzz|0 fnt","|faint|p2a: Mandibuzz","|","|","|switch|p2a: Togekiss|Togekiss, M|201/373 brn","|turn|35","|","|move|p1a: Golurk|Stone Edge|p2a: Togekiss","|-supereffective|p2a: Togekiss","|-damage|p2a: Togekiss|0 fnt","|faint|p2a: Togekiss","|","|win|Shining Yin"],"p1rating":{"entryid":"7208708","serverid":"eos","formatid":"monotype","userid":"shiningyin","username":"Shining Yin","w":51,"l":"20","t":"0","gxe":70.1,"r":"1668.8724213097","rd":"45.175398595442","sigma":"0","rptime":"1439456400","rpr":1661.598926133,"rprd":43.95998031681,"rpsigma":"0","acre":1351.3037836019,"lacre":1351.3037836019,"oldacre":"1340.9090233496"},"p2rating":{"entryid":"7571098","serverid":"eos","formatid":"monotype","userid":"vslootboot","username":"V SLootBoot","w":"7","l":3,"t":"0","gxe":59.7,"r":"1533.1385125152","rd":"110.73793183369","sigma":"0","rptime":"1439456400","rpr":1576.357753907,"rprd":87.6312544305,"rpsigma":"0","acre":1146.0939309055,"lacre":1146.0939309055,"oldacre":"1159.0873812209"},"endType":"normal"}