{"seed":[60941,54619,22234,39447],"turns":23,"p1":"Sovereign♕rc17","p2":"tahit","p1team":[{"name":"Shuckle","species":"Shuckle","item":"leftovers","ability":"Contrary","moves":["shellsmash","toxic","infestation","sandstorm"],"nature":"","evs":{"hp":252,"atk":0,"def":252,"spa":0,"spd":0,"spe":0},"ivs":{"hp":31,"atk":31,"def":31,"spa":31,"spd":31,"spe":31}},{"name":"Tyranitar","species":"Tyranitar","item":"smoothrock","ability":"Sand Stream","moves":["outrage","stealthrock","stoneedge","earthquake"],"nature":"Adamant","evs":{"hp":248,"atk":252,"def":0,"spa":0,"spd":8,"spe":0},"ivs":{"hp":31,"atk":31,"def":31,"spa":31,"spd":31,"spe":31}},{"name":"Terrakion","species":"Terrakion","item":"choiceband","ability":"Justified","moves":["closecombat","stoneedge","ironhead","earthquake"],"nature":"Jolly","evs":{"hp":0,"atk":252,"def":0,"spa":0,"spd":4,"spe":252},"ivs":{"hp":31,"atk":31,"def":31,"spa":31,"spd":31,"spe":31}},{"name":"Aerodactyl","species":"Aerodactyl","item":"aerodactylite","ability":"Rock Head","moves":["aquatail","dragonclaw","earthquake","stoneedge"],"nature":"Jolly","evs":{"hp":0,"atk":252,"def":0,"spa":0,"spd":4,"spe":252},"ivs":{"hp":31,"atk":31,"def":31,"spa":31,"spd":31,"spe":31}},{"name":"Diancie","species":"Diancie","item":"leftovers","ability":"Clear Body","moves":["calmmind","dazzlinggleam","earthpower","reflect"],"nature":"Modest","evs":{"hp":252,"atk":0,"def":0,"spa":252,"spd":4,"spe":0},"ivs":{"hp":31,"atk":31,"def":31,"spa":31,"spd":31,"spe":31}},{"name":"Regirock","species":"Regirock","item":"leftovers","ability":"Clear Body","moves":["bodyslam","drainpunch","thunderwave","sandstorm"],"nature":"Adamant","evs":{"hp":252,"atk":252,"def":0,"spa":0,"spd":4,"spe":0},"ivs":{"hp":31,"atk":31,"def":31,"spa":31,"spd":31,"spe":31}}],"p2team":[{"name":"Volcarona","species":"Volcarona","item":"lumberry","ability":"Flame Body","moves":["quiverdance","fierydance","roost","silverwind"],"nature":"Modest","evs":{"hp":204,"atk":0,"def":0,"spa":144,"spd":0,"spe":160},"ivs":{"hp":31,"atk":31,"def":31,"spa":31,"spd":31,"spe":31}},{"name":"Charizard","species":"Charizard","item":"charizarditey","ability":"Blaze","moves":["flamethrower","solarbeam","roost","dragonpulse"],"nature":"Timid","evs":{"hp":0,"atk":0,"def":4,"spa":252,"spd":0,"spe":252},"ivs":{"hp":31,"atk":31,"def":31,"spa":31,"spd":31,"spe":31}},{"name":"Infernape","species":"Infernape","item":"focussash","ability":"Blaze","moves":["bulkup","stealthrock","overheat","closecombat"],"nature":"Hasty","evs":{"hp":0,"atk":162,"def":0,"spa":94,"spd":0,"spe":252},"ivs":{"hp":31,"atk":31,"def":31,"spa":31,"spd":31,"spe":31}},{"name":"Ninetales","species":"Ninetales","item":"choicescarf","ability":"Drought","moves":["willowisp","flamethrower","solarbeam","extrasensory"],"nature":"Modest","evs":{"hp":4,"atk":0,"def":0,"spa":252,"spd":0,"spe":252},"ivs":{"hp":31,"atk":31,"def":31,"spa":31,"spd":31,"spe":31}},{"name":"Victini","species":"Victini","item":"choicescarf","ability":"Victory Star","moves":["blueflare","dazzlinggleam","thunderbolt","psyshock"],"nature":"Modest","evs":{"hp":0,"atk":0,"def":0,"spa":252,"spd":4,"spe":252},"ivs":{"hp":31,"atk":31,"def":31,"spa":31,"spd":31,"spe":31}},{"name":"Typhlosion","species":"Typhlosion","item":"choicespecs","ability":"Flash Fire","moves":["eruption","fireblast","solarbeam","focusblast"],"nature":"Timid","evs":{"hp":4,"atk":0,"def":0,"spa":252,"spd":0,"spe":252},"ivs":{"hp":31,"atk":31,"def":31,"spa":31,"spd":31,"spe":31}}],"log":["|player|p1|Sovereign♕rc17|169","|player|p2|tahit|169","|gametype|singles","|gen|6","|tier|Monotype","|rated","|rule|Baton Pass Clause: Limit one Baton Passer, can't pass Spe and other stats simultaneously","|rule|Swagger Clause: Swagger is banned","|rule|Same Type Clause: Pokémon in a team must share a type","|clearpoke","|poke|p1|Shuckle, F","|poke|p1|Tyranitar, F","|poke|p1|Terrakion","|poke|p1|Aerodactyl, F","|poke|p1|Diancie","|poke|p1|Regirock","|poke|p2|Volcarona, M","|poke|p2|Charizard, F","|poke|p2|Infernape, F","|poke|p2|Ninetales, F","|poke|p2|Victini","|poke|p2|Typhlosion, F","|rule|Sleep Clause Mod: Limit one foe put to sleep","|rule|Species Clause: Limit one of each Pokémon","|rule|OHKO Clause: OHKO moves are banned","|rule|Moody Clause: Moody is banned","|rule|Evasion Moves Clause: Evasion moves are banned","|rule|Endless Battle Clause: Forcing endless battles is banned","|rule|HP Percentage Mod: HP is shown in percentages","|teampreview","|","|start","|switch|p1a: Shuckle|Shuckle, F|244/244","|switch|p2a: Infernape|Infernape, F|293/293","|turn|1","|","|move|p2a: Infernape|Stealth Rock|p1a: Shuckle","|-sidestart|p1: Sovereign♕rc17|move: Stealth Rock","|move|p1a: Shuckle|Sandstorm|p1a: Shuckle","|-weather|Sandstorm","|","|-weather|Sandstorm|[upkeep]","|-damage|p2a: Infernape|275/293|[from] sandstorm","|turn|2","|","|move|p2a: Infernape|Bulk Up|p2a: Infernape","|-boost|p2a: Infernape|atk|1","|-boost|p2a: Infernape|def|1","|move|p1a: Shuckle|Infestation|p2a: Infernape","|-resisted|p2a: Infernape","|-damage|p2a: Infernape|274/293","|-activate|p2a: Infernape|move: Infestation|[of] p1a: Shuckle","|","|-weather|Sandstorm|[upkeep]","|-damage|p2a: Infernape|256/293|[from] sandstorm","|-damage|p2a: Infernape|220/293|[from] move: Infestation|[partiallytrapped]","|turn|3","|","|move|p2a: Infernape|Bulk Up|p2a: Infernape","|-boost|p2a: Infernape|atk|1","|-boost|p2a: Infernape|def|1","|move|p1a: Shuckle|Toxic|p2a: Infernape","|-status|p2a: Infernape|tox","|","|-weather|Sandstorm|[upkeep]","|-damage|p2a: Infernape|202/293 tox|[from] sandstorm","|-damage|p2a: Infernape|184/293 tox|[from] psn","|-damage|p2a: Infernape|148/293 tox|[from] move: Infestation|[partiallytrapped]","|turn|4","|","|move|p2a: Infernape|Bulk Up|p2a: Infernape","|-boost|p2a: Infernape|atk|1","|-boost|p2a: Infernape|def|1","|move|p1a: Shuckle|Shell Smash|p1a: Shuckle","|-boost|p1a: Shuckle|def|1","|-boost|p1a: Shuckle|spd|1","|-unboost|p1a: Shuckle|atk|2","|-unboost|p1a: Shuckle|spa|2","|-unboost|p1a: Shuckle|spe|2","|","|-weather|Sandstorm|[upkeep]","|-damage|p2a: Infernape|130/293 tox|[from] sandstorm","|-damage|p2a: Infernape|94/293 tox|[from] psn","|-damage|p2a: Infernape|58/293 tox|[from] move: Infestation|[partiallytrapped]","|turn|5","|","|move|p2a: Infernape|Close Combat|p1a: Shuckle","|-damage|p1a: Shuckle|117/244","|-unboost|p2a: Infernape|def|1","|-unboost|p2a: Infernape|spd|1","|move|p1a: Shuckle|Shell Smash|p1a: Shuckle","|-boost|p1a: Shuckle|def|1","|-boost|p1a: Shuckle|spd|1","|-unboost|p1a: Shuckle|atk|2","|-unboost|p1a: Shuckle|spa|2","|-unboost|p1a: Shuckle|spe|2","|","|-weather|none","|-heal|p1a: Shuckle|132/244|[from] item: Leftovers","|-damage|p2a: Infernape|4/293 tox|[from] psn","|-damage|p2a: Infernape|0 fnt|[from] move: Infestation|[partiallytrapped]","|faint|p2a: Infernape","|","|switch|p2a: Volcarona|Volcarona, M|362/362","|turn|6","|","|move|p2a: Volcarona|Quiver Dance|p2a: Volcarona","|-boost|p2a: Volcarona|spa|1","|-boost|p2a: Volcarona|spd|1","|-boost|p2a: Volcarona|spe|1","|move|p1a: Shuckle|Sandstorm|p1a: Shuckle","|-weather|Sandstorm","|","|-weather|Sandstorm|[upkeep]","|-damage|p2a: Volcarona|340/362|[from] sandstorm","|-heal|p1a: Shuckle|147/244|[from] item: Leftovers","|turn|7","|","|move|p2a: Volcarona|Quiver Dance|p2a: Volcarona","|-boost|p2a: Volcarona|spa|1","|-boost|p2a: Volcarona|spd|1","|-boost|p2a: Volcarona|spe|1","|move|p1a: Shuckle|Shell Smash|p1a: Shuckle","|-boost|p1a: Shuckle|def|1","|-boost|p1a: Shuckle|spd|1","|-unboost|p1a: Shuckle|atk|2","|-unboost|p1a: Shuckle|spa|2","|-unboost|p1a: Shuckle|spe|2","|","|-weather|Sandstorm|[upkeep]","|-damage|p2a: Volcarona|318/362|[from] sandstorm","|-heal|p1a: Shuckle|162/244|[from] item: Leftovers","|turn|8","|","|move|p2a: Volcarona|Quiver Dance|p2a: Volcarona","|-boost|p2a: Volcarona|spa|1","|-boost|p2a: Volcarona|spd|1","|-boost|p2a: Volcarona|spe|1","|move|p1a: Shuckle|Infestation|p2a: Volcarona","|-resisted|p2a: Volcarona","|-damage|p2a: Volcarona|317/362","|-activate|p2a: Volcarona|move: Infestation|[of] p1a: Shuckle","|","|-weather|Sandstorm|[upkeep]","|-damage|p2a: Volcarona|295/362|[from] sandstorm","|-heal|p1a: Shuckle|177/244|[from] item: Leftovers","|-damage|p2a: Volcarona|250/362|[from] move: Infestation|[partiallytrapped]","|turn|9","|","|move|p2a: Volcarona|Quiver Dance|p2a: Volcarona","|-boost|p2a: Volcarona|spa|1","|-boost|p2a: Volcarona|spd|1","|-boost|p2a: Volcarona|spe|1","|move|p1a: Shuckle|Toxic|p2a: Volcarona","|-status|p2a: Volcarona|tox","|-enditem|p2a: Volcarona|Lum Berry|[eat]","|-curestatus|p2a: Volcarona|tox","|","|-weather|Sandstorm|[upkeep]","|-damage|p2a: Volcarona|228/362|[from] sandstorm","|-heal|p1a: Shuckle|192/244|[from] item: Leftovers","|-damage|p2a: Volcarona|183/362|[from] move: Infestation|[partiallytrapped]","|turn|10","|","|move|p2a: Volcarona|Fiery Dance|p1a: Shuckle","|-damage|p1a: Shuckle|129/244","|-boost|p2a: Volcarona|spa|1","|move|p1a: Shuckle|Toxic|p2a: Volcarona","|-status|p2a: Volcarona|tox","|","|-weather|none","|-heal|p1a: Shuckle|144/244|[from] item: Leftovers","|-damage|p2a: Volcarona|161/362 tox|[from] psn","|-damage|p2a: Volcarona|116/362 tox|[from] move: Infestation|[partiallytrapped]","|turn|11","|","|move|p2a: Volcarona|Fiery Dance|p1a: Shuckle","|-damage|p1a: Shuckle|47/244","|-boost|p2a: Volcarona|spa|1","|move|p1a: Shuckle|Sandstorm|p1a: Shuckle","|-weather|Sandstorm","|","|-weather|Sandstorm|[upkeep]","|-damage|p2a: Volcarona|94/362 tox|[from] sandstorm","|-heal|p1a: Shuckle|62/244|[from] item: Leftovers","|-damage|p2a: Volcarona|50/362 tox|[from] psn","|-damage|p2a: Volcarona|5/362 tox|[from] move: Infestation|[partiallytrapped]","|turn|12","|","|move|p2a: Volcarona|Fiery Dance|p1a: Shuckle","|-damage|p1a: Shuckle|0 fnt","|faint|p1a: Shuckle","|","|-weather|Sandstorm|[upkeep]","|-damage|p2a: Volcarona|0 fnt|[from] sandstorm","|faint|p2a: Volcarona","|","|switch|p2a: Ninetales|Ninetales, F|288/288","|switch|p1a: Regirock|Regirock|364/364","|-weather|SunnyDay","|-damage|p1a: Regirock|319/364|[from] Stealth Rock","|turn|13","|","|move|p2a: Ninetales|Solar Beam|p1a: Regirock|[still]","|-prepare|p2a: Ninetales|Solar Beam|p1a: Regirock","|-anim|p2a: Ninetales|Solar Beam|p1a: Regirock","|-supereffective|p1a: Regirock","|-damage|p1a: Regirock|77/364","|move|p1a: Regirock|Sandstorm|p1a: Regirock","|-weather|Sandstorm","|","|-weather|Sandstorm|[upkeep]","|-damage|p2a: Ninetales|270/288|[from] sandstorm","|-heal|p1a: Regirock|99/364|[from] item: Leftovers","|turn|14","|","|move|p2a: Ninetales|Solar Beam|p1a: Regirock|[still]","|-prepare|p2a: Ninetales|Solar Beam|p1a: Regirock","|move|p1a: Regirock|Thunder Wave|p2a: Ninetales","|-status|p2a: Ninetales|par","|","|-weather|Sandstorm|[upkeep]","|-damage|p2a: Ninetales|252/288 par|[from] sandstorm","|-heal|p1a: Regirock|121/364|[from] item: Leftovers","|turn|15","|","|move|p1a: Regirock|Body Slam|p2a: Ninetales","|-damage|p2a: Ninetales|125/288 par","|cant|p2a: Ninetales|par","|","|-weather|Sandstorm|[upkeep]","|-damage|p2a: Ninetales|107/288 par|[from] sandstorm","|-heal|p1a: Regirock|143/364|[from] item: Leftovers","|turn|16","|","|move|p1a: Regirock|Body Slam|p2a: Ninetales","|-damage|p2a: Ninetales|0 fnt","|faint|p2a: Ninetales","|","|-weather|Sandstorm|[upkeep]","|-heal|p1a: Regirock|165/364|[from] item: Leftovers","|","|switch|p2a: Charizard|Charizard, F|297/297","|turn|17","|","|detailschange|p2a: Charizard|Charizard-Mega-Y, F","|-mega|p2a: Charizard|Charizard|Charizardite Y","|-weather|SunnyDay","|move|p2a: Charizard|Solar Beam|p1a: Regirock|[still]","|-prepare|p2a: Charizard|Solar Beam|p1a: Regirock","|-anim|p2a: Charizard|Solar Beam|p1a: Regirock","|-supereffective|p1a: Regirock","|-damage|p1a: Regirock|0 fnt","|faint|p1a: Regirock","|","|-weather|SunnyDay|[upkeep]","|","|switch|p1a: Aerodactyl|Aerodactyl, F|301/301","|-damage|p1a: Aerodactyl|226/301|[from] Stealth Rock","|turn|18","|","|detailschange|p1a: Aerodactyl|Aerodactyl-Mega, F","|-mega|p1a: Aerodactyl|Aerodactyl|Aerodactylite","|move|p1a: Aerodactyl|Stone Edge|p2a: Charizard","|-supereffective|p2a: Charizard","|-damage|p2a: Charizard|0 fnt","|faint|p2a: Charizard","|","|-weather|SunnyDay|[upkeep]","|","|switch|p2a: Typhlosion|Typhlosion, F|298/298","|turn|19","|","|move|p1a: Aerodactyl|Earthquake|p2a: Typhlosion","|-supereffective|p2a: Typhlosion","|-damage|p2a: Typhlosion|16/298","|move|p2a: Typhlosion|Focus Blast|p1a: Aerodactyl","|-damage|p1a: Aerodactyl|40/301","|","|-weather|SunnyDay|[upkeep]","|turn|20","|","|move|p1a: Aerodactyl|Earthquake|p2a: Typhlosion","|-supereffective|p2a: Typhlosion","|-damage|p2a: Typhlosion|0 fnt","|faint|p2a: Typhlosion","|","|-weather|SunnyDay|[upkeep]","|","|switch|p2a: Victini|Victini|341/341","|turn|21","|","|move|p2a: Victini|Dazzling Gleam|p1a: Aerodactyl","|-damage|p1a: Aerodactyl|0 fnt","|faint|p1a: Aerodactyl","|","|-weather|none","|","|switch|p1a: Tyranitar|Tyranitar, F|403/403","|-damage|p1a: Tyranitar|353/403|[from] Stealth Rock","|-weather|Sandstorm","|turn|22","|","|move|p2a: Victini|Dazzling Gleam|p1a: Tyranitar","|-supereffective|p1a: Tyranitar","|-damage|p1a: Tyranitar|231/403","|move|p1a: Tyranitar|Earthquake|p2a: Victini","|-supereffective|p2a: Victini","|-damage|p2a: Victini|67/341","|","|-weather|Sandstorm|[upkeep]","|-damage|p2a: Victini|46/341|[from] sandstorm","|turn|23","|","|move|p2a: Victini|Dazzling Gleam|p1a: Tyranitar","|-supereffective|p1a: Tyranitar","|-damage|p1a: Tyranitar|123/403","|move|p1a: Tyranitar|Earthquake|p2a: Victini","|-supereffective|p2a: Victini","|-damage|p2a: Victini|0 fnt","|faint|p2a: Victini","|","|win|Sovereign♕rc17"],"p1rating":{"entryid":7603379,"formatid":"monotype","userid":"sovereignrc17","username":"Sovereign♕rc17","r":1500,"rd":130,"sigma":0,"rpr":1543.4515762211,"rprd":122.44799475576,"rpsigma":0,"rptime":1439456400,"w":1,"l":0,"t":0,"gxe":55.4,"acre":1053.0827715323,"lacre":1053.0827715323,"oldacre":1000},"p2rating":{"entryid":"7556594","serverid":"eos","formatid":"monotype","userid":"tahit","username":"Tahit","w":"4","l":4,"t":"0","gxe":52.3,"r":"1520.0158326147","rd":"98.501677958395","sigma":"0","rptime":"1439456400","rpr":1517.5997656298,"rprd":92.377567469789,"rpsigma":"0","acre":1084.7925674869,"lacre":1084.7925674869,"oldacre":"1117.9692996946"},"endType":"normal"}