{"seed":[248,26353,55446,51081],"turns":27,"p1":"Void KGBeast","p2":"Knight Dooms","p1team":[{"name":"Charizard","species":"Charizard","item":"charizarditey","ability":"Blaze","moves":["defog","focusblast","fireblast","solarbeam"],"nature":"Timid","evs":{"hp":0,"atk":0,"def":0,"spa":252,"spd":4,"spe":252},"ivs":{"hp":31,"atk":0,"def":31,"spa":31,"spd":31,"spe":31}},{"name":"Infernape","species":"Infernape","item":"focussash","ability":"Blaze","moves":["stealthrock","taunt","closecombat","fireblast"],"nature":"Naive","evs":{"hp":0,"atk":252,"def":0,"spa":4,"spd":0,"spe":252},"ivs":{"hp":31,"atk":31,"def":31,"spa":31,"spd":31,"spe":31}},{"name":"Darmanitan","species":"Darmanitan","item":"choicescarf","ability":"Sheer Force","moves":["flareblitz","uturn","rockslide","superpower"],"nature":"Jolly","evs":{"hp":0,"atk":252,"def":0,"spa":0,"spd":4,"spe":252},"ivs":{"hp":31,"atk":31,"def":31,"spa":31,"spd":31,"spe":31}},{"name":"Heatran","species":"Heatran","item":"leftovers","ability":"Flash Fire","moves":["solarbeam","toxic","earthpower","flashcannon"],"nature":"Calm","evs":{"hp":248,"atk":0,"def":0,"spa":0,"spd":252,"spe":8},"ivs":{"hp":31,"atk":0,"def":31,"spa":31,"spd":31,"spe":31}},{"name":"Chandelure","species":"Chandelure","item":"choicescarf","ability":"Flash Fire","moves":["flamethrower","shadowball","energyball","hiddenpowerice"],"nature":"Timid","evs":{"hp":0,"atk":0,"def":4,"spa":252,"spd":0,"spe":252},"ivs":{"hp":31,"atk":30,"def":30,"spa":31,"spd":31,"spe":31}},{"name":"Arcanine","species":"Arcanine","item":"leftovers","ability":"Intimidate","moves":["willowisp","flareblitz","roar","morningsun"],"nature":"Impish","evs":{"hp":248,"atk":8,"def":252,"spa":0,"spd":0,"spe":0},"ivs":{"hp":31,"atk":31,"def":31,"spa":31,"spd":31,"spe":31}}],"p2team":[{"name":"Darmanitan","species":"Darmanitan","item":"choicescarf","ability":"Sheer Force","moves":["flareblitz","superpower","rockslide","uturn"],"nature":"Jolly","evs":{"hp":0,"atk":252,"def":0,"spa":0,"spd":4,"spe":252},"gender":"M","shiny":true,"ivs":{"hp":31,"atk":31,"def":31,"spa":31,"spd":31,"spe":31}},{"name":"Victini","species":"Victini","item":"choicescarf","ability":"Victory Star","moves":["vcreate","energyball","boltstrike","uturn"],"nature":"Naive","evs":{"hp":0,"atk":252,"def":0,"spa":4,"spd":0,"spe":252},"ivs":{"hp":31,"atk":31,"def":31,"spa":31,"spd":31,"spe":31}},{"name":"Volcarona","species":"Volcarona","item":"focussash","ability":"Flame Body","moves":["fierydance","bugbuzz","gigadrain","quiverdance"],"nature":"Bold","evs":{"hp":250,"atk":0,"def":216,"spa":0,"spd":0,"spe":44},"gender":"M","ivs":{"hp":31,"atk":0,"def":31,"spa":31,"spd":31,"spe":31},"shiny":true},{"name":"Infernape","species":"Infernape","item":"focussash","ability":"Iron Fist","moves":["flamethrower","closecombat","machpunch","thunderpunch"],"nature":"Hasty","evs":{"hp":0,"atk":252,"def":0,"spa":4,"spd":0,"spe":252},"gender":"M","shiny":true,"ivs":{"hp":31,"atk":31,"def":31,"spa":31,"spd":31,"spe":31}},{"name":"Heatran","species":"Heatran","item":"airballoon","ability":"Flash Fire","moves":["lavaplume","flashcannon","earthpower","stealthrock"],"nature":"Calm","evs":{"hp":252,"atk":0,"def":0,"spa":0,"spd":216,"spe":4},"gender":"M","ivs":{"hp":31,"atk":0,"def":31,"spa":31,"spd":31,"spe":31},"shiny":true},{"name":"Charizard","species":"Charizard","item":"charizarditex","ability":"Blaze","moves":["dragonclaw","earthquake","dragondance","roost"],"nature":"Jolly","evs":{"hp":12,"atk":252,"def":0,"spa":0,"spd":0,"spe":244},"gender":"M","shiny":true,"ivs":{"hp":31,"atk":31,"def":31,"spa":31,"spd":31,"spe":31}}],"log":["|player|p1|Void KGBeast|kgbeast.png","|player|p2|Knight Dooms|154","|gametype|singles","|gen|6","|tier|Monotype","|rated","|rule|Baton Pass Clause: Limit one Baton Passer, can't pass Spe and other stats simultaneously","|rule|Swagger Clause: Swagger is banned","|rule|Same Type Clause: Pokémon in a team must share a type","|clearpoke","|poke|p1|Charizard, F","|poke|p1|Infernape, M","|poke|p1|Darmanitan, F","|poke|p1|Heatran, M","|poke|p1|Chandelure, F","|poke|p1|Arcanine, F","|poke|p2|Darmanitan, M, shiny","|poke|p2|Victini","|poke|p2|Volcarona, M, shiny","|poke|p2|Infernape, M, shiny","|poke|p2|Heatran, M, shiny","|poke|p2|Charizard, M, shiny","|rule|Sleep Clause Mod: Limit one foe put to sleep","|rule|Species Clause: Limit one of each Pokémon","|rule|OHKO Clause: OHKO moves are banned","|rule|Moody Clause: Moody is banned","|rule|Evasion Moves Clause: Evasion moves are banned","|rule|Endless Battle Clause: Forcing endless battles is banned","|rule|HP Percentage Mod: HP is shown in percentages","|teampreview","|","|start","|switch|p1a: Charizard|Charizard, F|297/297","|switch|p2a: Charizard|Charizard, M, shiny|300/300","|turn|1","|","|detailschange|p1a: Charizard|Charizard-Mega-Y, F","|-mega|p1a: Charizard|Charizard|Charizardite Y","|-weather|SunnyDay","|move|p1a: Charizard|Fire Blast|p2a: Charizard","|-resisted|p2a: Charizard","|-damage|p2a: Charizard|93/300","|move|p2a: Charizard|Dragon Dance|p2a: Charizard","|-boost|p2a: Charizard|atk|1","|-boost|p2a: Charizard|spe|1","|","|-weather|SunnyDay|[upkeep]","|turn|2","|","|switch|p1a: Arcanine|Arcanine, F|383/383","|-ability|p1a: Arcanine|Intimidate","|-unboost|p2a: Charizard|atk|1","|detailschange|p2a: Charizard|Charizard-Mega-X, M, shiny","|-mega|p2a: Charizard|Charizard|Charizardite X","|move|p2a: Charizard|Roost|p2a: Charizard","|-heal|p2a: Charizard|243/300","|","|-weather|SunnyDay|[upkeep]","|turn|3","|","|move|p2a: Charizard|Dragon Dance|p2a: Charizard","|-boost|p2a: Charizard|atk|1","|-boost|p2a: Charizard|spe|1","|move|p1a: Arcanine|Roar|p2a: Charizard","|drag|p2a: Heatran|Heatran, M, shiny|386/386","|-item|p2a: Heatran|Air Balloon","|","|-weather|SunnyDay|[upkeep]","|turn|4","|","|switch|p1a: Charizard|Charizard-Mega-Y, F|297/297","|move|p2a: Heatran|Stealth Rock|p1a: Charizard","|-sidestart|p1: Void KGBeast|move: Stealth Rock","|","|-weather|SunnyDay|[upkeep]","|turn|5","|","|switch|p2a: Victini|Victini|341/341","|move|p1a: Charizard|Defog|p2a: Victini","|-unboost|p2a: Victini|evasion|1","|-sideend|p1: Void KGBeast|Stealth Rock|[from] move: Defog|[of] p1a: Charizard","|","|-weather|none","|turn|6","|","|switch|p1a: Arcanine|Arcanine, F|383/383","|-ability|p1a: Arcanine|Intimidate","|-unboost|p2a: Victini|atk|1","|move|p2a: Victini|Bolt Strike|p1a: Arcanine","|-damage|p1a: Arcanine|310/383","|-status|p1a: Arcanine|par","|","|-heal|p1a: Arcanine|333/383 par|[from] item: Leftovers","|turn|7","|","|switch|p2a: Charizard|Charizard-Mega-X, M, shiny|243/300","|switch|p1a: Infernape|Infernape, M|293/293","|","|turn|8","|","|move|p1a: Infernape|Taunt|p2a: Charizard","|-start|p2a: Charizard|move: Taunt","|cant|p2a: Charizard|move: Taunt|Dragon Dance","|","|turn|9","|","|move|p1a: Infernape|Stealth Rock|p2a: Charizard","|-sidestart|p2: Knight Dooms|move: Stealth Rock","|move|p2a: Charizard|Earthquake|p1a: Infernape","|-supereffective|p1a: Infernape","|-enditem|p1a: Infernape|Focus Sash","|-damage|p1a: Infernape|1/293","|","|turn|10","|","|move|p1a: Infernape|Close Combat|p2a: Charizard","|-damage|p2a: Charizard|90/300","|-unboost|p1a: Infernape|def|1","|-unboost|p1a: Infernape|spd|1","|move|p2a: Charizard|Dragon Claw|p1a: Infernape","|-crit|p1a: Infernape","|-damage|p1a: Infernape|0 fnt","|faint|p1a: Infernape","|","|-end|p2a: Charizard|move: Taunt","|","|switch|p1a: Chandelure|Chandelure, F|261/261","|turn|11","|","|move|p1a: Chandelure|Shadow Ball|p2a: Charizard","|-damage|p2a: Charizard|0 fnt","|faint|p2a: Charizard","|","|","|switch|p2a: Volcarona|Volcarona, M, shiny|373/373","|-damage|p2a: Volcarona|187/373|[from] Stealth Rock","|turn|12","|","|move|p1a: Chandelure|Shadow Ball|p2a: Volcarona","|-damage|p2a: Volcarona|51/373","|move|p2a: Volcarona|Quiver Dance|p2a: Volcarona","|-boost|p2a: Volcarona|spa|1","|-boost|p2a: Volcarona|spd|1","|-boost|p2a: Volcarona|spe|1","|","|turn|13","|","|switch|p1a: Charizard|Charizard-Mega-Y, F|297/297","|-weather|SunnyDay","|move|p2a: Volcarona|Bug Buzz|p1a: Charizard","|-resisted|p1a: Charizard","|-damage|p1a: Charizard|250/297","|","|-weather|SunnyDay|[upkeep]","|turn|14","|","|move|p2a: Volcarona|Fiery Dance|p1a: Charizard","|-resisted|p1a: Charizard","|-damage|p1a: Charizard|138/297","|move|p1a: Charizard|Fire Blast|p2a: Volcarona","|-crit|p2a: Volcarona","|-damage|p2a: Volcarona|0 fnt","|faint|p2a: Volcarona","|","|-weather|SunnyDay|[upkeep]","|","|switch|p2a: Darmanitan|Darmanitan, M, shiny|351/351","|-damage|p2a: Darmanitan|264/351|[from] Stealth Rock","|turn|15","|","|switch|p1a: Arcanine|Arcanine, F|333/383 par","|-ability|p1a: Arcanine|Intimidate","|-unboost|p2a: Darmanitan|atk|1","|move|p2a: Darmanitan|Rock Slide|p1a: Arcanine","|-supereffective|p1a: Arcanine","|-damage|p1a: Arcanine|201/383 par","|","|-weather|SunnyDay|[upkeep]","|-heal|p1a: Arcanine|224/383 par|[from] item: Leftovers","|turn|16","|","|move|p2a: Darmanitan|Rock Slide|p1a: Arcanine","|-supereffective|p1a: Arcanine","|-damage|p1a: Arcanine|96/383 par","|cant|p1a: Arcanine|par","|","|-weather|SunnyDay|[upkeep]","|-heal|p1a: Arcanine|119/383 par|[from] item: Leftovers","|turn|17","|","|move|p2a: Darmanitan|Rock Slide|p1a: Arcanine","|-supereffective|p1a: Arcanine","|-damage|p1a: Arcanine|0 fnt","|faint|p1a: Arcanine","|","|-weather|none","|","|switch|p1a: Heatran|Heatran, M|385/385","|turn|18","|","|switch|p2a: Heatran|Heatran, M, shiny|386/386","|-damage|p2a: Heatran|338/386|[from] Stealth Rock","|-item|p2a: Heatran|Air Balloon","|move|p1a: Heatran|Earth Power|p2a: Heatran","|-immune|p2a: Heatran|[msg]","|","|turn|19","|","|switch|p1a: Charizard|Charizard-Mega-Y, F|138/297","|-weather|SunnyDay","|move|p2a: Heatran|Stealth Rock|p1a: Charizard","|-sidestart|p1: Void KGBeast|move: Stealth Rock","|","|-weather|SunnyDay|[upkeep]","|turn|20","|","|move|p1a: Charizard|Focus Blast|p2a: Heatran","|-supereffective|p2a: Heatran","|-damage|p2a: Heatran|104/386","|-enditem|p2a: Heatran|Air Balloon","|-unboost|p2a: Heatran|spd|1","|move|p2a: Heatran|Lava Plume|p1a: Charizard","|-resisted|p1a: Charizard","|-damage|p1a: Charizard|54/297","|","|-weather|SunnyDay|[upkeep]","|turn|21","|","|move|p1a: Charizard|Focus Blast|p2a: Heatran","|-supereffective|p2a: Heatran","|-damage|p2a: Heatran|0 fnt","|faint|p2a: Heatran","|","|-weather|SunnyDay|[upkeep]","|","|switch|p2a: Infernape|Infernape, M, shiny|293/293","|-damage|p2a: Infernape|257/293|[from] Stealth Rock","|turn|22","|","|move|p2a: Infernape|Thunder Punch|p1a: Charizard","|-supereffective|p1a: Charizard","|-damage|p1a: Charizard|0 fnt","|faint|p1a: Charizard","|","|-weather|SunnyDay|[upkeep]","|","|switch|p1a: Darmanitan|Darmanitan, F|351/351","|-damage|p1a: Darmanitan|264/351|[from] Stealth Rock","|turn|23","|","|move|p2a: Infernape|Mach Punch|p1a: Darmanitan","|-damage|p1a: Darmanitan|135/351","|move|p1a: Darmanitan|Flare Blitz|p2a: Infernape","|-resisted|p2a: Infernape","|-damage|p2a: Infernape|0 fnt","|-damage|p1a: Darmanitan|50/351|[from] recoil|[of] p2a: Infernape","|faint|p2a: Infernape","|","|-weather|none","|","|switch|p2a: Victini|Victini|341/341","|-damage|p2a: Victini|256/341|[from] Stealth Rock","|turn|24","|","|move|p2a: Victini|Bolt Strike|p1a: Darmanitan","|-damage|p1a: Darmanitan|0 fnt","|faint|p1a: Darmanitan","|","|","|switch|p1a: Chandelure|Chandelure, F|261/261","|-damage|p1a: Chandelure|196/261|[from] Stealth Rock","|turn|25","|","|move|p2a: Victini|Bolt Strike|p1a: Chandelure","|-damage|p1a: Chandelure|56/261","|move|p1a: Chandelure|Shadow Ball|p2a: Victini","|-crit|p2a: Victini","|-supereffective|p2a: Victini","|-damage|p2a: Victini|0 fnt","|faint|p2a: Victini","|","|","|switch|p2a: Darmanitan|Darmanitan, M, shiny|264/351","|-damage|p2a: Darmanitan|177/351|[from] Stealth Rock","|turn|26","|","|move|p2a: Darmanitan|Rock Slide|p1a: Chandelure","|-supereffective|p1a: Chandelure","|-damage|p1a: Chandelure|0 fnt","|faint|p1a: Chandelure","|","|","|switch|p1a: Heatran|Heatran, M|385/385","|-damage|p1a: Heatran|337/385|[from] Stealth Rock","|turn|27","|","|move|p2a: Darmanitan|Rock Slide|p1a: Heatran","|-damage|p1a: Heatran|218/385","|move|p1a: Heatran|Earth Power|p2a: Darmanitan","|-supereffective|p2a: Darmanitan","|-damage|p2a: Darmanitan|0 fnt","|faint|p2a: Darmanitan","|","|win|Void KGBeast"],"p1rating":{"entryid":"6841698","serverid":"eos","formatid":"monotype","userid":"voidkgbeast","username":"Void KGBeast","w":23,"l":"12","t":"0","gxe":62.2,"r":"1576.21856248","rd":"61.975676366512","sigma":"0","rptime":"1439456400","rpr":1594.9616050709,"rprd":59.920783494953,"rpsigma":"0","acre":1274.4085457267,"lacre":1274.4085457267,"oldacre":"1265.4965728404"},"p2rating":{"entryid":"7580420","serverid":"eos","formatid":"monotype","userid":"knightdooms","username":"Knight Dooms","w":"0","l":3,"t":"0","gxe":36.8,"r":1412.5933050924,"rd":115.4486365154,"sigma":"0","rptime":1439456400,"rpr":1392.9078670247,"rprd":110.75856581648,"rpsigma":"0","acre":1000,"lacre":1000,"oldacre":"1000"},"endType":"normal"}