{"seed":[54671,46968,2051,4427],"turns":28,"p1":"Twizz","p2":"GTX♅Bzumzum","p1team":[{"name":"Magnezone","species":"Magnezone","item":"leftovers","ability":"Sturdy","moves":["flashcannon","thunderbolt","protect","hiddenpowerice"],"nature":"Modest","evs":{"hp":76,"atk":0,"def":180,"spa":252,"spd":0,"spe":0},"ivs":{"hp":31,"atk":30,"def":30,"spa":31,"spd":31,"spe":31}},{"name":"Zapdos","species":"Zapdos","item":"leftovers","ability":"Pressure","moves":["discharge","heatwave","toxic","roost"],"nature":"Bold","evs":{"hp":4,"atk":0,"def":252,"spa":56,"spd":196,"spe":0},"ivs":{"hp":31,"atk":31,"def":31,"spa":31,"spd":31,"spe":31}},{"name":"Ampharos","species":"Ampharos","item":"ampharosite","ability":"Static","moves":["cottonguard","rest","sleeptalk","dragonpulse"],"nature":"Bold","evs":{"hp":0,"atk":0,"def":252,"spa":136,"spd":120,"spe":0},"ivs":{"hp":31,"atk":31,"def":31,"spa":31,"spd":31,"spe":31}},{"name":"Raikou","species":"Raikou","item":"leftovers","ability":"Pressure","moves":["calmmind","substitute","thunderbolt","extrasensory"],"nature":"Timid","evs":{"hp":0,"atk":0,"def":0,"spa":252,"spd":4,"spe":252},"ivs":{"hp":31,"atk":31,"def":31,"spa":31,"spd":31,"spe":31}},{"name":"Rotom-Wash","species":"Rotom-Wash","item":"choicescarf","ability":"Levitate","moves":["voltswitch","hydropump","willowisp","trick"],"nature":"Timid","evs":{"hp":0,"atk":0,"def":0,"spa":252,"spd":4,"spe":252},"ivs":{"hp":31,"atk":31,"def":31,"spa":31,"spd":31,"spe":31}},{"name":"Condom","species":"eelektross","item":"assaultvest","ability":"Levitate","moves":["gigadrain","thunderbolt","drainpunch","knockoff"],"nature":"Quiet","evs":{"hp":3,"atk":136,"def":0,"spa":108,"spd":252,"spe":0},"ivs":{"hp":31,"atk":31,"def":31,"spa":31,"spd":31,"spe":31}}],"p2team":[{"name":"Glow","species":"ampharos","item":"ampharosite","ability":"Static","moves":["agility","cottonguard","focusblast","dragonpulse"],"nature":"Timid","evs":{"hp":0,"atk":0,"def":0,"spa":252,"spd":4,"spe":252},"gender":"M","ivs":{"hp":31,"atk":31,"def":31,"spa":31,"spd":31,"spe":31}},{"name":"Water-Safe","species":"rotomwash","item":"chestoberry","ability":"Levitate","moves":["hydropump","hiddenpowergrass","willowisp","rest"],"nature":"Calm","evs":{"hp":248,"atk":0,"def":0,"spa":8,"spd":252,"spe":0},"ivs":{"hp":31,"atk":30,"def":31,"spa":30,"spd":31,"spe":31},"shiny":true},{"name":"MY ZONE!!!","species":"magnezone","item":"choicespecs","ability":"Sturdy","moves":["hiddenpowerice","flashcannon","triattack","signalbeam"],"nature":"Modest","evs":{"hp":248,"atk":0,"def":0,"spa":252,"spd":8,"spe":0},"ivs":{"hp":31,"atk":30,"def":30,"spa":31,"spd":31,"spe":31},"shiny":true},{"name":"Lightning","species":"raichu","item":"choicescarf","ability":"Static","moves":["focusblast","voltswitch","grassknot","surf"],"nature":"Modest","evs":{"hp":4,"atk":0,"def":0,"spa":252,"spd":0,"spe":252},"gender":"M","shiny":true,"ivs":{"hp":31,"atk":31,"def":31,"spa":31,"spd":31,"spe":31}},{"name":"Zapz","species":"zapdos","item":"leftovers","ability":"Pressure","moves":["heatwave","roost","extrasensory","defog"],"nature":"Modest","evs":{"hp":252,"atk":0,"def":0,"spa":252,"spd":4,"spe":0},"shiny":true,"ivs":{"hp":31,"atk":31,"def":31,"spa":31,"spd":31,"spe":31}},{"name":"Plugg-in Failure","species":"electivire","item":"choicescarf","ability":"Vital Spirit","moves":["crosschop","earthquake","icepunch","rockslide"],"nature":"Adamant","evs":{"hp":0,"atk":252,"def":0,"spa":0,"spd":4,"spe":252},"gender":"M","shiny":true,"ivs":{"hp":31,"atk":31,"def":31,"spa":31,"spd":31,"spe":31}}],"log":["|player|p1|Twizz|264","|player|p2|GTX♅Bzumzum|225","|gametype|singles","|gen|6","|tier|Monotype","|rated","|rule|Baton Pass Clause: Limit one Baton Passer, can't pass Spe and other stats simultaneously","|rule|Swagger Clause: Swagger is banned","|rule|Same Type Clause: Pokémon in a team must share a type","|clearpoke","|poke|p1|Magnezone","|poke|p1|Zapdos","|poke|p1|Ampharos, M","|poke|p1|Raikou","|poke|p1|Rotom-Wash","|poke|p1|Eelektross, M","|poke|p2|Ampharos, M","|poke|p2|Rotom-Wash, shiny","|poke|p2|Magnezone, shiny","|poke|p2|Raichu, M, shiny","|poke|p2|Zapdos, shiny","|poke|p2|Electivire, M, shiny","|rule|Sleep Clause Mod: Limit one foe put to sleep","|rule|Species Clause: Limit one of each Pokémon","|rule|OHKO Clause: OHKO moves are banned","|rule|Moody Clause: Moody is banned","|rule|Evasion Moves Clause: Evasion moves are banned","|rule|Endless Battle Clause: Forcing endless battles is banned","|rule|HP Percentage Mod: HP is shown in percentages","|teampreview","|","|start","|switch|p1a: Rotom-Wash|Rotom-Wash|241/241","|switch|p2a: Glow|Ampharos, M|321/321","|turn|1","|","|move|p1a: Rotom-Wash|Volt Switch|p2a: Glow","|-resisted|p2a: Glow","|-damage|p2a: Glow|264/321","|","|switch|p1a: Magnezone|Magnezone|300/300","|move|p2a: Glow|Agility|p2a: Glow","|-boost|p2a: Glow|spe|2","|","|turn|2","|","|move|p2a: Glow|Cotton Guard|p2a: Glow","|-boost|p2a: Glow|def|3","|move|p1a: Magnezone|Hidden Power|p2a: Glow","|-damage|p2a: Glow|181/321","|","|turn|3","|","|detailschange|p2a: Glow|Ampharos-Mega, M","|-mega|p2a: Glow|Ampharos|Ampharosite","|-ability|p2a: Glow|Mold Breaker","|move|p2a: Glow|Focus Blast|p1a: Magnezone|[miss]","|-miss|p2a: Glow|p1a: Magnezone","|move|p1a: Magnezone|Hidden Power|p2a: Glow","|-supereffective|p2a: Glow","|-damage|p2a: Glow|23/321","|","|turn|4","|","|move|p2a: Glow|Focus Blast|p1a: Magnezone","|-crit|p1a: Magnezone","|-supereffective|p1a: Magnezone","|-damage|p1a: Magnezone|0 fnt","|faint|p1a: Magnezone","|","|","|switch|p1a: Condom|Eelektross, M|311/311","|turn|5","|","|move|p2a: Glow|Dragon Pulse|p1a: Condom","|-damage|p1a: Condom|193/311","|move|p1a: Condom|Giga Drain|p2a: Glow","|-crit|p2a: Glow","|-resisted|p2a: Glow","|-damage|p2a: Glow|0 fnt","|-heal|p1a: Condom|205/311|[from] drain|[of] p2a: Glow","|faint|p2a: Glow","|","|","|switch|p2a: Water-Safe|Rotom-Wash, shiny|303/303","|turn|6","|","|move|p2a: Water-Safe|Hidden Power|p1a: Condom","|-damage|p1a: Condom|175/311","|move|p1a: Condom|Knock Off|p2a: Water-Safe","|-damage|p2a: Water-Safe|210/303","|-enditem|p2a: Water-Safe|Chesto Berry|[from] move: Knock Off|[of] p1a: Condom","|","|turn|7","|","|move|p2a: Water-Safe|Will-O-Wisp|p1a: Condom","|-status|p1a: Condom|brn","|move|p1a: Condom|Giga Drain|p2a: Water-Safe","|-supereffective|p2a: Water-Safe","|-damage|p2a: Water-Safe|116/303","|-heal|p1a: Condom|222/311 brn|[from] drain|[of] p2a: Water-Safe","|","|-damage|p1a: Condom|184/311 brn|[from] brn","|turn|8","|","|move|p2a: Water-Safe|Hydro Pump|p1a: Condom","|-damage|p1a: Condom|96/311 brn","|move|p1a: Condom|Thunderbolt|p2a: Water-Safe","|-damage|p2a: Water-Safe|20/303","|","|-damage|p1a: Condom|58/311 brn|[from] brn","|turn|9","|","|switch|p2a: Zapz|Zapdos, shiny|384/384","|-ability|p2a: Zapz|Pressure","|move|p1a: Condom|Giga Drain|p2a: Zapz","|-resisted|p2a: Zapz","|-damage|p2a: Zapz|343/384","|-heal|p1a: Condom|79/311 brn|[from] drain|[of] p2a: Zapz","|","|-heal|p2a: Zapz|367/384|[from] item: Leftovers","|-damage|p1a: Condom|41/311 brn|[from] brn","|turn|10","|","|move|p2a: Zapz|Extrasensory|p1a: Condom","|-damage|p1a: Condom|0 fnt","|faint|p1a: Condom","|","|-heal|p2a: Zapz|384/384|[from] item: Leftovers","|","|switch|p1a: Zapdos|Zapdos|322/322","|-ability|p1a: Zapdos|Pressure","|turn|11","|","|move|p1a: Zapdos|Toxic|p2a: Zapz","|-status|p2a: Zapz|tox","|move|p2a: Zapz|Heat Wave|p1a: Zapdos","|-damage|p1a: Zapdos|217/322","|","|-heal|p1a: Zapdos|237/322|[from] item: Leftovers","|-damage|p2a: Zapz|360/384 tox|[from] psn","|turn|12","|","|switch|p1a: Rotom-Wash|Rotom-Wash|241/241","|move|p2a: Zapz|Heat Wave|p1a: Rotom-Wash","|-miss|p2a: Zapz|p1a: Rotom-Wash","|","|-heal|p2a: Zapz|384/384 tox|[from] item: Leftovers","|-damage|p2a: Zapz|336/384 tox|[from] psn","|turn|13","|","|move|p1a: Rotom-Wash|Volt Switch|p2a: Zapz","|-damage|p2a: Zapz|225/384 tox","|","|switch|p1a: Raikou|Raikou|321/321","|-ability|p1a: Raikou|Pressure","|move|p2a: Zapz|Extrasensory|p1a: Raikou","|-damage|p1a: Raikou|213/321","|","|-heal|p1a: Raikou|233/321|[from] item: Leftovers","|-heal|p2a: Zapz|249/384 tox|[from] item: Leftovers","|-damage|p2a: Zapz|177/384 tox|[from] psn","|turn|14","|","|switch|p2a: Water-Safe|Rotom-Wash, shiny|20/303","|move|p1a: Raikou|Calm Mind|p1a: Raikou","|-boost|p1a: Raikou|spa|1","|-boost|p1a: Raikou|spd|1","|","|-heal|p1a: Raikou|253/321|[from] item: Leftovers","|turn|15","|","|move|p1a: Raikou|Substitute|p1a: Raikou","|-start|p1a: Raikou|Substitute","|-damage|p1a: Raikou|173/321","|move|p2a: Water-Safe|Will-O-Wisp|p1a: Raikou|[miss]","|-miss|p2a: Water-Safe|p1a: Raikou","|","|-heal|p1a: Raikou|193/321|[from] item: Leftovers","|turn|16","|","|move|p1a: Raikou|Calm Mind|p1a: Raikou","|-boost|p1a: Raikou|spa|1","|-boost|p1a: Raikou|spd|1","|move|p2a: Water-Safe|Hydro Pump|p1a: Raikou","|-activate|p1a: Raikou|Substitute|[damage]","|","|-heal|p1a: Raikou|213/321|[from] item: Leftovers","|turn|17","|","|move|p1a: Raikou|Calm Mind|p1a: Raikou","|-boost|p1a: Raikou|spa|1","|-boost|p1a: Raikou|spd|1","|move|p2a: Water-Safe|Rest|p2a: Water-Safe","|-status|p2a: Water-Safe|slp","|-heal|p2a: Water-Safe|303/303 slp|[silent]","|-status|p2a: Water-Safe|slp|[from] move: Rest","|","|-heal|p1a: Raikou|233/321|[from] item: Leftovers","|turn|18","|","|move|p1a: Raikou|Calm Mind|p1a: Raikou","|-boost|p1a: Raikou|spa|1","|-boost|p1a: Raikou|spd|1","|cant|p2a: Water-Safe|slp","|","|-heal|p1a: Raikou|253/321|[from] item: Leftovers","|turn|19","|","|move|p1a: Raikou|Calm Mind|p1a: Raikou","|-boost|p1a: Raikou|spa|1","|-boost|p1a: Raikou|spd|1","|cant|p2a: Water-Safe|slp","|","|-heal|p1a: Raikou|273/321|[from] item: Leftovers","|turn|20","|","|move|p1a: Raikou|Calm Mind|p1a: Raikou","|-boost|p1a: Raikou|spa|1","|-boost|p1a: Raikou|spd|1","|-curestatus|p2a: Water-Safe|slp","|move|p2a: Water-Safe|Hidden Power|p1a: Raikou","|-end|p1a: Raikou|Substitute","|","|-heal|p1a: Raikou|293/321|[from] item: Leftovers","|turn|21","|","|move|p1a: Raikou|Substitute|p1a: Raikou","|-start|p1a: Raikou|Substitute","|-damage|p1a: Raikou|213/321","|move|p2a: Water-Safe|Hidden Power|p1a: Raikou","|-activate|p1a: Raikou|Substitute|[damage]","|","|-heal|p1a: Raikou|233/321|[from] item: Leftovers","|turn|22","|","|move|p1a: Raikou|Thunderbolt|p2a: Water-Safe","|-damage|p2a: Water-Safe|0 fnt","|faint|p2a: Water-Safe","|","|-heal|p1a: Raikou|253/321|[from] item: Leftovers","|","|switch|p2a: Plugg-in Failure|Electivire, M, shiny|291/291","|turn|23","|","|move|p2a: Plugg-in Failure|Earthquake|p1a: Raikou","|-supereffective|p1a: Raikou","|-end|p1a: Raikou|Substitute","|move|p1a: Raikou|Extrasensory|p2a: Plugg-in Failure","|-damage|p2a: Plugg-in Failure|0 fnt","|faint|p2a: Plugg-in Failure","|","|-heal|p1a: Raikou|273/321|[from] item: Leftovers","|","|switch|p2a: Lightning|Raichu, M, shiny|262/262","|turn|24","|","|move|p2a: Lightning|Focus Blast|p1a: Raikou","|-damage|p1a: Raikou|243/321","|move|p1a: Raikou|Extrasensory|p2a: Lightning","|-damage|p2a: Lightning|0 fnt","|faint|p2a: Lightning","|","|-heal|p1a: Raikou|263/321|[from] item: Leftovers","|","|switch|p2a: MY ZONE!!!|Magnezone, shiny|343/343","|turn|25","|","|move|p1a: Raikou|Substitute|p1a: Raikou","|-start|p1a: Raikou|Substitute","|-damage|p1a: Raikou|183/321","|move|p2a: MY ZONE!!!|Tri Attack|p1a: Raikou","|-activate|p1a: Raikou|Substitute|[damage]","|","|-heal|p1a: Raikou|203/321|[from] item: Leftovers","|turn|26","|","|move|p1a: Raikou|Thunderbolt|p2a: MY ZONE!!!","|-resisted|p2a: MY ZONE!!!","|-damage|p2a: MY ZONE!!!|4/343","|move|p2a: MY ZONE!!!|Tri Attack|p1a: Raikou","|-activate|p1a: Raikou|Substitute|[damage]","|","|-heal|p1a: Raikou|223/321|[from] item: Leftovers","|turn|27","|","|move|p1a: Raikou|Extrasensory|p2a: MY ZONE!!!","|-resisted|p2a: MY ZONE!!!","|-damage|p2a: MY ZONE!!!|0 fnt","|faint|p2a: MY ZONE!!!","|","|-heal|p1a: Raikou|243/321|[from] item: Leftovers","|","|switch|p2a: Zapz|Zapdos, shiny|177/384 tox","|-ability|p2a: Zapz|Pressure","|turn|28","|","|move|p1a: Raikou|Thunderbolt|p2a: Zapz","|-damage|p2a: Zapz|0 fnt","|faint|p2a: Zapz","|","|win|Twizz"],"p1rating":{"entryid":"6985408","serverid":"eos","formatid":"monotype","userid":"twizz","username":"Twizz","w":25,"l":"33","t":"0","gxe":43.9,"r":"1449.7155190247","rd":"50.540012684432","sigma":"0","rptime":"1439456400","rpr":1453.4528530024,"rprd":50.138164594724,"rpsigma":"0","acre":1170.8672069114,"lacre":1170.8672069114,"oldacre":"1150.8073524085"},"p2rating":{"entryid":"6857825","serverid":"eos","formatid":"monotype","userid":"gtxbzumzum","username":"GTX♅Bzumzum","w":"35","l":121,"t":"0","gxe":22.9,"r":"1266.7313486526","rd":"33.215708107489","sigma":"0","rptime":"1439456400","rpr":1271.1095547117,"rprd":32.706966920305,"rpsigma":"0","acre":1063.4353569611,"lacre":1063.4353569611,"oldacre":"1081.2369012822"},"endType":"normal"}