{"seed":[46208,334,21218,5631],"turns":28,"p1":"SailorStarshine","p2":"Inferno Sasuke","p1team":[{"name":"Klefki","species":"Klefki","item":"choicescarf","ability":"Prankster","moves":["thunderwave","calmmind","switcheroo","drainingkiss"],"nature":"Bold","evs":{"hp":252,"atk":0,"def":4,"spa":252,"spd":0,"spe":0},"ivs":{"hp":31,"atk":31,"def":31,"spa":31,"spd":31,"spe":31}},{"name":"Togekiss","species":"Togekiss","item":"babiriberry","ability":"Serene Grace","moves":["flamethrower","airslash","roost","nastyplot"],"nature":"Calm","evs":{"hp":248,"atk":0,"def":0,"spa":8,"spd":252,"spe":0},"ivs":{"hp":31,"atk":31,"def":31,"spa":31,"spd":31,"spe":31}},{"name":"Gardevoir","species":"Gardevoir","item":"assaultvest","ability":"Trace","moves":["psychic","moonblast","focusblast","energyball"],"nature":"Modest","evs":{"hp":248,"atk":0,"def":0,"spa":252,"spd":8,"spe":0},"ivs":{"hp":31,"atk":31,"def":31,"spa":31,"spd":31,"spe":31}},{"name":"Azumarill","species":"Azumarill","item":"sitrusberry","ability":"Huge Power","moves":["playrough","aquatail","superpower","icepunch"],"nature":"Adamant","evs":{"hp":248,"atk":252,"def":0,"spa":0,"spd":8,"spe":0},"ivs":{"hp":31,"atk":31,"def":31,"spa":31,"spd":31,"spe":31}},{"name":"Whimsicott","species":"Whimsicott","item":"leftovers","ability":"Prankster","moves":["stunspore","encore","leechseed","uturn"],"nature":"Bold","evs":{"hp":252,"atk":0,"def":128,"spa":0,"spd":128,"spe":0},"ivs":{"hp":31,"atk":31,"def":31,"spa":31,"spd":31,"spe":31}},{"name":"Diancie","species":"Diancie","item":"diancite","ability":"Clear Body","moves":["moonblast","diamondstorm","earthpower","protect"],"nature":"","evs":{"hp":252,"atk":0,"def":0,"spa":252,"spd":4,"spe":0},"ivs":{"hp":31,"atk":31,"def":31,"spa":31,"spd":31,"spe":31}}],"p2team":[{"name":"Aerodactyl","species":"Aerodactyl","item":"focussash","ability":"Unnerve","moves":["stealthrock","stoneedge","irontail","taunt"],"nature":"Jolly","evs":{"hp":0,"atk":252,"def":4,"spa":0,"spd":0,"spe":252},"shiny":true,"ivs":{"hp":31,"atk":31,"def":31,"spa":31,"spd":31,"spe":31}},{"name":"Charizard","species":"Charizard","item":"charizarditex","ability":"Blaze","moves":["swordsdance","tailwind","flareblitz","outrage"],"nature":"Adamant","evs":{"hp":0,"atk":252,"def":0,"spa":0,"spd":4,"spe":252},"shiny":true,"ivs":{"hp":31,"atk":31,"def":31,"spa":31,"spd":31,"spe":31}},{"name":"Landorus-Therian","species":"Landorus-Therian","item":"leftovers","ability":"Intimidate","moves":["swordsdance","rockpolish","earthquake","stoneedge"],"nature":"Adamant","evs":{"hp":56,"atk":220,"def":0,"spa":0,"spd":0,"spe":232},"shiny":true,"ivs":{"hp":31,"atk":31,"def":31,"spa":31,"spd":31,"spe":31}},{"name":"Dragonite","species":"Dragonite","item":"choiceband","ability":"Multiscale","moves":["outrage","extremespeed","thunderpunch","superpower"],"nature":"Adamant","evs":{"hp":0,"atk":252,"def":4,"spa":0,"spd":0,"spe":252},"shiny":true,"ivs":{"hp":31,"atk":31,"def":31,"spa":31,"spd":31,"spe":31}},{"name":"Togekiss","species":"Togekiss","item":"choicescarf","ability":"Serene Grace","moves":["trick","defog","airslash","dazzlinggleam"],"nature":"Timid","evs":{"hp":0,"atk":0,"def":0,"spa":252,"spd":4,"spe":252},"gender":"F","shiny":true,"ivs":{"hp":31,"atk":31,"def":31,"spa":31,"spd":31,"spe":31}},{"name":"Thundurus-Therian","species":"Thundurus-Therian","item":"choicescarf","ability":"Volt Absorb","moves":["voltswitch","thunderbolt","hiddenpowerice","grassknot"],"nature":"Timid","evs":{"hp":0,"atk":0,"def":0,"spa":252,"spd":4,"spe":252},"ivs":{"hp":31,"atk":30,"def":30,"spa":31,"spd":31,"spe":31},"shiny":true}],"log":["|player|p1|SailorStarshine|101","|player|p2|Inferno Sasuke|281","|gametype|singles","|gen|6","|tier|Monotype","|rated","|rule|Baton Pass Clause: Limit one Baton Passer, can't pass Spe and other stats simultaneously","|rule|Swagger Clause: Swagger is banned","|rule|Same Type Clause: Pokémon in a team must share a type","|clearpoke","|poke|p1|Klefki, M","|poke|p1|Togekiss, M","|poke|p1|Gardevoir, M","|poke|p1|Azumarill, F","|poke|p1|Whimsicott, M","|poke|p1|Diancie","|poke|p2|Aerodactyl, F, shiny","|poke|p2|Charizard, F, shiny","|poke|p2|Landorus-Therian, M, shiny","|poke|p2|Dragonite, F, shiny","|poke|p2|Togekiss, F, shiny","|poke|p2|Thundurus-Therian, M, shiny","|rule|Sleep Clause Mod: Limit one foe put to sleep","|rule|Species Clause: Limit one of each Pokémon","|rule|OHKO Clause: OHKO moves are banned","|rule|Moody Clause: Moody is banned","|rule|Evasion Moves Clause: Evasion moves are banned","|rule|Endless Battle Clause: Forcing endless battles is banned","|rule|HP Percentage Mod: HP is shown in percentages","|teampreview","|","|start","|switch|p1a: Klefki|Klefki, M|318/318","|switch|p2a: Aerodactyl|Aerodactyl, F, shiny|301/301","|-ability|p2a: Aerodactyl|Unnerve|p1: SailorStarshine","|turn|1","|","|move|p1a: Klefki|Thunder Wave|p2a: Aerodactyl","|-status|p2a: Aerodactyl|par","|move|p2a: Aerodactyl|Taunt|p1a: Klefki","|-start|p1a: Klefki|move: Taunt","|","|turn|2","|","|switch|p1a: Azumarill|Azumarill, F|403/403","|move|p2a: Aerodactyl|Iron Tail|p1a: Azumarill","|-damage|p1a: Azumarill|276/403","|-unboost|p1a: Azumarill|def|1","|","|turn|3","|","|move|p1a: Azumarill|Aqua Tail|p2a: Aerodactyl","|-supereffective|p2a: Aerodactyl","|-enditem|p2a: Aerodactyl|Focus Sash","|-damage|p2a: Aerodactyl|1/301 par","|move|p2a: Aerodactyl|Stone Edge|p1a: Azumarill","|-damage|p1a: Azumarill|6/403","|","|turn|4","|","|move|p1a: Azumarill|Aqua Tail|p2a: Aerodactyl","|-supereffective|p2a: Aerodactyl","|-damage|p2a: Aerodactyl|0 fnt","|faint|p2a: Aerodactyl","|-enditem|p1a: Azumarill|Sitrus Berry|[eat]","|-heal|p1a: Azumarill|106/403|[from] item: Sitrus Berry","|","|","|switch|p2a: Togekiss|Togekiss, F, shiny|311/311","|turn|5","|","|move|p2a: Togekiss|Air Slash|p1a: Azumarill","|-damage|p1a: Azumarill|0 fnt","|faint|p1a: Azumarill","|","|","|switch|p1a: Klefki|Klefki, M|318/318","|turn|6","|","|switch|p2a: Thundurus-Therian|Thundurus-Therian, M, shiny|299/299","|move|p1a: Klefki|Switcheroo|p2a: Thundurus-Therian","|-activate|p1a: Klefki|move: Trick|[of] p2a: Thundurus-Therian","|-item|p2a: Thundurus-Therian|Choice Scarf|[from] Trick","|-item|p1a: Klefki|Choice Scarf|[from] Trick","|","|turn|7","|","|switch|p1a: Gardevoir|Gardevoir, M|339/339","|-ability|p1a: Gardevoir|Volt Absorb|[from] ability: Trace|[of] p2a: Thundurus-Therian","|move|p2a: Thundurus-Therian|Volt Switch|p1a: Gardevoir","|-immune|p1a: Gardevoir|[msg]","|","|turn|8","|","|switch|p2a: Landorus-Therian|Landorus-Therian, M, shiny|333/333","|-ability|p2a: Landorus-Therian|Intimidate","|-unboost|p1a: Gardevoir|atk|1","|move|p1a: Gardevoir|Moonblast|p2a: Landorus-Therian","|-damage|p2a: Landorus-Therian|98/333","|","|-heal|p2a: Landorus-Therian|118/333|[from] item: Leftovers","|turn|9","|","|switch|p1a: Whimsicott|Whimsicott, M|324/324","|move|p2a: Landorus-Therian|Earthquake|p1a: Whimsicott","|-resisted|p1a: Whimsicott","|-damage|p1a: Whimsicott|230/324","|","|-heal|p2a: Landorus-Therian|138/333|[from] item: Leftovers","|-heal|p1a: Whimsicott|250/324|[from] item: Leftovers","|turn|10","|","|switch|p2a: Togekiss|Togekiss, F, shiny|311/311","|move|p1a: Whimsicott|Encore|p2a: Togekiss","|-fail|p2a: Togekiss","|","|-heal|p1a: Whimsicott|270/324|[from] item: Leftovers","|turn|11","|","|move|p1a: Whimsicott|Stun Spore|p2a: Togekiss|[miss]","|-miss|p1a: Whimsicott|p2a: Togekiss","|move|p2a: Togekiss|Air Slash|p1a: Whimsicott","|-supereffective|p1a: Whimsicott","|-damage|p1a: Whimsicott|0 fnt","|faint|p1a: Whimsicott","|","|","|switch|p1a: Diancie|Diancie|304/304","|turn|12","|","|switch|p2a: Landorus-Therian|Landorus-Therian, M, shiny|138/333","|-ability|p2a: Landorus-Therian|Intimidate","|-fail|p1a: Diancie|unboost|[from] ability: Clear Body|[of] p1a: Diancie","|detailschange|p1a: Diancie|Diancie-Mega","|-mega|p1a: Diancie|Diancie|Diancite","|move|p1a: Diancie|Diamond Storm|p2a: Landorus-Therian","|-damage|p2a: Landorus-Therian|0 fnt","|faint|p2a: Landorus-Therian","|","|","|switch|p2a: Thundurus-Therian|Thundurus-Therian, M, shiny|299/299","|turn|13","|","|move|p2a: Thundurus-Therian|Grass Knot|p1a: Diancie","|-supereffective|p1a: Diancie","|-damage|p1a: Diancie|172/304","|move|p1a: Diancie|Diamond Storm|p2a: Thundurus-Therian","|-supereffective|p2a: Thundurus-Therian","|-damage|p2a: Thundurus-Therian|0 fnt","|-boost|p1a: Diancie|def|1","|faint|p2a: Thundurus-Therian","|","|","|switch|p2a: Dragonite|Dragonite, F, shiny|323/323","|turn|14","|","|move|p2a: Dragonite|Superpower|p1a: Diancie","|-damage|p1a: Diancie|30/304","|-unboost|p2a: Dragonite|atk|1","|-unboost|p2a: Dragonite|def|1","|move|p1a: Diancie|Diamond Storm|p2a: Dragonite","|-supereffective|p2a: Dragonite","|-damage|p2a: Dragonite|56/323","|-boost|p1a: Diancie|def|1","|","|turn|15","|","|move|p2a: Dragonite|Superpower|p1a: Diancie","|-damage|p1a: Diancie|0 fnt","|-unboost|p2a: Dragonite|atk|1","|-unboost|p2a: Dragonite|def|1","|faint|p1a: Diancie","|","|","|switch|p1a: Klefki|Klefki, M|318/318","|turn|16","|","|move|p1a: Klefki|Thunder Wave|p2a: Dragonite","|-status|p2a: Dragonite|par","|move|p2a: Dragonite|Superpower|p1a: Klefki","|-damage|p1a: Klefki|208/318","|-unboost|p2a: Dragonite|atk|1","|-unboost|p2a: Dragonite|def|1","|","|turn|17","|","|switch|p1a: Togekiss|Togekiss, M|373/373","|move|p2a: Dragonite|Superpower|p1a: Togekiss","|-resisted|p1a: Togekiss","|-damage|p1a: Togekiss|348/373","|-unboost|p2a: Dragonite|atk|1","|-unboost|p2a: Dragonite|def|1","|","|turn|18","|","|move|p1a: Togekiss|Nasty Plot|p1a: Togekiss","|-boost|p1a: Togekiss|spa|2","|move|p2a: Dragonite|Superpower|p1a: Togekiss","|-resisted|p1a: Togekiss","|-damage|p1a: Togekiss|327/373","|-unboost|p2a: Dragonite|atk|1","|-unboost|p2a: Dragonite|def|1","|","|turn|19","|","|switch|p2a: Togekiss|Togekiss, F, shiny|311/311","|move|p1a: Togekiss|Air Slash|p2a: Togekiss","|-damage|p2a: Togekiss|140/311","|","|turn|20","|","|move|p2a: Togekiss|Air Slash|p1a: Togekiss","|-damage|p1a: Togekiss|237/373","|cant|p1a: Togekiss|flinch","|","|turn|21","|","|switch|p1a: Klefki|Klefki, M|208/318","|move|p2a: Togekiss|Air Slash|p1a: Klefki","|-resisted|p1a: Klefki","|-damage|p1a: Klefki|137/318","|","|turn|22","|","|move|p1a: Klefki|Thunder Wave|p2a: Togekiss","|-status|p2a: Togekiss|par","|move|p2a: Togekiss|Air Slash|p1a: Klefki","|-crit|p1a: Klefki","|-resisted|p1a: Klefki","|-damage|p1a: Klefki|36/318","|","|turn|23","|","|move|p1a: Klefki|Thunder Wave|p2a: Togekiss","|-fail|p2a: Togekiss|par","|move|p2a: Togekiss|Air Slash|p1a: Klefki","|-crit|p1a: Klefki","|-resisted|p1a: Klefki","|-damage|p1a: Klefki|0 fnt","|faint|p1a: Klefki","|","|","|switch|p1a: Togekiss|Togekiss, M|237/373","|turn|24","|","|move|p1a: Togekiss|Roost|p1a: Togekiss","|-heal|p1a: Togekiss|373/373","|move|p2a: Togekiss|Air Slash|p1a: Togekiss","|-damage|p1a: Togekiss|288/373","|","|turn|25","|","|switch|p2a: Dragonite|Dragonite, F, shiny|56/323 par","|move|p1a: Togekiss|Nasty Plot|p1a: Togekiss","|-boost|p1a: Togekiss|spa|2","|","|turn|26","|","|move|p1a: Togekiss|Air Slash|p2a: Dragonite","|-damage|p2a: Dragonite|0 fnt","|faint|p2a: Dragonite","|","|","|switch|p2a: Charizard|Charizard, F, shiny|297/297","|turn|27","|","|move|p2a: Charizard|Flare Blitz|p1a: Togekiss","|-crit|p1a: Togekiss","|-damage|p1a: Togekiss|12/373","|-damage|p2a: Charizard|206/297|[from] recoil|[of] p1a: Togekiss","|move|p1a: Togekiss|Air Slash|p2a: Charizard","|-damage|p2a: Charizard|0 fnt","|faint|p2a: Charizard","|","|","|switch|p2a: Togekiss|Togekiss, F, shiny|140/311 par","|turn|28","|","|move|p1a: Togekiss|Air Slash|p2a: Togekiss","|-damage|p2a: Togekiss|0 fnt","|faint|p2a: Togekiss","|","|win|SailorStarshine"],"p1rating":{"entryid":"7452383","serverid":"eos","formatid":"monotype","userid":"sailorstarshine","username":"SailorStarshine","w":15,"l":"16","t":"0","gxe":48,"r":"1490.7451950267","rd":"60.894204811903","sigma":"0","rptime":"1439456400","rpr":1485.0506718656,"rprd":59.415139101891,"rpsigma":"0","acre":1066.8743872029,"lacre":1066.8743872029,"oldacre":"1033.0081097841"},"p2rating":{"entryid":"7291991","serverid":"eos","formatid":"monotype","userid":"infernosasuke","username":"Inferno Sasuke","w":"21","l":73,"t":"0","gxe":24.6,"r":"1295.1227813457","rd":"40.922094051428","sigma":"0","rptime":"1439456400","rpr":1287.7116943833,"rprd":40.323999594453,"rpsigma":"0","acre":1008.5344317328,"lacre":1008.5344317328,"oldacre":"1021.2815772553"},"endType":"normal"}