{"seed":[26208,45184,32011,40801],"turns":20,"p1":"gabethegreen","p2":"Scourage","p1team":[{"name":"Vanilluxe","species":"Vanilluxe","item":"lifeorb","ability":"Weak Armor","moves":["flashcannon","icebeam","freezedry","hiddenpowerground"],"nature":"Timid","evs":{"hp":0,"atk":0,"def":0,"spa":252,"spd":4,"spe":252},"ivs":{"hp":31,"atk":31,"def":31,"spa":30,"spd":30,"spe":31}},{"name":"Regice","species":"Regice","item":"assaultvest","ability":"Clear Body","moves":["flashcannon","icebeam","thunderbolt","signalbeam"],"nature":"Modest","evs":{"hp":248,"atk":0,"def":0,"spa":252,"spd":8,"spe":0},"ivs":{"hp":31,"atk":31,"def":31,"spa":31,"spd":31,"spe":31}},{"name":"Mamoswine","species":"Mamoswine","item":"lifeorb","ability":"Thick Fat","moves":["avalanche","iceshard","earthquake","iciclecrash"],"nature":"Jolly","evs":{"hp":0,"atk":252,"def":0,"spa":0,"spd":4,"spe":252},"ivs":{"hp":31,"atk":31,"def":31,"spa":31,"spd":31,"spe":31}},{"name":"Abomasnow","species":"Abomasnow","item":"focussash","ability":"Snow Warning","moves":["earthquake","brickbreak","swordsdance","iceshard"],"nature":"Adamant","evs":{"hp":248,"atk":252,"def":0,"spa":0,"spd":8,"spe":0},"ivs":{"hp":31,"atk":31,"def":31,"spa":31,"spd":31,"spe":31}},{"name":"Glalie","species":"Glalie","item":"glalitite","ability":"Ice Body","moves":["explosion","doubleedge","earthquake","iceshard"],"nature":"Adamant","evs":{"hp":248,"atk":252,"def":0,"spa":0,"spd":8,"spe":0},"ivs":{"hp":31,"atk":31,"def":31,"spa":31,"spd":31,"spe":31}},{"name":"Froslass","species":"Froslass","item":"focussash","ability":"Cursed Body","moves":["taunt","spikes","icebeam","destinybond"],"nature":"Timid","evs":{"hp":0,"atk":0,"def":4,"spa":252,"spd":0,"spe":252},"ivs":{"hp":31,"atk":31,"def":31,"spa":31,"spd":31,"spe":31}}],"p2team":[{"name":"Diancie","species":"Diancie","item":"leftovers","ability":"Clear Body","moves":["diamondstorm","stealthrock","healbell","moonblast"],"nature":"Gentle","evs":{"hp":252,"atk":4,"def":0,"spa":0,"spd":252,"spe":0},"ivs":{"hp":31,"atk":31,"def":31,"spa":31,"spd":31,"spe":31}},{"name":"Togetic","species":"Togetic","item":"eviolite","ability":"Serene Grace","moves":["flamethrower","toxic","roost","defog"],"nature":"Calm","evs":{"hp":248,"atk":0,"def":0,"spa":8,"spd":252,"spe":0},"ivs":{"hp":31,"atk":31,"def":31,"spa":31,"spd":31,"spe":31}},{"name":"Azumarill","species":"Azumarill","item":"choiceband","ability":"Huge Power","moves":["playrough","aquajet","knockoff","superpower"],"nature":"Adamant","evs":{"hp":248,"atk":252,"def":0,"spa":0,"spd":8,"spe":0},"ivs":{"hp":31,"atk":31,"def":31,"spa":31,"spd":31,"spe":31}},{"name":"YouKnowMyItem","species":"klefki","item":"choicescarf","ability":"Prankster","moves":["spikes","switcheroo","foulplay","thunderwave"],"nature":"Bold","evs":{"hp":252,"atk":0,"def":252,"spa":0,"spd":4,"spe":0},"ivs":{"hp":31,"atk":31,"def":31,"spa":31,"spd":31,"spe":31}},{"name":"Gardevoir","species":"Gardevoir","item":"gardevoirite","ability":"Trace","moves":["hypervoice","psyshock","focusblast","substitute"],"nature":"Modest","evs":{"hp":248,"atk":0,"def":0,"spa":252,"spd":8,"spe":0},"ivs":{"hp":31,"atk":31,"def":31,"spa":31,"spd":31,"spe":31}},{"name":"Togekiss","species":"Togekiss","item":"choicescarf","ability":"Serene Grace","moves":["trick","airslash","fireblast","dazzlinggleam"],"nature":"Modest","evs":{"hp":0,"atk":0,"def":0,"spa":252,"spd":4,"spe":252},"ivs":{"hp":31,"atk":31,"def":31,"spa":31,"spd":31,"spe":31}}],"log":["|player|p1|gabethegreen|168","|player|p2|Scourage|25","|gametype|singles","|gen|6","|tier|Monotype","|rated","|rule|Baton Pass Clause: Limit one Baton Passer, can't pass Spe and other stats simultaneously","|rule|Swagger Clause: Swagger is banned","|rule|Same Type Clause: Pokémon in a team must share a type","|clearpoke","|poke|p1|Vanilluxe, M","|poke|p1|Regice","|poke|p1|Mamoswine, F","|poke|p1|Abomasnow, M","|poke|p1|Glalie, M","|poke|p1|Froslass, F","|poke|p2|Diancie","|poke|p2|Togetic, M","|poke|p2|Azumarill, M","|poke|p2|Klefki, M","|poke|p2|Gardevoir, M","|poke|p2|Togekiss, M","|rule|Sleep Clause Mod: Limit one foe put to sleep","|rule|Species Clause: Limit one of each Pokémon","|rule|OHKO Clause: OHKO moves are banned","|rule|Moody Clause: Moody is banned","|rule|Evasion Moves Clause: Evasion moves are banned","|rule|Endless Battle Clause: Forcing endless battles is banned","|rule|HP Percentage Mod: HP is shown in percentages","|teampreview","|","|start","|switch|p1a: Froslass|Froslass, F|281/281","|switch|p2a: Gardevoir|Gardevoir, M|339/339","|-ability|p2a: Gardevoir|Cursed Body|[from] ability: Trace|[of] p1a: Froslass","|turn|1","|","|switch|p2a: Diancie|Diancie|304/304","|move|p1a: Froslass|Spikes|p2a: Diancie","|-sidestart|p2: Scourage|Spikes","|","|turn|2","|","|move|p1a: Froslass|Spikes|p2a: Diancie","|-sidestart|p2: Scourage|Spikes","|move|p2a: Diancie|Stealth Rock|p1a: Froslass","|-sidestart|p1: gabethegreen|move: Stealth Rock","|","|turn|3","|","|move|p1a: Froslass|Ice Beam|p2a: Diancie","|-damage|p2a: Diancie|240/304","|move|p2a: Diancie|Diamond Storm|p1a: Froslass","|-supereffective|p1a: Froslass","|-enditem|p1a: Froslass|Focus Sash","|-damage|p1a: Froslass|1/281","|","|-heal|p2a: Diancie|259/304|[from] item: Leftovers","|turn|4","|","|switch|p2a: YouKnowMyItem|Klefki, M|318/318","|-damage|p2a: YouKnowMyItem|265/318|[from] Spikes","|move|p1a: Froslass|Destiny Bond|p1a: Froslass","|-singlemove|p1a: Froslass|Destiny Bond","|","|turn|5","|","|move|p2a: YouKnowMyItem|Switcheroo|p1a: Froslass","|-activate|p2a: YouKnowMyItem|move: Trick|[of] p1a: Froslass","|-item|p1a: Froslass|Choice Scarf|[from] Trick","|move|p1a: Froslass|Taunt|p2a: YouKnowMyItem","|-start|p2a: YouKnowMyItem|move: Taunt","|","|turn|6","|","|switch|p2a: Togekiss|Togekiss, M|311/311","|move|p1a: Froslass|Taunt|p2a: Togekiss","|-start|p2a: Togekiss|move: Taunt","|","|turn|7","|","|move|p1a: Froslass|Taunt|p2a: Togekiss","|-fail|p2a: Togekiss","|move|p2a: Togekiss|Air Slash|p1a: Froslass","|-damage|p1a: Froslass|0 fnt","|faint|p1a: Froslass","|","|","|switch|p1a: Mamoswine|Mamoswine, F|361/361","|-damage|p1a: Mamoswine|316/361|[from] Stealth Rock","|turn|8","|","|move|p2a: Togekiss|Air Slash|p1a: Mamoswine","|-damage|p1a: Mamoswine|105/361","|cant|p1a: Mamoswine|flinch","|","|-end|p2a: Togekiss|move: Taunt","|turn|9","|","|move|p1a: Mamoswine|Ice Shard|p2a: Togekiss","|-supereffective|p2a: Togekiss","|-damage|p2a: Togekiss|108/311","|-damage|p1a: Mamoswine|69/361|[from] item: Life Orb","|move|p2a: Togekiss|Air Slash|p1a: Mamoswine","|-crit|p1a: Mamoswine","|-damage|p1a: Mamoswine|0 fnt","|faint|p1a: Mamoswine","|","|","|switch|p1a: Abomasnow|Abomasnow, M|383/383","|-damage|p1a: Abomasnow|288/383|[from] Stealth Rock","|-weather|Hail","|turn|10","|","|switch|p2a: YouKnowMyItem|Klefki, M|265/318","|-damage|p2a: YouKnowMyItem|212/318|[from] Spikes","|move|p1a: Abomasnow|Ice Shard|p2a: YouKnowMyItem","|-resisted|p2a: YouKnowMyItem","|-damage|p2a: YouKnowMyItem|190/318","|","|-weather|Hail|[upkeep]","|-damage|p2a: YouKnowMyItem|171/318|[from] hail","|turn|11","|","|move|p2a: YouKnowMyItem|Spikes|p1a: Abomasnow","|-sidestart|p1: gabethegreen|Spikes","|move|p1a: Abomasnow|Earthquake|p2a: YouKnowMyItem","|-supereffective|p2a: YouKnowMyItem","|-damage|p2a: YouKnowMyItem|1/318","|","|-weather|Hail|[upkeep]","|-damage|p2a: YouKnowMyItem|0 fnt|[from] hail","|faint|p2a: YouKnowMyItem","|","|switch|p2a: Togetic|Togetic, M|313/313","|turn|12","|","|move|p1a: Abomasnow|Ice Shard|p2a: Togetic","|-supereffective|p2a: Togetic","|-damage|p2a: Togetic|211/313","|move|p2a: Togetic|Flamethrower|p1a: Abomasnow","|-supereffective|p1a: Abomasnow","|-damage|p1a: Abomasnow|40/383","|","|-weather|Hail|[upkeep]","|-damage|p2a: Togetic|192/313|[from] hail","|turn|13","|","|move|p1a: Abomasnow|Ice Shard|p2a: Togetic","|-supereffective|p2a: Togetic","|-damage|p2a: Togetic|88/313","|move|p2a: Togetic|Flamethrower|p1a: Abomasnow","|-supereffective|p1a: Abomasnow","|-damage|p1a: Abomasnow|0 fnt","|faint|p1a: Abomasnow","|","|-weather|Hail|[upkeep]","|-damage|p2a: Togetic|69/313|[from] hail","|","|switch|p1a: Vanilluxe|Vanilluxe, M|283/283","|-damage|p1a: Vanilluxe|248/283|[from] Spikes","|-damage|p1a: Vanilluxe|178/283|[from] Stealth Rock","|turn|14","|","|move|p1a: Vanilluxe|Ice Beam|p2a: Togetic","|-supereffective|p2a: Togetic","|-damage|p2a: Togetic|0 fnt","|-damage|p1a: Vanilluxe|150/283|[from] item: Life Orb","|faint|p2a: Togetic","|","|-weather|none","|","|switch|p2a: Diancie|Diancie|259/304","|-damage|p2a: Diancie|209/304|[from] Spikes","|turn|15","|","|move|p1a: Vanilluxe|Flash Cannon|p2a: Diancie","|-supereffective|p2a: Diancie","|-damage|p2a: Diancie|0 fnt","|-damage|p1a: Vanilluxe|122/283|[from] item: Life Orb","|faint|p2a: Diancie","|","|","|switch|p2a: Togekiss|Togekiss, M|108/311","|turn|16","|","|move|p2a: Togekiss|Air Slash|p1a: Vanilluxe","|-damage|p1a: Vanilluxe|0 fnt","|faint|p1a: Vanilluxe","|","|","|switch|p1a: Glalie|Glalie, M|363/363","|-damage|p1a: Glalie|273/363|[from] Stealth Rock","|-damage|p1a: Glalie|228/363|[from] Spikes","|turn|17","|","|detailschange|p1a: Glalie|Glalie-Mega, M","|-mega|p1a: Glalie|Glalie|Glalitite","|move|p1a: Glalie|Ice Shard|p2a: Togekiss","|-supereffective|p2a: Togekiss","|-damage|p2a: Togekiss|0 fnt","|faint|p2a: Togekiss","|","|","|switch|p2a: Azumarill|Azumarill, M|403/403","|-damage|p2a: Azumarill|336/403|[from] Spikes","|turn|18","|","|move|p2a: Azumarill|Aqua Jet|p1a: Glalie","|-damage|p1a: Glalie|66/363","|move|p1a: Glalie|Explosion|p2a: Azumarill","|-resisted|p2a: Azumarill","|-damage|p2a: Azumarill|0 fnt","|faint|p1a: Glalie","|faint|p2a: Azumarill","|","|","|switch|p2a: Gardevoir|Gardevoir, M|339/339","|switch|p1a: Regice|Regice|363/363","|-damage|p2a: Gardevoir|283/339|[from] Spikes","|-ability|p2a: Gardevoir|Clear Body|[from] ability: Trace|[of] p1a: Regice","|-damage|p1a: Regice|273/363|[from] Stealth Rock","|-damage|p1a: Regice|228/363|[from] Spikes","|turn|19","|","|detailschange|p2a: Gardevoir|Gardevoir-Mega, M","|-mega|p2a: Gardevoir|Gardevoir|Gardevoirite","|move|p2a: Gardevoir|Psyshock|p1a: Regice","|-damage|p1a: Regice|47/363","|move|p1a: Regice|Signal Beam|p2a: Gardevoir","|-damage|p2a: Gardevoir|217/339","|","|turn|20","|","|move|p2a: Gardevoir|Psyshock|p1a: Regice","|-damage|p1a: Regice|0 fnt","|faint|p1a: Regice","|","|win|Scourage"],"p1rating":{"entryid":"7308127","serverid":"eos","formatid":"monotype","userid":"gabethegreen","username":"gabethegreen","w":"1","l":9,"t":"0","gxe":29.7,"r":1345.8483802191,"rd":92.598865918931,"sigma":"0","rptime":1439370000,"rpr":1332.5834053826,"rprd":90.301282271413,"rpsigma":"0","acre":1006.809584813,"lacre":1006.809584813,"oldacre":"1018.858730169"},"p2rating":{"entryid":"7549654","serverid":"eos","formatid":"monotype","userid":"scourage","username":"Scourage","w":2,"l":"0","t":"0","gxe":57.5,"r":1540.1606143388,"rd":123.03963956633,"sigma":"0","rptime":1439370000,"rpr":1559.8308129531,"rprd":118.00414906134,"rpsigma":"0","acre":1071.9336678352,"lacre":1071.9336678352,"oldacre":"1040"},"endType":"normal"}