{"seed":[20164,22106,50192,53795],"turns":18,"p1":"Multistripè 멀티 줄무늬","p2":"Lazulite Leavanny","p1team":[{"name":"ラティオス","species":"latios","item":"choicescarf","ability":"Levitate","moves":["shadowball","dragonpulse","psyshock","icebeam"],"nature":"Timid","evs":{"hp":0,"atk":0,"def":4,"spa":252,"spd":0,"spe":252},"ivs":{"hp":31,"atk":0,"def":31,"spa":31,"spd":31,"spe":31}},{"name":"キュレム","species":"kyuremblack","item":"lifeorb","ability":"Teravolt","moves":["icebeam","outrage","fusionbolt","ironhead"],"nature":"Naive","evs":{"hp":0,"atk":100,"def":0,"spa":180,"spd":0,"spe":228},"shiny":true,"ivs":{"hp":31,"atk":31,"def":31,"spa":31,"spd":31,"spe":31}},{"name":"ボーマンダ","species":"salamence","item":"choicescarf","ability":"Moxie","moves":["outrage","aerialace","steelwing","earthquake"],"nature":"Jolly","evs":{"hp":0,"atk":252,"def":4,"spa":0,"spd":0,"spe":252},"ivs":{"hp":31,"atk":31,"def":31,"spa":31,"spd":31,"spe":31}},{"name":"サザンドラ","species":"hydreigon","item":"choicespecs","ability":"Levitate","moves":["darkpulse","flamethrower","dracometeor","flashcannon"],"nature":"Modest","evs":{"hp":0,"atk":0,"def":4,"spa":252,"spd":0,"spe":252},"shiny":true,"ivs":{"hp":31,"atk":31,"def":31,"spa":31,"spd":31,"spe":31}},{"name":"ガブリアス","species":"garchomp","item":"rockyhelmet","ability":"Rough Skin","moves":["stealthrock","earthquake","dragontail","endure"],"nature":"Impish","evs":{"hp":252,"atk":0,"def":232,"spa":0,"spd":24,"spe":0},"ivs":{"hp":31,"atk":31,"def":31,"spa":31,"spd":31,"spe":31}},{"name":"ラティアス","species":"latias","item":"latiasite","ability":"Levitate","moves":["calmmind","recover","psyshock","dragonbreath"],"nature":"Bold","evs":{"hp":252,"atk":0,"def":224,"spa":0,"spd":0,"spe":32},"ivs":{"hp":31,"atk":0,"def":31,"spa":31,"spd":31,"spe":31}}],"p2team":[{"name":"Porygon-Z","species":"Porygon-Z","item":"choicespecs","ability":"Adaptability","moves":["triattack","shadowball","discharge","icebeam"],"nature":"Modest","evs":{"hp":0,"atk":0,"def":4,"spa":252,"spd":0,"spe":252},"ivs":{"hp":31,"atk":31,"def":31,"spa":31,"spd":31,"spe":31}},{"name":"Ditto","species":"Ditto","item":"choicescarf","ability":"Imposter","moves":["transform"],"nature":"","evs":{"hp":0,"atk":0,"def":0,"spa":0,"spd":0,"spe":0},"ivs":{"hp":31,"atk":31,"def":31,"spa":31,"spd":31,"spe":31}},{"name":"Snorlax","species":"Snorlax","item":"leftovers","ability":"Immunity","moves":["rest","sleeptalk","bodyslam","curse"],"nature":"Careful","evs":{"hp":252,"atk":4,"def":0,"spa":0,"spd":252,"spe":0},"ivs":{"hp":31,"atk":31,"def":31,"spa":31,"spd":31,"spe":31}},{"name":"Lopunny","species":"Lopunny","item":"lopunnite","ability":"Cute Charm","moves":["fakeout","return","highjumpkick","thunderpunch"],"nature":"Jolly","evs":{"hp":0,"atk":252,"def":0,"spa":0,"spd":4,"spe":252},"ivs":{"hp":31,"atk":31,"def":31,"spa":31,"spd":31,"spe":31}},{"name":"Chansey","species":"Chansey","item":"eviolite","ability":"Serene Grace","moves":["toxic","seismictoss","psychic","softboiled"],"nature":"Bold","evs":{"hp":248,"atk":0,"def":252,"spa":8,"spd":0,"spe":0},"ivs":{"hp":31,"atk":31,"def":31,"spa":31,"spd":31,"spe":31}},{"name":"Ambipom","species":"Ambipom","item":"lifeorb","ability":"Technician","moves":["fakeout","lastresort","doublehit"],"nature":"","evs":{"hp":4,"atk":252,"def":0,"spa":0,"spd":0,"spe":252},"ivs":{"hp":31,"atk":31,"def":31,"spa":31,"spd":31,"spe":31}}],"log":["|player|p1|Multistripè 멀티 줄무늬|89","|player|p2|Lazulite Leavanny|290","|gametype|singles","|gen|6","|tier|Monotype","|rated","|rule|Baton Pass Clause: Limit one Baton Passer, can't pass Spe and other stats simultaneously","|rule|Swagger Clause: Swagger is banned","|rule|Same Type Clause: Pokémon in a team must share a type","|clearpoke","|poke|p1|Latios, M","|poke|p1|Kyurem-Black, shiny","|poke|p1|Salamence, F","|poke|p1|Hydreigon, F, shiny","|poke|p1|Garchomp, M","|poke|p1|Latias, F","|poke|p2|Porygon-Z","|poke|p2|Ditto","|poke|p2|Snorlax, M","|poke|p2|Lopunny, M","|poke|p2|Chansey, F","|poke|p2|Ambipom, M","|rule|Sleep Clause Mod: Limit one foe put to sleep","|rule|Species Clause: Limit one of each Pokémon","|rule|OHKO Clause: OHKO moves are banned","|rule|Moody Clause: Moody is banned","|rule|Evasion Moves Clause: Evasion moves are banned","|rule|Endless Battle Clause: Forcing endless battles is banned","|rule|HP Percentage Mod: HP is shown in percentages","|teampreview","|","|start","|switch|p1a: ガブリアス|Garchomp, M|420/420","|switch|p2a: Ambipom|Ambipom, M|292/292","|turn|1","|","|move|p2a: Ambipom|Fake Out|p1a: ガブリアス","|-damage|p1a: ガブリアス|338/420","|-damage|p2a: Ambipom|256/292|[from] ability: Rough Skin|[of] p1a: ガブリアス","|-damage|p2a: Ambipom|208/292|[from] item: Rocky Helmet|[of] p1a: ガブリアス","|-damage|p2a: Ambipom|179/292|[from] item: Life Orb","|cant|p1a: ガブリアス|flinch","|","|turn|2","|","|move|p2a: Ambipom|Double Hit|p1a: ガブリアス","|-damage|p1a: ガブリアス|259/420","|-damage|p2a: Ambipom|143/292|[from] ability: Rough Skin|[of] p1a: ガブリアス","|-damage|p2a: Ambipom|95/292|[from] item: Rocky Helmet|[of] p1a: ガブリアス","|-damage|p1a: ガブリアス|188/420","|-damage|p2a: Ambipom|59/292|[from] ability: Rough Skin|[of] p1a: ガブリアス","|-damage|p2a: Ambipom|11/292|[from] item: Rocky Helmet|[of] p1a: ガブリアス","|-hitcount|p1a: ガブリアス|2","|-damage|p2a: Ambipom|0 fnt|[from] item: Life Orb","|faint|p2a: Ambipom","|move|p1a: ガブリアス|Stealth Rock|p2: Ambipom","|-sidestart|p2: Lazulite Leavanny|move: Stealth Rock","|","|","|switch|p2a: Porygon-Z|Porygon-Z|311/311","|-damage|p2a: Porygon-Z|273/311|[from] Stealth Rock","|turn|3","|","|switch|p1a: キュレム|Kyurem-Black, shiny|391/391","|-ability|p1a: キュレム|Teravolt","|move|p2a: Porygon-Z|Tri Attack|p1a: キュレム","|-damage|p1a: キュレム|19/391","|","|turn|4","|","|move|p1a: キュレム|Outrage|p2a: Porygon-Z","|-damage|p2a: Porygon-Z|0 fnt","|-damage|p1a: キュレム|0 fnt|[from] item: Life Orb","|faint|p2a: Porygon-Z","|faint|p1a: キュレム","|","|","|switch|p1a: ラティアス|Latias, F|364/364","|switch|p2a: Chansey|Chansey, F|703/703","|-damage|p2a: Chansey|616/703|[from] Stealth Rock","|turn|5","|","|detailschange|p1a: ラティアス|Latias-Mega, F","|-mega|p1a: ラティアス|Latias|Latiasite","|move|p1a: ラティアス|Calm Mind|p1a: ラティアス","|-boost|p1a: ラティアス|spa|1","|-boost|p1a: ラティアス|spd|1","|move|p2a: Chansey|Toxic|p1a: ラティアス","|-status|p1a: ラティアス|tox","|","|-damage|p1a: ラティアス|342/364 tox|[from] psn","|turn|6","|","|move|p1a: ラティアス|Calm Mind|p1a: ラティアス","|-boost|p1a: ラティアス|spa|1","|-boost|p1a: ラティアス|spd|1","|move|p2a: Chansey|Seismic Toss|p1a: ラティアス","|-damage|p1a: ラティアス|242/364 tox","|","|-damage|p1a: ラティアス|198/364 tox|[from] psn","|turn|7","|","|move|p1a: ラティアス|Psyshock|p2a: Chansey","|-damage|p2a: Chansey|292/703","|move|p2a: Chansey|Seismic Toss|p1a: ラティアス","|-damage|p1a: ラティアス|98/364 tox","|","|-damage|p1a: ラティアス|32/364 tox|[from] psn","|turn|8","|","|move|p1a: ラティアス|Psyshock|p2a: Chansey","|-damage|p2a: Chansey|0 fnt","|faint|p2a: Chansey","|","|-damage|p1a: ラティアス|0 fnt|[from] psn","|faint|p1a: ラティアス","|","|switch|p2a: Lopunny|Lopunny, M|271/271","|switch|p1a: ボーマンダ|Salamence, F|331/331","|-damage|p2a: Lopunny|238/271|[from] Stealth Rock","|turn|9","|","|switch|p1a: ガブリアス|Garchomp, M|188/420","|detailschange|p2a: Lopunny|Lopunny-Mega, M","|-mega|p2a: Lopunny|Lopunny|Lopunnite","|move|p2a: Lopunny|Fake Out|p1a: ガブリアス","|-damage|p1a: ガブリアス|133/420","|-damage|p2a: Lopunny|205/271|[from] ability: Rough Skin|[of] p1a: ガブリアス","|-damage|p2a: Lopunny|160/271|[from] item: Rocky Helmet|[of] p1a: ガブリアス","|","|turn|10","|","|move|p1a: ガブリアス|Endure|p1a: ガブリアス","|-singleturn|p1a: ガブリアス|move: Endure","|move|p2a: Lopunny|High Jump Kick|p1a: ガブリアス","|-activate|p1a: ガブリアス|move: Endure","|-damage|p1a: ガブリアス|1/420","|-damage|p2a: Lopunny|127/271|[from] ability: Rough Skin|[of] p1a: ガブリアス","|-damage|p2a: Lopunny|82/271|[from] item: Rocky Helmet|[of] p1a: ガブリアス","|","|turn|11","|","|move|p1a: ガブリアス|Endure|p1a: ガブリアス","|-fail|p1a: ガブリアス","|move|p2a: Lopunny|Return|p1a: ガブリアス","|-damage|p1a: ガブリアス|0 fnt","|-damage|p2a: Lopunny|49/271|[from] ability: Rough Skin|[of] p1a: ガブリアス","|-damage|p2a: Lopunny|4/271|[from] item: Rocky Helmet|[of] p1a: ガブリアス","|faint|p1a: ガブリアス","|","|","|switch|p1a: ボーマンダ|Salamence, F|331/331","|turn|12","|","|move|p1a: ボーマンダ|Outrage|p2a: Lopunny","|-damage|p2a: Lopunny|0 fnt","|faint|p2a: Lopunny","|-boost|p1a: ボーマンダ|atk|1|[from] ability: Moxie","|","|","|switch|p2a: Ditto|Ditto|237/237","|-damage|p2a: Ditto|208/237|[from] Stealth Rock","|-transform|p2a: Ditto|p1a: ボーマンダ","|turn|13","|","|move|p1a: ボーマンダ|Outrage|p2a: Ditto|[from]lockedmove","|-supereffective|p2a: Ditto","|-damage|p2a: Ditto|0 fnt","|-start|p1a: ボーマンダ|confusion|[fatigue]","|faint|p2a: Ditto","|-boost|p1a: ボーマンダ|atk|1|[from] ability: Moxie","|","|","|switch|p2a: Snorlax|Snorlax, M|524/524","|-damage|p2a: Snorlax|459/524|[from] Stealth Rock","|turn|14","|","|-activate|p1a: ボーマンダ|confusion","|-damage|p1a: ボーマンダ|216/331|[from] confusion","|move|p2a: Snorlax|Curse|p2a: Snorlax","|-unboost|p2a: Snorlax|spe|1","|-boost|p2a: Snorlax|atk|1","|-boost|p2a: Snorlax|def|1","|","|-heal|p2a: Snorlax|491/524|[from] item: Leftovers","|turn|15","|","|-activate|p1a: ボーマンダ|confusion","|-damage|p1a: ボーマンダ|95/331|[from] confusion","|move|p2a: Snorlax|Curse|p2a: Snorlax","|-unboost|p2a: Snorlax|spe|1","|-boost|p2a: Snorlax|atk|1","|-boost|p2a: Snorlax|def|1","|","|-heal|p2a: Snorlax|523/524|[from] item: Leftovers","|turn|16","|","|-activate|p1a: ボーマンダ|confusion","|-damage|p1a: ボーマンダ|0 fnt|[from] confusion","|faint|p1a: ボーマンダ","|move|p2a: Snorlax|Curse|p2a: Snorlax","|-unboost|p2a: Snorlax|spe|1","|-boost|p2a: Snorlax|atk|1","|-boost|p2a: Snorlax|def|1","|","|-heal|p2a: Snorlax|524/524|[from] item: Leftovers","|","|switch|p1a: ラティオス|Latios, M|301/301","|turn|17","|","|move|p1a: ラティオス|Dragon Pulse|p2a: Snorlax","|-damage|p2a: Snorlax|427/524","|move|p2a: Snorlax|Body Slam|p1a: ラティオス","|-damage|p1a: ラティオス|0 fnt","|faint|p1a: ラティオス","|","|-heal|p2a: Snorlax|459/524|[from] item: Leftovers","|","|switch|p1a: サザンドラ|Hydreigon, F, shiny|325/325","|turn|18","|","|move|p1a: サザンドラ|Dark Pulse|p2a: Snorlax","|-crit|p2a: Snorlax","|-damage|p2a: Snorlax|213/524","|move|p2a: Snorlax|Body Slam|p1a: サザンドラ","|-crit|p1a: サザンドラ","|-damage|p1a: サザンドラ|0 fnt","|faint|p1a: サザンドラ","|","|win|Lazulite Leavanny"],"p1rating":{"entryid":"7615714","serverid":"eos","formatid":"monotype","userid":"multistrip","username":"Multistripè 멀티 줄무늬","w":"4","l":1,"t":"0","gxe":62.1,"r":"1500","rd":"130","sigma":"0","rptime":"1439456400","rpr":1596.6662733043,"rprd":101.87638063558,"rpsigma":"0","acre":1111.0820535175,"lacre":1111.0820535175,"oldacre":"1140.0747838674"},"p2rating":{"entryid":"7549999","serverid":"eos","formatid":"monotype","userid":"lazuliteleavanny","username":"Lazulite Leavanny","w":15,"l":"10","t":"0","gxe":57.8,"r":1550.4338463191,"rd":65.793933019113,"sigma":"0","rptime":1439456400,"rpr":1560.1235039034,"rprd":64.82556124344,"rpsigma":"0","acre":1115.8644037351,"lacre":1115.8644037351,"oldacre":"1084.1069813623"},"endType":"normal"}