{"seed":[37547,2980,3593,54184],"turns":30,"p1":"Onion L0rdMudkip","p2":"Metalyte","p1team":[{"name":"Lopunny","species":"Lopunny","item":"lopunnite","ability":"Limber","moves":["fakeout","highjumpkick","frustration","icepunch"],"nature":"Jolly","evs":{"hp":0,"atk":252,"def":0,"spa":0,"spd":4,"spe":252},"happiness":0,"ivs":{"hp":31,"atk":31,"def":31,"spa":31,"spd":31,"spe":31}},{"name":"Smeargle","species":"Smeargle","item":"focussash","ability":"Own Tempo","moves":["spore","magiccoat","stealthrock","stickyweb"],"nature":"Timid","evs":{"hp":248,"atk":0,"def":0,"spa":0,"spd":8,"spe":252},"ivs":{"hp":31,"atk":31,"def":31,"spa":31,"spd":31,"spe":31}},{"name":"Meloetta","species":"Meloetta","item":"assaultvest","ability":"Serene Grace","moves":["hypervoice","psyshock","focusblast","thunderbolt"],"nature":"Modest","evs":{"hp":248,"atk":0,"def":0,"spa":252,"spd":8,"spe":0},"ivs":{"hp":31,"atk":31,"def":31,"spa":31,"spd":31,"spe":31}},{"name":"Ditto","species":"Ditto","item":"choicescarf","ability":"Imposter","moves":["transform"],"nature":"Bold","evs":{"hp":248,"atk":0,"def":252,"spa":0,"spd":8,"spe":0},"ivs":{"hp":31,"atk":31,"def":31,"spa":31,"spd":31,"spe":31}},{"name":"Diggersby","species":"Diggersby","item":"lifeorb","ability":"Huge Power","moves":["earthquake","return","quickattack","firepunch"],"nature":"Jolly","evs":{"hp":0,"atk":252,"def":0,"spa":0,"spd":4,"spe":252},"ivs":{"hp":31,"atk":31,"def":31,"spa":31,"spd":31,"spe":31}},{"name":"Staraptor","species":"Staraptor","item":"choicescarf","ability":"Reckless","moves":["closecombat","bravebird","uturn","doubleedge"],"nature":"Jolly","evs":{"hp":0,"atk":252,"def":0,"spa":0,"spd":4,"spe":252},"ivs":{"hp":31,"atk":31,"def":31,"spa":31,"spd":31,"spe":31}}],"p2team":[{"name":"Scizor","species":"Scizor","item":"scizorite","ability":"Technician","moves":["roost","swordsdance","bulletpunch","knockoff"],"nature":"Adamant","evs":{"hp":248,"atk":252,"def":0,"spa":0,"spd":8,"spe":0},"ivs":{"hp":31,"atk":31,"def":31,"spa":31,"spd":31,"spe":31}},{"name":"Bisharp","species":"Bisharp","item":"lumberry","ability":"Defiant","moves":["swordsdance","suckerpunch","knockoff","ironhead"],"nature":"Jolly","evs":{"hp":0,"atk":252,"def":0,"spa":0,"spd":4,"spe":252},"ivs":{"hp":31,"atk":31,"def":31,"spa":31,"spd":31,"spe":31}},{"name":"Heatran","species":"Heatran","item":"airballoon","ability":"Flash Fire","moves":["fireblast","flashcannon","earthpower","ancientpower"],"nature":"Timid","evs":{"hp":0,"atk":0,"def":0,"spa":252,"spd":4,"spe":252},"ivs":{"hp":31,"atk":31,"def":31,"spa":31,"spd":31,"spe":31}},{"name":"Excadrill","species":"Excadrill","item":"choicescarf","ability":"Mold Breaker","moves":["earthquake","ironhead","rockslide","rapidspin"],"nature":"Jolly","evs":{"hp":0,"atk":252,"def":0,"spa":0,"spd":4,"spe":252},"ivs":{"hp":31,"atk":31,"def":31,"spa":31,"spd":31,"spe":31}},{"name":"Skarmory","species":"Skarmory","item":"leftovers","ability":"Sturdy","moves":["roost","defog","whirlwind","drillpeck"],"nature":"Impish","evs":{"hp":252,"atk":0,"def":252,"spa":0,"spd":4,"spe":0},"ivs":{"hp":31,"atk":31,"def":31,"spa":31,"spd":31,"spe":31}},{"name":"Klefki","species":"Klefki","item":"leftovers","ability":"Prankster","moves":["reflect","lightscreen","thunderwave","foulplay"],"nature":"Bold","evs":{"hp":252,"atk":0,"def":128,"spa":0,"spd":128,"spe":0},"ivs":{"hp":31,"atk":31,"def":31,"spa":31,"spd":31,"spe":31}}],"log":["|player|p1|Onion L0rdMudkip|168","|player|p2|Metalyte|169","|gametype|singles","|gen|6","|tier|Monotype","|rated","|rule|Baton Pass Clause: Limit one Baton Passer, can't pass Spe and other stats simultaneously","|rule|Swagger Clause: Swagger is banned","|rule|Same Type Clause: Pokémon in a team must share a type","|clearpoke","|poke|p1|Lopunny, F","|poke|p1|Smeargle, F","|poke|p1|Meloetta","|poke|p1|Ditto","|poke|p1|Diggersby, M","|poke|p1|Staraptor, F","|poke|p2|Scizor, F","|poke|p2|Bisharp, M","|poke|p2|Heatran, F","|poke|p2|Excadrill, F","|poke|p2|Skarmory, F","|poke|p2|Klefki, F","|rule|Sleep Clause Mod: Limit one foe put to sleep","|rule|Species Clause: Limit one of each Pokémon","|rule|OHKO Clause: OHKO moves are banned","|rule|Moody Clause: Moody is banned","|rule|Evasion Moves Clause: Evasion moves are banned","|rule|Endless Battle Clause: Forcing endless battles is banned","|rule|HP Percentage Mod: HP is shown in percentages","|teampreview","|","|start","|switch|p1a: Smeargle|Smeargle, F|313/313","|switch|p2a: Klefki|Klefki, F|318/318","|turn|1","|","|move|p2a: Klefki|Thunder Wave|p1a: Smeargle","|-status|p1a: Smeargle|par","|move|p1a: Smeargle|Spore|p2a: Klefki","|-status|p2a: Klefki|slp","|","|turn|2","|","|switch|p2a: Skarmory|Skarmory, F|334/334","|move|p1a: Smeargle|Sticky Web|p2a: Skarmory","|-sidestart|p2: Metalyte|move: Sticky Web","|","|turn|3","|","|cant|p1a: Smeargle|par","|move|p2a: Skarmory|Defog|p1a: Smeargle","|-unboost|p1a: Smeargle|evasion|1","|-sideend|p2: Metalyte|Sticky Web|[from] move: Defog|[of] p2a: Skarmory","|","|turn|4","|","|move|p2a: Skarmory|Drill Peck|p1a: Smeargle","|-damage|p1a: Smeargle|153/313 par","|move|p1a: Smeargle|Stealth Rock|p2a: Skarmory","|-sidestart|p2: Metalyte|move: Stealth Rock","|","|turn|5","|","|move|p1a: Smeargle|Magic Coat|p1a: Smeargle","|-singleturn|p1a: Smeargle|move: Magic Coat","|move|p2a: Skarmory|Defog|p1a: Smeargle","|move|p1a: Smeargle|Defog|p2a: Skarmory|[from]Magic Coat","|-unboost|p2a: Skarmory|evasion|1","|-sideend|p2: Metalyte|Stealth Rock|[from] move: Defog|[of] p2a: Skarmory","|","|turn|6","|","|move|p1a: Smeargle|Magic Coat|p1a: Smeargle","|-singleturn|p1a: Smeargle|move: Magic Coat","|move|p2a: Skarmory|Drill Peck|p1a: Smeargle","|-damage|p1a: Smeargle|0 fnt","|faint|p1a: Smeargle","|","|","|switch|p1a: Meloetta|Meloetta|403/403","|turn|7","|","|switch|p2a: Excadrill|Excadrill, F|361/361","|-ability|p2a: Excadrill|Mold Breaker","|move|p1a: Meloetta|Thunderbolt|p2a: Excadrill","|-immune|p2a: Excadrill|[msg]","|","|turn|8","|","|move|p2a: Excadrill|Earthquake|p1a: Meloetta","|-damage|p1a: Meloetta|166/403","|move|p1a: Meloetta|Focus Blast|p2a: Excadrill|[miss]","|-miss|p1a: Meloetta|p2a: Excadrill","|","|turn|9","|","|switch|p2a: Klefki|Klefki, F|318/318 slp","|switch|p1a: Staraptor|Staraptor, F|311/311","|","|turn|10","|","|cant|p2a: Klefki|slp","|move|p1a: Staraptor|U-turn|p2a: Klefki","|-resisted|p2a: Klefki","|-damage|p2a: Klefki|303/318 slp","|","|switch|p1a: Diggersby|Diggersby, M|311/311","|","|-heal|p2a: Klefki|318/318 slp|[from] item: Leftovers","|turn|11","|","|switch|p2a: Skarmory|Skarmory, F|334/334","|move|p1a: Diggersby|Earthquake|p2a: Skarmory","|-immune|p2a: Skarmory|[msg]","|","|turn|12","|","|switch|p2a: Klefki|Klefki, F|318/318 slp","|move|p1a: Diggersby|Fire Punch|p2a: Klefki","|-supereffective|p2a: Klefki","|-damage|p2a: Klefki|94/318 slp","|-damage|p1a: Diggersby|280/311|[from] item: Life Orb","|","|-heal|p2a: Klefki|113/318 slp|[from] item: Leftovers","|turn|13","|","|cant|p2a: Klefki|slp","|move|p1a: Diggersby|Earthquake|p2a: Klefki","|-supereffective|p2a: Klefki","|-damage|p2a: Klefki|0 fnt","|-damage|p1a: Diggersby|249/311|[from] item: Life Orb","|faint|p2a: Klefki","|","|","|switch|p2a: Scizor|Scizor, F|343/343","|turn|14","|","|switch|p2a: Heatran|Heatran, F|323/323","|-item|p2a: Heatran|Air Balloon","|move|p1a: Diggersby|Fire Punch|p2a: Heatran","|-start|p2a: Heatran|ability: Flash Fire","|","|turn|15","|","|switch|p1a: Meloetta|Meloetta|166/403","|move|p2a: Heatran|Fire Blast|p1a: Meloetta","|-damage|p1a: Meloetta|13/403","|","|turn|16","|","|move|p2a: Heatran|Ancient Power|p1a: Meloetta","|-damage|p1a: Meloetta|0 fnt","|faint|p1a: Meloetta","|","|","|switch|p1a: Lopunny|Lopunny, F|271/271","|turn|17","|","|-end|p2a: Heatran|ability: Flash Fire|[silent]","|switch|p2a: Skarmory|Skarmory, F|334/334","|detailschange|p1a: Lopunny|Lopunny-Mega, F","|-mega|p1a: Lopunny|Lopunny|Lopunnite","|move|p1a: Lopunny|High Jump Kick|p2a: Skarmory","|-damage|p2a: Skarmory|198/334","|","|-heal|p2a: Skarmory|218/334|[from] item: Leftovers","|turn|18","|","|switch|p1a: Diggersby|Diggersby, M|249/311","|move|p2a: Skarmory|Roost|p2a: Skarmory","|-heal|p2a: Skarmory|334/334","|","|turn|19","|","|move|p1a: Diggersby|Earthquake|p2a: Skarmory","|-immune|p2a: Skarmory|[msg]","|move|p2a: Skarmory|Roost|p2a: Skarmory","|-fail|p2a: Skarmory","|","|turn|20","|","|move|p1a: Diggersby|Fire Punch|p2a: Skarmory","|-supereffective|p2a: Skarmory","|-damage|p2a: Skarmory|175/334","|-damage|p1a: Diggersby|218/311|[from] item: Life Orb","|move|p2a: Skarmory|Roost|p2a: Skarmory","|-heal|p2a: Skarmory|334/334","|","|turn|21","|","|switch|p2a: Heatran|Heatran, F|323/323","|-item|p2a: Heatran|Air Balloon","|move|p1a: Diggersby|Fire Punch|p2a: Heatran","|-start|p2a: Heatran|ability: Flash Fire","|","|turn|22","|","|switch|p1a: Ditto|Ditto|299/299","|-transform|p1a: Ditto|p2a: Heatran","|move|p2a: Heatran|Fire Blast|p1a: Ditto","|-start|p1a: Ditto|ability: Flash Fire","|","|turn|23","|","|move|p1a: Ditto|Ancient Power|p2a: Heatran","|-damage|p2a: Heatran|258/323","|-enditem|p2a: Heatran|Air Balloon","|move|p2a: Heatran|Earth Power|p1a: Ditto","|-supereffective|p1a: Ditto","|-damage|p1a: Ditto|0 fnt","|faint|p1a: Ditto","|","|","|switch|p1a: Lopunny|Lopunny-Mega, F|271/271","|turn|24","|","|-end|p2a: Heatran|ability: Flash Fire|[silent]","|switch|p2a: Skarmory|Skarmory, F|334/334","|move|p1a: Lopunny|High Jump Kick|p2a: Skarmory","|-damage|p2a: Skarmory|192/334","|","|-heal|p2a: Skarmory|212/334|[from] item: Leftovers","|turn|25","|","|move|p1a: Lopunny|High Jump Kick|p2a: Skarmory","|-damage|p2a: Skarmory|64/334","|move|p2a: Skarmory|Roost|p2a: Skarmory","|-heal|p2a: Skarmory|231/334","|","|-heal|p2a: Skarmory|251/334|[from] item: Leftovers","|turn|26","|","|switch|p1a: Diggersby|Diggersby, M|218/311","|move|p2a: Skarmory|Roost|p2a: Skarmory","|-heal|p2a: Skarmory|334/334","|","|turn|27","|","|move|p1a: Diggersby|Fire Punch|p2a: Skarmory","|-supereffective|p2a: Skarmory","|-damage|p2a: Skarmory|191/334","|-damage|p1a: Diggersby|187/311|[from] item: Life Orb","|move|p2a: Skarmory|Drill Peck|p1a: Diggersby","|-damage|p1a: Diggersby|93/311","|","|-heal|p2a: Skarmory|211/334|[from] item: Leftovers","|turn|28","|","|move|p1a: Diggersby|Fire Punch|p2a: Skarmory","|-supereffective|p2a: Skarmory","|-damage|p2a: Skarmory|47/334","|-damage|p1a: Diggersby|62/311|[from] item: Life Orb","|move|p2a: Skarmory|Roost|p2a: Skarmory","|-heal|p2a: Skarmory|214/334","|","|-heal|p2a: Skarmory|234/334|[from] item: Leftovers","|turn|29","|","|move|p1a: Diggersby|Fire Punch|p2a: Skarmory","|-supereffective|p2a: Skarmory","|-damage|p2a: Skarmory|91/334","|-damage|p1a: Diggersby|31/311|[from] item: Life Orb","|move|p2a: Skarmory|Roost|p2a: Skarmory","|-heal|p2a: Skarmory|258/334","|","|-heal|p2a: Skarmory|278/334|[from] item: Leftovers","|turn|30","|","|move|p1a: Diggersby|Fire Punch|p2a: Skarmory","|-supereffective|p2a: Skarmory","|-damage|p2a: Skarmory|125/334","|-damage|p1a: Diggersby|0 fnt|[from] item: Life Orb","|faint|p1a: Diggersby","|move|p2a: Skarmory|Roost|p2a: Skarmory","|-heal|p2a: Skarmory|292/334","|","|-heal|p2a: Skarmory|312/334|[from] item: Leftovers","|","|win|Metalyte"],"p1rating":{"entryid":"7311817","serverid":"eos","formatid":"monotype","userid":"onionl0rdmudkip","username":"Onion L0rdMudkip","w":"3","l":6,"t":"0","gxe":42,"r":1456.1154862118,"rd":93.929433467508,"sigma":"0","rptime":1439456400,"rpr":1437.6079796129,"rprd":90.870827253155,"rpsigma":"0","acre":1060.0072298531,"lacre":1060.0072298531,"oldacre":"1076.8252385695"},"p2rating":{"entryid":"6571486","serverid":"eos","formatid":"monotype","userid":"metalyte","username":"Metalyte","w":47,"l":"38","t":"0","gxe":54.8,"r":"1532.3353358356","rd":"43.295104616548","sigma":"0","rptime":"1439456400","rpr":1536.5548595844,"rprd":42.999533113884,"rpsigma":"0","acre":1173.5660434177,"lacre":1173.5660434177,"oldacre":"1154.0318303336"},"endType":"forfeit"}