{"seed":[25782,46215,62523,6576],"turns":29,"p1":"Alliance Mxy","p2":"Alliance-Succubus","p1team":[{"name":"Beedrill","species":"Beedrill","item":"beedrillite","ability":"Swarm","moves":["uturn","poisonjab","knockoff","protect"],"nature":"Jolly","evs":{"hp":0,"atk":252,"def":0,"spa":0,"spd":4,"spe":252},"ivs":{"hp":31,"atk":31,"def":31,"spa":31,"spd":31,"spe":31}},{"name":"Weezing","species":"Weezing","item":"blacksludge","ability":"Levitate","moves":["fireblast","sludgewave","willowisp","painsplit"],"nature":"Bold","evs":{"hp":248,"atk":0,"def":252,"spa":8,"spd":0,"spe":0},"ivs":{"hp":31,"atk":0,"def":31,"spa":31,"spd":31,"spe":31}},{"name":"Drapion","species":"Drapion","item":"choicescarf","ability":"Sniper","moves":["knockoff","rockslide","nightslash","icefang"],"nature":"Jolly","evs":{"hp":0,"atk":252,"def":0,"spa":0,"spd":4,"spe":252},"ivs":{"hp":31,"atk":31,"def":31,"spa":31,"spd":31,"spe":31}},{"name":"Gengar","species":"Gengar","item":"focussash","ability":"Levitate","moves":["shadowball","sludgewave","focusblast","destinybond"],"nature":"Timid","evs":{"hp":0,"atk":0,"def":0,"spa":252,"spd":4,"spe":252},"ivs":{"hp":31,"atk":0,"def":31,"spa":31,"spd":31,"spe":31}},{"name":"Golbat","species":"Golbat","item":"eviolite","ability":"Infiltrator","moves":["bravebird","toxic","defog","roost"],"nature":"Careful","evs":{"hp":248,"atk":0,"def":96,"spa":0,"spd":164,"spe":0},"ivs":{"hp":31,"atk":31,"def":31,"spa":31,"spd":31,"spe":31}},{"name":"Nidoking","species":"Nidoking","item":"lifeorb","ability":"Sheer Force","moves":["earthpower","flamethrower","icebeam","suckerpunch"],"nature":"Naive","evs":{"hp":0,"atk":4,"def":0,"spa":252,"spd":0,"spe":252},"ivs":{"hp":31,"atk":31,"def":31,"spa":31,"spd":31,"spe":31}}],"p2team":[{"name":"Scrafty","species":"Scrafty","item":"leftovers","ability":"Shed Skin","moves":["bulkup","rest","drainpunch","knockoff"],"nature":"Adamant","evs":{"hp":252,"atk":252,"def":0,"spa":0,"spd":4,"spe":0},"gender":"M","ivs":{"hp":31,"atk":31,"def":31,"spa":31,"spd":31,"spe":31}},{"name":"Tyranitar","species":"Tyranitar","item":"rockyhelmet","ability":"Sand Stream","moves":["payback","sleeptalk","curse","rest"],"nature":"Careful","evs":{"hp":248,"atk":8,"def":0,"spa":0,"spd":252,"spe":0},"gender":"M","ivs":{"hp":31,"atk":31,"def":31,"spa":31,"spd":31,"spe":31}},{"name":"Cacturne","species":"Cacturne","item":"focussash","ability":"Sand Veil","moves":["suckerpunch","swordsdance","spikes","spikyshield"],"nature":"Adamant","evs":{"hp":0,"atk":252,"def":4,"spa":0,"spd":0,"spe":252},"gender":"F","ivs":{"hp":31,"atk":31,"def":31,"spa":31,"spd":31,"spe":31}},{"name":"Krookodile","species":"Krookodile","item":"choicescarf","ability":"Moxie","moves":["earthquake","knockoff","outrage","stealthrock"],"nature":"Adamant","evs":{"hp":0,"atk":252,"def":0,"spa":0,"spd":4,"spe":252},"gender":"M","ivs":{"hp":31,"atk":31,"def":31,"spa":31,"spd":31,"spe":31}},{"name":"Weavile","species":"Weavile","item":"focussash","ability":"Pressure","moves":["swordsdance","iceshard","knockoff","icepunch"],"nature":"Jolly","evs":{"hp":0,"atk":252,"def":0,"spa":0,"spd":4,"spe":252},"gender":"F","ivs":{"hp":31,"atk":31,"def":31,"spa":31,"spd":31,"spe":31}},{"name":"Sableye","species":"Sableye","item":"sablenite","ability":"Prankster","moves":["calmmind","willowisp","recover","darkpulse"],"nature":"Calm","evs":{"hp":248,"atk":0,"def":0,"spa":8,"spd":252,"spe":0},"gender":"F","ivs":{"hp":31,"atk":31,"def":31,"spa":31,"spd":31,"spe":31}}],"log":["|player|p1|Alliance Mxy|270","|player|p2|Alliance-Succubus|96","|gametype|singles","|gen|6","|tier|Monotype","|rated","|rule|Baton Pass Clause: Limit one Baton Passer, can't pass Spe and other stats simultaneously","|rule|Swagger Clause: Swagger is banned","|rule|Same Type Clause: Pokémon in a team must share a type","|clearpoke","|poke|p1|Beedrill, F","|poke|p1|Weezing, F","|poke|p1|Drapion, F","|poke|p1|Gengar, M","|poke|p1|Golbat, F","|poke|p1|Nidoking, M","|poke|p2|Scrafty, M","|poke|p2|Tyranitar, M","|poke|p2|Cacturne, F","|poke|p2|Krookodile, M","|poke|p2|Weavile, F","|poke|p2|Sableye, F","|rule|Sleep Clause Mod: Limit one foe put to sleep","|rule|Species Clause: Limit one of each Pokémon","|rule|OHKO Clause: OHKO moves are banned","|rule|Moody Clause: Moody is banned","|rule|Evasion Moves Clause: Evasion moves are banned","|rule|Endless Battle Clause: Forcing endless battles is banned","|rule|HP Percentage Mod: HP is shown in percentages","|teampreview","|","|start","|switch|p1a: Nidoking|Nidoking, M|303/303","|switch|p2a: Krookodile|Krookodile, M|331/331","|turn|1","|","|switch|p1a: Weezing|Weezing, F|333/333","|move|p2a: Krookodile|Stealth Rock|p1a: Weezing","|-sidestart|p1: Alliance Mxy|move: Stealth Rock","|","|turn|2","|","|switch|p2a: Scrafty|Scrafty, M|334/334","|move|p1a: Weezing|Will-O-Wisp|p2a: Scrafty","|-status|p2a: Scrafty|brn","|","|-damage|p2a: Scrafty|293/334 brn|[from] brn","|turn|3","|","|switch|p1a: Golbat|Golbat, F|353/353","|-damage|p1a: Golbat|265/353|[from] Stealth Rock","|move|p2a: Scrafty|Bulk Up|p2a: Scrafty","|-boost|p2a: Scrafty|atk|1","|-boost|p2a: Scrafty|def|1","|","|-activate|p2a: Scrafty|ability: Shed Skin","|-curestatus|p2a: Scrafty|brn","|-heal|p2a: Scrafty|313/334|[from] item: Leftovers","|turn|4","|","|move|p1a: Golbat|Brave Bird|p2a: Scrafty","|-supereffective|p2a: Scrafty","|-damage|p2a: Scrafty|173/334","|-damage|p1a: Golbat|219/353|[from] recoil|[of] p2a: Scrafty","|move|p2a: Scrafty|Knock Off|p1a: Golbat","|-damage|p1a: Golbat|59/353","|-enditem|p1a: Golbat|Eviolite|[from] move: Knock Off|[of] p2a: Scrafty","|","|-heal|p2a: Scrafty|193/334|[from] item: Leftovers","|turn|5","|","|move|p1a: Golbat|Defog|p2a: Scrafty","|-unboost|p2a: Scrafty|evasion|1","|-sideend|p1: Alliance Mxy|Stealth Rock|[from] move: Defog|[of] p1a: Golbat","|move|p2a: Scrafty|Rest|p2a: Scrafty","|-status|p2a: Scrafty|slp","|-heal|p2a: Scrafty|334/334 slp|[silent]","|-status|p2a: Scrafty|slp|[from] move: Rest","|","|turn|6","|","|move|p1a: Golbat|Roost|p1a: Golbat","|-heal|p1a: Golbat|236/353","|cant|p2a: Scrafty|slp","|","|turn|7","|","|move|p1a: Golbat|Brave Bird|p2a: Scrafty","|-supereffective|p2a: Scrafty","|-damage|p2a: Scrafty|194/334 slp","|-damage|p1a: Golbat|190/353|[from] recoil|[of] p2a: Scrafty","|cant|p2a: Scrafty|slp","|","|-heal|p2a: Scrafty|214/334 slp|[from] item: Leftovers","|turn|8","|","|move|p1a: Golbat|Brave Bird|p2a: Scrafty","|-supereffective|p2a: Scrafty","|-damage|p2a: Scrafty|70/334 slp","|-damage|p1a: Golbat|142/353|[from] recoil|[of] p2a: Scrafty","|-curestatus|p2a: Scrafty|slp","|move|p2a: Scrafty|Knock Off|p1a: Golbat","|-damage|p1a: Golbat|0 fnt","|faint|p1a: Golbat","|","|-heal|p2a: Scrafty|90/334|[from] item: Leftovers","|","|switch|p1a: Beedrill|Beedrill, F|271/271","|turn|9","|","|detailschange|p1a: Beedrill|Beedrill-Mega, F","|-mega|p1a: Beedrill|Beedrill|Beedrillite","|move|p1a: Beedrill|U-turn|p2a: Scrafty","|-damage|p2a: Scrafty|0 fnt","|faint|p2a: Scrafty","|","|switch|p1a: Gengar|Gengar, M|261/261","|","|","|switch|p2a: Krookodile|Krookodile, M|331/331","|turn|10","|","|move|p2a: Krookodile|Knock Off|p1a: Gengar","|-supereffective|p1a: Gengar","|-enditem|p1a: Gengar|Focus Sash","|-damage|p1a: Gengar|1/261","|move|p1a: Gengar|Focus Blast|p2a: Krookodile|[miss]","|-miss|p1a: Gengar|p2a: Krookodile","|","|turn|11","|","|switch|p1a: Weezing|Weezing, F|333/333","|move|p2a: Krookodile|Knock Off|p1a: Weezing","|-damage|p1a: Weezing|225/333","|-enditem|p1a: Weezing|Black Sludge|[from] move: Knock Off|[of] p2a: Krookodile","|","|turn|12","|","|move|p2a: Krookodile|Knock Off|p1a: Weezing","|-damage|p1a: Weezing|144/333","|move|p1a: Weezing|Pain Split|p2a: Krookodile","|-sethp|p2a: Krookodile|237/331|p1a: Weezing|237/333|[from] move: Pain Split","|","|turn|13","|","|switch|p2a: Tyranitar|Tyranitar, M|403/403","|-weather|Sandstorm","|move|p1a: Weezing|Will-O-Wisp|p2a: Tyranitar","|-status|p2a: Tyranitar|brn","|","|-weather|Sandstorm|[upkeep]","|-damage|p1a: Weezing|217/333|[from] sandstorm","|-damage|p2a: Tyranitar|353/403 brn|[from] brn","|turn|14","|","|switch|p1a: Nidoking|Nidoking, M|303/303","|move|p2a: Tyranitar|Curse|p2a: Tyranitar","|-unboost|p2a: Tyranitar|spe|1","|-boost|p2a: Tyranitar|atk|1","|-boost|p2a: Tyranitar|def|1","|","|-weather|Sandstorm|[upkeep]","|-damage|p2a: Tyranitar|303/403 brn|[from] brn","|turn|15","|","|switch|p2a: Sableye|Sableye, F|303/303","|move|p1a: Nidoking|Earth Power|p2a: Sableye","|-damage|p2a: Sableye|95/303","|","|-weather|Sandstorm|[upkeep]","|-damage|p2a: Sableye|77/303|[from] sandstorm","|turn|16","|","|detailschange|p2a: Sableye|Sableye-Mega, F","|-mega|p2a: Sableye|Sableye|Sablenite","|move|p2a: Sableye|Recover|p2a: Sableye","|-heal|p2a: Sableye|229/303","|move|p1a: Nidoking|Earth Power|p2a: Sableye","|-damage|p2a: Sableye|95/303","|","|-weather|Sandstorm|[upkeep]","|-damage|p2a: Sableye|77/303|[from] sandstorm","|turn|17","|","|move|p1a: Nidoking|Flamethrower|p2a: Sableye","|-damage|p2a: Sableye|0 fnt","|faint|p2a: Sableye","|","|-weather|none","|","|switch|p2a: Weavile|Weavile, F|281/281","|-ability|p2a: Weavile|Pressure","|turn|18","|","|switch|p1a: Drapion|Drapion, F|281/281","|move|p2a: Weavile|Swords Dance|p2a: Weavile","|-boost|p2a: Weavile|atk|2","|","|turn|19","|","|move|p1a: Drapion|Rock Slide|p2a: Weavile","|-supereffective|p2a: Weavile","|-damage|p2a: Weavile|95/281","|move|p2a: Weavile|Swords Dance|p2a: Weavile","|-boost|p2a: Weavile|atk|2","|","|turn|20","|","|move|p2a: Weavile|Ice Shard|p1a: Drapion","|-damage|p1a: Drapion|89/281","|move|p1a: Drapion|Rock Slide|p2a: Weavile","|-supereffective|p2a: Weavile","|-damage|p2a: Weavile|0 fnt","|faint|p2a: Weavile","|","|","|switch|p2a: Krookodile|Krookodile, M|237/331","|turn|21","|","|switch|p1a: Weezing|Weezing, F|217/333","|move|p2a: Krookodile|Knock Off|p1a: Weezing","|-damage|p1a: Weezing|142/333","|","|turn|22","|","|switch|p2a: Tyranitar|Tyranitar, M|303/403 brn","|-weather|Sandstorm","|move|p1a: Weezing|Will-O-Wisp|p2a: Tyranitar","|-fail|p2a: Tyranitar|brn","|","|-weather|Sandstorm|[upkeep]","|-damage|p1a: Weezing|122/333|[from] sandstorm","|-damage|p2a: Tyranitar|253/403 brn|[from] brn","|turn|23","|","|move|p2a: Tyranitar|Rest|p2a: Tyranitar","|-status|p2a: Tyranitar|slp","|-heal|p2a: Tyranitar|403/403 slp|[silent]","|-status|p2a: Tyranitar|slp|[from] move: Rest","|move|p1a: Weezing|Pain Split|p2a: Tyranitar","|-sethp|p2a: Tyranitar|262/403 slp|p1a: Weezing|262/333|[from] move: Pain Split","|","|-weather|Sandstorm|[upkeep]","|-damage|p1a: Weezing|242/333|[from] sandstorm","|turn|24","|","|switch|p1a: Nidoking|Nidoking, M|303/303","|cant|p2a: Tyranitar|slp","|move|p2a: Tyranitar|Sleep Talk|p2a: Tyranitar","|move|p2a: Tyranitar|Rest|p2a: Tyranitar|[from]Sleep Talk","|-fail|p2a: Tyranitar","|","|-weather|Sandstorm|[upkeep]","|turn|25","|","|move|p1a: Nidoking|Earth Power|p2a: Tyranitar","|-supereffective|p2a: Tyranitar","|-damage|p2a: Tyranitar|51/403 slp","|cant|p2a: Tyranitar|slp","|move|p2a: Tyranitar|Sleep Talk|p2a: Tyranitar","|move|p2a: Tyranitar|Rest|p2a: Tyranitar|[from]Sleep Talk","|-fail|p2a: Tyranitar","|","|-weather|Sandstorm|[upkeep]","|turn|26","|","|move|p1a: Nidoking|Earth Power|p2a: Tyranitar","|-supereffective|p2a: Tyranitar","|-damage|p2a: Tyranitar|0 fnt","|faint|p2a: Tyranitar","|","|-weather|none","|","|switch|p2a: Cacturne|Cacturne, F|281/281","|turn|27","|","|move|p1a: Nidoking|Ice Beam|p2a: Cacturne","|-supereffective|p2a: Cacturne","|-enditem|p2a: Cacturne|Focus Sash","|-damage|p2a: Cacturne|1/281","|move|p2a: Cacturne|Swords Dance|p2a: Cacturne","|-boost|p2a: Cacturne|atk|2","|","|turn|28","|","|move|p1a: Nidoking|Sucker Punch|p2a: Cacturne","|-resisted|p2a: Cacturne","|-damage|p2a: Cacturne|0 fnt","|-damage|p1a: Nidoking|273/303|[from] item: Life Orb","|faint|p2a: Cacturne","|","|","|switch|p2a: Krookodile|Krookodile, M|237/331","|turn|29","|","|move|p2a: Krookodile|Outrage|p1a: Nidoking","|-damage|p1a: Nidoking|99/303","|move|p1a: Nidoking|Ice Beam|p2a: Krookodile","|-supereffective|p2a: Krookodile","|-damage|p2a: Krookodile|0 fnt","|faint|p2a: Krookodile","|","|win|Alliance Mxy"],"p1rating":{"entryid":"6690851","serverid":"eos","formatid":"monotype","userid":"alliancemxy","username":"Alliance - Mxy","w":80,"l":"52","t":"0","gxe":59.9,"r":"1573.0849520774","rd":"34.38362096814","sigma":"0","rptime":"1439456400","rpr":1575.7609704698,"rprd":33.942345590115,"rpsigma":"0","acre":1143.175300922,"lacre":1143.175300922,"oldacre":"1122.9105171001"},"p2rating":{"entryid":"7605632","serverid":"eos","formatid":"monotype","userid":"alliancesuccubus","username":"Alliance-Succubus","w":"1","l":1,"t":"0","gxe":51.6,"r":"1500","rd":"130","sigma":"0","rptime":"1439456400","rpr":1512.4584042664,"rprd":115.89198310125,"rpsigma":"0","acre":1041.347647337,"lacre":1041.347647337,"oldacre":"1056.298867092"},"endType":"normal"}