{"seed":[56302,31279,37409,42898],"turns":17,"p1":"Multistripè 멀티 줄무늬","p2":"V ProdigyMatt","p1team":[{"name":"ラティオス","species":"latios","item":"choicescarf","ability":"Levitate","moves":["shadowball","dragonpulse","psyshock","icebeam"],"nature":"Timid","evs":{"hp":0,"atk":0,"def":4,"spa":252,"spd":0,"spe":252},"ivs":{"hp":31,"atk":0,"def":31,"spa":31,"spd":31,"spe":31}},{"name":"キュレム","species":"kyuremblack","item":"lifeorb","ability":"Teravolt","moves":["icebeam","outrage","fusionbolt","ironhead"],"nature":"Naive","evs":{"hp":0,"atk":100,"def":0,"spa":180,"spd":0,"spe":228},"shiny":true,"ivs":{"hp":31,"atk":31,"def":31,"spa":31,"spd":31,"spe":31}},{"name":"ボーマンダ","species":"salamence","item":"choicescarf","ability":"Moxie","moves":["outrage","aerialace","steelwing","earthquake"],"nature":"Jolly","evs":{"hp":0,"atk":252,"def":4,"spa":0,"spd":0,"spe":252},"ivs":{"hp":31,"atk":31,"def":31,"spa":31,"spd":31,"spe":31}},{"name":"サザンドラ","species":"hydreigon","item":"choicespecs","ability":"Levitate","moves":["darkpulse","flamethrower","dracometeor","flashcannon"],"nature":"Modest","evs":{"hp":0,"atk":0,"def":4,"spa":252,"spd":0,"spe":252},"shiny":true,"ivs":{"hp":31,"atk":31,"def":31,"spa":31,"spd":31,"spe":31}},{"name":"ガブリアス","species":"garchomp","item":"rockyhelmet","ability":"Rough Skin","moves":["stealthrock","earthquake","dragontail","endure"],"nature":"Impish","evs":{"hp":252,"atk":0,"def":232,"spa":0,"spd":24,"spe":0},"ivs":{"hp":31,"atk":31,"def":31,"spa":31,"spd":31,"spe":31}},{"name":"ラティアス","species":"latias","item":"latiasite","ability":"Levitate","moves":["calmmind","recover","psyshock","dragonbreath"],"nature":"Bold","evs":{"hp":252,"atk":0,"def":224,"spa":0,"spd":0,"spe":32},"ivs":{"hp":31,"atk":0,"def":31,"spa":31,"spd":31,"spe":31}}],"p2team":[{"name":"Hydreigon","species":"Hydreigon","item":"choicescarf","ability":"Levitate","moves":["dracometeor","darkpulse","superpower","uturn"],"nature":"Naive","evs":{"hp":0,"atk":4,"def":0,"spa":252,"spd":0,"spe":252},"ivs":{"hp":31,"atk":31,"def":31,"spa":31,"spd":31,"spe":31}},{"name":"Weavile","species":"Weavile","item":"lifeorb","ability":"Pressure","moves":["knockoff","iciclecrash","iceshard","poisonjab"],"nature":"Adamant","evs":{"hp":0,"atk":252,"def":0,"spa":0,"spd":0,"spe":252},"ivs":{"hp":31,"atk":31,"def":31,"spa":31,"spd":31,"spe":31}},{"name":"Scrafty","species":"Scrafty","item":"leftovers","ability":"Shed Skin","moves":["bulkup","drainpunch","knockoff","superfang"],"nature":"Careful","evs":{"hp":252,"atk":4,"def":0,"spa":0,"spd":252,"spe":0},"ivs":{"hp":31,"atk":31,"def":31,"spa":31,"spd":31,"spe":31}},{"name":"Tyranitar","species":"Tyranitar","item":"leftovers","ability":"Sand Stream","moves":["stoneedge","crunch","fireblast","stealthrock"],"nature":"Sassy","evs":{"hp":252,"atk":0,"def":76,"spa":0,"spd":180,"spe":0},"ivs":{"hp":31,"atk":31,"def":31,"spa":31,"spd":31,"spe":31}},{"name":"Shiftry","species":"Shiftry","item":"lifeorb","ability":"Early Bird","moves":["defog","leafblade","lowkick","suckerpunch"],"nature":"Jolly","evs":{"hp":0,"atk":252,"def":0,"spa":0,"spd":4,"spe":252},"ivs":{"hp":31,"atk":31,"def":31,"spa":31,"spd":31,"spe":31}},{"name":"Sharpedo","species":"Sharpedo","item":"sharpedonite","ability":"Speed Boost","moves":["protect","waterfall","crunch","hiddenpowerflying"],"nature":"Lonely","evs":{"hp":4,"atk":252,"def":0,"spa":0,"spd":0,"spe":252},"ivs":{"hp":30,"atk":30,"def":30,"spa":30,"spd":30,"spe":31}}],"log":["|player|p1|Multistripè 멀티 줄무늬|89","|player|p2|V ProdigyMatt|40","|gametype|singles","|gen|6","|tier|Monotype","|rated","|rule|Baton Pass Clause: Limit one Baton Passer, can't pass Spe and other stats simultaneously","|rule|Swagger Clause: Swagger is banned","|rule|Same Type Clause: Pokémon in a team must share a type","|clearpoke","|poke|p1|Latios, M","|poke|p1|Kyurem-Black, shiny","|poke|p1|Salamence, M","|poke|p1|Hydreigon, F, shiny","|poke|p1|Garchomp, M","|poke|p1|Latias, F","|poke|p2|Hydreigon, F","|poke|p2|Weavile, M","|poke|p2|Scrafty, F","|poke|p2|Tyranitar, M","|poke|p2|Shiftry, F","|poke|p2|Sharpedo, F","|rule|Sleep Clause Mod: Limit one foe put to sleep","|rule|Species Clause: Limit one of each Pokémon","|rule|OHKO Clause: OHKO moves are banned","|rule|Moody Clause: Moody is banned","|rule|Evasion Moves Clause: Evasion moves are banned","|rule|Endless Battle Clause: Forcing endless battles is banned","|rule|HP Percentage Mod: HP is shown in percentages","|teampreview","|","|start","|switch|p1a: ガブリアス|Garchomp, M|420/420","|switch|p2a: Tyranitar|Tyranitar, M|404/404","|-weather|Sandstorm","|turn|1","|","|move|p1a: ガブリアス|Stealth Rock|p2a: Tyranitar","|-sidestart|p2: V ProdigyMatt|move: Stealth Rock","|move|p2a: Tyranitar|Stealth Rock|p1a: ガブリアス","|-sidestart|p1: Multistripè 멀티 줄무늬|move: Stealth Rock","|","|-weather|Sandstorm|[upkeep]","|turn|2","|","|move|p1a: ガブリアス|Earthquake|p2a: Tyranitar","|-supereffective|p2a: Tyranitar","|-damage|p2a: Tyranitar|134/404","|move|p2a: Tyranitar|Crunch|p1a: ガブリアス","|-damage|p1a: ガブリアス|324/420","|-damage|p2a: Tyranitar|84/404|[from] ability: Rough Skin|[of] p1a: ガブリアス","|-damage|p2a: Tyranitar|17/404|[from] item: Rocky Helmet|[of] p1a: ガブリアス","|-unboost|p1a: ガブリアス|def|1","|","|-weather|Sandstorm|[upkeep]","|-heal|p2a: Tyranitar|42/404|[from] item: Leftovers","|turn|3","|","|move|p1a: ガブリアス|Earthquake|p2a: Tyranitar","|-supereffective|p2a: Tyranitar","|-damage|p2a: Tyranitar|0 fnt","|faint|p2a: Tyranitar","|","|-weather|Sandstorm|[upkeep]","|","|switch|p2a: Weavile|Weavile, M|281/281","|-damage|p2a: Weavile|211/281|[from] Stealth Rock","|-ability|p2a: Weavile|Pressure","|turn|4","|","|switch|p1a: キュレム|Kyurem-Black, shiny|391/391","|-damage|p1a: キュレム|294/391|[from] Stealth Rock","|-ability|p1a: キュレム|Teravolt","|move|p2a: Weavile|Icicle Crash|p1a: キュレム","|-damage|p1a: キュレム|94/391","|-damage|p2a: Weavile|183/281|[from] item: Life Orb","|","|-weather|Sandstorm|[upkeep]","|-damage|p2a: Weavile|166/281|[from] sandstorm","|-damage|p1a: キュレム|70/391|[from] sandstorm","|turn|5","|","|move|p2a: Weavile|Ice Shard|p1a: キュレム","|-damage|p1a: キュレム|0 fnt","|-damage|p2a: Weavile|138/281|[from] item: Life Orb","|faint|p1a: キュレム","|","|-weather|none","|","|switch|p1a: ラティアス|Latias, F|364/364","|-damage|p1a: ラティアス|319/364|[from] Stealth Rock","|turn|6","|","|switch|p2a: Scrafty|Scrafty, F|334/334","|-damage|p2a: Scrafty|314/334|[from] Stealth Rock","|detailschange|p1a: ラティアス|Latias-Mega, F","|-mega|p1a: ラティアス|Latias|Latiasite","|move|p1a: ラティアス|Dragon Breath|p2a: Scrafty","|-damage|p2a: Scrafty|254/334","|","|-heal|p2a: Scrafty|274/334|[from] item: Leftovers","|turn|7","|","|switch|p1a: ガブリアス|Garchomp, M|324/420","|-damage|p1a: ガブリアス|298/420|[from] Stealth Rock","|move|p2a: Scrafty|Knock Off|p1a: ガブリアス","|-damage|p1a: ガブリアス|219/420","|-damage|p2a: Scrafty|233/334|[from] ability: Rough Skin|[of] p1a: ガブリアス","|-damage|p2a: Scrafty|178/334|[from] item: Rocky Helmet|[of] p1a: ガブリアス","|-enditem|p1a: ガブリアス|Rocky Helmet|[from] move: Knock Off|[of] p2a: Scrafty","|","|-heal|p2a: Scrafty|198/334|[from] item: Leftovers","|turn|8","|","|move|p2a: Scrafty|Super Fang|p1a: ガブリアス","|-damage|p1a: ガブリアス|110/420","|-damage|p2a: Scrafty|157/334|[from] ability: Rough Skin|[of] p1a: ガブリアス","|move|p1a: ガブリアス|Dragon Tail|p2a: Scrafty","|-damage|p2a: Scrafty|70/334","|drag|p2a: Weavile|Weavile, M|138/281","|-damage|p2a: Weavile|68/281|[from] Stealth Rock","|-ability|p2a: Weavile|Pressure","|","|turn|9","|","|move|p1a: ガブリアス|Endure|p1a: ガブリアス","|-singleturn|p1a: ガブリアス|move: Endure","|move|p2a: Weavile|Ice Shard|p1a: ガブリアス","|-supereffective|p1a: ガブリアス","|-activate|p1a: ガブリアス|move: Endure","|-damage|p1a: ガブリアス|1/420","|-damage|p2a: Weavile|40/281|[from] item: Life Orb","|","|turn|10","|","|move|p1a: ガブリアス|Endure|p1a: ガブリアス","|-fail|p1a: ガブリアス","|move|p2a: Weavile|Ice Shard|p1a: ガブリアス","|-supereffective|p1a: ガブリアス","|-damage|p1a: ガブリアス|0 fnt","|-damage|p2a: Weavile|12/281|[from] item: Life Orb","|faint|p1a: ガブリアス","|","|","|switch|p1a: ラティオス|Latios, M|301/301","|-damage|p1a: ラティオス|264/301|[from] Stealth Rock","|turn|11","|","|move|p2a: Weavile|Ice Shard|p1a: ラティオス","|-supereffective|p1a: ラティオス","|-damage|p1a: ラティオス|22/301","|-damage|p2a: Weavile|0 fnt|[from] item: Life Orb","|faint|p2a: Weavile","|move|p1a: ラティオス|Dragon Pulse|p2: Weavile|[notarget]","|-notarget","|","|","|switch|p2a: Hydreigon|Hydreigon, F|325/325","|-damage|p2a: Hydreigon|285/325|[from] Stealth Rock","|turn|12","|","|move|p1a: ラティオス|Dragon Pulse|p2a: Hydreigon","|-supereffective|p2a: Hydreigon","|-damage|p2a: Hydreigon|0 fnt","|faint|p2a: Hydreigon","|","|","|switch|p2a: Sharpedo|Sharpedo, F|281/281","|-damage|p2a: Sharpedo|246/281|[from] Stealth Rock","|turn|13","|","|move|p2a: Sharpedo|Protect|p2a: Sharpedo","|-singleturn|p2a: Sharpedo|Protect","|move|p1a: ラティオス|Dragon Pulse|p2a: Sharpedo","|-activate|p2a: Sharpedo|Protect","|","|-boost|p2a: Sharpedo|spe|1|[from] ability: Speed Boost","|turn|14","|","|detailschange|p2a: Sharpedo|Sharpedo-Mega, F","|-mega|p2a: Sharpedo|Sharpedo|Sharpedonite","|move|p1a: ラティオス|Dragon Pulse|p2a: Sharpedo","|-damage|p2a: Sharpedo|35/281","|move|p2a: Sharpedo|Crunch|p1a: ラティオス","|-supereffective|p1a: ラティオス","|-damage|p1a: ラティオス|0 fnt","|faint|p1a: ラティオス","|","|","|switch|p1a: ボーマンダ|Salamence, M|331/331","|-damage|p1a: ボーマンダ|249/331|[from] Stealth Rock","|turn|15","|","|move|p1a: ボーマンダ|Aerial Ace|p2a: Sharpedo","|-damage|p2a: Sharpedo|0 fnt","|faint|p2a: Sharpedo","|-boost|p1a: ボーマンダ|atk|1|[from] ability: Moxie","|","|","|switch|p2a: Scrafty|Scrafty, F|70/334","|-damage|p2a: Scrafty|50/334|[from] Stealth Rock","|turn|16","|","|move|p1a: ボーマンダ|Aerial Ace|p2a: Scrafty","|-supereffective|p2a: Scrafty","|-damage|p2a: Scrafty|0 fnt","|faint|p2a: Scrafty","|-boost|p1a: ボーマンダ|atk|1|[from] ability: Moxie","|","|","|switch|p2a: Shiftry|Shiftry, F|321/321","|-damage|p2a: Shiftry|281/321|[from] Stealth Rock","|turn|17","|","|move|p2a: Shiftry|Sucker Punch|p1a: ボーマンダ","|-damage|p1a: ボーマンダ|68/331","|-damage|p2a: Shiftry|249/321|[from] item: Life Orb","|move|p1a: ボーマンダ|Aerial Ace|p2a: Shiftry","|-crit|p2a: Shiftry","|-supereffective|p2a: Shiftry","|-damage|p2a: Shiftry|0 fnt","|faint|p2a: Shiftry","|-boost|p1a: ボーマンダ|atk|1|[from] ability: Moxie","|","|win|Multistripè 멀티 줄무늬"],"p1rating":{"entryid":"7615714","serverid":"eos","formatid":"monotype","userid":"multistrip","username":"Multistripè 멀티 줄무늬","w":2,"l":"0","t":"0","gxe":58.9,"r":"1500","rd":"130","sigma":"0","rptime":"1439456400","rpr":1571.0987774617,"rprd":115.97629505679,"rpsigma":"0","acre":1081.462559722,"lacre":1081.462559722,"oldacre":"1054.6137703193"},"p2rating":{"entryid":"7615727","serverid":"eos","formatid":"monotype","userid":"vprodigymatt","username":"V ProdigyMatt","w":"0","l":2,"t":"0","gxe":41,"r":"1500","rd":"130","sigma":"0","rptime":"1439456400","rpr":1427.4328741711,"rprd":116.77753930647,"rpsigma":"0","acre":1000,"lacre":1000,"oldacre":"1000"},"endType":"normal"}