{"seed":[43024,14483,25487,29173],"turns":21,"p1":"Onion L0rdMudkip","p2":"Professor♅ Gotenks","p1team":[{"name":"Armaldo","species":"Armaldo","item":"leftovers","ability":"Battle Armor","moves":["stealthrock","rapidspin","stoneedge","earthquake"],"nature":"Adamant","evs":{"hp":252,"atk":252,"def":0,"spa":0,"spd":4,"spe":0},"ivs":{"hp":31,"atk":31,"def":31,"spa":31,"spd":31,"spe":31}},{"name":"Galvantula","species":"Galvantula","item":"focussash","ability":"Compound Eyes","moves":["voltswitch","thunder","stickyweb","bugbuzz"],"nature":"Timid","evs":{"hp":0,"atk":0,"def":0,"spa":252,"spd":4,"spe":252},"ivs":{"hp":31,"atk":31,"def":31,"spa":31,"spd":31,"spe":31}},{"name":"Volcarona","species":"Volcarona","item":"weaknesspolicy","ability":"Flame Body","moves":["quiverdance","fierydance","bugbuzz","gigadrain"],"nature":"Modest","evs":{"hp":0,"atk":0,"def":0,"spa":252,"spd":4,"spe":252},"ivs":{"hp":31,"atk":31,"def":31,"spa":31,"spd":31,"spe":31}},{"name":"Scolipede","species":"Scolipede","item":"choiceband","ability":"Speed Boost","moves":["megahorn","earthquake","poisonjab","rockslide"],"nature":"Adamant","evs":{"hp":0,"atk":252,"def":0,"spa":0,"spd":4,"spe":252},"ivs":{"hp":31,"atk":31,"def":31,"spa":31,"spd":31,"spe":31}},{"name":"Scizor","species":"Scizor","item":"scizorite","ability":"Technician","moves":["bulletpunch","swordsdance","roost","bugbite"],"nature":"Adamant","evs":{"hp":248,"atk":252,"def":0,"spa":0,"spd":8,"spe":0},"ivs":{"hp":31,"atk":31,"def":31,"spa":31,"spd":31,"spe":31}},{"name":"Genesect","species":"Genesect","item":"choicescarf","ability":"Download","moves":["bugbuzz","uturn","flamethrower","icebeam"],"nature":"Timid","evs":{"hp":0,"atk":0,"def":0,"spa":252,"spd":4,"spe":252},"ivs":{"hp":31,"atk":31,"def":31,"spa":31,"spd":31,"spe":31}}],"p2team":[{"name":"Serperior","species":"Serperior","item":"bigroot","ability":"Contrary","moves":["leafstorm","hiddenpowerrock","dragonpulse","leechseed"],"nature":"Timid","evs":{"hp":0,"atk":0,"def":0,"spa":252,"spd":4,"spe":252},"ivs":{"hp":31,"atk":31,"def":30,"spa":31,"spd":30,"spe":30},"shiny":true},{"name":"Venusaur","species":"Venusaur","item":"venusaurite","ability":"Overgrow","moves":["grassyterrain","sludgebomb","synthesis","leechseed"],"nature":"Calm","evs":{"hp":248,"atk":0,"def":0,"spa":8,"spd":252,"spe":0},"ivs":{"hp":31,"atk":31,"def":31,"spa":31,"spd":31,"spe":31}},{"name":"Breloom","species":"Breloom","item":"focussash","ability":"Technician","moves":["spore","swordsdance","machpunch","bulletseed"],"nature":"Jolly","evs":{"hp":0,"atk":252,"def":0,"spa":0,"spd":4,"spe":252},"ivs":{"hp":31,"atk":31,"def":31,"spa":31,"spd":31,"spe":31}},{"name":"Chesnaught","species":"Chesnaught","item":"leftovers","ability":"Bulletproof","moves":["needlearm","spikyshield","drainpunch","taunt"],"nature":"Impish","evs":{"hp":252,"atk":4,"def":252,"spa":0,"spd":0,"spe":0},"ivs":{"hp":31,"atk":31,"def":31,"spa":31,"spd":31,"spe":31}},{"name":"Grotle","species":"Grotle","item":"eviolite","ability":"Shell Armor","moves":["lightscreen","reflect","stealthrock","gigadrain"],"nature":"Bold","evs":{"hp":248,"atk":0,"def":252,"spa":8,"spd":0,"spe":0},"shiny":true,"ivs":{"hp":31,"atk":31,"def":31,"spa":31,"spd":31,"spe":31}},{"name":"Whimsicott","species":"Whimsicott","item":"mentalherb","ability":"Prankster","moves":["leechseed","substitute","tailwind","moonblast"],"nature":"Bold","evs":{"hp":248,"atk":0,"def":252,"spa":8,"spd":0,"spe":0},"ivs":{"hp":31,"atk":31,"def":31,"spa":31,"spd":31,"spe":31}}],"log":["|player|p1|Onion L0rdMudkip|168","|player|p2|Professor♅ Gotenks|professorgotenks.png","|gametype|singles","|gen|6","|tier|Monotype","|rated","|rule|Baton Pass Clause: Limit one Baton Passer, can't pass Spe and other stats simultaneously","|rule|Swagger Clause: Swagger is banned","|rule|Same Type Clause: Pokémon in a team must share a type","|clearpoke","|poke|p1|Armaldo, M","|poke|p1|Galvantula, F","|poke|p1|Volcarona, M","|poke|p1|Scolipede, F","|poke|p1|Scizor, M","|poke|p1|Genesect-*","|poke|p2|Serperior, M, shiny","|poke|p2|Venusaur, F","|poke|p2|Breloom, F","|poke|p2|Chesnaught, F","|poke|p2|Grotle, M, shiny","|poke|p2|Whimsicott, M","|rule|Sleep Clause Mod: Limit one foe put to sleep","|rule|Species Clause: Limit one of each Pokémon","|rule|OHKO Clause: OHKO moves are banned","|rule|Moody Clause: Moody is banned","|rule|Evasion Moves Clause: Evasion moves are banned","|rule|Endless Battle Clause: Forcing endless battles is banned","|rule|HP Percentage Mod: HP is shown in percentages","|teampreview","|","|start","|switch|p1a: Galvantula|Galvantula, F|281/281","|switch|p2a: Whimsicott|Whimsicott, M|323/323","|turn|1","|","|move|p2a: Whimsicott|Leech Seed|p1a: Galvantula","|-start|p1a: Galvantula|move: Leech Seed","|move|p1a: Galvantula|Sticky Web|p2a: Whimsicott","|-sidestart|p2: Professor♅ Gotenks|move: Sticky Web","|","|-damage|p1a: Galvantula|246/281|[from] Leech Seed|[of] p2a: Whimsicott","|turn|2","|","|move|p2a: Whimsicott|Tailwind|p2a: Whimsicott","|-sidestart|p2: Professor♅ Gotenks|move: Tailwind","|move|p1a: Galvantula|Bug Buzz|p2a: Whimsicott","|-damage|p2a: Whimsicott|157/323","|","|-damage|p1a: Galvantula|211/281|[from] Leech Seed|[of] p2a: Whimsicott","|-heal|p2a: Whimsicott|192/323|[silent]","|turn|3","|","|move|p2a: Whimsicott|Moonblast|p1a: Galvantula","|-damage|p1a: Galvantula|70/281","|move|p1a: Galvantula|Volt Switch|p2a: Whimsicott","|-resisted|p2a: Whimsicott","|-damage|p2a: Whimsicott|122/323","|","|switch|p1a: Volcarona|Volcarona, M|311/311","|","|turn|4","|","|move|p2a: Whimsicott|Leech Seed|p1a: Volcarona","|-start|p1a: Volcarona|move: Leech Seed","|move|p1a: Volcarona|Quiver Dance|p1a: Volcarona","|-boost|p1a: Volcarona|spa|1","|-boost|p1a: Volcarona|spd|1","|-boost|p1a: Volcarona|spe|1","|","|-damage|p1a: Volcarona|273/311|[from] Leech Seed|[of] p2a: Whimsicott","|-heal|p2a: Whimsicott|160/323|[silent]","|turn|5","|","|move|p2a: Whimsicott|Moonblast|p1a: Volcarona","|-resisted|p1a: Volcarona","|-damage|p1a: Volcarona|244/311","|move|p1a: Volcarona|Quiver Dance|p1a: Volcarona","|-boost|p1a: Volcarona|spa|1","|-boost|p1a: Volcarona|spd|1","|-boost|p1a: Volcarona|spe|1","|","|-damage|p1a: Volcarona|206/311|[from] Leech Seed|[of] p2a: Whimsicott","|-heal|p2a: Whimsicott|198/323|[silent]","|-sideend|p2: Professor♅ Gotenks|move: Tailwind","|turn|6","|","|move|p2a: Whimsicott|Tailwind|p2a: Whimsicott","|-sidestart|p2: Professor♅ Gotenks|move: Tailwind","|move|p1a: Volcarona|Fiery Dance|p2a: Whimsicott","|-supereffective|p2a: Whimsicott","|-damage|p2a: Whimsicott|0 fnt","|faint|p2a: Whimsicott","|","|","|switch|p2a: Breloom|Breloom, F|261/261","|-activate|p2a: Breloom|move: Sticky Web","|-unboost|p2a: Breloom|spe|1","|turn|7","|","|move|p1a: Volcarona|Fiery Dance|p2a: Breloom","|-supereffective|p2a: Breloom","|-enditem|p2a: Breloom|Focus Sash","|-damage|p2a: Breloom|1/261","|-boost|p1a: Volcarona|spa|1","|move|p2a: Breloom|Spore|p1a: Volcarona","|-status|p1a: Volcarona|slp","|","|-damage|p1a: Volcarona|168/311 slp|[from] Leech Seed|[of] p2a: Breloom","|-heal|p2a: Breloom|39/261|[silent]","|turn|8","|","|cant|p1a: Volcarona|slp","|move|p2a: Breloom|Swords Dance|p2a: Breloom","|-boost|p2a: Breloom|atk|2","|","|-damage|p1a: Volcarona|130/311 slp|[from] Leech Seed|[of] p2a: Breloom","|-heal|p2a: Breloom|77/261|[silent]","|turn|9","|","|cant|p1a: Volcarona|slp","|move|p2a: Breloom|Swords Dance|p2a: Breloom","|-boost|p2a: Breloom|atk|2","|","|-damage|p1a: Volcarona|92/311 slp|[from] Leech Seed|[of] p2a: Breloom","|-heal|p2a: Breloom|115/261|[silent]","|-sideend|p2: Professor♅ Gotenks|move: Tailwind","|turn|10","|","|move|p2a: Breloom|Mach Punch|p1a: Volcarona","|-resisted|p1a: Volcarona","|-damage|p1a: Volcarona|0 fnt","|faint|p1a: Volcarona","|","|","|switch|p1a: Scolipede|Scolipede, F|261/261","|turn|11","|","|move|p1a: Scolipede|Megahorn|p2a: Breloom","|-damage|p2a: Breloom|0 fnt","|faint|p2a: Breloom","|","|-boost|p1a: Scolipede|spe|1|[from] ability: Speed Boost","|","|switch|p2a: Venusaur|Venusaur, F|363/363","|-activate|p2a: Venusaur|move: Sticky Web","|-unboost|p2a: Venusaur|spe|1","|turn|12","|","|detailschange|p2a: Venusaur|Venusaur-Mega, F","|-mega|p2a: Venusaur|Venusaur|Venusaurite","|move|p1a: Scolipede|Megahorn|p2a: Venusaur","|-damage|p2a: Venusaur|128/363","|move|p2a: Venusaur|Grassy Terrain|p2a: Venusaur","|-fieldstart|move: Grassy Terrain","|","|-heal|p2a: Venusaur|150/363|[from] Grassy Terrain","|-boost|p1a: Scolipede|spe|1|[from] ability: Speed Boost","|turn|13","|","|move|p1a: Scolipede|Megahorn|p2a: Venusaur","|-damage|p2a: Venusaur|0 fnt","|faint|p2a: Venusaur","|","|-boost|p1a: Scolipede|spe|1|[from] ability: Speed Boost","|","|switch|p2a: Serperior|Serperior, M, shiny|291/291","|-activate|p2a: Serperior|move: Sticky Web","|-boost|p2a: Serperior|spe|1","|turn|14","|","|move|p1a: Scolipede|Megahorn|p2a: Serperior","|-supereffective|p2a: Serperior","|-damage|p2a: Serperior|0 fnt","|faint|p2a: Serperior","|","|-boost|p1a: Scolipede|spe|1|[from] ability: Speed Boost","|","|switch|p2a: Chesnaught|Chesnaught, F|380/380","|-activate|p2a: Chesnaught|move: Sticky Web","|-unboost|p2a: Chesnaught|spe|1","|turn|15","|","|move|p2a: Chesnaught|Spiky Shield|p2a: Chesnaught","|-singleturn|p2a: Chesnaught|move: Protect","|move|p1a: Scolipede|Megahorn|p2a: Chesnaught","|-activate|p2a: Chesnaught|Protect","|-damage|p1a: Scolipede|229/261|[from] Spiky Shield|[of] p2a: Chesnaught","|","|-heal|p1a: Scolipede|245/261|[from] Grassy Terrain","|-boost|p1a: Scolipede|spe|1|[from] ability: Speed Boost","|turn|16","|","|move|p1a: Scolipede|Megahorn|p2a: Chesnaught|[miss]","|-miss|p1a: Scolipede|p2a: Chesnaught","|move|p2a: Chesnaught|Needle Arm|p1a: Scolipede","|-resisted|p1a: Scolipede","|-damage|p1a: Scolipede|212/261","|","|-fieldend|move: Grassy Terrain","|-boost|p1a: Scolipede|spe|1|[from] ability: Speed Boost","|turn|17","|","|move|p2a: Chesnaught|Spiky Shield|p2a: Chesnaught","|-singleturn|p2a: Chesnaught|move: Protect","|move|p1a: Scolipede|Megahorn|p2a: Chesnaught","|-activate|p2a: Chesnaught|Protect","|-damage|p1a: Scolipede|180/261|[from] Spiky Shield|[of] p2a: Chesnaught","|","|turn|18","|","|move|p1a: Scolipede|Megahorn|p2a: Chesnaught","|-damage|p2a: Chesnaught|197/380","|move|p2a: Chesnaught|Drain Punch|p1a: Scolipede","|-resisted|p1a: Scolipede","|-damage|p1a: Scolipede|156/261","|-heal|p2a: Chesnaught|209/380|[from] drain|[of] p1a: Scolipede","|","|-heal|p2a: Chesnaught|232/380|[from] item: Leftovers","|turn|19","|","|switch|p1a: Genesect|Genesect|283/283","|-boost|p1a: Genesect|spa|1|[from] ability: Download","|move|p2a: Chesnaught|Spiky Shield|p2a: Chesnaught","|-fail|p2a: Chesnaught","|","|-heal|p2a: Chesnaught|255/380|[from] item: Leftovers","|turn|20","|","|move|p1a: Genesect|Bug Buzz|p2a: Chesnaught","|-damage|p2a: Chesnaught|0 fnt","|faint|p2a: Chesnaught","|","|","|switch|p2a: Grotle|Grotle, M, shiny|353/353","|-activate|p2a: Grotle|move: Sticky Web","|-unboost|p2a: Grotle|spe|1","|turn|21","|","|move|p1a: Genesect|Bug Buzz|p2a: Grotle","|-supereffective|p2a: Grotle","|-damage|p2a: Grotle|0 fnt","|faint|p2a: Grotle","|","|win|Onion L0rdMudkip"],"p1rating":{"entryid":"7311817","serverid":"eos","formatid":"monotype","userid":"onionl0rdmudkip","username":"Onion L0rdMudkip","w":5,"l":"7","t":"0","gxe":45.8,"r":"1456.1154862118","rd":"93.929433467508","sigma":"0","rptime":"1439456400","rpr":1467.3237614514,"rprd":83.371332276553,"rpsigma":"0","acre":1107.214073823,"lacre":1107.214073823,"oldacre":"1073.4424350607"},"p2rating":{"entryid":"6600838","serverid":"eos","formatid":"monotype","userid":"professorgotenks","username":"Professor♅ Gotenks","w":"32","l":43,"t":"0","gxe":43.2,"r":"1453.5947692016","rd":"43.70467389359","sigma":"0","rptime":"1439456400","rpr":1448.4377518777,"rprd":43.390545218454,"rpsigma":"0","acre":1102.2385898498,"lacre":1102.2385898498,"oldacre":"1131.368510117"},"endType":"normal"}