{"seed":[23124,45764,12659,54123],"turns":24,"p1":"GLReshiram","p2":"EMG UNOWNMAN","p1team":[{"name":"Heatran","species":"Heatran","item":"assaultvest","ability":"Flash Fire","moves":["magmastorm","earthpower","dragonpulse","flashcannon"],"nature":"Modest","evs":{"hp":148,"atk":0,"def":0,"spa":200,"spd":160,"spe":0},"ivs":{"hp":31,"atk":31,"def":31,"spa":31,"spd":31,"spe":31}},{"name":"Ninetales","species":"Ninetales","item":"focussash","ability":"Drought","moves":["flamethrower","solarbeam","hiddenpowerelectric","nastyplot"],"nature":"Timid","evs":{"hp":4,"atk":0,"def":0,"spa":252,"spd":0,"spe":252},"ivs":{"hp":31,"atk":31,"def":31,"spa":30,"spd":31,"spe":31}},{"name":"Torkoal","species":"Torkoal","item":"leftovers","ability":"Shell Armor","moves":["protect","toxic","clearsmog","rapidspin"],"nature":"Bold","evs":{"hp":252,"atk":0,"def":252,"spa":4,"spd":0,"spe":0},"ivs":{"hp":31,"atk":31,"def":31,"spa":31,"spd":31,"spe":31}},{"name":"Rotom-Heat","species":"Rotom-Heat","item":"lightclay","ability":"Levitate","moves":["voltswitch","willowisp","reflect","lightscreen"],"nature":"Bold","evs":{"hp":248,"atk":0,"def":252,"spa":0,"spd":8,"spe":0},"ivs":{"hp":31,"atk":31,"def":31,"spa":31,"spd":31,"spe":31}},{"name":"Entei","species":"Entei","item":"choiceband","ability":"Pressure","moves":["sacredfire","ironhead","extremespeed","stoneedge"],"nature":"Adamant","evs":{"hp":0,"atk":252,"def":4,"spa":0,"spd":0,"spe":252},"shiny":true,"ivs":{"hp":31,"atk":31,"def":31,"spa":31,"spd":31,"spe":31}},{"name":"Charizard","species":"Charizard","item":"charizarditex","ability":"Blaze","moves":["dragondance","roost","dragonclaw","thunderpunch"],"nature":"Adamant","evs":{"hp":144,"atk":252,"def":0,"spa":0,"spd":0,"spe":112},"ivs":{"hp":31,"atk":31,"def":31,"spa":31,"spd":31,"spe":31}}],"p2team":[{"name":"Claydol","species":"Claydol","item":"leftovers","ability":"Levitate","moves":["stealthrock","rapidspin","icebeam","magiccoat"],"nature":"Bold","evs":{"hp":252,"atk":0,"def":252,"spa":0,"spd":4,"spe":0},"shiny":true,"ivs":{"hp":31,"atk":31,"def":31,"spa":31,"spd":31,"spe":31}},{"name":"Jirachi","species":"Jirachi","item":"choicescarf","ability":"Serene Grace","moves":["ironhead","heartstamp","firepunch","icepunch"],"nature":"Jolly","evs":{"hp":0,"atk":252,"def":0,"spa":0,"spd":4,"spe":252},"shiny":true,"ivs":{"hp":31,"atk":31,"def":31,"spa":31,"spd":31,"spe":31}},{"name":"Medicham","species":"Medicham","item":"medichamite","ability":"Pure Power","moves":["zenheadbutt","drainpunch","fakeout","bulletpunch"],"nature":"Jolly","evs":{"hp":0,"atk":252,"def":0,"spa":0,"spd":4,"spe":252},"gender":"M","shiny":true,"ivs":{"hp":31,"atk":31,"def":31,"spa":31,"spd":31,"spe":31}},{"name":"Victini","species":"Victini","item":"choiceband","ability":"Victory Star","moves":["vcreate","boltstrike","uturn","zenheadbutt"],"nature":"Adamant","evs":{"hp":0,"atk":252,"def":4,"spa":0,"spd":0,"spe":252},"ivs":{"hp":31,"atk":31,"def":31,"spa":31,"spd":31,"spe":31}},{"name":"Espeon","species":"Espeon","item":"focussash","ability":"Magic Bounce","moves":["psyshock","hiddenpowerfire","dazzlinggleam","healbell"],"nature":"Timid","evs":{"hp":0,"atk":0,"def":0,"spa":252,"spd":4,"spe":252},"gender":"M","ivs":{"hp":31,"atk":30,"def":31,"spa":30,"spd":31,"spe":30},"shiny":true},{"name":"Hoopa-Unbound","species":"Hoopa-Unbound","item":"choicescarf","ability":"Magician","moves":["hyperspacehole","darkpulse","hiddenpowerfire","trick"],"nature":"Modest","evs":{"hp":0,"atk":0,"def":0,"spa":252,"spd":4,"spe":252},"ivs":{"hp":31,"atk":30,"def":31,"spa":30,"spd":31,"spe":30}}],"log":["|player|p1|GLReshiram|265","|player|p2|EMG UNOWNMAN|170","|gametype|singles","|gen|6","|tier|Monotype","|rated","|rule|Baton Pass Clause: Limit one Baton Passer, can't pass Spe and other stats simultaneously","|rule|Swagger Clause: Swagger is banned","|rule|Same Type Clause: Pokémon in a team must share a type","|clearpoke","|poke|p1|Heatran, F","|poke|p1|Ninetales, F","|poke|p1|Torkoal, F","|poke|p1|Rotom-Heat","|poke|p1|Entei, shiny","|poke|p1|Charizard, M","|poke|p2|Claydol, shiny","|poke|p2|Jirachi, shiny","|poke|p2|Medicham, M, shiny","|poke|p2|Victini","|poke|p2|Espeon, M, shiny","|poke|p2|Hoopa-Unbound","|rule|Sleep Clause Mod: Limit one foe put to sleep","|rule|Species Clause: Limit one of each Pokémon","|rule|OHKO Clause: OHKO moves are banned","|rule|Moody Clause: Moody is banned","|rule|Evasion Moves Clause: Evasion moves are banned","|rule|Endless Battle Clause: Forcing endless battles is banned","|rule|HP Percentage Mod: HP is shown in percentages","|teampreview","|","|start","|switch|p1a: Rotom-Heat|Rotom-Heat|303/303","|switch|p2a: Claydol|Claydol, shiny|324/324","|turn|1","|","|switch|p2a: Hoopa-Unbound|Hoopa-Unbound|301/301","|move|p1a: Rotom-Heat|Light Screen|p1a: Rotom-Heat","|-sidestart|p1: GLReshiram|move: Light Screen","|","|turn|2","|","|move|p2a: Hoopa-Unbound|Dark Pulse|p1a: Rotom-Heat","|-damage|p1a: Rotom-Heat|209/303","|move|p1a: Rotom-Heat|Reflect|p1a: Rotom-Heat","|-sidestart|p1: GLReshiram|Reflect","|","|turn|3","|","|move|p2a: Hoopa-Unbound|Dark Pulse|p1a: Rotom-Heat","|-damage|p1a: Rotom-Heat|123/303","|move|p1a: Rotom-Heat|Will-O-Wisp|p2a: Hoopa-Unbound","|-status|p2a: Hoopa-Unbound|brn","|","|-damage|p2a: Hoopa-Unbound|264/301 brn|[from] brn","|turn|4","|","|switch|p2a: Claydol|Claydol, shiny|324/324","|move|p1a: Rotom-Heat|Volt Switch|p2a: Claydol","|-immune|p2a: Claydol|[msg]","|","|turn|5","|","|switch|p1a: Torkoal|Torkoal, F|344/344","|move|p2a: Claydol|Stealth Rock|p1a: Torkoal","|-sidestart|p1: GLReshiram|move: Stealth Rock","|","|turn|6","|","|move|p2a: Claydol|Magic Coat|p2a: Claydol","|-singleturn|p2a: Claydol|move: Magic Coat","|move|p1a: Torkoal|Toxic|p2a: Claydol","|move|p2a: Claydol|Toxic|p1a: Torkoal|[from]Magic Coat","|-status|p1a: Torkoal|tox","|","|-damage|p1a: Torkoal|323/344 tox|[from] psn","|turn|7","|","|switch|p2a: Hoopa-Unbound|Hoopa-Unbound|264/301 brn","|move|p1a: Torkoal|Rapid Spin|p2a: Hoopa-Unbound","|-damage|p2a: Hoopa-Unbound|243/301 brn","|-sideend|p1: GLReshiram|Stealth Rock|[from] move: Rapid Spin|[of] p1a: Torkoal","|","|-heal|p1a: Torkoal|344/344 tox|[from] item: Leftovers","|-damage|p2a: Hoopa-Unbound|206/301 brn|[from] brn","|-damage|p1a: Torkoal|302/344 tox|[from] psn","|turn|8","|","|move|p1a: Torkoal|Protect|p1a: Torkoal","|-singleturn|p1a: Torkoal|Protect","|move|p2a: Hoopa-Unbound|Dark Pulse|p1a: Torkoal","|-activate|p1a: Torkoal|Protect","|","|-heal|p1a: Torkoal|323/344 tox|[from] item: Leftovers","|-damage|p2a: Hoopa-Unbound|169/301 brn|[from] brn","|-damage|p1a: Torkoal|260/344 tox|[from] psn","|-sideend|p1: GLReshiram|move: Light Screen","|turn|9","|","|switch|p1a: Heatran|Heatran, F|360/360","|move|p2a: Hoopa-Unbound|Dark Pulse|p1a: Heatran","|-damage|p1a: Heatran|261/360","|","|-damage|p2a: Hoopa-Unbound|132/301 brn|[from] brn","|-sideend|p1: GLReshiram|Reflect","|turn|10","|","|switch|p2a: Claydol|Claydol, shiny|324/324","|move|p1a: Heatran|Magma Storm|p2a: Claydol","|-damage|p2a: Claydol|173/324","|-activate|p2a: Claydol|move: Magma Storm|[of] p1a: Heatran","|","|-heal|p2a: Claydol|193/324|[from] item: Leftovers","|-damage|p2a: Claydol|153/324|[from] move: Magma Storm|[partiallytrapped]","|turn|11","|","|switch|p1a: Ninetales|Ninetales, F|288/288","|-weather|SunnyDay","|move|p2a: Claydol|Stealth Rock|p1a: Ninetales","|-sidestart|p1: GLReshiram|move: Stealth Rock","|","|-weather|SunnyDay|[upkeep]","|-heal|p2a: Claydol|173/324|[from] item: Leftovers","|turn|12","|","|switch|p2a: Victini|Victini|341/341","|move|p1a: Ninetales|Solar Beam|p2a: Victini|[still]","|-prepare|p1a: Ninetales|Solar Beam|p2a: Victini","|-anim|p1a: Ninetales|Solar Beam|p2a: Victini","|-resisted|p2a: Victini","|-damage|p2a: Victini|290/341","|","|-weather|SunnyDay|[upkeep]","|turn|13","|","|switch|p1a: Heatran|Heatran, F|261/360","|-damage|p1a: Heatran|216/360|[from] Stealth Rock","|move|p2a: Victini|U-turn|p1a: Heatran","|-resisted|p1a: Heatran","|-damage|p1a: Heatran|187/360","|","|switch|p2a: Medicham|Medicham, M, shiny|261/261","|","|-weather|SunnyDay|[upkeep]","|turn|14","|","|switch|p1a: Torkoal|Torkoal, F|260/344 tox","|-damage|p1a: Torkoal|174/344 tox|[from] Stealth Rock","|detailschange|p2a: Medicham|Medicham-Mega, M, shiny","|-mega|p2a: Medicham|Medicham|Medichamite","|move|p2a: Medicham|Drain Punch|p1a: Torkoal","|-damage|p1a: Torkoal|45/344 tox","|","|-weather|SunnyDay|[upkeep]","|-heal|p1a: Torkoal|66/344 tox|[from] item: Leftovers","|-damage|p1a: Torkoal|45/344 tox|[from] psn","|turn|15","|","|move|p2a: Medicham|Drain Punch|p1a: Torkoal","|-damage|p1a: Torkoal|0 fnt","|faint|p1a: Torkoal","|","|-weather|none","|","|switch|p1a: Rotom-Heat|Rotom-Heat|123/303","|-damage|p1a: Rotom-Heat|48/303|[from] Stealth Rock","|turn|16","|","|move|p2a: Medicham|Drain Punch|p1a: Rotom-Heat","|-damage|p1a: Rotom-Heat|0 fnt","|faint|p1a: Rotom-Heat","|","|","|switch|p1a: Ninetales|Ninetales, F|288/288","|-damage|p1a: Ninetales|216/288|[from] Stealth Rock","|-weather|SunnyDay","|turn|17","|","|switch|p2a: Espeon|Espeon, M, shiny|271/271","|move|p1a: Ninetales|Flamethrower|p2a: Espeon","|-damage|p2a: Espeon|93/271","|","|-weather|SunnyDay|[upkeep]","|turn|18","|","|move|p2a: Espeon|Psyshock|p1a: Ninetales","|-damage|p1a: Ninetales|29/288","|move|p1a: Ninetales|Flamethrower|p2a: Espeon","|-damage|p2a: Espeon|0 fnt","|faint|p2a: Espeon","|","|-weather|SunnyDay|[upkeep]","|","|switch|p2a: Medicham|Medicham-Mega, M, shiny|261/261","|turn|19","|","|move|p2a: Medicham|Fake Out|p1a: Ninetales","|-damage|p1a: Ninetales|0 fnt","|faint|p1a: Ninetales","|","|-weather|SunnyDay|[upkeep]","|","|switch|p1a: Entei|Entei, shiny|371/371","|-damage|p1a: Entei|279/371|[from] Stealth Rock","|-ability|p1a: Entei|Pressure","|turn|20","|","|switch|p2a: Victini|Victini|290/341","|move|p1a: Entei|Sacred Fire|p2a: Victini","|-resisted|p2a: Victini","|-damage|p2a: Victini|89/341","|","|-weather|SunnyDay|[upkeep]","|turn|21","|","|move|p2a: Victini|Bolt Strike|p1a: Entei","|-damage|p1a: Entei|58/371","|move|p1a: Entei|Sacred Fire|p2a: Victini","|-resisted|p2a: Victini","|-damage|p2a: Victini|0 fnt","|faint|p2a: Victini","|","|-weather|none","|","|switch|p2a: Hoopa-Unbound|Hoopa-Unbound|132/301 brn","|turn|22","|","|switch|p1a: Charizard|Charizard, M|333/333","|-damage|p1a: Charizard|167/333|[from] Stealth Rock","|move|p2a: Hoopa-Unbound|Dark Pulse|p1a: Charizard","|-damage|p1a: Charizard|0 fnt","|faint|p1a: Charizard","|","|-damage|p2a: Hoopa-Unbound|95/301 brn|[from] brn","|","|switch|p1a: Heatran|Heatran, F|187/360","|-damage|p1a: Heatran|142/360|[from] Stealth Rock","|turn|23","|","|move|p2a: Hoopa-Unbound|Dark Pulse|p1a: Heatran","|-damage|p1a: Heatran|36/360","|cant|p1a: Heatran|flinch","|","|-damage|p2a: Hoopa-Unbound|58/301 brn|[from] brn","|turn|24","|","|move|p2a: Hoopa-Unbound|Dark Pulse|p1a: Heatran","|-damage|p1a: Heatran|0 fnt","|faint|p1a: Heatran","|","|-damage|p2a: Hoopa-Unbound|21/301 brn|[from] brn","|","|switch|p1a: Entei|Entei, shiny|58/371","|-damage|p1a: Entei|0 fnt|[from] Stealth Rock","|faint|p1a: Entei","|","|win|EMG UNOWNMAN"],"p1rating":{"entryid":"6886801","serverid":"eos","formatid":"monotype","userid":"glreshiram","username":"GL♅Reshiram","w":"22","l":25,"t":"0","gxe":47.8,"r":1488.6600093725,"rd":51.960854322562,"sigma":"0","rptime":1439456400,"rpr":1483.6055268268,"rprd":51.464360555452,"rpsigma":"0","acre":1085.1774206943,"lacre":1085.1774206943,"oldacre":"1098.2502559051"},"p2rating":{"entryid":"7117043","serverid":"eos","formatid":"monotype","userid":"emgunownman","username":"Emg UnownMaN","w":29,"l":"15","t":"0","gxe":64.6,"r":"1608.3726895731","rd":"54.851422283041","sigma":"0","rptime":"1439456400","rpr":1614.09976376,"rprd":54.261684780334,"rpsigma":"0","acre":1289.3651281724,"lacre":1289.3651281724,"oldacre":"1276.1535921185"},"endType":"normal"}