{"seed":[14932,43799,17658,43118],"turns":29,"p1":"Emg_DemZii","p2":"GTX♅Bzumzum","p1team":[{"name":"Politoed","species":"Politoed","item":"choicespecs","ability":"Drizzle","moves":["hydropump","icebeam","focusblast","hiddenpowergrass"],"nature":"Modest","evs":{"hp":248,"atk":0,"def":0,"spa":252,"spd":8,"spe":0},"ivs":{"hp":31,"atk":30,"def":31,"spa":30,"spd":31,"spe":31}},{"name":"Manaphy","species":"Manaphy","item":"leftovers","ability":"Hydration","moves":["tailglow","rest","scald","ancientpower"],"nature":"Modest","evs":{"hp":252,"atk":0,"def":0,"spa":252,"spd":4,"spe":0},"ivs":{"hp":31,"atk":31,"def":31,"spa":31,"spd":31,"spe":31}},{"name":"Surskit","species":"Surskit","item":"focussash","ability":"Swift Swim","moves":["stickyweb","haze","toxic","stringshot"],"nature":"Timid","evs":{"hp":248,"atk":0,"def":0,"spa":0,"spd":8,"spe":252},"ivs":{"hp":31,"atk":31,"def":31,"spa":31,"spd":31,"spe":31}},{"name":"Swampert","species":"Swampert","item":"swampertite","ability":"Torrent","moves":["waterfall","hammerarm","icepunch","earthquake"],"nature":"Adamant","evs":{"hp":248,"atk":252,"def":0,"spa":0,"spd":8,"spe":0},"ivs":{"hp":31,"atk":31,"def":31,"spa":31,"spd":31,"spe":31}},{"name":"Azumarill","species":"Azumarill","item":"choiceband","ability":"Sap Sipper","moves":["aquajet","playrough","knockoff","icepunch"],"nature":"Adamant","evs":{"hp":248,"atk":252,"def":0,"spa":0,"spd":8,"spe":0},"ivs":{"hp":31,"atk":31,"def":31,"spa":31,"spd":31,"spe":31}},{"name":"Tentacruel","species":"Tentacruel","item":"blacksludge","ability":"Liquid Ooze","moves":["rapidspin","acidspray","sludgebomb","surf"],"nature":"Bold","evs":{"hp":0,"atk":0,"def":248,"spa":8,"spd":252,"spe":0},"ivs":{"hp":31,"atk":31,"def":31,"spa":31,"spd":31,"spe":31}}],"p2team":[{"name":"Glow","species":"ampharos","item":"ampharosite","ability":"Static","moves":["agility","cottonguard","focusblast","dragonpulse"],"nature":"Timid","evs":{"hp":0,"atk":0,"def":0,"spa":252,"spd":4,"spe":252},"gender":"M","ivs":{"hp":31,"atk":31,"def":31,"spa":31,"spd":31,"spe":31}},{"name":"Water-Safe","species":"rotomwash","item":"chestoberry","ability":"Levitate","moves":["hydropump","hiddenpowergrass","willowisp","rest"],"nature":"Calm","evs":{"hp":248,"atk":0,"def":0,"spa":8,"spd":252,"spe":0},"ivs":{"hp":31,"atk":30,"def":31,"spa":30,"spd":31,"spe":31},"shiny":true},{"name":"MY ZONE!!!","species":"magnezone","item":"choicespecs","ability":"Sturdy","moves":["hiddenpowerice","flashcannon","triattack","signalbeam"],"nature":"Modest","evs":{"hp":248,"atk":0,"def":0,"spa":252,"spd":8,"spe":0},"ivs":{"hp":31,"atk":30,"def":30,"spa":31,"spd":31,"spe":31},"shiny":true},{"name":"Lightning","species":"raichu","item":"choicescarf","ability":"Static","moves":["focusblast","voltswitch","grassknot","surf"],"nature":"Modest","evs":{"hp":4,"atk":0,"def":0,"spa":252,"spd":0,"spe":252},"gender":"M","shiny":true,"ivs":{"hp":31,"atk":31,"def":31,"spa":31,"spd":31,"spe":31}},{"name":"Zapz","species":"zapdos","item":"leftovers","ability":"Pressure","moves":["heatwave","roost","extrasensory","defog"],"nature":"Modest","evs":{"hp":252,"atk":0,"def":0,"spa":252,"spd":4,"spe":0},"shiny":true,"ivs":{"hp":31,"atk":31,"def":31,"spa":31,"spd":31,"spe":31}},{"name":"Plugg-in Failure","species":"electivire","item":"choicescarf","ability":"Vital Spirit","moves":["crosschop","earthquake","icepunch","rockslide"],"nature":"Adamant","evs":{"hp":0,"atk":252,"def":0,"spa":0,"spd":4,"spe":252},"gender":"M","shiny":true,"ivs":{"hp":31,"atk":31,"def":31,"spa":31,"spd":31,"spe":31}}],"log":["|player|p1|Emg_DemZii|274","|player|p2|GTX♅Bzumzum|225","|gametype|singles","|gen|6","|tier|Monotype","|rated","|rule|Baton Pass Clause: Limit one Baton Passer, can't pass Spe and other stats simultaneously","|rule|Swagger Clause: Swagger is banned","|rule|Same Type Clause: Pokémon in a team must share a type","|clearpoke","|poke|p1|Politoed, M","|poke|p1|Manaphy","|poke|p1|Surskit, F","|poke|p1|Swampert, F","|poke|p1|Azumarill, F","|poke|p1|Tentacruel, M","|poke|p2|Ampharos, M","|poke|p2|Rotom-Wash, shiny","|poke|p2|Magnezone, shiny","|poke|p2|Raichu, M, shiny","|poke|p2|Zapdos, shiny","|poke|p2|Electivire, M, shiny","|rule|Sleep Clause Mod: Limit one foe put to sleep","|rule|Species Clause: Limit one of each Pokémon","|rule|OHKO Clause: OHKO moves are banned","|rule|Moody Clause: Moody is banned","|rule|Evasion Moves Clause: Evasion moves are banned","|rule|Endless Battle Clause: Forcing endless battles is banned","|rule|HP Percentage Mod: HP is shown in percentages","|teampreview","|","|start","|switch|p1a: Politoed|Politoed, M|383/383","|switch|p2a: Lightning|Raichu, M, shiny|262/262","|-weather|RainDance","|turn|1","|","|switch|p1a: Swampert|Swampert, F|403/403","|move|p2a: Lightning|Grass Knot|p1a: Swampert","|-supereffective|p1a: Swampert","|-damage|p1a: Swampert|27/403","|","|-weather|RainDance|[upkeep]","|turn|2","|","|switch|p1a: Surskit|Surskit, F|283/283","|move|p2a: Lightning|Grass Knot|p1a: Surskit","|-damage|p1a: Surskit|247/283","|","|-weather|RainDance|[upkeep]","|turn|3","|","|switch|p2a: Water-Safe|Rotom-Wash, shiny|303/303","|move|p1a: Surskit|Sticky Web|p2a: Water-Safe","|-sidestart|p2: GTX♅Bzumzum|move: Sticky Web","|","|-weather|RainDance|[upkeep]","|turn|4","|","|move|p1a: Surskit|Toxic|p2a: Water-Safe","|-status|p2a: Water-Safe|tox","|move|p2a: Water-Safe|Hidden Power|p1a: Surskit","|-damage|p1a: Surskit|169/283","|","|-weather|RainDance|[upkeep]","|-damage|p2a: Water-Safe|285/303 tox|[from] psn","|turn|5","|","|move|p1a: Surskit|String Shot|p2a: Water-Safe","|-unboost|p2a: Water-Safe|spe|2","|move|p2a: Water-Safe|Will-O-Wisp|p1a: Surskit","|-status|p1a: Surskit|brn","|","|-weather|none","|-damage|p1a: Surskit|134/283 brn|[from] brn","|-damage|p2a: Water-Safe|249/303 tox|[from] psn","|turn|6","|","|switch|p1a: Swampert|Swampert, F|27/403","|move|p2a: Water-Safe|Hidden Power|p1a: Swampert","|-supereffective|p1a: Swampert","|-damage|p1a: Swampert|0 fnt","|faint|p1a: Swampert","|","|-damage|p2a: Water-Safe|195/303 tox|[from] psn","|","|switch|p1a: Politoed|Politoed, M|383/383","|-weather|RainDance","|turn|7","|","|move|p1a: Politoed|Hidden Power|p2a: Water-Safe","|-supereffective|p2a: Water-Safe","|-damage|p2a: Water-Safe|71/303 tox","|move|p2a: Water-Safe|Hidden Power|p1a: Politoed","|-supereffective|p1a: Politoed","|-damage|p1a: Politoed|281/383","|","|-weather|RainDance|[upkeep]","|-damage|p2a: Water-Safe|0 fnt|[from] psn","|faint|p2a: Water-Safe","|","|switch|p2a: Zapz|Zapdos, shiny|384/384","|-ability|p2a: Zapz|Pressure","|turn|8","|","|switch|p1a: Surskit|Surskit, F|134/283 brn","|move|p2a: Zapz|Defog|p1a: Surskit","|-unboost|p1a: Surskit|evasion|1","|-sideend|p2: GTX♅Bzumzum|Sticky Web|[from] move: Defog|[of] p2a: Zapz","|","|-weather|RainDance|[upkeep]","|-damage|p1a: Surskit|99/283 brn|[from] brn","|turn|9","|","|move|p1a: Surskit|Toxic|p2a: Zapz","|-status|p2a: Zapz|tox","|move|p2a: Zapz|Heat Wave|p1a: Surskit","|-damage|p1a: Surskit|0 fnt","|faint|p1a: Surskit","|","|-weather|RainDance|[upkeep]","|-damage|p2a: Zapz|360/384 tox|[from] psn","|","|switch|p1a: Manaphy|Manaphy|404/404","|turn|10","|","|move|p1a: Manaphy|Ancient Power|p2a: Zapz","|-supereffective|p2a: Zapz","|-damage|p2a: Zapz|212/384 tox","|move|p2a: Zapz|Extrasensory|p1a: Manaphy","|-damage|p1a: Manaphy|300/404","|","|-weather|RainDance|[upkeep]","|-heal|p2a: Zapz|236/384 tox|[from] item: Leftovers","|-heal|p1a: Manaphy|325/404|[from] item: Leftovers","|-damage|p2a: Zapz|188/384 tox|[from] psn","|turn|11","|","|move|p2a: Zapz|Extrasensory|p1a: Manaphy","|-damage|p1a: Manaphy|229/404","|move|p1a: Manaphy|Tail Glow|p1a: Manaphy","|-boost|p1a: Manaphy|spa|3","|","|-weather|none","|-heal|p1a: Manaphy|254/404|[from] item: Leftovers","|-heal|p2a: Zapz|212/384 tox|[from] item: Leftovers","|-damage|p2a: Zapz|140/384 tox|[from] psn","|turn|12","|","|move|p1a: Manaphy|Ancient Power|p2a: Zapz","|-supereffective|p2a: Zapz","|-damage|p2a: Zapz|0 fnt","|faint|p2a: Zapz","|","|-heal|p1a: Manaphy|279/404|[from] item: Leftovers","|","|switch|p2a: Plugg-in Failure|Electivire, M, shiny|291/291","|turn|13","|","|switch|p1a: Tentacruel|Tentacruel, M|301/301","|move|p2a: Plugg-in Failure|Earthquake|p1a: Tentacruel","|-supereffective|p1a: Tentacruel","|-damage|p1a: Tentacruel|59/301","|","|-heal|p1a: Tentacruel|77/301|[from] item: Black Sludge","|turn|14","|","|move|p2a: Plugg-in Failure|Earthquake|p1a: Tentacruel","|-crit|p1a: Tentacruel","|-supereffective|p1a: Tentacruel","|-damage|p1a: Tentacruel|0 fnt","|faint|p1a: Tentacruel","|","|","|switch|p1a: Azumarill|Azumarill, F|403/403","|turn|15","|","|move|p2a: Plugg-in Failure|Earthquake|p1a: Azumarill","|-damage|p1a: Azumarill|262/403","|move|p1a: Azumarill|Play Rough|p2a: Plugg-in Failure","|-damage|p2a: Plugg-in Failure|71/291","|","|turn|16","|","|switch|p2a: Lightning|Raichu, M, shiny|262/262","|move|p1a: Azumarill|Play Rough|p2a: Lightning","|-damage|p2a: Lightning|15/262","|-status|p1a: Azumarill|par","|","|turn|17","|","|switch|p1a: Politoed|Politoed, M|281/383","|-weather|RainDance","|move|p2a: Lightning|Volt Switch|p1a: Politoed","|-supereffective|p1a: Politoed","|-damage|p1a: Politoed|69/383","|","|switch|p2a: Plugg-in Failure|Electivire, M, shiny|71/291","|","|-weather|RainDance|[upkeep]","|turn|18","|","|move|p2a: Plugg-in Failure|Earthquake|p1a: Politoed","|-damage|p1a: Politoed|0 fnt","|faint|p1a: Politoed","|","|-weather|RainDance|[upkeep]","|","|switch|p1a: Manaphy|Manaphy|279/404","|turn|19","|","|move|p2a: Plugg-in Failure|Earthquake|p1a: Manaphy","|-damage|p1a: Manaphy|148/404","|move|p1a: Manaphy|Ancient Power|p2a: Plugg-in Failure","|-damage|p2a: Plugg-in Failure|0 fnt","|faint|p2a: Plugg-in Failure","|","|-weather|RainDance|[upkeep]","|-heal|p1a: Manaphy|173/404|[from] item: Leftovers","|","|switch|p2a: Glow|Ampharos, M|321/321","|turn|20","|","|detailschange|p2a: Glow|Ampharos-Mega, M","|-mega|p2a: Glow|Ampharos|Ampharosite","|-ability|p2a: Glow|Mold Breaker","|move|p1a: Manaphy|Rest|p1a: Manaphy","|-status|p1a: Manaphy|slp","|-heal|p1a: Manaphy|404/404 slp|[silent]","|-status|p1a: Manaphy|slp|[from] move: Rest","|move|p2a: Glow|Cotton Guard|p2a: Glow","|-boost|p2a: Glow|def|3","|","|-weather|RainDance|[upkeep]","|-curestatus|p1a: Manaphy|slp","|turn|21","|","|move|p1a: Manaphy|Scald|p2a: Glow","|-resisted|p2a: Glow","|-damage|p2a: Glow|238/321","|move|p2a: Glow|Agility|p2a: Glow","|-boost|p2a: Glow|spe|2","|","|-weather|none","|turn|22","|","|move|p2a: Glow|Dragon Pulse|p1a: Manaphy","|-damage|p1a: Manaphy|230/404","|move|p1a: Manaphy|Ancient Power|p2a: Glow","|-damage|p2a: Glow|177/321","|","|-heal|p1a: Manaphy|255/404|[from] item: Leftovers","|turn|23","|","|move|p2a: Glow|Focus Blast|p1a: Manaphy","|-damage|p1a: Manaphy|73/404","|move|p1a: Manaphy|Ancient Power|p2a: Glow","|-damage|p2a: Glow|115/321","|-boost|p1a: Manaphy|atk|1","|-boost|p1a: Manaphy|def|1","|-boost|p1a: Manaphy|spa|1","|-boost|p1a: Manaphy|spd|1","|-boost|p1a: Manaphy|spe|1","|","|-heal|p1a: Manaphy|98/404|[from] item: Leftovers","|turn|24","|","|move|p2a: Glow|Dragon Pulse|p1a: Manaphy","|-crit|p1a: Manaphy","|-damage|p1a: Manaphy|0 fnt","|faint|p1a: Manaphy","|","|","|switch|p1a: Azumarill|Azumarill, F|262/403 par","|turn|25","|","|move|p2a: Glow|Focus Blast|p1a: Azumarill|[miss]","|-miss|p2a: Glow|p1a: Azumarill","|cant|p1a: Azumarill|par","|","|turn|26","|","|move|p2a: Glow|Focus Blast|p1a: Azumarill","|-resisted|p1a: Azumarill","|-damage|p1a: Azumarill|160/403 par","|move|p1a: Azumarill|Play Rough|p2a: Glow","|-supereffective|p2a: Glow","|-damage|p2a: Glow|0 fnt","|faint|p2a: Glow","|","|","|switch|p2a: Lightning|Raichu, M, shiny|15/262","|turn|27","|","|move|p2a: Lightning|Surf|p1a: Azumarill","|-resisted|p1a: Azumarill","|-damage|p1a: Azumarill|101/403 par","|move|p1a: Azumarill|Play Rough|p2a: Lightning","|-damage|p2a: Lightning|0 fnt","|faint|p2a: Lightning","|","|","|switch|p2a: MY ZONE!!!|Magnezone, shiny|343/343","|turn|28","|","|move|p2a: MY ZONE!!!|Signal Beam|p1a: Azumarill","|-resisted|p1a: Azumarill","|-damage|p1a: Azumarill|11/403 par","|move|p1a: Azumarill|Play Rough|p2a: MY ZONE!!!","|-resisted|p2a: MY ZONE!!!","|-damage|p2a: MY ZONE!!!|274/343","|","|turn|29","|","|move|p2a: MY ZONE!!!|Signal Beam|p1a: Azumarill","|-resisted|p1a: Azumarill","|-damage|p1a: Azumarill|0 fnt","|faint|p1a: Azumarill","|","|win|GTX♅Bzumzum"],"p1rating":{"entryid":"7361210","serverid":"eos","formatid":"monotype","userid":"emgdemzii","username":"Emg_DemZii","w":"7","l":20,"t":"0","gxe":28.2,"r":1335.6485503732,"rd":65.213621986404,"sigma":"0","rptime":1439456400,"rpr":1321.5764618741,"rprd":64.147295027888,"rpsigma":"0","acre":1013.8648289422,"lacre":1013.8648289422,"oldacre":"1026.3302315139"},"p2rating":{"entryid":"6857825","serverid":"eos","formatid":"monotype","userid":"gtxbzumzum","username":"GTX♅Bzumzum","w":36,"l":"121","t":"0","gxe":23.3,"r":"1266.7313486526","rd":"33.215708107489","sigma":"0","rptime":"1439456400","rpr":1274.7255712477,"rprd":32.575727064503,"rpsigma":"0","acre":1090.6766966211,"lacre":1090.6766966211,"oldacre":"1063.4353569611"},"endType":"normal"}