{"seed":[55506,39056,64260,25357],"turns":26,"p1":"Sovereign♕rc17","p2":"rubensd","p1team":[{"name":"king boo","species":"gengar","item":"blacksludge","ability":"Levitate","moves":["toxic","painsplit","shadowball","dazzlinggleam"],"nature":"Timid","evs":{"hp":0,"atk":0,"def":0,"spa":252,"spd":4,"spe":252},"ivs":{"hp":31,"atk":31,"def":31,"spa":31,"spd":31,"spe":31}},{"name":"groot","species":"trevenant","item":"sitrusberry","ability":"Harvest","moves":["hornleech","substitute","sunnyday","leechseed"],"nature":"Careful","evs":{"hp":252,"atk":4,"def":0,"spa":0,"spd":252,"spe":0},"ivs":{"hp":31,"atk":31,"def":31,"spa":31,"spd":31,"spe":31}},{"name":"iron golom","species":"golurk","item":"focussash","ability":"No Guard","moves":["dynamicpunch","earthquake","gigaimpact","drainpunch"],"nature":"Lonely","evs":{"hp":248,"atk":252,"def":0,"spa":8,"spd":0,"spe":0},"ivs":{"hp":31,"atk":31,"def":31,"spa":31,"spd":31,"spe":31}},{"name":"BlazBlue","species":"chandelure","item":"flameplate","ability":"Flash Fire","moves":["heatwave","flamethrower","shadowball","darkpulse"],"nature":"Modest","evs":{"hp":248,"atk":0,"def":0,"spa":252,"spd":8,"spe":0},"ivs":{"hp":31,"atk":31,"def":31,"spa":31,"spd":31,"spe":31}},{"name":"master sword","species":"aegislash","item":"expertbelt","ability":"Stance Change","moves":["kingsshield","ironhead","pursuit","sacredsword"],"nature":"Adamant","evs":{"hp":248,"atk":252,"def":0,"spa":0,"spd":8,"spe":0},"ivs":{"hp":31,"atk":31,"def":31,"spa":31,"spd":31,"spe":31}},{"name":"bejeweled","species":"sableye","item":"sablenite","ability":"Keen Eye","moves":["toxic","foulplay","recover","calmmind"],"nature":"Bold","evs":{"hp":248,"atk":0,"def":252,"spa":0,"spd":8,"spe":0},"ivs":{"hp":31,"atk":31,"def":31,"spa":31,"spd":31,"spe":31}}],"p2team":[{"name":"Ryuuk","species":"lucario","item":"lifeorb","ability":"Steadfast","moves":["closecombat","bulletpunch","icepunch","shadowclaw"],"nature":"Jolly","evs":{"hp":0,"atk":252,"def":0,"spa":0,"spd":4,"spe":252},"gender":"M","ivs":{"hp":31,"atk":31,"def":31,"spa":31,"spd":31,"spe":31}},{"name":"Queens","species":"medicham","item":"medichamite","ability":"Pure Power","moves":["drainpunch","fakeout","zenheadbutt","bulletpunch"],"nature":"Jolly","evs":{"hp":0,"atk":252,"def":0,"spa":0,"spd":4,"spe":252},"gender":"F","shiny":true,"ivs":{"hp":31,"atk":31,"def":31,"spa":31,"spd":31,"spe":31}},{"name":"Legend","species":"terrakion","item":"choiceband","ability":"Justified","moves":["closecombat","rockslide","earthquake","xscissor"],"nature":"Jolly","evs":{"hp":0,"atk":252,"def":0,"spa":0,"spd":4,"spe":252},"ivs":{"hp":31,"atk":31,"def":31,"spa":31,"spd":31,"spe":31}},{"name":"Inferno","species":"infernape","item":"lifeorb","ability":"Iron Fist","moves":["overheat","machpunch","thunderpunch","uturn"],"nature":"Hasty","evs":{"hp":0,"atk":252,"def":0,"spa":4,"spd":0,"spe":252},"gender":"M","ivs":{"hp":31,"atk":31,"def":31,"spa":31,"spd":31,"spe":31}},{"name":"Spores","species":"breloom","item":"focussash","ability":"Technician","moves":["machpunch","bulletseed","spore","swordsdance"],"nature":"Jolly","evs":{"hp":0,"atk":252,"def":0,"spa":0,"spd":4,"spe":252},"gender":"F","shiny":true,"ivs":{"hp":31,"atk":31,"def":31,"spa":31,"spd":31,"spe":31}},{"name":"Hulk","species":"conkeldurr","item":"flameorb","ability":"Guts","moves":["facade","drainpunch","knockoff","rockslide"],"nature":"Adamant","evs":{"hp":248,"atk":252,"def":0,"spa":0,"spd":8,"spe":0},"gender":"M","ivs":{"hp":31,"atk":31,"def":31,"spa":31,"spd":31,"spe":31}}],"log":["|player|p1|Sovereign♕rc17|130","|player|p2|rubensd|144","|gametype|singles","|gen|6","|tier|Monotype","|rated","|rule|Baton Pass Clause: Limit one Baton Passer, can't pass Spe and other stats simultaneously","|rule|Swagger Clause: Swagger is banned","|rule|Same Type Clause: Pokémon in a team must share a type","|clearpoke","|poke|p1|Gengar, M","|poke|p1|Trevenant, F","|poke|p1|Golurk","|poke|p1|Chandelure, F","|poke|p1|Aegislash, F","|poke|p1|Sableye, F","|poke|p2|Lucario, M","|poke|p2|Medicham, F, shiny","|poke|p2|Terrakion","|poke|p2|Infernape, M","|poke|p2|Breloom, F, shiny","|poke|p2|Conkeldurr, M","|rule|Sleep Clause Mod: Limit one foe put to sleep","|rule|Species Clause: Limit one of each Pokémon","|rule|OHKO Clause: OHKO moves are banned","|rule|Moody Clause: Moody is banned","|rule|Evasion Moves Clause: Evasion moves are banned","|rule|Endless Battle Clause: Forcing endless battles is banned","|rule|HP Percentage Mod: HP is shown in percentages","|teampreview","|","|start","|switch|p1a: bejeweled|Sableye, F|303/303","|switch|p2a: Spores|Breloom, F, shiny|261/261","|turn|1","|","|detailschange|p1a: bejeweled|Sableye-Mega, F","|-mega|p1a: bejeweled|Sableye|Sablenite","|move|p2a: Spores|Swords Dance|p2a: Spores","|-boost|p2a: Spores|atk|2","|move|p1a: bejeweled|Toxic|p2a: Spores","|-status|p2a: Spores|tox","|","|-damage|p2a: Spores|245/261 tox|[from] psn","|turn|2","|","|move|p2a: Spores|Bullet Seed|p1a: bejeweled","|-damage|p1a: bejeweled|216/303","|-damage|p1a: bejeweled|129/303","|-damage|p1a: bejeweled|41/303","|-hitcount|p1a: bejeweled|3","|move|p1a: bejeweled|Calm Mind|p1a: bejeweled","|-boost|p1a: bejeweled|spa|1","|-boost|p1a: bejeweled|spd|1","|","|-damage|p2a: Spores|213/261 tox|[from] psn","|turn|3","|","|move|p2a: Spores|Bullet Seed|p1a: bejeweled","|-damage|p1a: bejeweled|0 fnt","|-hitcount|p1a: bejeweled|1","|faint|p1a: bejeweled","|","|-damage|p2a: Spores|165/261 tox|[from] psn","|","|switch|p1a: king boo|Gengar, M|261/261","|turn|4","|","|move|p1a: king boo|Dazzling Gleam|p2a: Spores","|-supereffective|p2a: Spores","|-damage|p2a: Spores|0 fnt","|faint|p2a: Spores","|","|","|switch|p2a: Inferno|Infernape, M|293/293","|turn|5","|","|move|p1a: king boo|Dazzling Gleam|p2a: Inferno","|-damage|p2a: Inferno|163/293","|move|p2a: Inferno|Overheat|p1a: king boo|[miss]","|-miss|p2a: Inferno|p1a: king boo","|","|turn|6","|","|move|p1a: king boo|Dazzling Gleam|p2a: Inferno","|-damage|p2a: Inferno|42/293","|move|p2a: Inferno|Thunder Punch|p1a: king boo","|-damage|p1a: king boo|80/261","|-damage|p2a: Inferno|13/293|[from] item: Life Orb","|","|-heal|p1a: king boo|96/261|[from] item: Black Sludge","|turn|7","|","|move|p1a: king boo|Dazzling Gleam|p2a: Inferno","|-damage|p2a: Inferno|0 fnt","|faint|p2a: Inferno","|","|-heal|p1a: king boo|112/261|[from] item: Black Sludge","|","|switch|p2a: Hulk|Conkeldurr, M|413/413","|turn|8","|","|move|p1a: king boo|Pain Split|p2a: Hulk","|-sethp|p2a: Hulk|262/413|p1a: king boo|261/261|[from] move: Pain Split","|move|p2a: Hulk|Knock Off|p1a: king boo","|-supereffective|p1a: king boo","|-damage|p1a: king boo|0 fnt","|-enditem|p1a: king boo|Black Sludge|[from] move: Knock Off|[of] p2a: Hulk","|faint|p1a: king boo","|","|-status|p2a: Hulk|brn|[from] item: Flame Orb","|","|switch|p1a: iron golom|Golurk|381/381","|turn|9","|","|move|p1a: iron golom|Dynamic Punch|p2a: Hulk","|-damage|p2a: Hulk|124/413 brn","|-start|p2a: Hulk|confusion","|-activate|p2a: Hulk|confusion","|move|p2a: Hulk|Knock Off|p1a: iron golom","|-supereffective|p1a: iron golom","|-enditem|p1a: iron golom|Focus Sash","|-damage|p1a: iron golom|1/381","|","|-damage|p2a: Hulk|73/413 brn|[from] brn","|turn|10","|","|move|p1a: iron golom|Dynamic Punch|p2a: Hulk","|-damage|p2a: Hulk|0 fnt","|faint|p2a: Hulk","|","|","|switch|p2a: Queens|Medicham, F, shiny|261/261","|turn|11","|","|detailschange|p2a: Queens|Medicham-Mega, F, shiny","|-mega|p2a: Queens|Medicham|Medichamite","|move|p2a: Queens|Bullet Punch|p1a: iron golom","|-damage|p1a: iron golom|0 fnt","|faint|p1a: iron golom","|","|","|switch|p1a: master sword|Aegislash, F|323/323","|turn|12","|","|move|p1a: master sword|King's Shield|p1a: master sword","|-singleturn|p1a: master sword|Protect","|move|p2a: Queens|Zen Headbutt|p1a: master sword","|-activate|p1a: master sword|Protect","|-unboost|p2a: Queens|atk|2","|","|turn|13","|","|move|p2a: Queens|Zen Headbutt|p1a: master sword","|-resisted|p1a: master sword","|-damage|p1a: master sword|281/323","|-formechange|p1a: master sword|Aegislash-Blade","|cant|p1a: master sword|flinch","|","|turn|14","|","|-formechange|p1a: master sword|Aegislash","|move|p1a: master sword|King's Shield|p1a: master sword","|-singleturn|p1a: master sword|Protect","|move|p2a: Queens|Zen Headbutt|p1a: master sword","|-activate|p1a: master sword|Protect","|-unboost|p2a: Queens|atk|2","|","|turn|15","|","|move|p2a: Queens|Bullet Punch|p1a: master sword","|-resisted|p1a: master sword","|-damage|p1a: master sword|272/323","|-formechange|p1a: master sword|Aegislash-Blade","|move|p1a: master sword|Sacred Sword|p2a: Queens","|-resisted|p2a: Queens","|-damage|p2a: Queens|190/261","|","|turn|16","|","|-formechange|p1a: master sword|Aegislash","|move|p1a: master sword|King's Shield|p1a: master sword","|-singleturn|p1a: master sword|Protect","|move|p2a: Queens|Zen Headbutt|p1a: master sword","|-activate|p1a: master sword|Protect","|-unboost|p2a: Queens|atk|2","|","|turn|17","|","|move|p2a: Queens|Zen Headbutt|p1a: master sword","|-resisted|p1a: master sword","|-damage|p1a: master sword|251/323","|-formechange|p1a: master sword|Aegislash-Blade","|move|p1a: master sword|Sacred Sword|p2a: Queens","|-resisted|p2a: Queens","|-damage|p2a: Queens|112/261","|","|turn|18","|","|move|p2a: Queens|Zen Headbutt|p1a: master sword","|-resisted|p1a: master sword","|-damage|p1a: master sword|200/323","|move|p1a: master sword|Sacred Sword|p2a: Queens","|-resisted|p2a: Queens","|-damage|p2a: Queens|44/261","|","|turn|19","|","|move|p2a: Queens|Bullet Punch|p1a: master sword","|-resisted|p1a: master sword","|-damage|p1a: master sword|183/323","|move|p1a: master sword|Sacred Sword|p2a: Queens","|-resisted|p2a: Queens","|-damage|p2a: Queens|0 fnt","|faint|p2a: Queens","|","|","|switch|p2a: Legend|Terrakion|323/323","|turn|20","|","|-formechange|p1a: master sword|Aegislash","|move|p1a: master sword|King's Shield|p1a: master sword","|-singleturn|p1a: master sword|Protect","|move|p2a: Legend|Earthquake|p1a: master sword","|-activate|p1a: master sword|Protect","|","|turn|21","|","|move|p2a: Legend|Earthquake|p1a: master sword","|-supereffective|p1a: master sword","|-damage|p1a: master sword|0 fnt","|faint|p1a: master sword","|","|","|switch|p1a: groot|Trevenant, F|374/374","|turn|22","|","|switch|p2a: Ryuuk|Lucario, M|281/281","|move|p1a: groot|Sunny Day|p1a: groot","|-weather|SunnyDay","|","|-weather|SunnyDay|[upkeep]","|turn|23","|","|move|p2a: Ryuuk|Ice Punch|p1a: groot","|-supereffective|p1a: groot","|-damage|p1a: groot|119/374","|-damage|p2a: Ryuuk|253/281|[from] item: Life Orb","|-enditem|p1a: groot|Sitrus Berry|[eat]","|-heal|p1a: groot|212/374|[from] item: Sitrus Berry","|move|p1a: groot|Leech Seed|p2a: Ryuuk","|-start|p2a: Ryuuk|move: Leech Seed","|","|-weather|SunnyDay|[upkeep]","|-damage|p2a: Ryuuk|218/281|[from] Leech Seed|[of] p1a: groot","|-heal|p1a: groot|247/374|[silent]","|-item|p1a: groot|Sitrus Berry|[from] ability: Harvest","|turn|24","|","|move|p2a: Ryuuk|Ice Punch|p1a: groot","|-supereffective|p1a: groot","|-damage|p1a: groot|0 fnt","|-damage|p2a: Ryuuk|190/281|[from] item: Life Orb","|faint|p1a: groot","|","|-weather|SunnyDay|[upkeep]","|","|switch|p1a: BlazBlue|Chandelure, F|323/323","|turn|25","|","|move|p2a: Ryuuk|Shadow Claw|p1a: BlazBlue","|-supereffective|p1a: BlazBlue","|-damage|p1a: BlazBlue|105/323","|-damage|p2a: Ryuuk|162/281|[from] item: Life Orb","|move|p1a: BlazBlue|Flamethrower|p2a: Ryuuk","|-supereffective|p2a: Ryuuk","|-damage|p2a: Ryuuk|0 fnt","|faint|p2a: Ryuuk","|","|-weather|SunnyDay|[upkeep]","|","|switch|p2a: Legend|Terrakion|323/323","|turn|26","|","|move|p2a: Legend|Earthquake|p1a: BlazBlue","|-supereffective|p1a: BlazBlue","|-damage|p1a: BlazBlue|0 fnt","|faint|p1a: BlazBlue","|","|win|rubensd"],"p1rating":{"entryid":"7603379","serverid":"eos","formatid":"monotype","userid":"sovereignrc17","username":"Sovereign♕rc17","w":"1","l":2,"t":"0","gxe":44.6,"r":"1500","rd":"130","sigma":"0","rptime":"1439456400","rpr":1457.3013804181,"rprd":110.67262900373,"rpsigma":"0","acre":1024.3667756549,"lacre":1024.3667756549,"oldacre":"1039.5035268948"},"p2rating":{"entryid":"6070308","serverid":"eos","formatid":"monotype","userid":"rubensd","username":"rubensd","w":6,"l":"13","t":"0","gxe":36.8,"r":"1372.0902406658","rd":"84.793171523352","sigma":"0","rptime":"1439456400","rpr":1395.7035408346,"rprd":79.052669052861,"rpsigma":"0","acre":1086.6572060999,"lacre":1086.6572060999,"oldacre":"1056.7258055515"},"endType":"normal"}