{"seed":[9344,39580,58185,35012],"turns":27,"p1":"SailorStarshine","p2":"GTX♅thesecondbest","p1team":[{"name":"Klefki","species":"Klefki","item":"choicescarf","ability":"Prankster","moves":["thunderwave","calmmind","switcheroo","drainingkiss"],"nature":"Bold","evs":{"hp":252,"atk":0,"def":4,"spa":252,"spd":0,"spe":0},"ivs":{"hp":31,"atk":31,"def":31,"spa":31,"spd":31,"spe":31}},{"name":"Togekiss","species":"Togekiss","item":"babiriberry","ability":"Serene Grace","moves":["flamethrower","airslash","roost","nastyplot"],"nature":"Calm","evs":{"hp":248,"atk":0,"def":0,"spa":8,"spd":252,"spe":0},"ivs":{"hp":31,"atk":31,"def":31,"spa":31,"spd":31,"spe":31}},{"name":"Gardevoir","species":"Gardevoir","item":"assaultvest","ability":"Trace","moves":["psychic","moonblast","focusblast","energyball"],"nature":"Modest","evs":{"hp":248,"atk":0,"def":0,"spa":252,"spd":8,"spe":0},"ivs":{"hp":31,"atk":31,"def":31,"spa":31,"spd":31,"spe":31}},{"name":"Azumarill","species":"Azumarill","item":"sitrusberry","ability":"Huge Power","moves":["playrough","aquatail","superpower","icepunch"],"nature":"Adamant","evs":{"hp":248,"atk":252,"def":0,"spa":0,"spd":8,"spe":0},"ivs":{"hp":31,"atk":31,"def":31,"spa":31,"spd":31,"spe":31}},{"name":"Whimsicott","species":"Whimsicott","item":"leftovers","ability":"Prankster","moves":["stunspore","encore","leechseed","uturn"],"nature":"Bold","evs":{"hp":252,"atk":0,"def":128,"spa":0,"spd":128,"spe":0},"ivs":{"hp":31,"atk":31,"def":31,"spa":31,"spd":31,"spe":31}},{"name":"Diancie","species":"Diancie","item":"diancite","ability":"Clear Body","moves":["moonblast","diamondstorm","earthpower","protect"],"nature":"","evs":{"hp":252,"atk":0,"def":0,"spa":252,"spd":4,"spe":0},"ivs":{"hp":31,"atk":31,"def":31,"spa":31,"spd":31,"spe":31}}],"p2team":[{"name":"Skarmory","species":"Skarmory","item":"leftovers","ability":"Sturdy","moves":["roost","stealthrock","ironhead","whirlwind"],"nature":"Impish","evs":{"hp":252,"atk":0,"def":4,"spa":0,"spd":252,"spe":0},"ivs":{"hp":31,"atk":31,"def":31,"spa":31,"spd":31,"spe":31}},{"name":"Heatran","species":"Heatran","item":"leftovers","ability":"Flash Fire","moves":["magmastorm","taunt","toxic","earthpower"],"nature":"Calm","evs":{"hp":252,"atk":0,"def":0,"spa":0,"spd":184,"spe":72},"ivs":{"hp":31,"atk":31,"def":31,"spa":31,"spd":31,"spe":31}},{"name":"Ferrothorn","species":"Ferrothorn","item":"leftovers","ability":"Iron Barbs","moves":["leechseed","gyroball","knockoff","protect"],"nature":"Relaxed","evs":{"hp":252,"atk":4,"def":252,"spa":0,"spd":0,"spe":0},"ivs":{"hp":31,"atk":31,"def":31,"spa":31,"spd":31,"spe":0}},{"name":"Scizor","species":"Scizor","item":"scizorite","ability":"Light Metal","moves":["roost","swordsdance","bulletpunch","uturn"],"nature":"Impish","evs":{"hp":248,"atk":8,"def":252,"spa":0,"spd":0,"spe":0},"ivs":{"hp":31,"atk":31,"def":31,"spa":31,"spd":31,"spe":31}},{"name":"Empoleon","species":"Empoleon","item":"leftovers","ability":"Torrent","moves":["scald","defog","knockoff","icebeam"],"nature":"Calm","evs":{"hp":252,"atk":0,"def":0,"spa":4,"spd":252,"spe":0},"ivs":{"hp":31,"atk":31,"def":31,"spa":31,"spd":31,"spe":31}},{"name":"Bisharp","species":"Bisharp","item":"salacberry","ability":"Defiant","moves":["substitute","swordsdance","knockoff","ironhead"],"nature":"Adamant","evs":{"hp":0,"atk":252,"def":0,"spa":0,"spd":4,"spe":252},"ivs":{"hp":31,"atk":31,"def":31,"spa":31,"spd":31,"spe":31}}],"log":["|player|p1|SailorStarshine|101","|player|p2|GTX♅thesecondbest|269","|gametype|singles","|gen|6","|tier|Monotype","|rated","|rule|Baton Pass Clause: Limit one Baton Passer, can't pass Spe and other stats simultaneously","|rule|Swagger Clause: Swagger is banned","|rule|Same Type Clause: Pokémon in a team must share a type","|clearpoke","|poke|p1|Klefki, M","|poke|p1|Togekiss, F","|poke|p1|Gardevoir, F","|poke|p1|Azumarill, F","|poke|p1|Whimsicott, M","|poke|p1|Diancie","|poke|p2|Skarmory, M","|poke|p2|Heatran, M","|poke|p2|Ferrothorn, F","|poke|p2|Scizor, F","|poke|p2|Empoleon, F","|poke|p2|Bisharp, F","|rule|Sleep Clause Mod: Limit one foe put to sleep","|rule|Species Clause: Limit one of each Pokémon","|rule|OHKO Clause: OHKO moves are banned","|rule|Moody Clause: Moody is banned","|rule|Evasion Moves Clause: Evasion moves are banned","|rule|Endless Battle Clause: Forcing endless battles is banned","|rule|HP Percentage Mod: HP is shown in percentages","|teampreview","|","|start","|switch|p1a: Klefki|Klefki, M|318/318","|switch|p2a: Ferrothorn|Ferrothorn, F|352/352","|turn|1","|","|move|p1a: Klefki|Switcheroo|p2a: Ferrothorn","|-activate|p1a: Klefki|move: Trick|[of] p2a: Ferrothorn","|-item|p2a: Ferrothorn|Choice Scarf|[from] Trick","|-item|p1a: Klefki|Leftovers|[from] Trick","|move|p2a: Ferrothorn|Leech Seed|p1a: Klefki","|-start|p1a: Klefki|move: Leech Seed","|","|-damage|p1a: Klefki|279/318|[from] Leech Seed|[of] p2a: Ferrothorn","|turn|2","|","|switch|p2a: Heatran|Heatran, M|386/386","|move|p1a: Klefki|Thunder Wave|p2a: Heatran","|-status|p2a: Heatran|par","|","|-heal|p1a: Klefki|298/318|[from] item: Leftovers","|-damage|p1a: Klefki|259/318|[from] Leech Seed|[of] p2a: Heatran","|turn|3","|","|switch|p1a: Gardevoir|Gardevoir, F|339/339","|-ability|p1a: Gardevoir|Flash Fire|[from] ability: Trace|[of] p2a: Heatran","|move|p2a: Heatran|Magma Storm|p1a: Gardevoir","|-start|p1a: Gardevoir|ability: Flash Fire","|","|turn|4","|","|move|p1a: Gardevoir|Focus Blast|p2a: Heatran","|-crit|p2a: Heatran","|-supereffective|p2a: Heatran","|-damage|p2a: Heatran|58/386 par","|cant|p2a: Heatran|par","|","|-heal|p2a: Heatran|82/386 par|[from] item: Leftovers","|turn|5","|","|move|p1a: Gardevoir|Moonblast|p2a: Heatran","|-resisted|p2a: Heatran","|-damage|p2a: Heatran|49/386 par","|move|p2a: Heatran|Earth Power|p1a: Gardevoir","|-damage|p1a: Gardevoir|289/339","|-unboost|p1a: Gardevoir|spd|1","|","|-heal|p2a: Heatran|73/386 par|[from] item: Leftovers","|turn|6","|","|move|p1a: Gardevoir|Focus Blast|p2a: Heatran|[miss]","|-miss|p1a: Gardevoir|p2a: Heatran","|move|p2a: Heatran|Earth Power|p1a: Gardevoir","|-crit|p1a: Gardevoir","|-damage|p1a: Gardevoir|174/339","|","|-heal|p2a: Heatran|97/386 par|[from] item: Leftovers","|turn|7","|","|move|p1a: Gardevoir|Focus Blast|p2a: Heatran","|-supereffective|p2a: Heatran","|-damage|p2a: Heatran|0 fnt","|faint|p2a: Heatran","|","|","|switch|p2a: Bisharp|Bisharp, F|271/271","|turn|8","|","|-end|p1a: Gardevoir|ability: Flash Fire|[silent]","|switch|p1a: Whimsicott|Whimsicott, M|324/324","|move|p2a: Bisharp|Substitute|p2a: Bisharp","|-start|p2a: Bisharp|Substitute","|-damage|p2a: Bisharp|204/271","|","|turn|9","|","|move|p1a: Whimsicott|Encore|p2a: Bisharp","|-start|p2a: Bisharp|Encore","|move|p2a: Bisharp|Substitute|p2a: Bisharp","|-fail|p2a: Bisharp|move: Substitute","|","|turn|10","|","|switch|p1a: Togekiss|Togekiss, F|373/373","|move|p2a: Bisharp|Substitute|p2a: Bisharp","|-fail|p2a: Bisharp|move: Substitute","|","|turn|11","|","|move|p2a: Bisharp|Substitute|p2a: Bisharp","|-fail|p2a: Bisharp|move: Substitute","|move|p1a: Togekiss|Flamethrower|p2a: Bisharp","|-supereffective|p2a: Bisharp","|-end|p2a: Bisharp|Substitute","|","|-end|p2a: Bisharp|Encore","|turn|12","|","|move|p2a: Bisharp|Iron Head|p1a: Togekiss","|-supereffective|p1a: Togekiss","|-enditem|p1a: Togekiss|Babiri Berry|[eat]","|-damage|p1a: Togekiss|214/373","|move|p1a: Togekiss|Flamethrower|p2a: Bisharp","|-supereffective|p2a: Bisharp","|-damage|p2a: Bisharp|0 fnt","|faint|p2a: Bisharp","|","|","|switch|p2a: Empoleon|Empoleon, F|372/372","|turn|13","|","|switch|p1a: Klefki|Klefki, M|259/318","|move|p2a: Empoleon|Ice Beam|p1a: Klefki","|-resisted|p1a: Klefki","|-damage|p1a: Klefki|216/318","|","|-heal|p1a: Klefki|235/318|[from] item: Leftovers","|turn|14","|","|move|p1a: Klefki|Thunder Wave|p2a: Empoleon","|-status|p2a: Empoleon|par","|move|p2a: Empoleon|Scald|p1a: Klefki","|-crit|p1a: Klefki","|-damage|p1a: Klefki|49/318","|-status|p1a: Klefki|brn","|","|-heal|p1a: Klefki|68/318 brn|[from] item: Leftovers","|-damage|p1a: Klefki|29/318 brn|[from] brn","|turn|15","|","|move|p1a: Klefki|Thunder Wave|p2a: Empoleon","|-fail|p2a: Empoleon|par","|move|p2a: Empoleon|Defog|p1a: Klefki","|-unboost|p1a: Klefki|evasion|1","|","|-heal|p1a: Klefki|48/318 brn|[from] item: Leftovers","|-damage|p1a: Klefki|9/318 brn|[from] brn","|turn|16","|","|move|p1a: Klefki|Thunder Wave|p2a: Empoleon","|-fail|p2a: Empoleon|par","|cant|p2a: Empoleon|par","|","|-heal|p1a: Klefki|28/318 brn|[from] item: Leftovers","|-damage|p1a: Klefki|0 fnt|[from] brn","|faint|p1a: Klefki","|","|switch|p1a: Gardevoir|Gardevoir, F|174/339","|-ability|p1a: Gardevoir|Torrent|[from] ability: Trace|[of] p2a: Empoleon","|turn|17","|","|move|p1a: Gardevoir|Focus Blast|p2a: Empoleon","|-supereffective|p2a: Empoleon","|-damage|p2a: Empoleon|140/372 par","|cant|p2a: Empoleon|par","|","|-heal|p2a: Empoleon|163/372 par|[from] item: Leftovers","|turn|18","|","|move|p1a: Gardevoir|Focus Blast|p2a: Empoleon|[miss]","|-miss|p1a: Gardevoir|p2a: Empoleon","|move|p2a: Empoleon|Scald|p1a: Gardevoir","|-damage|p1a: Gardevoir|110/339","|-status|p1a: Gardevoir|brn","|","|-heal|p2a: Empoleon|186/372 par|[from] item: Leftovers","|-damage|p1a: Gardevoir|68/339 brn|[from] brn","|turn|19","|","|move|p1a: Gardevoir|Focus Blast|p2a: Empoleon","|-supereffective|p2a: Empoleon","|-damage|p2a: Empoleon|0 fnt","|faint|p2a: Empoleon","|","|-damage|p1a: Gardevoir|26/339 brn|[from] brn","|","|switch|p2a: Scizor|Scizor, F|343/343","|turn|20","|","|detailschange|p2a: Scizor|Scizor-Mega, F","|-mega|p2a: Scizor|Scizor|Scizorite","|move|p1a: Gardevoir|Focus Blast|p2a: Scizor","|-damage|p2a: Scizor|182/343","|move|p2a: Scizor|Swords Dance|p2a: Scizor","|-boost|p2a: Scizor|atk|2","|","|-damage|p1a: Gardevoir|0 fnt|[from] brn","|faint|p1a: Gardevoir","|","|switch|p1a: Whimsicott|Whimsicott, M|324/324","|turn|21","|","|switch|p2a: Ferrothorn|Ferrothorn, F|352/352","|move|p1a: Whimsicott|Encore|p2a: Ferrothorn","|-fail|p2a: Ferrothorn","|","|turn|22","|","|switch|p1a: Togekiss|Togekiss, F|214/373","|move|p2a: Ferrothorn|Gyro Ball|p1a: Togekiss","|-crit|p1a: Togekiss","|-supereffective|p1a: Togekiss","|-damage|p1a: Togekiss|0 fnt","|faint|p1a: Togekiss","|","|","|switch|p1a: Azumarill|Azumarill, F|403/403","|turn|23","|","|move|p1a: Azumarill|Ice Punch|p2a: Ferrothorn","|-damage|p2a: Ferrothorn|281/352","|-damage|p1a: Azumarill|353/403|[from] ability: Iron Barbs|[of] p2a: Ferrothorn","|-status|p2a: Ferrothorn|frz","|cant|p2a: Ferrothorn|frz","|","|turn|24","|","|switch|p1a: Diancie|Diancie|304/304","|cant|p2a: Ferrothorn|frz","|","|turn|25","|","|detailschange|p1a: Diancie|Diancie-Mega","|-mega|p1a: Diancie|Diancie|Diancite","|move|p1a: Diancie|Earth Power|p2a: Ferrothorn","|-damage|p2a: Ferrothorn|172/352 frz","|cant|p2a: Ferrothorn|frz","|","|turn|26","|","|move|p1a: Diancie|Earth Power|p2a: Ferrothorn","|-damage|p2a: Ferrothorn|61/352 frz","|-curestatus|p2a: Ferrothorn|frz","|move|p2a: Ferrothorn|Gyro Ball|p1a: Diancie","|-supereffective|p1a: Diancie","|-damage|p1a: Diancie|0 fnt","|faint|p1a: Diancie","|","|","|switch|p1a: Azumarill|Azumarill, F|353/403","|turn|27","|","|win|GTX♅thesecondbest"],"p1rating":{"entryid":"7452383","serverid":"eos","formatid":"monotype","userid":"sailorstarshine","username":"SailorStarshine","w":"15","l":18,"t":"0","gxe":45.3,"r":"1490.7451950267","rd":"60.894204811903","sigma":"0","rptime":"1439456400","rpr":1464.2647901499,"rprd":57.997548882663,"rpsigma":"0","acre":1028.4251204437,"lacre":1028.4251204437,"oldacre":"1047.9825628304"},"p2rating":{"entryid":7611315,"formatid":"monotype","userid":"gtxthesecondbest","username":"GTX♅thesecondbest","r":1500,"rd":130,"sigma":0,"rpr":1540.9823459556,"rprd":122.03102457047,"rpsigma":0,"rptime":1439456400,"w":1,"l":0,"t":0,"gxe":55.1,"acre":1045.4893416438,"lacre":1045.4893416438,"oldacre":1000},"endType":"forfeit"}