{"seed":[59004,64064,53891,24169],"turns":22,"p1":"Multistripè 멀티 줄무늬","p2":"Alliance-Succubus","p1team":[{"name":"ラティオス","species":"latios","item":"choicescarf","ability":"Levitate","moves":["shadowball","dragonpulse","psyshock","icebeam"],"nature":"Timid","evs":{"hp":0,"atk":0,"def":4,"spa":252,"spd":0,"spe":252},"ivs":{"hp":31,"atk":0,"def":31,"spa":31,"spd":31,"spe":31}},{"name":"キュレム","species":"kyuremblack","item":"lifeorb","ability":"Teravolt","moves":["icebeam","outrage","fusionbolt","ironhead"],"nature":"Naive","evs":{"hp":0,"atk":100,"def":0,"spa":180,"spd":0,"spe":228},"shiny":true,"ivs":{"hp":31,"atk":31,"def":31,"spa":31,"spd":31,"spe":31}},{"name":"ボーマンダ","species":"salamence","item":"choicescarf","ability":"Moxie","moves":["outrage","aerialace","steelwing","earthquake"],"nature":"Jolly","evs":{"hp":0,"atk":252,"def":4,"spa":0,"spd":0,"spe":252},"ivs":{"hp":31,"atk":31,"def":31,"spa":31,"spd":31,"spe":31}},{"name":"サザンドラ","species":"hydreigon","item":"choicespecs","ability":"Levitate","moves":["darkpulse","flamethrower","dracometeor","flashcannon"],"nature":"Modest","evs":{"hp":0,"atk":0,"def":4,"spa":252,"spd":0,"spe":252},"shiny":true,"ivs":{"hp":31,"atk":31,"def":31,"spa":31,"spd":31,"spe":31}},{"name":"ガブリアス","species":"garchomp","item":"rockyhelmet","ability":"Rough Skin","moves":["stealthrock","earthquake","dragontail","endure"],"nature":"Impish","evs":{"hp":252,"atk":0,"def":232,"spa":0,"spd":24,"spe":0},"ivs":{"hp":31,"atk":31,"def":31,"spa":31,"spd":31,"spe":31}},{"name":"ラティアス","species":"latias","item":"latiasite","ability":"Levitate","moves":["calmmind","recover","psyshock","dragonbreath"],"nature":"Bold","evs":{"hp":252,"atk":0,"def":224,"spa":0,"spd":0,"spe":32},"ivs":{"hp":31,"atk":0,"def":31,"spa":31,"spd":31,"spe":31}}],"p2team":[{"name":"Politoed","species":"Politoed","item":"choicescarf","ability":"Drizzle","moves":["scald","psychic","icebeam","focusblast"],"nature":"Timid","evs":{"hp":0,"atk":0,"def":0,"spa":252,"spd":4,"spe":252},"ivs":{"hp":31,"atk":31,"def":31,"spa":31,"spd":31,"spe":31}},{"name":"Manaphy","species":"Manaphy","item":"leftovers","ability":"Hydration","moves":["scald","rest","calmmind","raindance"],"nature":"Modest","evs":{"hp":252,"atk":0,"def":0,"spa":252,"spd":4,"spe":0},"ivs":{"hp":31,"atk":31,"def":31,"spa":31,"spd":31,"spe":31}},{"name":"Lanturn","species":"Lanturn","item":"choicescarf","ability":"Volt Absorb","moves":["voltswitch","scald","icebeam","dazzlinggleam"],"nature":"Timid","evs":{"hp":0,"atk":0,"def":4,"spa":252,"spd":0,"spe":252},"ivs":{"hp":31,"atk":31,"def":31,"spa":31,"spd":31,"spe":31}},{"name":"Milotic","species":"Milotic","item":"leftovers","ability":"Marvel Scale","moves":["whirlpool","sleeptalk","rest","scald"],"nature":"Modest","evs":{"hp":252,"atk":0,"def":252,"spa":0,"spd":4,"spe":0},"ivs":{"hp":31,"atk":31,"def":31,"spa":31,"spd":31,"spe":31}},{"name":"Cloyster","species":"Cloyster","item":"focussash","ability":"Skill Link","moves":["shellsmash","iceshard","iciclespear","rockblast"],"nature":"Adamant","evs":{"hp":0,"atk":252,"def":0,"spa":0,"spd":4,"spe":252},"ivs":{"hp":31,"atk":31,"def":31,"spa":31,"spd":31,"spe":31}},{"name":"Gyarados","species":"Gyarados","item":"gyaradosite","ability":"Moxie","moves":["crunch","waterfall","earthquake","dragondance"],"nature":"Adamant","evs":{"hp":0,"atk":252,"def":0,"spa":0,"spd":4,"spe":252},"ivs":{"hp":31,"atk":31,"def":31,"spa":31,"spd":31,"spe":31}}],"log":["|player|p1|Multistripè 멀티 줄무늬|89","|player|p2|Alliance-Succubus|96","|gametype|singles","|gen|6","|tier|Monotype","|rated","|rule|Baton Pass Clause: Limit one Baton Passer, can't pass Spe and other stats simultaneously","|rule|Swagger Clause: Swagger is banned","|rule|Same Type Clause: Pokémon in a team must share a type","|clearpoke","|poke|p1|Latios, M","|poke|p1|Kyurem-Black, shiny","|poke|p1|Salamence, M","|poke|p1|Hydreigon, M, shiny","|poke|p1|Garchomp, M","|poke|p1|Latias, F","|poke|p2|Politoed, M","|poke|p2|Manaphy","|poke|p2|Lanturn, M","|poke|p2|Milotic, M","|poke|p2|Cloyster, M","|poke|p2|Gyarados, M","|rule|Sleep Clause Mod: Limit one foe put to sleep","|rule|Species Clause: Limit one of each Pokémon","|rule|OHKO Clause: OHKO moves are banned","|rule|Moody Clause: Moody is banned","|rule|Evasion Moves Clause: Evasion moves are banned","|rule|Endless Battle Clause: Forcing endless battles is banned","|rule|HP Percentage Mod: HP is shown in percentages","|teampreview","|","|start","|switch|p1a: ガブリアス|Garchomp, M|420/420","|switch|p2a: Politoed|Politoed, M|321/321","|-weather|RainDance","|turn|1","|","|move|p2a: Politoed|Ice Beam|p1a: ガブリアス","|-supereffective|p1a: ガブリアス","|-damage|p1a: ガブリアス|76/420","|move|p1a: ガブリアス|Stealth Rock|p2a: Politoed","|-sidestart|p2: Alliance-Succubus|move: Stealth Rock","|","|-weather|RainDance|[upkeep]","|turn|2","|","|move|p2a: Politoed|Ice Beam|p1a: ガブリアス","|-supereffective|p1a: ガブリアス","|-damage|p1a: ガブリアス|0 fnt","|faint|p1a: ガブリアス","|","|-weather|RainDance|[upkeep]","|","|switch|p1a: キュレム|Kyurem-Black, shiny|391/391","|-ability|p1a: キュレム|Teravolt","|turn|3","|","|switch|p2a: Lanturn|Lanturn, M|391/391","|-damage|p2a: Lanturn|343/391|[from] Stealth Rock","|move|p1a: キュレム|Fusion Bolt|p2a: Lanturn","|-damage|p2a: Lanturn|87/391","|-damage|p1a: キュレム|352/391|[from] item: Life Orb","|","|-weather|RainDance|[upkeep]","|turn|4","|","|move|p2a: Lanturn|Dazzling Gleam|p1a: キュレム","|-supereffective|p1a: キュレム","|-damage|p1a: キュレム|204/391","|move|p1a: キュレム|Fusion Bolt|p2a: Lanturn","|-damage|p2a: Lanturn|0 fnt","|-damage|p1a: キュレム|165/391|[from] item: Life Orb","|faint|p2a: Lanturn","|","|-weather|RainDance|[upkeep]","|","|switch|p2a: Politoed|Politoed, M|321/321","|-damage|p2a: Politoed|281/321|[from] Stealth Rock","|turn|5","|","|move|p2a: Politoed|Focus Blast|p1a: キュレム","|-supereffective|p1a: キュレム","|-damage|p1a: キュレム|0 fnt","|faint|p1a: キュレム","|","|-weather|none","|","|switch|p1a: ラティアス|Latias, F|364/364","|turn|6","|","|switch|p2a: Gyarados|Gyarados, M|331/331","|-damage|p2a: Gyarados|249/331|[from] Stealth Rock","|detailschange|p1a: ラティアス|Latias-Mega, F","|-mega|p1a: ラティアス|Latias|Latiasite","|move|p1a: ラティアス|Calm Mind|p1a: ラティアス","|-boost|p1a: ラティアス|spa|1","|-boost|p1a: ラティアス|spd|1","|","|turn|7","|","|detailschange|p2a: Gyarados|Gyarados-Mega, M","|-mega|p2a: Gyarados|Gyarados|Gyaradosite","|-ability|p2a: Gyarados|Mold Breaker","|move|p1a: ラティアス|Dragon Breath|p2a: Gyarados","|-damage|p2a: Gyarados|146/331","|-status|p2a: Gyarados|par","|move|p2a: Gyarados|Crunch|p1a: ラティアス","|-supereffective|p1a: ラティアス","|-damage|p1a: ラティアス|112/364","|","|turn|8","|","|move|p1a: ラティアス|Recover|p1a: ラティアス","|-heal|p1a: ラティアス|294/364","|move|p2a: Gyarados|Crunch|p1a: ラティアス","|-supereffective|p1a: ラティアス","|-damage|p1a: ラティアス|82/364","|-unboost|p1a: ラティアス|def|1","|","|turn|9","|","|move|p1a: ラティアス|Dragon Breath|p2a: Gyarados","|-damage|p2a: Gyarados|38/331 par","|move|p2a: Gyarados|Crunch|p1a: ラティアス","|-supereffective|p1a: ラティアス","|-damage|p1a: ラティアス|0 fnt","|faint|p1a: ラティアス","|","|","|switch|p1a: ボーマンダ|Salamence, M|331/331","|turn|10","|","|move|p1a: ボーマンダ|Outrage|p2a: Gyarados","|-crit|p2a: Gyarados","|-damage|p2a: Gyarados|0 fnt","|faint|p2a: Gyarados","|-boost|p1a: ボーマンダ|atk|1|[from] ability: Moxie","|","|","|switch|p2a: Politoed|Politoed, M|281/321","|-damage|p2a: Politoed|241/321|[from] Stealth Rock","|-weather|RainDance","|turn|11","|","|move|p1a: ボーマンダ|Outrage|p2a: Politoed|[from]lockedmove","|-damage|p2a: Politoed|0 fnt","|faint|p2a: Politoed","|-boost|p1a: ボーマンダ|atk|1|[from] ability: Moxie","|","|-weather|RainDance|[upkeep]","|","|switch|p2a: Cloyster|Cloyster, M|241/241","|-damage|p2a: Cloyster|181/241|[from] Stealth Rock","|turn|12","|","|move|p2a: Cloyster|Ice Shard|p1a: ボーマンダ","|-supereffective|p1a: ボーマンダ","|-damage|p1a: ボーマンダ|39/331","|move|p1a: ボーマンダ|Outrage|p2a: Cloyster|[from]lockedmove","|-damage|p2a: Cloyster|0 fnt","|-start|p1a: ボーマンダ|confusion|[fatigue]","|faint|p2a: Cloyster","|-boost|p1a: ボーマンダ|atk|1|[from] ability: Moxie","|","|-weather|RainDance|[upkeep]","|","|switch|p2a: Milotic|Milotic, M|394/394","|-damage|p2a: Milotic|345/394|[from] Stealth Rock","|turn|13","|","|-activate|p1a: ボーマンダ|confusion","|-damage|p1a: ボーマンダ|0 fnt|[from] confusion","|faint|p1a: ボーマンダ","|move|p2a: Milotic|Scald|p1: ボーマンダ|[notarget]","|-notarget","|","|-weather|RainDance|[upkeep]","|-heal|p2a: Milotic|369/394|[from] item: Leftovers","|","|switch|p1a: ラティオス|Latios, M|301/301","|turn|14","|","|move|p1a: ラティオス|Psyshock|p2a: Milotic","|-damage|p2a: Milotic|237/394","|move|p2a: Milotic|Whirlpool|p1a: ラティオス","|-resisted|p1a: ラティオス","|-damage|p1a: ラティオス|271/301","|-activate|p1a: ラティオス|move: Whirlpool|[of] p2a: Milotic","|","|-weather|RainDance|[upkeep]","|-heal|p2a: Milotic|261/394|[from] item: Leftovers","|-damage|p1a: ラティオス|234/301|[from] move: Whirlpool|[partiallytrapped]","|turn|15","|","|move|p1a: ラティオス|Psyshock|p2a: Milotic","|-damage|p2a: Milotic|138/394","|move|p2a: Milotic|Scald|p1a: ラティオス","|-resisted|p1a: ラティオス","|-damage|p1a: ラティオス|167/301","|","|-weather|none","|-heal|p2a: Milotic|162/394|[from] item: Leftovers","|-damage|p1a: ラティオス|130/301|[from] move: Whirlpool|[partiallytrapped]","|turn|16","|","|move|p1a: ラティオス|Psyshock|p2a: Milotic","|-damage|p2a: Milotic|24/394","|move|p2a: Milotic|Rest|p2a: Milotic","|-status|p2a: Milotic|slp","|-heal|p2a: Milotic|394/394 slp|[silent]","|-status|p2a: Milotic|slp|[from] move: Rest","|","|-damage|p1a: ラティオス|93/301|[from] move: Whirlpool|[partiallytrapped]","|turn|17","|","|move|p1a: ラティオス|Psyshock|p2a: Milotic","|-damage|p2a: Milotic|310/394 slp","|cant|p2a: Milotic|slp","|move|p2a: Milotic|Sleep Talk|p2a: Milotic","|move|p2a: Milotic|Whirlpool|p1a: ラティオス|[from]Sleep Talk|[miss]","|-miss|p2a: Milotic|p1a: ラティオス","|","|-heal|p2a: Milotic|334/394 slp|[from] item: Leftovers","|-damage|p1a: ラティオス|56/301|[from] move: Whirlpool|[partiallytrapped]","|turn|18","|","|move|p1a: ラティオス|Psyshock|p2a: Milotic","|-damage|p2a: Milotic|252/394 slp","|cant|p2a: Milotic|slp","|move|p2a: Milotic|Sleep Talk|p2a: Milotic","|move|p2a: Milotic|Whirlpool|p1a: ラティオス|[from]Sleep Talk","|-resisted|p1a: ラティオス","|-damage|p1a: ラティオス|36/301","|","|-heal|p2a: Milotic|276/394 slp|[from] item: Leftovers","|-damage|p1a: ラティオス|0 fnt|[from] move: Whirlpool|[partiallytrapped]","|faint|p1a: ラティオス","|","|switch|p1a: サザンドラ|Hydreigon, M, shiny|325/325","|turn|19","|","|move|p1a: サザンドラ|Dark Pulse|p2a: Milotic","|-damage|p2a: Milotic|80/394 slp","|-curestatus|p2a: Milotic|slp","|move|p2a: Milotic|Whirlpool|p1a: サザンドラ","|-resisted|p1a: サザンドラ","|-damage|p1a: サザンドラ|299/325","|-activate|p1a: サザンドラ|move: Whirlpool|[of] p2a: Milotic","|","|-heal|p2a: Milotic|104/394|[from] item: Leftovers","|-damage|p1a: サザンドラ|259/325|[from] move: Whirlpool|[partiallytrapped]","|turn|20","|","|move|p1a: サザンドラ|Dark Pulse|p2a: Milotic","|-damage|p2a: Milotic|0 fnt","|faint|p2a: Milotic","|","|","|switch|p2a: Manaphy|Manaphy|404/404","|-damage|p2a: Manaphy|354/404|[from] Stealth Rock","|turn|21","|","|move|p1a: サザンドラ|Dark Pulse|p2a: Manaphy","|-damage|p2a: Manaphy|134/404","|move|p2a: Manaphy|Scald|p1a: サザンドラ","|-resisted|p1a: サザンドラ","|-damage|p1a: サザンドラ|190/325","|-status|p1a: サザンドラ|brn","|","|-heal|p2a: Manaphy|159/404|[from] item: Leftovers","|-damage|p1a: サザンドラ|150/325 brn|[from] brn","|turn|22","|","|move|p1a: サザンドラ|Dark Pulse|p2a: Manaphy","|-damage|p2a: Manaphy|0 fnt","|faint|p2a: Manaphy","|","|win|Multistripè 멀티 줄무늬"],"p1rating":{"entryid":"7615714","serverid":"eos","formatid":"monotype","userid":"multistrip","username":"Multistripè 멀티 줄무늬","w":4,"l":"0","t":"0","gxe":66.1,"r":"1500","rd":"130","sigma":"0","rptime":"1439456400","rpr":1631.1247992313,"rprd":106.05928471003,"rpsigma":"0","acre":1140.0747838674,"lacre":1140.0747838674,"oldacre":"1121.9963948744"},"p2rating":{"entryid":"7605632","serverid":"eos","formatid":"monotype","userid":"alliancesuccubus","username":"Alliance-Succubus","w":"1","l":3,"t":"0","gxe":43.7,"r":"1500","rd":"130","sigma":"0","rptime":"1439456400","rpr":1450.4165006992,"rprd":106.23086167983,"rpsigma":"0","acre":1013.4756380252,"lacre":1013.4756380252,"oldacre":"1023.2263652138"},"endType":"normal"}