{"seed":[64349,19777,37559,28129],"turns":24,"p1":"Rain SageHerbs","p2":"Alliance - Mxy","p1team":[{"name":"King Ludi","species":"ludicolo","item":"leftovers","ability":"Swift Swim","moves":["teeterdance","scald","icebeam","gigadrain"],"nature":"Modest","evs":{"hp":0,"atk":0,"def":0,"spa":252,"spd":4,"spe":252},"shiny":true,"ivs":{"hp":31,"atk":31,"def":31,"spa":31,"spd":31,"spe":31}},{"name":"SS2 Azu","species":"azumarill","item":"sitrusberry","ability":"Huge Power","moves":["aquajet","playrough","bellydrum","knockoff"],"nature":"Jolly","evs":{"hp":252,"atk":252,"def":0,"spa":0,"spd":4,"spe":0},"shiny":true,"ivs":{"hp":31,"atk":31,"def":31,"spa":31,"spd":31,"spe":31}},{"name":"SwampGun","species":"swampert","item":"swampertite","ability":"Damp","moves":["superpower","waterfall","earthquake","icepunch"],"nature":"Adamant","evs":{"hp":248,"atk":252,"def":0,"spa":0,"spd":8,"spe":0},"ivs":{"hp":31,"atk":31,"def":31,"spa":31,"spd":31,"spe":31}},{"name":"Milo","species":"milotic","item":"leftovers","ability":"Competitive","moves":["scald","icebeam","raindance","toxic"],"nature":"Bold","evs":{"hp":252,"atk":0,"def":252,"spa":4,"spd":0,"spe":0},"shiny":true,"ivs":{"hp":31,"atk":31,"def":31,"spa":31,"spd":31,"spe":31}},{"name":"Poliie","species":"politoed","item":"widelens","ability":"Drizzle","moves":["icebeam","surf","hypnosis","perishsong"],"nature":"Modest","evs":{"hp":248,"atk":0,"def":0,"spa":252,"spd":8,"spe":0},"shiny":true,"ivs":{"hp":31,"atk":31,"def":31,"spa":31,"spd":31,"spe":31}},{"name":"Gyarados","species":"Gyarados","item":"leftovers","ability":"Moxie","moves":["dragondance","bounce","waterfall","substitute"],"nature":"Jolly","evs":{"hp":88,"atk":220,"def":4,"spa":0,"spd":0,"spe":196},"shiny":true,"ivs":{"hp":31,"atk":31,"def":31,"spa":31,"spd":31,"spe":31}}],"p2team":[{"name":"Beedrill","species":"Beedrill","item":"beedrillite","ability":"Swarm","moves":["uturn","poisonjab","knockoff","protect"],"nature":"Jolly","evs":{"hp":0,"atk":252,"def":0,"spa":0,"spd":4,"spe":252},"ivs":{"hp":31,"atk":31,"def":31,"spa":31,"spd":31,"spe":31}},{"name":"Weezing","species":"Weezing","item":"blacksludge","ability":"Levitate","moves":["fireblast","sludgewave","willowisp","painsplit"],"nature":"Bold","evs":{"hp":248,"atk":0,"def":252,"spa":8,"spd":0,"spe":0},"ivs":{"hp":31,"atk":0,"def":31,"spa":31,"spd":31,"spe":31}},{"name":"Drapion","species":"Drapion","item":"choicescarf","ability":"Sniper","moves":["knockoff","rockslide","nightslash","icefang"],"nature":"Jolly","evs":{"hp":0,"atk":252,"def":0,"spa":0,"spd":4,"spe":252},"ivs":{"hp":31,"atk":31,"def":31,"spa":31,"spd":31,"spe":31}},{"name":"Gengar","species":"Gengar","item":"focussash","ability":"Levitate","moves":["shadowball","sludgewave","focusblast","destinybond"],"nature":"Timid","evs":{"hp":0,"atk":0,"def":0,"spa":252,"spd":4,"spe":252},"ivs":{"hp":31,"atk":0,"def":31,"spa":31,"spd":31,"spe":31}},{"name":"Skuntank","species":"Skuntank","item":"blackglasses","ability":"Aftermath","moves":["suckerpunch","pursuit","toxic","defog"],"nature":"Adamant","evs":{"hp":0,"atk":252,"def":0,"spa":0,"spd":0,"spe":252},"ivs":{"hp":31,"atk":31,"def":31,"spa":31,"spd":31,"spe":31}},{"name":"Nidoking","species":"Nidoking","item":"lifeorb","ability":"Sheer Force","moves":["earthpower","flamethrower","icebeam","suckerpunch"],"nature":"Naive","evs":{"hp":0,"atk":4,"def":0,"spa":252,"spd":0,"spe":252},"ivs":{"hp":31,"atk":31,"def":31,"spa":31,"spd":31,"spe":31}}],"log":["|player|p1|Rain SageHerbs|154","|player|p2|Alliance - Mxy|270","|gametype|singles","|gen|6","|tier|Monotype","|rated","|rule|Baton Pass Clause: Limit one Baton Passer, can't pass Spe and other stats simultaneously","|rule|Swagger Clause: Swagger is banned","|rule|Same Type Clause: Pokémon in a team must share a type","|clearpoke","|poke|p1|Ludicolo, M, shiny","|poke|p1|Azumarill, M, shiny","|poke|p1|Swampert, M","|poke|p1|Milotic, F, shiny","|poke|p1|Politoed, F, shiny","|poke|p1|Gyarados, M, shiny","|poke|p2|Beedrill, F","|poke|p2|Weezing, F","|poke|p2|Drapion, F","|poke|p2|Gengar, F","|poke|p2|Skuntank, M","|poke|p2|Nidoking, M","|rule|Sleep Clause Mod: Limit one foe put to sleep","|rule|Species Clause: Limit one of each Pokémon","|rule|OHKO Clause: OHKO moves are banned","|rule|Moody Clause: Moody is banned","|rule|Evasion Moves Clause: Evasion moves are banned","|rule|Endless Battle Clause: Forcing endless battles is banned","|rule|HP Percentage Mod: HP is shown in percentages","|teampreview","|","|start","|switch|p1a: SwampGun|Swampert, M|403/403","|switch|p2a: Beedrill|Beedrill, F|271/271","|turn|1","|","|detailschange|p2a: Beedrill|Beedrill-Mega, F","|-mega|p2a: Beedrill|Beedrill|Beedrillite","|detailschange|p1a: SwampGun|Swampert-Mega, M","|-mega|p1a: SwampGun|Swampert|Swampertite","|move|p2a: Beedrill|U-turn|p1a: SwampGun","|-damage|p1a: SwampGun|231/403","|","|switch|p2a: Weezing|Weezing, F|333/333","|move|p1a: SwampGun|Waterfall|p2a: Weezing","|-damage|p2a: Weezing|215/333","|","|-heal|p2a: Weezing|235/333|[from] item: Black Sludge","|turn|2","|","|switch|p1a: Poliie|Politoed, F, shiny|383/383","|-weather|RainDance","|move|p2a: Weezing|Will-O-Wisp|p1a: Poliie","|-status|p1a: Poliie|brn","|","|-weather|RainDance|[upkeep]","|-heal|p2a: Weezing|255/333|[from] item: Black Sludge","|-damage|p1a: Poliie|336/383 brn|[from] brn","|turn|3","|","|switch|p2a: Drapion|Drapion, F|281/281","|move|p1a: Poliie|Surf|p2a: Drapion","|-damage|p2a: Drapion|19/281","|","|-weather|RainDance|[upkeep]","|-damage|p1a: Poliie|289/383 brn|[from] brn","|turn|4","|","|move|p2a: Drapion|Knock Off|p1a: Poliie","|-damage|p1a: Poliie|130/383 brn","|-enditem|p1a: Poliie|Wide Lens|[from] move: Knock Off|[of] p2a: Drapion","|move|p1a: Poliie|Surf|p2a: Drapion","|-damage|p2a: Drapion|0 fnt","|faint|p2a: Drapion","|","|-weather|RainDance|[upkeep]","|-damage|p1a: Poliie|83/383 brn|[from] brn","|","|switch|p2a: Beedrill|Beedrill-Mega, F|271/271","|turn|5","|","|switch|p1a: Gyarados|Gyarados, M, shiny|353/353","|move|p2a: Beedrill|U-turn|p1a: Gyarados","|-resisted|p1a: Gyarados","|-damage|p1a: Gyarados|249/353","|","|switch|p2a: Weezing|Weezing, F|255/333","|","|-weather|RainDance|[upkeep]","|-heal|p1a: Gyarados|271/353|[from] item: Leftovers","|-heal|p2a: Weezing|275/333|[from] item: Black Sludge","|turn|6","|","|move|p1a: Gyarados|Substitute|p1a: Gyarados","|-start|p1a: Gyarados|Substitute","|-damage|p1a: Gyarados|183/353","|move|p2a: Weezing|Will-O-Wisp|p1a: Gyarados|[miss]","|-miss|p2a: Weezing|p1a: Gyarados","|","|-weather|none","|-heal|p1a: Gyarados|205/353|[from] item: Leftovers","|-heal|p2a: Weezing|295/333|[from] item: Black Sludge","|turn|7","|","|move|p1a: Gyarados|Dragon Dance|p1a: Gyarados","|-boost|p1a: Gyarados|atk|1","|-boost|p1a: Gyarados|spe|1","|move|p2a: Weezing|Sludge Wave|p1a: Gyarados","|-end|p1a: Gyarados|Substitute","|","|-heal|p1a: Gyarados|227/353|[from] item: Leftovers","|-heal|p2a: Weezing|315/333|[from] item: Black Sludge","|turn|8","|","|move|p1a: Gyarados|Substitute|p1a: Gyarados","|-start|p1a: Gyarados|Substitute","|-damage|p1a: Gyarados|139/353","|move|p2a: Weezing|Sludge Wave|p1a: Gyarados","|-end|p1a: Gyarados|Substitute","|","|-heal|p1a: Gyarados|161/353|[from] item: Leftovers","|-heal|p2a: Weezing|333/333|[from] item: Black Sludge","|turn|9","|","|move|p1a: Gyarados|Bounce|p2a: Weezing|[still]","|-prepare|p1a: Gyarados|Bounce|p2a: Weezing","|move|p2a: Weezing|Sludge Wave|p1a: Gyarados","|-miss|p2a: Weezing|p1a: Gyarados","|","|-heal|p1a: Gyarados|183/353|[from] item: Leftovers","|turn|10","|","|move|p1a: Gyarados|Bounce|p2a: Weezing|[from]lockedmove|[miss]","|-miss|p1a: Gyarados|p2a: Weezing","|move|p2a: Weezing|Will-O-Wisp|p1a: Gyarados","|-status|p1a: Gyarados|brn","|","|-heal|p1a: Gyarados|205/353 brn|[from] item: Leftovers","|-damage|p1a: Gyarados|161/353 brn|[from] brn","|turn|11","|","|switch|p1a: Milo|Milotic, F, shiny|394/394","|move|p2a: Weezing|Sludge Wave|p1a: Milo","|-damage|p1a: Milo|313/394","|","|-heal|p1a: Milo|337/394|[from] item: Leftovers","|turn|12","|","|move|p1a: Milo|Scald|p2a: Weezing","|-damage|p2a: Weezing|215/333","|move|p2a: Weezing|Pain Split|p1a: Milo","|-sethp|p1a: Milo|276/394|p2a: Weezing|276/333|[from] move: Pain Split","|","|-heal|p1a: Milo|300/394|[from] item: Leftovers","|-heal|p2a: Weezing|296/333|[from] item: Black Sludge","|turn|13","|","|switch|p2a: Skuntank|Skuntank, M|347/347","|move|p1a: Milo|Rain Dance|p1a: Milo","|-weather|RainDance","|","|-weather|RainDance|[upkeep]","|-heal|p1a: Milo|324/394|[from] item: Leftovers","|turn|14","|","|move|p2a: Skuntank|Pursuit|p1a: Milo","|-damage|p1a: Milo|258/394","|move|p1a: Milo|Scald|p2a: Skuntank","|-crit|p2a: Skuntank","|-damage|p2a: Skuntank|8/347","|","|-weather|RainDance|[upkeep]","|-heal|p1a: Milo|282/394|[from] item: Leftovers","|turn|15","|","|move|p2a: Skuntank|Sucker Punch|p1a: Milo","|-damage|p1a: Milo|156/394","|move|p1a: Milo|Ice Beam|p2a: Skuntank","|-damage|p2a: Skuntank|0 fnt","|faint|p2a: Skuntank","|","|-weather|RainDance|[upkeep]","|-heal|p1a: Milo|180/394|[from] item: Leftovers","|","|switch|p2a: Nidoking|Nidoking, M|303/303","|turn|16","|","|move|p2a: Nidoking|Earth Power|p1a: Milo","|-damage|p1a: Milo|11/394","|move|p1a: Milo|Scald|p2a: Nidoking","|-supereffective|p2a: Nidoking","|-damage|p2a: Nidoking|0 fnt","|faint|p2a: Nidoking","|","|-weather|RainDance|[upkeep]","|-heal|p1a: Milo|35/394|[from] item: Leftovers","|","|switch|p2a: Beedrill|Beedrill-Mega, F|271/271","|turn|17","|","|switch|p1a: Gyarados|Gyarados, M, shiny|161/353 brn","|move|p2a: Beedrill|Knock Off|p1a: Gyarados","|-damage|p1a: Gyarados|7/353 brn","|-enditem|p1a: Gyarados|Leftovers|[from] move: Knock Off|[of] p2a: Beedrill","|","|-weather|none","|-damage|p1a: Gyarados|0 fnt|[from] brn","|faint|p1a: Gyarados","|","|switch|p1a: Poliie|Politoed, F, shiny|83/383 brn","|-weather|RainDance","|turn|18","|","|move|p2a: Beedrill|U-turn|p1a: Poliie","|-damage|p1a: Poliie|0 fnt","|faint|p1a: Poliie","|","|switch|p2a: Weezing|Weezing, F|296/333","|","|-weather|RainDance|[upkeep]","|-heal|p2a: Weezing|316/333|[from] item: Black Sludge","|","|switch|p1a: King Ludi|Ludicolo, M, shiny|301/301","|turn|19","|","|move|p1a: King Ludi|Scald|p2a: Weezing","|-damage|p2a: Weezing|67/333","|-status|p2a: Weezing|brn","|move|p2a: Weezing|Sludge Wave|p1a: King Ludi","|-supereffective|p1a: King Ludi","|-damage|p1a: King Ludi|103/301","|","|-weather|RainDance|[upkeep]","|-heal|p1a: King Ludi|121/301|[from] item: Leftovers","|-heal|p2a: Weezing|87/333 brn|[from] item: Black Sludge","|-damage|p2a: Weezing|46/333 brn|[from] brn","|turn|20","|","|move|p1a: King Ludi|Scald|p2a: Weezing","|-damage|p2a: Weezing|0 fnt","|faint|p2a: Weezing","|","|-weather|RainDance|[upkeep]","|-heal|p1a: King Ludi|139/301|[from] item: Leftovers","|","|switch|p2a: Gengar|Gengar, F|261/261","|turn|21","|","|move|p1a: King Ludi|Teeter Dance|p2a: Gengar","|-start|p2a: Gengar|confusion","|-activate|p2a: Gengar|confusion","|move|p2a: Gengar|Sludge Wave|p1a: King Ludi","|-supereffective|p1a: King Ludi","|-damage|p1a: King Ludi|0 fnt","|faint|p1a: King Ludi","|","|-weather|RainDance|[upkeep]","|","|switch|p1a: SwampGun|Swampert-Mega, M|231/403","|turn|22","|","|move|p1a: SwampGun|Waterfall|p2a: Gengar","|-crit|p2a: Gengar","|-enditem|p2a: Gengar|Focus Sash","|-damage|p2a: Gengar|1/261","|cant|p2a: Gengar|flinch","|","|-weather|none","|turn|23","|","|-activate|p2a: Gengar|confusion","|-damage|p2a: Gengar|0 fnt|[from] confusion","|faint|p2a: Gengar","|move|p1a: SwampGun|Waterfall|p2: Gengar|[notarget]","|-notarget","|","|","|switch|p2a: Beedrill|Beedrill-Mega, F|271/271","|turn|24","|","|move|p2a: Beedrill|U-turn|p1a: SwampGun","|-damage|p1a: SwampGun|65/403","|move|p1a: SwampGun|Earthquake|p2a: Beedrill","|-damage|p2a: Beedrill|0 fnt","|faint|p2a: Beedrill","|","|win|Rain SageHerbs"],"p1rating":{"entryid":"7585786","serverid":"eos","formatid":"monotype","userid":"rainsageherbs","username":"Rain SageHerbs","w":6,"l":"4","t":"0","gxe":57.3,"r":"1557.5934648193","rd":"91.91988460524","sigma":"0","rptime":"1439456400","rpr":1557.0146518356,"rprd":86.568029212095,"rpsigma":"0","acre":1142.6395559052,"lacre":1142.6395559052,"oldacre":"1115.1054280343"},"p2rating":{"entryid":"6690851","serverid":"eos","formatid":"monotype","userid":"alliancemxy","username":"Alliance - Mxy","w":"79","l":52,"t":"0","gxe":59.6,"r":"1573.0849520774","rd":"34.38362096814","sigma":"0","rptime":"1439456400","rpr":1573.285899578,"rprd":34.07644489102,"rpsigma":"0","acre":1122.9105171001,"lacre":1122.9105171001,"oldacre":"1150.444644971"},"endType":"normal"}