{"seed":[30592,55887,49728,38686],"turns":31,"p1":"Scourage","p2":"SailorStarshine","p1team":[{"name":"Diancie","species":"Diancie","item":"leftovers","ability":"Clear Body","moves":["diamondstorm","stealthrock","healbell","moonblast"],"nature":"Gentle","evs":{"hp":252,"atk":4,"def":0,"spa":0,"spd":252,"spe":0},"ivs":{"hp":31,"atk":31,"def":31,"spa":31,"spd":31,"spe":31}},{"name":"Togetic","species":"Togetic","item":"eviolite","ability":"Serene Grace","moves":["flamethrower","toxic","roost","defog"],"nature":"Calm","evs":{"hp":248,"atk":0,"def":0,"spa":8,"spd":252,"spe":0},"ivs":{"hp":31,"atk":31,"def":31,"spa":31,"spd":31,"spe":31}},{"name":"Azumarill","species":"Azumarill","item":"choiceband","ability":"Huge Power","moves":["playrough","aquajet","knockoff","superpower"],"nature":"Adamant","evs":{"hp":248,"atk":252,"def":0,"spa":0,"spd":8,"spe":0},"ivs":{"hp":31,"atk":31,"def":31,"spa":31,"spd":31,"spe":31}},{"name":"YouKnowMyItem","species":"klefki","item":"choicescarf","ability":"Prankster","moves":["spikes","switcheroo","foulplay","thunderwave"],"nature":"Bold","evs":{"hp":252,"atk":0,"def":252,"spa":0,"spd":4,"spe":0},"ivs":{"hp":31,"atk":31,"def":31,"spa":31,"spd":31,"spe":31}},{"name":"Gardevoir","species":"Gardevoir","item":"gardevoirite","ability":"Trace","moves":["hypervoice","psyshock","focusblast","substitute"],"nature":"Modest","evs":{"hp":248,"atk":0,"def":0,"spa":252,"spd":8,"spe":0},"ivs":{"hp":31,"atk":31,"def":31,"spa":31,"spd":31,"spe":31}},{"name":"Togekiss","species":"Togekiss","item":"choicescarf","ability":"Serene Grace","moves":["trick","airslash","fireblast","dazzlinggleam"],"nature":"Modest","evs":{"hp":0,"atk":0,"def":0,"spa":252,"spd":4,"spe":252},"ivs":{"hp":31,"atk":31,"def":31,"spa":31,"spd":31,"spe":31}}],"p2team":[{"name":"Klefki","species":"Klefki","item":"lightclay","ability":"Prankster","moves":["reflect","lightscreen","thunderwave","drainingkiss"],"nature":"Bold","evs":{"hp":248,"atk":0,"def":252,"spa":8,"spd":0,"spe":0},"ivs":{"hp":31,"atk":31,"def":31,"spa":31,"spd":31,"spe":31}},{"name":"Togekiss","species":"Togekiss","item":"babiriberry","ability":"Serene Grace","moves":["flamethrower","airslash","roost","nastyplot"],"nature":"Calm","evs":{"hp":248,"atk":0,"def":0,"spa":8,"spd":252,"spe":0},"ivs":{"hp":31,"atk":31,"def":31,"spa":31,"spd":31,"spe":31}},{"name":"Gardevoir","species":"Gardevoir","item":"assaultvest","ability":"Trace","moves":["psychic","moonblast","focusblast","energyball"],"nature":"Modest","evs":{"hp":248,"atk":0,"def":0,"spa":252,"spd":8,"spe":0},"ivs":{"hp":31,"atk":31,"def":31,"spa":31,"spd":31,"spe":31}},{"name":"Azumarill","species":"Azumarill","item":"sitrusberry","ability":"Huge Power","moves":["playrough","aquatail","superpower","icepunch"],"nature":"Adamant","evs":{"hp":248,"atk":252,"def":0,"spa":0,"spd":8,"spe":0},"ivs":{"hp":31,"atk":31,"def":31,"spa":31,"spd":31,"spe":31}},{"name":"Whimsicott","species":"Whimsicott","item":"leftovers","ability":"Prankster","moves":["stunspore","encore","leechseed","uturn"],"nature":"Bold","evs":{"hp":252,"atk":0,"def":128,"spa":0,"spd":128,"spe":0},"ivs":{"hp":31,"atk":31,"def":31,"spa":31,"spd":31,"spe":31}},{"name":"Diancie","species":"Diancie","item":"diancite","ability":"Clear Body","moves":["moonblast","diamondstorm","earthpower","protect"],"nature":"","evs":{"hp":252,"atk":0,"def":0,"spa":252,"spd":4,"spe":0},"ivs":{"hp":31,"atk":31,"def":31,"spa":31,"spd":31,"spe":31}}],"log":["|player|p1|Scourage|25","|player|p2|SailorStarshine|101","|gametype|singles","|gen|6","|tier|Monotype","|rated","|rule|Baton Pass Clause: Limit one Baton Passer, can't pass Spe and other stats simultaneously","|rule|Swagger Clause: Swagger is banned","|rule|Same Type Clause: Pokémon in a team must share a type","|clearpoke","|poke|p1|Diancie","|poke|p1|Togetic, F","|poke|p1|Azumarill, M","|poke|p1|Klefki, F","|poke|p1|Gardevoir, M","|poke|p1|Togekiss, F","|poke|p2|Klefki, F","|poke|p2|Togekiss, F","|poke|p2|Gardevoir, F","|poke|p2|Azumarill, F","|poke|p2|Whimsicott, M","|poke|p2|Diancie","|rule|Sleep Clause Mod: Limit one foe put to sleep","|rule|Species Clause: Limit one of each Pokémon","|rule|OHKO Clause: OHKO moves are banned","|rule|Moody Clause: Moody is banned","|rule|Evasion Moves Clause: Evasion moves are banned","|rule|Endless Battle Clause: Forcing endless battles is banned","|rule|HP Percentage Mod: HP is shown in percentages","|teampreview","|","|start","|switch|p1a: Togekiss|Togekiss, F|311/311","|switch|p2a: Klefki|Klefki, F|317/317","|turn|1","|","|move|p2a: Klefki|Thunder Wave|p1a: Togekiss","|-status|p1a: Togekiss|par","|move|p1a: Togekiss|Fire Blast|p2a: Klefki","|-supereffective|p2a: Klefki","|-damage|p2a: Klefki|17/317","|","|turn|2","|","|move|p2a: Klefki|Light Screen|p2a: Klefki","|-sidestart|p2: SailorStarshine|move: Light Screen","|move|p1a: Togekiss|Fire Blast|p2a: Klefki","|-supereffective|p2a: Klefki","|-damage|p2a: Klefki|0 fnt","|faint|p2a: Klefki","|","|","|switch|p2a: Diancie|Diancie|304/304","|turn|3","|","|switch|p1a: Azumarill|Azumarill, M|403/403","|detailschange|p2a: Diancie|Diancie-Mega","|-mega|p2a: Diancie|Diancie|Diancite","|move|p2a: Diancie|Diamond Storm|p1a: Azumarill","|-damage|p1a: Azumarill|184/403","|","|turn|4","|","|switch|p2a: Whimsicott|Whimsicott, M|324/324","|move|p1a: Azumarill|Aqua Jet|p2a: Whimsicott","|-resisted|p2a: Whimsicott","|-damage|p2a: Whimsicott|267/324","|","|-heal|p2a: Whimsicott|287/324|[from] item: Leftovers","|turn|5","|","|switch|p1a: Gardevoir|Gardevoir, M|339/339","|-ability|p1a: Gardevoir|Prankster|[from] ability: Trace|[of] p2a: Whimsicott","|move|p2a: Whimsicott|Encore|p1a: Gardevoir","|-fail|p1a: Gardevoir","|","|-heal|p2a: Whimsicott|307/324|[from] item: Leftovers","|turn|6","|","|detailschange|p1a: Gardevoir|Gardevoir-Mega, M","|-mega|p1a: Gardevoir|Gardevoir|Gardevoirite","|move|p2a: Whimsicott|Stun Spore|p1a: Gardevoir|[miss]","|-miss|p2a: Whimsicott|p1a: Gardevoir","|move|p1a: Gardevoir|Substitute|p1a: Gardevoir","|-start|p1a: Gardevoir|Substitute","|-damage|p1a: Gardevoir|255/339","|","|-heal|p2a: Whimsicott|324/324|[from] item: Leftovers","|turn|7","|","|switch|p2a: Gardevoir|Gardevoir, F|339/339","|-ability|p2a: Gardevoir|Pixilate|[from] ability: Trace|[of] p1a: Gardevoir","|move|p1a: Gardevoir|Hyper Voice|p2a: Gardevoir","|-damage|p2a: Gardevoir|254/339","|","|turn|8","|","|switch|p1a: Togetic|Togetic, F|313/313","|move|p2a: Gardevoir|Moonblast|p1a: Togetic","|-damage|p1a: Togetic|235/313","|-unboost|p1a: Togetic|spa|1","|","|turn|9","|","|move|p2a: Gardevoir|Psychic|p1a: Togetic","|-damage|p1a: Togetic|156/313","|move|p1a: Togetic|Roost|p1a: Togetic","|-heal|p1a: Togetic|313/313","|","|-sideend|p2: SailorStarshine|move: Light Screen","|turn|10","|","|switch|p2a: Whimsicott|Whimsicott, M|324/324","|move|p1a: Togetic|Flamethrower|p2a: Whimsicott","|-supereffective|p2a: Whimsicott","|-damage|p2a: Whimsicott|230/324","|","|-heal|p2a: Whimsicott|250/324|[from] item: Leftovers","|turn|11","|","|move|p2a: Whimsicott|Stun Spore|p1a: Togetic","|-status|p1a: Togetic|par","|move|p1a: Togetic|Flamethrower|p2a: Whimsicott","|-supereffective|p2a: Whimsicott","|-damage|p2a: Whimsicott|164/324","|","|-heal|p2a: Whimsicott|184/324|[from] item: Leftovers","|turn|12","|","|switch|p1a: Diancie|Diancie|304/304","|move|p2a: Whimsicott|Leech Seed|p1a: Diancie","|-start|p1a: Diancie|move: Leech Seed","|","|-heal|p2a: Whimsicott|204/324|[from] item: Leftovers","|-damage|p1a: Diancie|266/304|[from] Leech Seed|[of] p2a: Whimsicott","|-heal|p2a: Whimsicott|242/324|[silent]","|turn|13","|","|move|p2a: Whimsicott|Stun Spore|p1a: Diancie","|-status|p1a: Diancie|par","|move|p1a: Diancie|Stealth Rock|p2a: Whimsicott","|-sidestart|p2: SailorStarshine|move: Stealth Rock","|","|-heal|p2a: Whimsicott|262/324|[from] item: Leftovers","|-heal|p1a: Diancie|285/304 par|[from] item: Leftovers","|-damage|p1a: Diancie|247/304 par|[from] Leech Seed|[of] p2a: Whimsicott","|-heal|p2a: Whimsicott|300/324|[silent]","|turn|14","|","|switch|p2a: Azumarill|Azumarill, F|403/403","|-damage|p2a: Azumarill|353/403|[from] Stealth Rock","|switch|p1a: Togekiss|Togekiss, F|311/311 par","|","|turn|15","|","|move|p2a: Azumarill|Ice Punch|p1a: Togekiss","|-supereffective|p1a: Togekiss","|-damage|p1a: Togekiss|83/311 par","|move|p1a: Togekiss|Air Slash|p2a: Azumarill","|-damage|p2a: Azumarill|194/403","|-enditem|p2a: Azumarill|Sitrus Berry|[eat]","|-heal|p2a: Azumarill|294/403|[from] item: Sitrus Berry","|","|turn|16","|","|switch|p1a: YouKnowMyItem|Klefki, F|318/318","|move|p2a: Azumarill|Ice Punch|p1a: YouKnowMyItem","|-resisted|p1a: YouKnowMyItem","|-damage|p1a: YouKnowMyItem|280/318","|","|turn|17","|","|switch|p2a: Whimsicott|Whimsicott, M|300/324","|-damage|p2a: Whimsicott|260/324|[from] Stealth Rock","|move|p1a: YouKnowMyItem|Foul Play|p2a: Whimsicott","|-resisted|p2a: Whimsicott","|-damage|p2a: Whimsicott|238/324","|","|-heal|p2a: Whimsicott|258/324|[from] item: Leftovers","|turn|18","|","|switch|p1a: Diancie|Diancie|247/304 par","|move|p2a: Whimsicott|Encore|p1a: Diancie","|-fail|p1a: Diancie","|","|-heal|p2a: Whimsicott|278/324|[from] item: Leftovers","|-heal|p1a: Diancie|266/304 par|[from] item: Leftovers","|turn|19","|","|switch|p2a: Azumarill|Azumarill, F|294/403","|-damage|p2a: Azumarill|244/403|[from] Stealth Rock","|move|p1a: Diancie|Heal Bell|p1a: Diancie","|-cureteam|p1a: Diancie|[from] move: HealBell","|","|-heal|p1a: Diancie|285/304|[from] item: Leftovers","|turn|20","|","|switch|p1a: YouKnowMyItem|Klefki, F|280/318","|move|p2a: Azumarill|Aqua Tail|p1a: YouKnowMyItem","|-crit|p1a: YouKnowMyItem","|-damage|p1a: YouKnowMyItem|67/318","|","|turn|21","|","|move|p1a: YouKnowMyItem|Thunder Wave|p2a: Azumarill","|-status|p2a: Azumarill|par","|move|p2a: Azumarill|Aqua Tail|p1a: YouKnowMyItem","|-damage|p1a: YouKnowMyItem|0 fnt","|faint|p1a: YouKnowMyItem","|","|","|switch|p1a: Azumarill|Azumarill, M|184/403","|turn|22","|","|move|p1a: Azumarill|Play Rough|p2a: Azumarill","|-damage|p2a: Azumarill|0 fnt","|faint|p2a: Azumarill","|","|","|switch|p2a: Togekiss|Togekiss, F|373/373","|-damage|p2a: Togekiss|280/373|[from] Stealth Rock","|turn|23","|","|switch|p1a: Diancie|Diancie|285/304","|move|p2a: Togekiss|Air Slash|p1a: Diancie","|-resisted|p1a: Diancie","|-damage|p1a: Diancie|257/304","|","|-heal|p1a: Diancie|276/304|[from] item: Leftovers","|turn|24","|","|move|p2a: Togekiss|Nasty Plot|p2a: Togekiss","|-boost|p2a: Togekiss|spa|2","|move|p1a: Diancie|Diamond Storm|p2a: Togekiss","|-supereffective|p2a: Togekiss","|-damage|p2a: Togekiss|10/373","|","|-heal|p1a: Diancie|295/304|[from] item: Leftovers","|turn|25","|","|move|p2a: Togekiss|Flamethrower|p1a: Diancie","|-resisted|p1a: Diancie","|-damage|p1a: Diancie|253/304","|move|p1a: Diancie|Moonblast|p2a: Togekiss","|-damage|p2a: Togekiss|0 fnt","|faint|p2a: Togekiss","|","|-heal|p1a: Diancie|272/304|[from] item: Leftovers","|","|switch|p2a: Diancie|Diancie-Mega|304/304","|-damage|p2a: Diancie|266/304|[from] Stealth Rock","|turn|26","|","|move|p2a: Diancie|Earth Power|p1a: Diancie","|-supereffective|p1a: Diancie","|-damage|p1a: Diancie|144/304","|move|p1a: Diancie|Diamond Storm|p2a: Diancie","|-damage|p2a: Diancie|154/304","|-boost|p1a: Diancie|def|1","|","|-heal|p1a: Diancie|163/304|[from] item: Leftovers","|turn|27","|","|move|p2a: Diancie|Earth Power|p1a: Diancie","|-supereffective|p1a: Diancie","|-damage|p1a: Diancie|33/304","|move|p1a: Diancie|Diamond Storm|p2a: Diancie","|-damage|p2a: Diancie|46/304","|-boost|p1a: Diancie|def|1","|","|-heal|p1a: Diancie|52/304|[from] item: Leftovers","|turn|28","|","|move|p2a: Diancie|Earth Power|p1a: Diancie","|-supereffective|p1a: Diancie","|-damage|p1a: Diancie|0 fnt","|faint|p1a: Diancie","|","|","|switch|p1a: Azumarill|Azumarill, M|184/403","|turn|29","|","|move|p1a: Azumarill|Aqua Jet|p2a: Diancie","|-supereffective|p2a: Diancie","|-damage|p2a: Diancie|0 fnt","|faint|p2a: Diancie","|","|","|switch|p2a: Gardevoir|Gardevoir, F|254/339","|-damage|p2a: Gardevoir|212/339|[from] Stealth Rock","|-ability|p2a: Gardevoir|Huge Power|[from] ability: Trace|[of] p1a: Azumarill","|turn|30","|","|move|p1a: Azumarill|Aqua Jet|p2a: Gardevoir","|-damage|p2a: Gardevoir|11/339","|move|p2a: Gardevoir|Energy Ball|p1a: Azumarill","|-supereffective|p1a: Azumarill","|-damage|p1a: Azumarill|0 fnt","|faint|p1a: Azumarill","|","|","|switch|p1a: Togetic|Togetic, F|313/313","|turn|31","|","|move|p2a: Gardevoir|Moonblast|p1a: Togetic","|-damage|p1a: Togetic|231/313","|move|p1a: Togetic|Toxic|p2a: Gardevoir","|-status|p2a: Gardevoir|tox","|","|-damage|p2a: Gardevoir|0 fnt|[from] psn","|faint|p2a: Gardevoir","|","|win|Scourage"],"p1rating":{"entryid":"7549654","serverid":"eos","formatid":"monotype","userid":"scourage","username":"Scourage","w":3,"l":"0","t":"0","gxe":61.4,"r":"1540.1606143388","rd":"123.03963956633","sigma":"0","rptime":"1439370000","rpr":1591.8825101668,"rprd":111.96910601259,"rpsigma":"0","acre":1101.172673148,"lacre":1101.172673148,"oldacre":"1071.9336678352"},"p2rating":{"entryid":"7452383","serverid":"eos","formatid":"monotype","userid":"sailorstarshine","username":"SailorStarshine","w":"14","l":15,"t":"0","gxe":48.8,"r":"1526.4962411485","rd":"63.405102914701","sigma":"0","rptime":"1439370000","rpr":1490.7451950267,"rprd":60.894204811903,"rpsigma":"0","acre":1051.4166446779,"lacre":1051.4166446779,"oldacre":"1072.2792663015"},"endType":"forfeit"}