{"seed":[12477,62722,29016,40616],"turns":24,"p1":"Void KGBeast","p2":"I ONLY USE CARNIE","p1team":[{"name":"Charizard","species":"Charizard","item":"charizarditey","ability":"Blaze","moves":["defog","focusblast","fireblast","solarbeam"],"nature":"Timid","evs":{"hp":0,"atk":0,"def":0,"spa":252,"spd":4,"spe":252},"ivs":{"hp":31,"atk":0,"def":31,"spa":31,"spd":31,"spe":31}},{"name":"Infernape","species":"Infernape","item":"focussash","ability":"Blaze","moves":["stealthrock","taunt","closecombat","fireblast"],"nature":"Naive","evs":{"hp":0,"atk":252,"def":0,"spa":4,"spd":0,"spe":252},"ivs":{"hp":31,"atk":31,"def":31,"spa":31,"spd":31,"spe":31}},{"name":"Darmanitan","species":"Darmanitan","item":"choicescarf","ability":"Sheer Force","moves":["flareblitz","uturn","rockslide","superpower"],"nature":"Jolly","evs":{"hp":0,"atk":252,"def":0,"spa":0,"spd":4,"spe":252},"ivs":{"hp":31,"atk":31,"def":31,"spa":31,"spd":31,"spe":31}},{"name":"Heatran","species":"Heatran","item":"leftovers","ability":"Flash Fire","moves":["solarbeam","toxic","earthpower","flashcannon"],"nature":"Calm","evs":{"hp":248,"atk":0,"def":0,"spa":0,"spd":252,"spe":8},"ivs":{"hp":31,"atk":0,"def":31,"spa":31,"spd":31,"spe":31}},{"name":"Chandelure","species":"Chandelure","item":"choicescarf","ability":"Flash Fire","moves":["flamethrower","shadowball","energyball","hiddenpowerice"],"nature":"Timid","evs":{"hp":0,"atk":0,"def":4,"spa":252,"spd":0,"spe":252},"ivs":{"hp":31,"atk":30,"def":30,"spa":31,"spd":31,"spe":31}},{"name":"Arcanine","species":"Arcanine","item":"leftovers","ability":"Intimidate","moves":["willowisp","flareblitz","roar","morningsun"],"nature":"Impish","evs":{"hp":248,"atk":8,"def":252,"spa":0,"spd":0,"spe":0},"ivs":{"hp":31,"atk":31,"def":31,"spa":31,"spd":31,"spe":31}}],"p2team":[{"name":"Aegislash","species":"Aegislash","item":"weaknesspolicy","ability":"Stance Change","moves":["kingsshield","shadowsneak","swordsdance","ironhead"],"nature":"Adamant","evs":{"hp":248,"atk":252,"def":0,"spa":0,"spd":8,"spe":0},"ivs":{"hp":31,"atk":31,"def":31,"spa":31,"spd":31,"spe":31}},{"name":"Gengar","species":"Gengar","item":"lifeorb","ability":"Levitate","moves":["sludgebomb","shadowball","thunderbolt","focusblast"],"nature":"Timid","evs":{"hp":0,"atk":0,"def":0,"spa":252,"spd":4,"spe":252},"ivs":{"hp":31,"atk":31,"def":31,"spa":31,"spd":31,"spe":31}},{"name":"Froslass","species":"Froslass","item":"leftovers","ability":"Cursed Body","moves":["spikes","thunderwave","icebeam","taunt"],"nature":"Timid","evs":{"hp":252,"atk":0,"def":0,"spa":4,"spd":0,"spe":252},"ivs":{"hp":31,"atk":31,"def":31,"spa":31,"spd":31,"spe":31}},{"name":"Jellicent","species":"Jellicent","item":"leftovers","ability":"Water Absorb","moves":["shadowball","scald","willowisp","recover"],"nature":"Calm","evs":{"hp":252,"atk":0,"def":0,"spa":4,"spd":252,"spe":0},"ivs":{"hp":31,"atk":31,"def":31,"spa":31,"spd":31,"spe":31}},{"name":"Golurk","species":"Golurk","item":"assaultvest","ability":"Iron Fist","moves":["earthquake","shadowpunch","dynamicpunch","zenheadbutt"],"nature":"Adamant","evs":{"hp":248,"atk":252,"def":0,"spa":0,"spd":8,"spe":0},"ivs":{"hp":31,"atk":31,"def":31,"spa":31,"spd":31,"spe":31}},{"name":"Banette","species":"Banette","item":"banettite","ability":"Frisk","moves":["shadowsneak","willowisp","taunt","destinybond"],"nature":"Careful","evs":{"hp":248,"atk":8,"def":0,"spa":0,"spd":252,"spe":0},"ivs":{"hp":31,"atk":31,"def":31,"spa":31,"spd":31,"spe":31}}],"log":["|player|p1|Void KGBeast|kgbeast.png","|player|p2|I ONLY USE CARNIE|146","|gametype|singles","|gen|6","|tier|Monotype","|rated","|rule|Baton Pass Clause: Limit one Baton Passer, can't pass Spe and other stats simultaneously","|rule|Swagger Clause: Swagger is banned","|rule|Same Type Clause: Pokémon in a team must share a type","|clearpoke","|poke|p1|Charizard, F","|poke|p1|Infernape, M","|poke|p1|Darmanitan, F","|poke|p1|Heatran, M","|poke|p1|Chandelure, M","|poke|p1|Arcanine, F","|poke|p2|Aegislash, M","|poke|p2|Gengar, F","|poke|p2|Froslass, F","|poke|p2|Jellicent, M","|poke|p2|Golurk","|poke|p2|Banette, F","|rule|Sleep Clause Mod: Limit one foe put to sleep","|rule|Species Clause: Limit one of each Pokémon","|rule|OHKO Clause: OHKO moves are banned","|rule|Moody Clause: Moody is banned","|rule|Evasion Moves Clause: Evasion moves are banned","|rule|Endless Battle Clause: Forcing endless battles is banned","|rule|HP Percentage Mod: HP is shown in percentages","|teampreview","|","|start","|switch|p1a: Infernape|Infernape, M|293/293","|switch|p2a: Froslass|Froslass, F|344/344","|turn|1","|","|move|p2a: Froslass|Thunder Wave|p1a: Infernape","|-status|p1a: Infernape|par","|move|p1a: Infernape|Fire Blast|p2a: Froslass","|-supereffective|p2a: Froslass","|-damage|p2a: Froslass|14/344","|-start|p1a: Infernape|Disable|Fire Blast","|","|-heal|p2a: Froslass|35/344|[from] item: Leftovers","|turn|2","|","|move|p2a: Froslass|Spikes|p1a: Infernape","|-sidestart|p1: Void KGBeast|Spikes","|cant|p1a: Infernape|par","|","|-heal|p2a: Froslass|56/344|[from] item: Leftovers","|turn|3","|","|move|p2a: Froslass|Spikes|p1a: Infernape","|-sidestart|p1: Void KGBeast|Spikes","|cant|p1a: Infernape|par","|","|-heal|p2a: Froslass|77/344|[from] item: Leftovers","|turn|4","|","|move|p2a: Froslass|Spikes|p1a: Infernape","|-sidestart|p1: Void KGBeast|Spikes","|move|p1a: Infernape|Stealth Rock|p2a: Froslass","|-sidestart|p2: I ONLY USE CARNIE|move: Stealth Rock","|","|-heal|p2a: Froslass|98/344|[from] item: Leftovers","|turn|5","|","|switch|p2a: Jellicent|Jellicent, M|404/404","|-damage|p2a: Jellicent|354/404|[from] Stealth Rock","|cant|p1a: Infernape|par","|","|-heal|p2a: Jellicent|379/404|[from] item: Leftovers","|-end|p1a: Infernape|Disable","|turn|6","|","|move|p2a: Jellicent|Scald|p1a: Infernape","|-supereffective|p1a: Infernape","|-damage|p1a: Infernape|47/293 par","|cant|p1a: Infernape|par","|","|-heal|p2a: Jellicent|404/404|[from] item: Leftovers","|turn|7","|","|move|p2a: Jellicent|Scald|p1a: Infernape","|-supereffective|p1a: Infernape","|-damage|p1a: Infernape|0 fnt","|faint|p1a: Infernape","|","|","|switch|p1a: Charizard|Charizard, F|297/297","|turn|8","|","|detailschange|p1a: Charizard|Charizard-Mega-Y, F","|-mega|p1a: Charizard|Charizard|Charizardite Y","|-weather|SunnyDay","|move|p1a: Charizard|Defog|p2a: Jellicent","|-unboost|p2a: Jellicent|evasion|1","|-sideend|p2: I ONLY USE CARNIE|Stealth Rock|[from] move: Defog|[of] p2a: Jellicent","|-sideend|p1: Void KGBeast|Spikes|[from] move: Defog|[of] p1a: Charizard","|move|p2a: Jellicent|Scald|p1a: Charizard","|-supereffective|p1a: Charizard","|-damage|p1a: Charizard|225/297","|","|-weather|SunnyDay|[upkeep]","|turn|9","|","|move|p1a: Charizard|Solar Beam|p2a: Jellicent|[still]","|-prepare|p1a: Charizard|Solar Beam|p2a: Jellicent","|-anim|p1a: Charizard|Solar Beam|p2a: Jellicent","|-supereffective|p2a: Jellicent","|-damage|p2a: Jellicent|172/404","|move|p2a: Jellicent|Shadow Ball|p1a: Charizard","|-damage|p1a: Charizard|153/297","|-unboost|p1a: Charizard|spd|1","|","|-weather|SunnyDay|[upkeep]","|-heal|p2a: Jellicent|197/404|[from] item: Leftovers","|turn|10","|","|move|p1a: Charizard|Fire Blast|p2a: Jellicent","|-resisted|p2a: Jellicent","|-damage|p2a: Jellicent|88/404","|move|p2a: Jellicent|Recover|p2a: Jellicent","|-heal|p2a: Jellicent|290/404","|","|-weather|SunnyDay|[upkeep]","|-heal|p2a: Jellicent|315/404|[from] item: Leftovers","|turn|11","|","|switch|p1a: Heatran|Heatran, M|385/385","|move|p2a: Jellicent|Recover|p2a: Jellicent","|-heal|p2a: Jellicent|404/404","|","|-weather|SunnyDay|[upkeep]","|turn|12","|","|move|p1a: Heatran|Solar Beam|p2a: Jellicent|[still]","|-prepare|p1a: Heatran|Solar Beam|p2a: Jellicent","|-anim|p1a: Heatran|Solar Beam|p2a: Jellicent","|-supereffective|p2a: Jellicent","|-damage|p2a: Jellicent|234/404","|move|p2a: Jellicent|Scald|p1a: Heatran","|-supereffective|p1a: Heatran","|-damage|p1a: Heatran|329/385","|","|-weather|none","|-heal|p1a: Heatran|353/385|[from] item: Leftovers","|-heal|p2a: Jellicent|259/404|[from] item: Leftovers","|turn|13","|","|move|p1a: Heatran|Toxic|p2a: Jellicent","|-status|p2a: Jellicent|tox","|move|p2a: Jellicent|Scald|p1a: Heatran","|-supereffective|p1a: Heatran","|-damage|p1a: Heatran|239/385","|","|-heal|p1a: Heatran|263/385|[from] item: Leftovers","|-heal|p2a: Jellicent|284/404 tox|[from] item: Leftovers","|-damage|p2a: Jellicent|259/404 tox|[from] psn","|turn|14","|","|move|p1a: Heatran|Earth Power|p2a: Jellicent","|-crit|p2a: Jellicent","|-damage|p2a: Jellicent|164/404 tox","|-unboost|p2a: Jellicent|spd|1","|move|p2a: Jellicent|Scald|p1a: Heatran","|-supereffective|p1a: Heatran","|-damage|p1a: Heatran|153/385","|","|-heal|p1a: Heatran|177/385|[from] item: Leftovers","|-heal|p2a: Jellicent|189/404 tox|[from] item: Leftovers","|-damage|p2a: Jellicent|139/404 tox|[from] psn","|turn|15","|","|move|p1a: Heatran|Flash Cannon|p2a: Jellicent","|-resisted|p2a: Jellicent","|-damage|p2a: Jellicent|76/404 tox","|move|p2a: Jellicent|Scald|p1a: Heatran","|-supereffective|p1a: Heatran","|-damage|p1a: Heatran|67/385","|","|-heal|p1a: Heatran|91/385|[from] item: Leftovers","|-heal|p2a: Jellicent|101/404 tox|[from] item: Leftovers","|-damage|p2a: Jellicent|26/404 tox|[from] psn","|turn|16","|","|move|p1a: Heatran|Flash Cannon|p2a: Jellicent","|-resisted|p2a: Jellicent","|-damage|p2a: Jellicent|0 fnt","|faint|p2a: Jellicent","|","|-heal|p1a: Heatran|115/385|[from] item: Leftovers","|","|switch|p2a: Froslass|Froslass, F|98/344","|turn|17","|","|move|p2a: Froslass|Thunder Wave|p1a: Heatran","|-status|p1a: Heatran|par","|move|p1a: Heatran|Flash Cannon|p2a: Froslass","|-supereffective|p2a: Froslass","|-damage|p2a: Froslass|0 fnt","|faint|p2a: Froslass","|","|-heal|p1a: Heatran|139/385 par|[from] item: Leftovers","|","|switch|p2a: Golurk|Golurk|381/381","|turn|18","|","|switch|p1a: Charizard|Charizard-Mega-Y, F|153/297","|-weather|SunnyDay","|move|p2a: Golurk|Dynamic Punch|p1a: Charizard|[miss]","|-miss|p2a: Golurk|p1a: Charizard","|","|-weather|SunnyDay|[upkeep]","|turn|19","|","|move|p1a: Charizard|Solar Beam|p2a: Golurk|[still]","|-prepare|p1a: Charizard|Solar Beam|p2a: Golurk","|-anim|p1a: Charizard|Solar Beam|p2a: Golurk","|-supereffective|p2a: Golurk","|-damage|p2a: Golurk|111/381","|move|p2a: Golurk|Shadow Punch|p1a: Charizard","|-crit|p1a: Charizard","|-damage|p1a: Charizard|0 fnt","|faint|p1a: Charizard","|","|-weather|SunnyDay|[upkeep]","|","|switch|p1a: Chandelure|Chandelure, M|261/261","|turn|20","|","|move|p1a: Chandelure|Flamethrower|p2a: Golurk","|-damage|p2a: Golurk|0 fnt","|faint|p2a: Golurk","|","|-weather|SunnyDay|[upkeep]","|","|switch|p2a: Aegislash|Aegislash, M|323/323","|turn|21","|","|-formechange|p2a: Aegislash|Aegislash-Blade","|move|p2a: Aegislash|Shadow Sneak|p1a: Chandelure","|-supereffective|p1a: Chandelure","|-damage|p1a: Chandelure|69/261","|move|p1a: Chandelure|Flamethrower|p2a: Aegislash","|-supereffective|p2a: Aegislash","|-damage|p2a: Aegislash|0 fnt","|faint|p2a: Aegislash","|","|-weather|SunnyDay|[upkeep]","|","|switch|p2a: Gengar|Gengar, F|261/261","|turn|22","|","|move|p1a: Chandelure|Flamethrower|p2a: Gengar","|-damage|p2a: Gengar|0 fnt","|faint|p2a: Gengar","|","|-weather|none","|","|switch|p2a: Banette|Banette, F|331/331","|-item|p1a: Chandelure|Choice Scarf|[from] ability: Frisk|[of] p2a: Banette|[identify]","|turn|23","|","|detailschange|p2a: Banette|Banette-Mega, F","|-mega|p2a: Banette|Banette|Banettite","|move|p2a: Banette|Shadow Sneak|p1a: Chandelure","|-supereffective|p1a: Chandelure","|-damage|p1a: Chandelure|0 fnt","|faint|p1a: Chandelure","|","|","|switch|p1a: Darmanitan|Darmanitan, F|351/351","|turn|24","|","|move|p2a: Banette|Shadow Sneak|p1a: Darmanitan","|-damage|p1a: Darmanitan|228/351","|move|p1a: Darmanitan|Flare Blitz|p2a: Banette","|-damage|p2a: Banette|0 fnt","|-damage|p1a: Darmanitan|119/351|[from] recoil|[of] p2a: Banette","|faint|p2a: Banette","|","|win|Void KGBeast"],"p1rating":{"entryid":"6841698","serverid":"eos","formatid":"monotype","userid":"voidkgbeast","username":"Void KGBeast","w":26,"l":"13","t":"0","gxe":64.2,"r":"1576.21856248","rd":"61.975676366512","sigma":"0","rptime":"1439456400","rpr":1611.0581694502,"rprd":57.116159196234,"rpsigma":"0","acre":1312.8574035028,"lacre":1312.8574035028,"oldacre":"1303.1412948389"},"p2rating":{"entryid":"7563861","serverid":"eos","formatid":"monotype","userid":"ionlyusecarnie","username":"I ONLY USE CARNIE","w":"8","l":13,"t":"0","gxe":39.3,"r":"1416.150543545","rd":"70.749511086101","sigma":"0","rptime":"1439456400","rpr":1416.5250801769,"rprd":68.489121453309,"rpsigma":"0","acre":1093.5084326384,"lacre":1093.5084326384,"oldacre":"1105.6535684683"},"endType":"normal"}