{"seed":[4000,32787,53390,35715],"turns":32,"p1":"Rain ☆ Cloudy","p2":"DJ Biggie","p1team":[{"name":"Lanturn","species":"Lanturn","item":"leftovers","ability":"Volt Absorb","moves":["voltswitch","scald","thunderwave","healbell"],"nature":"Bold","evs":{"hp":40,"atk":0,"def":252,"spa":4,"spd":112,"spe":90},"ivs":{"hp":31,"atk":31,"def":31,"spa":31,"spd":31,"spe":31}},{"name":"Gyarados","species":"Gyarados","item":"gyaradosite","ability":"Intimidate","moves":["dragondance","waterfall","substitute","crunch"],"nature":"Jolly","evs":{"hp":88,"atk":224,"def":0,"spa":0,"spd":0,"spe":196},"ivs":{"hp":31,"atk":31,"def":31,"spa":31,"spd":31,"spe":31}},{"name":"Cloyster","species":"Cloyster","item":"focussash","ability":"Skill Link","moves":["shellsmash","iciclespear","iceshard","rockblast"],"nature":"Adamant","evs":{"hp":0,"atk":252,"def":0,"spa":0,"spd":4,"spe":252},"ivs":{"hp":31,"atk":31,"def":31,"spa":31,"spd":31,"spe":31}},{"name":"Starmie","species":"Starmie","item":"lifeorb","ability":"Analytic","moves":["hydropump","powergem","psyshock","icebeam"],"nature":"Timid","evs":{"hp":0,"atk":0,"def":0,"spa":252,"spd":4,"spe":252},"ivs":{"hp":31,"atk":30,"def":31,"spa":30,"spd":31,"spe":30}},{"name":"Keldeo","species":"Keldeo","item":"leftovers","ability":"Justified","moves":["substitute","calmmind","scald","secretsword"],"nature":"Timid","evs":{"hp":0,"atk":0,"def":0,"spa":252,"spd":4,"spe":252},"ivs":{"hp":31,"atk":31,"def":31,"spa":31,"spd":31,"spe":31}},{"name":"Lapras","species":"Lapras","item":"assaultvest","ability":"Water Absorb","moves":["ancientpower","freezedry","iceshard","surf"],"nature":"Bold","evs":{"hp":0,"atk":0,"def":252,"spa":156,"spd":100,"spe":0},"ivs":{"hp":31,"atk":31,"def":31,"spa":31,"spd":31,"spe":31}}],"p2team":[{"name":"Tentacruel","species":"Tentacruel","item":"blacksludge","ability":"Liquid Ooze","moves":["scald","rapidspin","acidspray","knockoff"],"nature":"Timid","evs":{"hp":248,"atk":0,"def":216,"spa":0,"spd":28,"spe":16},"ivs":{"hp":31,"atk":31,"def":31,"spa":31,"spd":31,"spe":31}},{"name":"Kingdra","species":"Kingdra","item":"scopelens","ability":"Sniper","moves":["focusenergy","outrage","waterfall","dragondance"],"nature":"Adamant","evs":{"hp":0,"atk":252,"def":4,"spa":0,"spd":0,"spe":252},"ivs":{"hp":31,"atk":31,"def":31,"spa":31,"spd":31,"spe":31}},{"name":"Chowder","species":"cloyster","item":"focussash","ability":"Skill Link","moves":["shellsmash","iciclespear","rockblast","iceshard"],"nature":"Jolly","evs":{"hp":0,"atk":252,"def":0,"spa":4,"spd":0,"spe":252},"ivs":{"hp":31,"atk":31,"def":31,"spa":31,"spd":31,"spe":31}},{"name":"wut?","species":"quagsire","item":"leftovers","ability":"Unaware","moves":["earthquake","scald","recover","toxic"],"nature":"","evs":{"hp":252,"atk":0,"def":252,"spa":0,"spd":4,"spe":0},"ivs":{"hp":31,"atk":31,"def":31,"spa":31,"spd":31,"spe":31}},{"name":"Luna","species":"gyarados","item":"gyaradosite","ability":"Intimidate","moves":["dragondance","waterfall","earthquake","bounce"],"nature":"Adamant","evs":{"hp":0,"atk":252,"def":0,"spa":0,"spd":4,"spe":252},"ivs":{"hp":31,"atk":31,"def":31,"spa":31,"spd":31,"spe":31}},{"name":"Kenny","species":"azumarill","item":"choiceband","ability":"Huge Power","moves":["playrough","waterfall","aquajet","knockoff"],"nature":"Adamant","evs":{"hp":240,"atk":252,"def":0,"spa":0,"spd":16,"spe":0},"gender":"F","ivs":{"hp":31,"atk":31,"def":31,"spa":31,"spd":31,"spe":31}}],"log":["|player|p1|Rain ☆ Cloudy|266","|player|p2|DJ Biggie|djbiggie.png","|gametype|singles","|gen|6","|tier|Monotype","|rated","|rule|Baton Pass Clause: Limit one Baton Passer, can't pass Spe and other stats simultaneously","|rule|Swagger Clause: Swagger is banned","|rule|Same Type Clause: Pokémon in a team must share a type","|clearpoke","|poke|p1|Lanturn, M","|poke|p1|Gyarados, F","|poke|p1|Cloyster, F","|poke|p1|Starmie","|poke|p1|Keldeo","|poke|p1|Lapras, F","|poke|p2|Tentacruel, F","|poke|p2|Kingdra, M","|poke|p2|Cloyster, F","|poke|p2|Quagsire, M","|poke|p2|Gyarados, F","|poke|p2|Azumarill, F","|rule|Sleep Clause Mod: Limit one foe put to sleep","|rule|Species Clause: Limit one of each Pokémon","|rule|OHKO Clause: OHKO moves are banned","|rule|Moody Clause: Moody is banned","|rule|Evasion Moves Clause: Evasion moves are banned","|rule|Endless Battle Clause: Forcing endless battles is banned","|rule|HP Percentage Mod: HP is shown in percentages","|teampreview","|","|start","|switch|p1a: Lanturn|Lanturn, M|401/401","|switch|p2a: wut?|Quagsire, M|394/394","|turn|1","|","|switch|p1a: Lapras|Lapras, F|401/401","|move|p2a: wut?|Toxic|p1a: Lapras","|-status|p1a: Lapras|tox","|","|-damage|p1a: Lapras|376/401 tox|[from] psn","|turn|2","|","|switch|p2a: Tentacruel|Tentacruel, F|363/363","|move|p1a: Lapras|Freeze-Dry|p2a: Tentacruel","|-supereffective|p2a: Tentacruel","|-damage|p2a: Tentacruel|211/363","|","|-heal|p2a: Tentacruel|233/363|[from] item: Black Sludge","|-damage|p1a: Lapras|326/401 tox|[from] psn","|turn|3","|","|switch|p1a: Lanturn|Lanturn, M|401/401","|move|p2a: Tentacruel|Knock Off|p1a: Lanturn","|-damage|p1a: Lanturn|350/401","|-enditem|p1a: Lanturn|Leftovers|[from] move: Knock Off|[of] p2a: Tentacruel","|","|-heal|p2a: Tentacruel|255/363|[from] item: Black Sludge","|turn|4","|","|switch|p2a: wut?|Quagsire, M|394/394","|move|p1a: Lanturn|Heal Bell|p1a: Lanturn","|-cureteam|p1a: Lanturn|[from] move: HealBell","|","|turn|5","|","|switch|p1a: Lapras|Lapras, F|326/401","|move|p2a: wut?|Toxic|p1a: Lapras","|-status|p1a: Lapras|tox","|","|-damage|p1a: Lapras|301/401 tox|[from] psn","|turn|6","|","|switch|p2a: Tentacruel|Tentacruel, F|255/363","|move|p1a: Lapras|Freeze-Dry|p2a: Tentacruel","|-supereffective|p2a: Tentacruel","|-damage|p2a: Tentacruel|105/363","|","|-heal|p2a: Tentacruel|127/363|[from] item: Black Sludge","|-damage|p1a: Lapras|251/401 tox|[from] psn","|turn|7","|","|switch|p1a: Lanturn|Lanturn, M|350/401","|move|p2a: Tentacruel|Scald|p1a: Lanturn","|-resisted|p1a: Lanturn","|-damage|p1a: Lanturn|307/401","|-status|p1a: Lanturn|brn","|","|-heal|p2a: Tentacruel|149/363|[from] item: Black Sludge","|-damage|p1a: Lanturn|257/401 brn|[from] brn","|turn|8","|","|switch|p2a: Kingdra|Kingdra, M|291/291","|move|p1a: Lanturn|Heal Bell|p1a: Lanturn","|-cureteam|p1a: Lanturn|[from] move: HealBell","|","|turn|9","|","|move|p2a: Kingdra|Focus Energy|p2a: Kingdra","|-start|p2a: Kingdra|move: Focus Energy","|move|p1a: Lanturn|Thunder Wave|p2a: Kingdra","|-status|p2a: Kingdra|par","|","|turn|10","|","|move|p1a: Lanturn|Volt Switch|p2a: Kingdra","|-damage|p2a: Kingdra|218/291 par","|","|switch|p1a: Keldeo|Keldeo|323/323","|move|p2a: Kingdra|Dragon Dance|p2a: Kingdra","|-boost|p2a: Kingdra|atk|1","|-boost|p2a: Kingdra|spe|1","|","|turn|11","|","|move|p1a: Keldeo|Substitute|p1a: Keldeo","|-start|p1a: Keldeo|Substitute","|-damage|p1a: Keldeo|243/323","|cant|p2a: Kingdra|par","|","|-heal|p1a: Keldeo|263/323|[from] item: Leftovers","|turn|12","|","|move|p1a: Keldeo|Calm Mind|p1a: Keldeo","|-boost|p1a: Keldeo|spa|1","|-boost|p1a: Keldeo|spd|1","|move|p2a: Kingdra|Outrage|p1a: Keldeo","|-crit|p1a: Keldeo","|-end|p1a: Keldeo|Substitute","|","|-heal|p1a: Keldeo|283/323|[from] item: Leftovers","|turn|13","|","|move|p1a: Keldeo|Secret Sword|p2a: Kingdra","|-damage|p2a: Kingdra|0 fnt","|faint|p2a: Kingdra","|","|-heal|p1a: Keldeo|303/323|[from] item: Leftovers","|","|switch|p2a: Chowder|Cloyster, F|241/241","|turn|14","|","|move|p1a: Keldeo|Substitute|p1a: Keldeo","|-start|p1a: Keldeo|Substitute","|-damage|p1a: Keldeo|223/323","|move|p2a: Chowder|Shell Smash|p2a: Chowder","|-unboost|p2a: Chowder|def|1","|-unboost|p2a: Chowder|spd|1","|-boost|p2a: Chowder|atk|2","|-boost|p2a: Chowder|spa|2","|-boost|p2a: Chowder|spe|2","|","|-heal|p1a: Keldeo|243/323|[from] item: Leftovers","|turn|15","|","|move|p2a: Chowder|Shell Smash|p2a: Chowder","|-unboost|p2a: Chowder|def|1","|-unboost|p2a: Chowder|spd|1","|-boost|p2a: Chowder|atk|2","|-boost|p2a: Chowder|spa|2","|-boost|p2a: Chowder|spe|2","|move|p1a: Keldeo|Secret Sword|p2a: Chowder","|-supereffective|p2a: Chowder","|-enditem|p2a: Chowder|Focus Sash","|-damage|p2a: Chowder|1/241","|","|-heal|p1a: Keldeo|263/323|[from] item: Leftovers","|turn|16","|","|move|p2a: Chowder|Rock Blast|p1a: Keldeo","|-resisted|p1a: Keldeo","|-activate|p1a: Keldeo|Substitute|[damage]","|-resisted|p1a: Keldeo","|-end|p1a: Keldeo|Substitute","|-resisted|p1a: Keldeo","|-damage|p1a: Keldeo|222/323","|-resisted|p1a: Keldeo","|-damage|p1a: Keldeo|186/323","|-resisted|p1a: Keldeo","|-damage|p1a: Keldeo|149/323","|-hitcount|p1a: Keldeo|5","|move|p1a: Keldeo|Secret Sword|p2a: Chowder","|-supereffective|p2a: Chowder","|-damage|p2a: Chowder|0 fnt","|faint|p2a: Chowder","|","|-heal|p1a: Keldeo|169/323|[from] item: Leftovers","|","|switch|p2a: wut?|Quagsire, M|394/394","|turn|17","|","|move|p1a: Keldeo|Scald|p2a: wut?","|-damage|p2a: wut?|198/394","|move|p2a: wut?|Toxic|p1a: Keldeo|[miss]","|-miss|p2a: wut?|p1a: Keldeo","|","|-heal|p1a: Keldeo|189/323|[from] item: Leftovers","|-heal|p2a: wut?|222/394|[from] item: Leftovers","|turn|18","|","|move|p1a: Keldeo|Substitute|p1a: Keldeo","|-start|p1a: Keldeo|Substitute","|-damage|p1a: Keldeo|109/323","|move|p2a: wut?|Toxic|p1a: Keldeo","|-fail|p1a: Keldeo","|","|-heal|p1a: Keldeo|129/323|[from] item: Leftovers","|-heal|p2a: wut?|246/394|[from] item: Leftovers","|turn|19","|","|switch|p2a: Kenny|Azumarill, F|401/401","|move|p1a: Keldeo|Scald|p2a: Kenny","|-resisted|p2a: Kenny","|-damage|p2a: Kenny|273/401","|","|-heal|p1a: Keldeo|149/323|[from] item: Leftovers","|turn|20","|","|move|p1a: Keldeo|Scald|p2a: Kenny","|-resisted|p2a: Kenny","|-damage|p2a: Kenny|138/401","|move|p2a: Kenny|Play Rough|p1a: Keldeo","|-supereffective|p1a: Keldeo","|-end|p1a: Keldeo|Substitute","|","|-heal|p1a: Keldeo|169/323|[from] item: Leftovers","|turn|21","|","|move|p1a: Keldeo|Scald|p2a: Kenny","|-resisted|p2a: Kenny","|-damage|p2a: Kenny|22/401","|move|p2a: Kenny|Play Rough|p1a: Keldeo","|-supereffective|p1a: Keldeo","|-damage|p1a: Keldeo|0 fnt","|faint|p1a: Keldeo","|","|","|switch|p1a: Cloyster|Cloyster, F|241/241","|turn|22","|","|move|p1a: Cloyster|Ice Shard|p2a: Kenny","|-resisted|p2a: Kenny","|-damage|p2a: Kenny|0 fnt","|faint|p2a: Kenny","|","|","|switch|p2a: wut?|Quagsire, M|246/394","|turn|23","|","|move|p1a: Cloyster|Shell Smash|p1a: Cloyster","|-unboost|p1a: Cloyster|def|1","|-unboost|p1a: Cloyster|spd|1","|-boost|p1a: Cloyster|atk|2","|-boost|p1a: Cloyster|spa|2","|-boost|p1a: Cloyster|spe|2","|move|p2a: wut?|Toxic|p1a: Cloyster","|-status|p1a: Cloyster|tox","|","|-heal|p2a: wut?|270/394|[from] item: Leftovers","|-damage|p1a: Cloyster|226/241 tox|[from] psn","|turn|24","|","|move|p1a: Cloyster|Icicle Spear|p2a: wut?","|-damage|p2a: wut?|234/394","|-damage|p2a: wut?|200/394","|-damage|p2a: wut?|167/394","|-damage|p2a: wut?|131/394","|-damage|p2a: wut?|94/394","|-hitcount|p2a: wut?|5","|move|p2a: wut?|Recover|p2a: wut?","|-heal|p2a: wut?|291/394","|","|-heal|p2a: wut?|315/394|[from] item: Leftovers","|-damage|p1a: Cloyster|196/241 tox|[from] psn","|turn|25","|","|switch|p1a: Lapras|Lapras, F|251/401","|move|p2a: wut?|Earthquake|p1a: Lapras","|-damage|p1a: Lapras|164/401","|","|-heal|p2a: wut?|339/394|[from] item: Leftovers","|turn|26","|","|switch|p2a: Tentacruel|Tentacruel, F|149/363","|move|p1a: Lapras|Freeze-Dry|p2a: Tentacruel","|-supereffective|p2a: Tentacruel","|-damage|p2a: Tentacruel|0 fnt","|faint|p2a: Tentacruel","|","|","|switch|p2a: Luna|Gyarados, F|331/331","|-ability|p2a: Luna|Intimidate","|-unboost|p1a: Lapras|atk|1","|turn|27","|","|detailschange|p2a: Luna|Gyarados-Mega, F","|-mega|p2a: Luna|Gyarados|Gyaradosite","|-ability|p2a: Luna|Mold Breaker","|move|p2a: Luna|Dragon Dance|p2a: Luna","|-boost|p2a: Luna|atk|1","|-boost|p2a: Luna|spe|1","|move|p1a: Lapras|Freeze-Dry|p2a: Luna","|-supereffective|p2a: Luna","|-damage|p2a: Luna|197/331","|","|turn|28","|","|move|p2a: Luna|Bounce|p1a: Lapras|[still]","|-prepare|p2a: Luna|Bounce|p1a: Lapras","|move|p1a: Lapras|Ancient Power|p2a: Luna|[miss]","|-miss|p1a: Lapras|p2a: Luna","|","|turn|29","|","|move|p2a: Luna|Bounce|p1a: Lapras|[from]lockedmove|[miss]","|-miss|p2a: Luna|p1a: Lapras","|move|p1a: Lapras|Freeze-Dry|p2a: Luna","|-supereffective|p2a: Luna","|-damage|p2a: Luna|51/331","|","|turn|30","|","|move|p2a: Luna|Bounce|p1a: Lapras|[still]","|-prepare|p2a: Luna|Bounce|p1a: Lapras","|move|p1a: Lapras|Freeze-Dry|p2a: Luna|[miss]","|-miss|p1a: Lapras|p2a: Luna","|","|turn|31","|","|move|p2a: Luna|Bounce|p1a: Lapras|[from]lockedmove","|-damage|p1a: Lapras|17/401","|move|p1a: Lapras|Freeze-Dry|p2a: Luna","|-crit|p2a: Luna","|-supereffective|p2a: Luna","|-damage|p2a: Luna|0 fnt","|faint|p2a: Luna","|","|","|switch|p2a: wut?|Quagsire, M|339/394","|turn|32","|","|move|p1a: Lapras|Freeze-Dry|p2a: wut?","|-supereffective|p2a: wut?","|-damage|p2a: wut?|0 fnt","|faint|p2a: wut?","|","|win|Rain ☆ Cloudy"],"p1rating":{"entryid":"7606359","serverid":"eos","formatid":"monotype","userid":"raincloudy","username":"Rain ☆ Cloudy","w":2,"l":"0","t":"0","gxe":59.6,"r":"1500","rd":"130","sigma":"0","rptime":"1439456400","rpr":1577.2489009442,"rprd":116.04943471536,"rpsigma":"0","acre":1087.7148217849,"lacre":1087.7148217849,"oldacre":"1044.7379770366"},"p2rating":{"entryid":"7236327","serverid":"eos","formatid":"monotype","userid":"djbiggie","username":"DJ Biggie","w":"25","l":21,"t":"0","gxe":52.8,"r":"1529.4289663487","rd":"52.770270751265","sigma":"0","rptime":"1439456400","rpr":1521.5943322566,"rprd":52.260781123761,"rpsigma":"0","acre":1116.5787505056,"lacre":1116.5787505056,"oldacre":"1148.8540163579"},"endType":"normal"}