{"seed":[34077,38558,2299,11802],"turns":25,"p1":"hypershaymin","p2":"Im Slash","p1team":[{"name":"Jirachi","species":"Jirachi","item":"leftovers","ability":"Serene Grace","moves":["bodyslam","ironhead","wish","protect"],"nature":"Careful","evs":{"hp":252,"atk":0,"def":0,"spa":0,"spd":220,"spe":36},"ivs":{"hp":31,"atk":31,"def":31,"spa":31,"spd":31,"spe":31}},{"name":"Celebi","species":"Celebi","item":"leftovers","ability":"Natural Cure","moves":["gigadrain","healbell","thunderwave","recover"],"nature":"Calm","evs":{"hp":252,"atk":0,"def":0,"spa":0,"spd":220,"spe":36},"ivs":{"hp":31,"atk":31,"def":31,"spa":31,"spd":31,"spe":31}},{"name":"Medicham","species":"Medicham","item":"medichamite","ability":"Pure Power","moves":["fakeout","drainpunch","zenheadbutt","icepunch"],"nature":"Adamant","evs":{"hp":248,"atk":252,"def":0,"spa":0,"spd":8,"spe":0},"ivs":{"hp":31,"atk":31,"def":31,"spa":31,"spd":31,"spe":31}},{"name":"Slowbro","species":"Slowbro","item":"rockyhelmet","ability":"Regenerator","moves":["slackoff","calmmind","scald","flamethrower"],"nature":"Bold","evs":{"hp":248,"atk":0,"def":252,"spa":8,"spd":0,"spe":0},"ivs":{"hp":31,"atk":31,"def":31,"spa":31,"spd":31,"spe":31}},{"name":"Meloetta","species":"Meloetta","item":"leftovers","ability":"Serene Grace","moves":["substitute","calmmind","shadowball","hypervoice"],"nature":"Timid","evs":{"hp":0,"atk":0,"def":0,"spa":252,"spd":4,"spe":252},"ivs":{"hp":31,"atk":31,"def":31,"spa":31,"spd":31,"spe":31}},{"name":"Mew","species":"Mew","item":"leftovers","ability":"Synchronize","moves":["willowisp","stealthrock","roost","defog"],"nature":"Bold","evs":{"hp":252,"atk":0,"def":252,"spa":0,"spd":4,"spe":0},"ivs":{"hp":31,"atk":0,"def":31,"spa":31,"spd":31,"spe":31}}],"p2team":[{"name":"Metagross","species":"Metagross","item":"leftovers","ability":"Clear Body","moves":["stealthrock","meteormash","bulletpunch","hammerarm"],"nature":"Adamant","evs":{"hp":252,"atk":252,"def":4,"spa":0,"spd":0,"spe":0},"ivs":{"hp":31,"atk":31,"def":31,"spa":31,"spd":31,"spe":31}},{"name":"Hoopa-Unbound","species":"Hoopa-Unbound","item":"choicescarf","ability":"Magician","moves":["hyperspacefury","drainpunch","firepunch","hyperspacehole"],"nature":"Hasty","evs":{"hp":0,"atk":252,"def":0,"spa":4,"spd":0,"spe":252},"ivs":{"hp":31,"atk":31,"def":31,"spa":31,"spd":31,"spe":31}},{"name":"Victini","species":"Victini","item":"leftovers","ability":"Victory Star","moves":["taunt","vcreate","willowisp","boltstrike"],"nature":"Jolly","evs":{"hp":248,"atk":132,"def":68,"spa":0,"spd":0,"spe":60},"ivs":{"hp":31,"atk":31,"def":31,"spa":31,"spd":31,"spe":31}},{"name":"Gardevoir","species":"Gardevoir","item":"gardevoirite","ability":"Trace","moves":["hypervoice","psyshock","substitute","focusblast"],"nature":"Timid","evs":{"hp":0,"atk":0,"def":0,"spa":252,"spd":0,"spe":252},"ivs":{"hp":31,"atk":30,"def":30,"spa":31,"spd":31,"spe":31}},{"name":"Meloetta","species":"Meloetta","item":"leftovers","ability":"Serene Grace","moves":["calmmind","shadowball","psyshock","hypervoice"],"nature":"Modest","evs":{"hp":252,"atk":0,"def":0,"spa":252,"spd":4,"spe":0},"ivs":{"hp":31,"atk":31,"def":31,"spa":31,"spd":31,"spe":31}},{"name":"Latias","species":"Latias","item":"lifeorb","ability":"Levitate","moves":["dracometeor","psychic","defog","healingwish"],"nature":"Timid","evs":{"hp":0,"atk":0,"def":0,"spa":252,"spd":4,"spe":252},"ivs":{"hp":31,"atk":31,"def":31,"spa":31,"spd":31,"spe":31}}],"log":["|player|p1|hypershaymin|hypershaymin.png","|player|p2|Im Slash|144","|gametype|singles","|gen|6","|tier|Monotype","|rated","|rule|Baton Pass Clause: Limit one Baton Passer, can't pass Spe and other stats simultaneously","|rule|Swagger Clause: Swagger is banned","|rule|Same Type Clause: Pokémon in a team must share a type","|clearpoke","|poke|p1|Jirachi","|poke|p1|Celebi","|poke|p1|Medicham, F","|poke|p1|Slowbro, M","|poke|p1|Meloetta","|poke|p1|Mew","|poke|p2|Metagross","|poke|p2|Hoopa-Unbound","|poke|p2|Victini","|poke|p2|Gardevoir, F","|poke|p2|Meloetta","|poke|p2|Latias, F","|rule|Sleep Clause Mod: Limit one foe put to sleep","|rule|Species Clause: Limit one of each Pokémon","|rule|OHKO Clause: OHKO moves are banned","|rule|Moody Clause: Moody is banned","|rule|Evasion Moves Clause: Evasion moves are banned","|rule|Endless Battle Clause: Forcing endless battles is banned","|rule|HP Percentage Mod: HP is shown in percentages","|teampreview","|","|start","|switch|p1a: Mew|Mew|404/404","|switch|p2a: Hoopa-Unbound|Hoopa-Unbound|301/301","|turn|1","|","|switch|p2a: Victini|Victini|403/403","|move|p1a: Mew|Will-O-Wisp|p2a: Victini","|-immune|p2a: Victini|[msg]","|","|turn|2","|","|switch|p1a: Slowbro|Slowbro, M|393/393","|move|p2a: Victini|Taunt|p1a: Slowbro","|-start|p1a: Slowbro|move: Taunt","|","|turn|3","|","|switch|p2a: Meloetta|Meloetta|404/404","|move|p1a: Slowbro|Scald|p2a: Meloetta","|-damage|p2a: Meloetta|323/404","|","|-heal|p2a: Meloetta|348/404|[from] item: Leftovers","|turn|4","|","|switch|p1a: Celebi|Celebi|404/404","|move|p2a: Meloetta|Calm Mind|p2a: Meloetta","|-boost|p2a: Meloetta|spa|1","|-boost|p2a: Meloetta|spd|1","|","|-heal|p2a: Meloetta|373/404|[from] item: Leftovers","|turn|5","|","|move|p1a: Celebi|Thunder Wave|p2a: Meloetta","|-status|p2a: Meloetta|par","|cant|p2a: Meloetta|par","|","|-heal|p2a: Meloetta|398/404 par|[from] item: Leftovers","|turn|6","|","|switch|p1a: Jirachi|Jirachi|404/404","|move|p2a: Meloetta|Shadow Ball|p1a: Jirachi","|-supereffective|p1a: Jirachi","|-damage|p1a: Jirachi|156/404","|","|-heal|p1a: Jirachi|181/404|[from] item: Leftovers","|-heal|p2a: Meloetta|404/404 par|[from] item: Leftovers","|turn|7","|","|switch|p2a: Victini|Victini|403/403","|move|p1a: Jirachi|Iron Head|p2a: Victini","|-resisted|p2a: Victini","|-damage|p2a: Victini|362/403","|","|-heal|p2a: Victini|387/403|[from] item: Leftovers","|-heal|p1a: Jirachi|206/404|[from] item: Leftovers","|turn|8","|","|move|p1a: Jirachi|Protect|p1a: Jirachi","|-singleturn|p1a: Jirachi|Protect","|move|p2a: Victini|Will-O-Wisp|p1a: Jirachi","|-activate|p1a: Jirachi|Protect","|","|-heal|p2a: Victini|403/403|[from] item: Leftovers","|-heal|p1a: Jirachi|231/404|[from] item: Leftovers","|turn|9","|","|switch|p1a: Slowbro|Slowbro, M|393/393","|move|p2a: Victini|V-create|p1a: Slowbro","|-resisted|p1a: Slowbro","|-damage|p1a: Slowbro|316/393","|-damage|p2a: Victini|336/403|[from] item: Rocky Helmet|[of] p1a: Slowbro","|-unboost|p2a: Victini|spe|1","|-unboost|p2a: Victini|def|1","|-unboost|p2a: Victini|spd|1","|","|-heal|p2a: Victini|361/403|[from] item: Leftovers","|turn|10","|","|switch|p2a: Meloetta|Meloetta|404/404 par","|move|p1a: Slowbro|Scald|p2a: Meloetta","|-damage|p2a: Meloetta|334/404 par","|","|-heal|p2a: Meloetta|359/404 par|[from] item: Leftovers","|turn|11","|","|switch|p1a: Medicham|Medicham, F|323/323","|move|p2a: Meloetta|Hyper Voice|p1a: Medicham","|-damage|p1a: Medicham|94/323","|","|-heal|p2a: Meloetta|384/404 par|[from] item: Leftovers","|turn|12","|","|switch|p2a: Metagross|Metagross|364/364","|detailschange|p1a: Medicham|Medicham-Mega, F","|-mega|p1a: Medicham|Medicham|Medichamite","|move|p1a: Medicham|Fake Out|p2a: Metagross","|-resisted|p2a: Metagross","|-damage|p2a: Metagross|326/364","|","|-heal|p2a: Metagross|348/364|[from] item: Leftovers","|turn|13","|","|move|p1a: Medicham|Drain Punch|p2a: Metagross","|-damage|p2a: Metagross|161/364","|-heal|p1a: Medicham|188/323|[from] drain|[of] p2a: Metagross","|move|p2a: Metagross|Stealth Rock|p1a: Medicham","|-sidestart|p1: hypershaymin|move: Stealth Rock","|","|-heal|p2a: Metagross|183/364|[from] item: Leftovers","|turn|14","|","|move|p1a: Medicham|Drain Punch|p2a: Metagross","|-crit|p2a: Metagross","|-damage|p2a: Metagross|0 fnt","|-heal|p1a: Medicham|280/323|[from] drain|[of] p2a: Metagross","|faint|p2a: Metagross","|","|","|switch|p2a: Hoopa-Unbound|Hoopa-Unbound|301/301","|turn|15","|","|switch|p1a: Mew|Mew|404/404","|-damage|p1a: Mew|354/404|[from] Stealth Rock","|move|p2a: Hoopa-Unbound|Hyperspace Fury|p1a: Mew","|-supereffective|p1a: Mew","|-damage|p1a: Mew|54/404","|-unboost|p2a: Hoopa-Unbound|def|1","|","|-heal|p1a: Mew|79/404|[from] item: Leftovers","|turn|16","|","|move|p2a: Hoopa-Unbound|Hyperspace Fury|p1a: Mew","|-supereffective|p1a: Mew","|-damage|p1a: Mew|0 fnt","|-unboost|p2a: Hoopa-Unbound|def|1","|faint|p1a: Mew","|","|","|switch|p1a: Slowbro|Slowbro, M|393/393","|-damage|p1a: Slowbro|344/393|[from] Stealth Rock","|turn|17","|","|move|p2a: Hoopa-Unbound|Hyperspace Fury|p1a: Slowbro","|-crit|p1a: Slowbro","|-supereffective|p1a: Slowbro","|-damage|p1a: Slowbro|0 fnt","|-unboost|p2a: Hoopa-Unbound|def|1","|faint|p1a: Slowbro","|","|","|switch|p1a: Medicham|Medicham-Mega, F|280/323","|-damage|p1a: Medicham|260/323|[from] Stealth Rock","|turn|18","|","|switch|p2a: Victini|Victini|361/403","|move|p1a: Medicham|Fake Out|p2a: Victini","|-damage|p2a: Victini|280/403","|","|-heal|p2a: Victini|305/403|[from] item: Leftovers","|turn|19","|","|switch|p1a: Celebi|Celebi|404/404","|-damage|p1a: Celebi|354/404|[from] Stealth Rock","|move|p2a: Victini|V-create|p1a: Celebi","|-supereffective|p1a: Celebi","|-damage|p1a: Celebi|0 fnt","|-unboost|p2a: Victini|spe|1","|-unboost|p2a: Victini|def|1","|-unboost|p2a: Victini|spd|1","|faint|p1a: Celebi","|","|-heal|p2a: Victini|330/403|[from] item: Leftovers","|","|switch|p1a: Meloetta|Meloetta|341/341","|-damage|p1a: Meloetta|299/341|[from] Stealth Rock","|turn|20","|","|switch|p2a: Meloetta|Meloetta|384/404 par","|move|p1a: Meloetta|Shadow Ball|p2a: Meloetta","|-immune|p2a: Meloetta|[msg]","|","|-heal|p1a: Meloetta|320/341|[from] item: Leftovers","|-heal|p2a: Meloetta|404/404 par|[from] item: Leftovers","|turn|21","|","|move|p1a: Meloetta|Calm Mind|p1a: Meloetta","|-boost|p1a: Meloetta|spa|1","|-boost|p1a: Meloetta|spd|1","|move|p2a: Meloetta|Shadow Ball|p1a: Meloetta","|-immune|p1a: Meloetta|[msg]","|","|-heal|p1a: Meloetta|341/341|[from] item: Leftovers","|turn|22","|","|switch|p2a: Hoopa-Unbound|Hoopa-Unbound|301/301","|move|p1a: Meloetta|Calm Mind|p1a: Meloetta","|-boost|p1a: Meloetta|spa|1","|-boost|p1a: Meloetta|spd|1","|","|turn|23","|","|move|p2a: Hoopa-Unbound|Hyperspace Fury|p1a: Meloetta","|-supereffective|p1a: Meloetta","|-damage|p1a: Meloetta|0 fnt","|-unboost|p2a: Hoopa-Unbound|def|1","|faint|p1a: Meloetta","|","|","|switch|p1a: Medicham|Medicham-Mega, F|260/323","|-damage|p1a: Medicham|240/323|[from] Stealth Rock","|turn|24","|","|switch|p2a: Latias|Latias, F|301/301","|move|p1a: Medicham|Drain Punch|p2a: Latias","|-resisted|p2a: Latias","|-damage|p2a: Latias|166/301","|-heal|p1a: Medicham|308/323|[from] drain|[of] p2a: Latias","|","|turn|25","|","|move|p2a: Latias|Draco Meteor|p1a: Medicham","|-damage|p1a: Medicham|0 fnt","|-unboost|p2a: Latias|spa|2","|-damage|p2a: Latias|136/301|[from] item: Life Orb","|faint|p1a: Medicham","|","|","|win|Im Slash"],"p1rating":{"entryid":"6057309","serverid":"eos","formatid":"monotype","userid":"hypershaymin","username":"hypershaymin","w":"2","l":6,"t":"0","gxe":39.1,"r":1428.0666232048,"rd":103.20297470135,"sigma":"0","rptime":1439456400,"rpr":1413.0801719457,"rprd":100.00122107088,"rpsigma":"0","acre":1064.0626100863,"lacre":1064.0626100863,"oldacre":"1083.9503964319"},"p2rating":{"entryid":"7172051","serverid":"eos","formatid":"monotype","userid":"imslash","username":"Im Slash","w":11,"l":"5","t":"0","gxe":62,"r":"1607.555647359","rd":"81.12954781876","sigma":"0","rptime":"1439456400","rpr":1594.7032145286,"rprd":78.119482961762,"rpsigma":"0","acre":1147.7527192988,"lacre":1147.7527192988,"oldacre":"1125.7457103357"},"endType":"forfeit"}