{"seed":[19454,16419,6003,55669],"turns":26,"p1":"Imp Sebastian","p2":"GLReshiram","p1team":[{"name":"Honeydew","species":"swampert","item":"swampertite","ability":"Damp","moves":["rest","curse","earthquake","icepunch"],"nature":"Careful","evs":{"hp":248,"atk":8,"def":0,"spa":0,"spd":252,"spe":0},"gender":"M","ivs":{"hp":31,"atk":31,"def":31,"spa":31,"spd":31,"spe":31}},{"name":"Politoed","species":"Politoed","item":"leftovers","ability":"Drizzle","moves":["scald","toxic","protect","icebeam"],"nature":"Bold","evs":{"hp":252,"atk":0,"def":252,"spa":4,"spd":0,"spe":0},"gender":"F","shiny":true,"ivs":{"hp":31,"atk":31,"def":31,"spa":31,"spd":31,"spe":31}},{"name":"Tentacruel","species":"Tentacruel","item":"blacksludge","ability":"Clear Body","moves":["scald","toxicspikes","rapidspin","sludgebomb"],"nature":"Timid","evs":{"hp":0,"atk":0,"def":0,"spa":252,"spd":4,"spe":252},"gender":"M","ivs":{"hp":31,"atk":31,"def":31,"spa":31,"spd":31,"spe":31}},{"name":"Keldeo-Resolute","species":"Keldeo-Resolute","item":"expertbelt","ability":"Justified","moves":["secretsword","scald","icywind","hydropump"],"nature":"Timid","evs":{"hp":0,"atk":0,"def":0,"spa":252,"spd":4,"spe":252},"ivs":{"hp":31,"atk":31,"def":31,"spa":31,"spd":31,"spe":31}},{"name":"Water Doge","species":"suicune","item":"leftovers","ability":"Pressure","moves":["calmmind","rest","scald","sleeptalk"],"nature":"Bold","evs":{"hp":252,"atk":0,"def":252,"spa":0,"spd":4,"spe":0},"shiny":true,"ivs":{"hp":31,"atk":31,"def":31,"spa":31,"spd":31,"spe":31}},{"name":"Starmie","species":"Starmie","item":"choicespecs","ability":"Analytic","moves":["psychic","thunderbolt","icebeam","dazzlinggleam"],"nature":"Timid","evs":{"hp":0,"atk":0,"def":0,"spa":252,"spd":4,"spe":252},"shiny":true,"ivs":{"hp":31,"atk":31,"def":31,"spa":31,"spd":31,"spe":31}}],"p2team":[{"name":"Heatran","species":"Heatran","item":"leftovers","ability":"Flash Fire","moves":["lavaplume","toxic","taunt","stealthrock"],"nature":"Calm","evs":{"hp":248,"atk":0,"def":8,"spa":0,"spd":252,"spe":0},"ivs":{"hp":31,"atk":0,"def":31,"spa":31,"spd":31,"spe":31}},{"name":"Torkoal","species":"Torkoal","item":"leftovers","ability":"Shell Armor","moves":["protect","clearsmog","willowisp","rapidspin"],"nature":"Bold","evs":{"hp":252,"atk":0,"def":252,"spa":0,"spd":4,"spe":0},"ivs":{"hp":31,"atk":31,"def":31,"spa":31,"spd":31,"spe":31}},{"name":"Rotom-Heat","species":"Rotom-Heat","item":"lightclay","ability":"Levitate","moves":["voltswitch","lightscreen","reflect","thunderwave"],"nature":"Calm","evs":{"hp":248,"atk":0,"def":8,"spa":0,"spd":252,"spe":0},"ivs":{"hp":31,"atk":0,"def":31,"spa":31,"spd":31,"spe":31}},{"name":"Ninetales","species":"Ninetales","item":"focussash","ability":"Drought","moves":["flamethrower","solarbeam","sunnyday","nastyplot"],"nature":"Timid","evs":{"hp":0,"atk":0,"def":0,"spa":252,"spd":4,"spe":252},"ivs":{"hp":31,"atk":0,"def":31,"spa":31,"spd":31,"spe":31}},{"name":"Infernape","species":"Infernape","item":"choiceband","ability":"Iron Fist","moves":["firepunch","machpunch","thunderpunch","uturn"],"nature":"Jolly","evs":{"hp":0,"atk":252,"def":0,"spa":0,"spd":4,"spe":252},"ivs":{"hp":31,"atk":31,"def":31,"spa":31,"spd":31,"spe":31}},{"name":"Charizard","species":"Charizard","item":"charizarditex","ability":"Blaze","moves":["dragondance","roost","dragonclaw","thunderpunch"],"nature":"Adamant","evs":{"hp":144,"atk":252,"def":0,"spa":0,"spd":0,"spe":112},"ivs":{"hp":31,"atk":31,"def":31,"spa":31,"spd":31,"spe":31}}],"log":["|player|p1|Imp Sebastian|161","|player|p2|GLReshiram|68","|gametype|singles","|gen|6","|tier|Monotype","|rated","|rule|Baton Pass Clause: Limit one Baton Passer, can't pass Spe and other stats simultaneously","|rule|Swagger Clause: Swagger is banned","|rule|Same Type Clause: Pokémon in a team must share a type","|clearpoke","|poke|p1|Swampert, M","|poke|p1|Politoed, F, shiny","|poke|p1|Tentacruel, M","|poke|p1|Keldeo-Resolute","|poke|p1|Suicune, shiny","|poke|p1|Starmie, shiny","|poke|p2|Heatran, F","|poke|p2|Torkoal, M","|poke|p2|Rotom-Heat","|poke|p2|Ninetales, F","|poke|p2|Infernape, F","|poke|p2|Charizard, F","|rule|Sleep Clause Mod: Limit one foe put to sleep","|rule|Species Clause: Limit one of each Pokémon","|rule|OHKO Clause: OHKO moves are banned","|rule|Moody Clause: Moody is banned","|rule|Evasion Moves Clause: Evasion moves are banned","|rule|Endless Battle Clause: Forcing endless battles is banned","|rule|HP Percentage Mod: HP is shown in percentages","|teampreview","|","|start","|switch|p1a: Honeydew|Swampert, M|403/403","|switch|p2a: Ninetales|Ninetales, F|287/287","|-weather|SunnyDay","|turn|1","|","|switch|p1a: Politoed|Politoed, F, shiny|384/384","|-weather|RainDance","|move|p2a: Ninetales|Sunny Day|p2a: Ninetales","|-weather|SunnyDay","|","|-weather|SunnyDay|[upkeep]","|turn|2","|","|switch|p1a: Tentacruel|Tentacruel, M|301/301","|move|p2a: Ninetales|Nasty Plot|p2a: Ninetales","|-boost|p2a: Ninetales|spa|2","|","|-weather|SunnyDay|[upkeep]","|turn|3","|","|switch|p2a: Rotom-Heat|Rotom-Heat|303/303","|move|p1a: Tentacruel|Sludge Bomb|p2a: Rotom-Heat","|-damage|p2a: Rotom-Heat|225/303","|","|-weather|SunnyDay|[upkeep]","|turn|4","|","|move|p1a: Tentacruel|Scald|p2a: Rotom-Heat","|-supereffective|p2a: Rotom-Heat","|-damage|p2a: Rotom-Heat|153/303","|move|p2a: Rotom-Heat|Thunder Wave|p1a: Tentacruel","|-status|p1a: Tentacruel|par","|","|-weather|SunnyDay|[upkeep]","|turn|5","|","|switch|p1a: Politoed|Politoed, F, shiny|384/384","|-weather|RainDance","|move|p2a: Rotom-Heat|Light Screen|p2a: Rotom-Heat","|-sidestart|p2: GLReshiram|move: Light Screen","|","|-weather|RainDance|[upkeep]","|turn|6","|","|move|p2a: Rotom-Heat|Volt Switch|p1a: Politoed","|-supereffective|p1a: Politoed","|-damage|p1a: Politoed|214/384","|","|switch|p2a: Ninetales|Ninetales, F|287/287","|-weather|SunnyDay","|move|p1a: Politoed|Scald|p2a: Ninetales","|-supereffective|p2a: Ninetales","|-damage|p2a: Ninetales|245/287","|","|-weather|SunnyDay|[upkeep]","|-heal|p1a: Politoed|238/384|[from] item: Leftovers","|turn|7","|","|switch|p2a: Heatran|Heatran, F|385/385","|switch|p1a: Tentacruel|Tentacruel, M|301/301 par","|","|-weather|SunnyDay|[upkeep]","|turn|8","|","|switch|p1a: Politoed|Politoed, F, shiny|238/384","|-weather|RainDance","|move|p2a: Heatran|Stealth Rock|p1a: Politoed","|-sidestart|p1: Imp Sebastian|move: Stealth Rock","|","|-weather|RainDance|[upkeep]","|-heal|p1a: Politoed|262/384|[from] item: Leftovers","|turn|9","|","|switch|p2a: Ninetales|Ninetales, F|245/287","|-weather|SunnyDay","|move|p1a: Politoed|Scald|p2a: Ninetales","|-supereffective|p2a: Ninetales","|-damage|p2a: Ninetales|202/287","|","|-weather|SunnyDay|[upkeep]","|-heal|p1a: Politoed|286/384|[from] item: Leftovers","|turn|10","|","|move|p2a: Ninetales|Nasty Plot|p2a: Ninetales","|-boost|p2a: Ninetales|spa|2","|move|p1a: Politoed|Toxic|p2a: Ninetales","|-status|p2a: Ninetales|tox","|","|-weather|SunnyDay|[upkeep]","|-heal|p1a: Politoed|310/384|[from] item: Leftovers","|-damage|p2a: Ninetales|185/287 tox|[from] psn","|turn|11","|","|move|p1a: Politoed|Protect|p1a: Politoed","|-singleturn|p1a: Politoed|Protect","|move|p2a: Ninetales|Solar Beam|p1a: Politoed|[still]","|-prepare|p2a: Ninetales|Solar Beam|p1a: Politoed","|-anim|p2a: Ninetales|Solar Beam|p1a: Politoed","|-activate|p1a: Politoed|Protect","|","|-weather|SunnyDay|[upkeep]","|-heal|p1a: Politoed|334/384|[from] item: Leftovers","|-damage|p2a: Ninetales|151/287 tox|[from] psn","|turn|12","|","|move|p1a: Politoed|Protect|p1a: Politoed","|-fail|p1a: Politoed","|move|p2a: Ninetales|Solar Beam|p1a: Politoed|[still]","|-prepare|p2a: Ninetales|Solar Beam|p1a: Politoed","|-anim|p2a: Ninetales|Solar Beam|p1a: Politoed","|-crit|p1a: Politoed","|-supereffective|p1a: Politoed","|-damage|p1a: Politoed|0 fnt","|faint|p1a: Politoed","|","|-weather|SunnyDay|[upkeep]","|-damage|p2a: Ninetales|100/287 tox|[from] psn","|-sideend|p2: GLReshiram|move: Light Screen","|","|switch|p1a: Keldeo-Resolute|Keldeo-Resolute|323/323","|-damage|p1a: Keldeo-Resolute|303/323|[from] Stealth Rock","|turn|13","|","|switch|p2a: Heatran|Heatran, F|385/385","|move|p1a: Keldeo-Resolute|Secret Sword|p2a: Heatran","|-supereffective|p2a: Heatran","|-damage|p2a: Heatran|47/385","|","|-weather|none","|-heal|p2a: Heatran|71/385|[from] item: Leftovers","|turn|14","|","|move|p1a: Keldeo-Resolute|Secret Sword|p2a: Heatran","|-supereffective|p2a: Heatran","|-damage|p2a: Heatran|0 fnt","|faint|p2a: Heatran","|","|","|switch|p2a: Charizard|Charizard, F|333/333","|turn|15","|","|switch|p1a: Tentacruel|Tentacruel, M|301/301 par","|-damage|p1a: Tentacruel|264/301 par|[from] Stealth Rock","|detailschange|p2a: Charizard|Charizard-Mega-X, F","|-mega|p2a: Charizard|Charizard|Charizardite X","|move|p2a: Charizard|Dragon Dance|p2a: Charizard","|-boost|p2a: Charizard|atk|1","|-boost|p2a: Charizard|spe|1","|","|-heal|p1a: Tentacruel|282/301 par|[from] item: Black Sludge","|turn|16","|","|move|p2a: Charizard|Thunder Punch|p1a: Tentacruel","|-supereffective|p1a: Tentacruel","|-damage|p1a: Tentacruel|0 fnt","|faint|p1a: Tentacruel","|","|","|switch|p1a: Honeydew|Swampert, M|403/403","|-damage|p1a: Honeydew|378/403|[from] Stealth Rock","|turn|17","|","|detailschange|p1a: Honeydew|Swampert-Mega, M","|-mega|p1a: Honeydew|Swampert|Swampertite","|move|p2a: Charizard|Dragon Claw|p1a: Honeydew","|-damage|p1a: Honeydew|93/403","|move|p1a: Honeydew|Earthquake|p2a: Charizard","|-supereffective|p2a: Charizard","|-damage|p2a: Charizard|33/333","|","|turn|18","|","|move|p2a: Charizard|Dragon Claw|p1a: Honeydew","|-damage|p1a: Honeydew|0 fnt","|faint|p1a: Honeydew","|","|","|switch|p1a: Water Doge|Suicune, shiny|404/404","|-damage|p1a: Water Doge|354/404|[from] Stealth Rock","|-ability|p1a: Water Doge|Pressure","|turn|19","|","|move|p2a: Charizard|Roost|p2a: Charizard","|-heal|p2a: Charizard|200/333","|move|p1a: Water Doge|Scald|p2a: Charizard","|-damage|p2a: Charizard|109/333","|","|-heal|p1a: Water Doge|379/404|[from] item: Leftovers","|turn|20","|","|move|p2a: Charizard|Roost|p2a: Charizard","|-heal|p2a: Charizard|276/333","|move|p1a: Water Doge|Scald|p2a: Charizard","|-damage|p2a: Charizard|177/333","|","|-heal|p1a: Water Doge|404/404|[from] item: Leftovers","|turn|21","|","|move|p2a: Charizard|Roost|p2a: Charizard","|-heal|p2a: Charizard|333/333","|move|p1a: Water Doge|Scald|p2a: Charizard","|-damage|p2a: Charizard|231/333","|","|turn|22","|","|move|p2a: Charizard|Thunder Punch|p1a: Water Doge","|-supereffective|p1a: Water Doge","|-damage|p1a: Water Doge|152/404","|move|p1a: Water Doge|Scald|p2a: Charizard","|-damage|p2a: Charizard|128/333","|","|-heal|p1a: Water Doge|177/404|[from] item: Leftovers","|turn|23","|","|move|p2a: Charizard|Dragon Dance|p2a: Charizard","|-boost|p2a: Charizard|atk|1","|-boost|p2a: Charizard|spe|1","|move|p1a: Water Doge|Calm Mind|p1a: Water Doge","|-boost|p1a: Water Doge|spa|1","|-boost|p1a: Water Doge|spd|1","|","|-heal|p1a: Water Doge|202/404|[from] item: Leftovers","|turn|24","|","|move|p2a: Charizard|Thunder Punch|p1a: Water Doge","|-supereffective|p1a: Water Doge","|-damage|p1a: Water Doge|0 fnt","|faint|p1a: Water Doge","|","|","|switch|p1a: Starmie|Starmie, shiny|261/261","|-damage|p1a: Starmie|229/261|[from] Stealth Rock","|turn|25","|","|move|p2a: Charizard|Thunder Punch|p1a: Starmie","|-supereffective|p1a: Starmie","|-damage|p1a: Starmie|0 fnt","|faint|p1a: Starmie","|","|","|switch|p1a: Keldeo-Resolute|Keldeo-Resolute|303/323","|-damage|p1a: Keldeo-Resolute|283/323|[from] Stealth Rock","|turn|26","|","|move|p2a: Charizard|Thunder Punch|p1a: Keldeo-Resolute","|-crit|p1a: Keldeo-Resolute","|-supereffective|p1a: Keldeo-Resolute","|-damage|p1a: Keldeo-Resolute|0 fnt","|faint|p1a: Keldeo-Resolute","|","|win|GLReshiram"],"p1rating":{"entryid":"7610492","serverid":"eos","formatid":"monotype","userid":"impsebastian","username":"Imp Sebastian","w":"0","l":2,"t":"0","gxe":40.6,"r":"1500","rd":"130","sigma":"0","rptime":"1439456400","rpr":1424.7453353584,"rprd":116.00701237198,"rpsigma":"0","acre":1000,"lacre":1000,"oldacre":"1000"},"p2rating":{"entryid":"6886801","serverid":"eos","formatid":"monotype","userid":"glreshiram","username":"GL♅Reshiram","w":24,"l":"26","t":"0","gxe":49.1,"r":"1488.6600093725","rd":"51.960854322562","sigma":"0","rptime":"1439456400","rpr":1492.8343785291,"rprd":50.069705361163,"rpsigma":"0","acre":1112.5586815247,"lacre":1112.5586815247,"oldacre":"1093.3901309662"},"endType":"normal"}