{"seed":[48670,35106,39140,20640],"turns":44,"p1":"V SLootBoot","p2":"Rain ☆ sidious","p1team":[{"name":"Mandibuzz","species":"Mandibuzz","item":"leftovers","ability":"Overcoat","moves":["foulplay","roost","defog","taunt"],"nature":"Impish","evs":{"hp":248,"atk":0,"def":136,"spa":0,"spd":108,"spe":16},"ivs":{"hp":31,"atk":31,"def":31,"spa":31,"spd":31,"spe":31}},{"name":"Togekiss","species":"Togekiss","item":"leftovers","ability":"Serene Grace","moves":["thunderwave","airslash","nastyplot","roost"],"nature":"Calm","evs":{"hp":248,"atk":0,"def":0,"spa":0,"spd":216,"spe":44},"ivs":{"hp":31,"atk":31,"def":31,"spa":31,"spd":31,"spe":31}},{"name":"Dragonite","species":"Dragonite","item":"weaknesspolicy","ability":"Multiscale","moves":["earthquake","dragonclaw","extremespeed","dragondance"],"nature":"Adamant","evs":{"hp":0,"atk":252,"def":0,"spa":0,"spd":4,"spe":252},"ivs":{"hp":31,"atk":31,"def":31,"spa":31,"spd":31,"spe":31}},{"name":"Skarmory","species":"Skarmory","item":"rockyhelmet","ability":"Sturdy","moves":["roost","toxic","bravebird","stealthrock"],"nature":"Impish","evs":{"hp":252,"atk":0,"def":252,"spa":0,"spd":4,"spe":0},"ivs":{"hp":31,"atk":31,"def":31,"spa":31,"spd":31,"spe":31}},{"name":"Xatu","species":"Xatu","item":"lightclay","ability":"Magic Bounce","moves":["thunderwave","reflect","uturn","nightshade"],"nature":"Jolly","evs":{"hp":248,"atk":0,"def":0,"spa":0,"spd":8,"spe":252},"ivs":{"hp":31,"atk":31,"def":31,"spa":31,"spd":31,"spe":31}},{"name":"Gyarados","species":"Gyarados","item":"gyaradosite","ability":"Intimidate","moves":["dragondance","waterfall","earthquake","icefang"],"nature":"Adamant","evs":{"hp":0,"atk":252,"def":4,"spa":0,"spd":0,"spe":252},"ivs":{"hp":31,"atk":31,"def":31,"spa":31,"spd":31,"spe":31}}],"p2team":[{"name":"Gardevoir","species":"Gardevoir","item":"gardevoirite","ability":"Synchronize","moves":["hypervoice","wish","willowisp","protect"],"nature":"Bold","evs":{"hp":158,"atk":0,"def":244,"spa":106,"spd":0,"spe":0},"ivs":{"hp":31,"atk":31,"def":31,"spa":31,"spd":31,"spe":31}},{"name":"Latias","species":"Latias","item":"leftovers","ability":"Levitate","moves":["tailwind","roost","psyshock","defog"],"nature":"Calm","evs":{"hp":252,"atk":0,"def":0,"spa":0,"spd":252,"spe":4},"ivs":{"hp":31,"atk":31,"def":31,"spa":31,"spd":31,"spe":31}},{"name":"Victini","species":"Victini","item":"choicescarf","ability":"Victory Star","moves":["boltstrike","flareblitz","uturn","facade"],"nature":"Jolly","evs":{"hp":0,"atk":252,"def":0,"spa":0,"spd":4,"spe":252},"ivs":{"hp":31,"atk":31,"def":31,"spa":31,"spd":31,"spe":31}},{"name":"Jirachi","species":"Jirachi","item":"leftovers","ability":"Serene Grace","moves":["ironhead","thunderwave","stealthrock","meteormash"],"nature":"Impish","evs":{"hp":252,"atk":4,"def":252,"spa":0,"spd":0,"spe":0},"ivs":{"hp":31,"atk":31,"def":31,"spa":31,"spd":31,"spe":31}},{"name":"Reuniclus","species":"Reuniclus","item":"leftovers","ability":"Magic Guard","moves":["calmmind","psyshock","recover","signalbeam"],"nature":"Bold","evs":{"hp":56,"atk":0,"def":200,"spa":252,"spd":0,"spe":0},"ivs":{"hp":31,"atk":31,"def":31,"spa":31,"spd":31,"spe":31}},{"name":"Alakazam","species":"Alakazam","item":"lifeorb","ability":"Magic Guard","moves":["focusblast","psychic","shadowball","hiddenpowerfire"],"nature":"Timid","evs":{"hp":0,"atk":0,"def":0,"spa":252,"spd":4,"spe":252},"ivs":{"hp":31,"atk":30,"def":31,"spa":30,"spd":31,"spe":30}}],"log":["|player|p1|V SLootBoot|285","|player|p2|Rain ☆ sidious|285","|gametype|singles","|gen|6","|tier|Monotype","|rated","|rule|Baton Pass Clause: Limit one Baton Passer, can't pass Spe and other stats simultaneously","|rule|Swagger Clause: Swagger is banned","|rule|Same Type Clause: Pokémon in a team must share a type","|clearpoke","|poke|p1|Mandibuzz, F","|poke|p1|Togekiss, M","|poke|p1|Dragonite, F","|poke|p1|Skarmory, F","|poke|p1|Xatu, M","|poke|p1|Gyarados, F","|poke|p2|Gardevoir, F","|poke|p2|Latias, F","|poke|p2|Victini","|poke|p2|Jirachi","|poke|p2|Reuniclus, M","|poke|p2|Alakazam, M","|rule|Sleep Clause Mod: Limit one foe put to sleep","|rule|Species Clause: Limit one of each Pokémon","|rule|OHKO Clause: OHKO moves are banned","|rule|Moody Clause: Moody is banned","|rule|Evasion Moves Clause: Evasion moves are banned","|rule|Endless Battle Clause: Forcing endless battles is banned","|rule|HP Percentage Mod: HP is shown in percentages","|teampreview","|","|start","|switch|p1a: Mandibuzz|Mandibuzz, F|423/423","|switch|p2a: Gardevoir|Gardevoir, F|316/316","|turn|1","|","|detailschange|p2a: Gardevoir|Gardevoir-Mega, F","|-mega|p2a: Gardevoir|Gardevoir|Gardevoirite","|move|p1a: Mandibuzz|Taunt|p2a: Gardevoir","|-start|p2a: Gardevoir|move: Taunt","|cant|p2a: Gardevoir|move: Taunt|Will-O-Wisp","|","|turn|2","|","|switch|p1a: Togekiss|Togekiss, M|373/373","|move|p2a: Gardevoir|Hyper Voice|p1a: Togekiss","|-damage|p1a: Togekiss|217/373","|","|-heal|p1a: Togekiss|240/373|[from] item: Leftovers","|turn|3","|","|switch|p2a: Jirachi|Jirachi|404/404","|move|p1a: Togekiss|Thunder Wave|p2a: Jirachi","|-status|p2a: Jirachi|par","|","|-heal|p1a: Togekiss|263/373|[from] item: Leftovers","|turn|4","|","|switch|p1a: Skarmory|Skarmory, F|334/334","|move|p2a: Jirachi|Thunder Wave|p1a: Skarmory","|-status|p1a: Skarmory|par","|","|turn|5","|","|cant|p2a: Jirachi|par","|move|p1a: Skarmory|Stealth Rock|p2a: Jirachi","|-sidestart|p2: Rain ☆ sidious|move: Stealth Rock","|","|turn|6","|","|move|p2a: Jirachi|Stealth Rock|p1a: Skarmory","|-sidestart|p1: V SLootBoot|move: Stealth Rock","|move|p1a: Skarmory|Brave Bird|p2a: Jirachi","|-resisted|p2a: Jirachi","|-damage|p2a: Jirachi|363/404 par","|-damage|p1a: Skarmory|320/334 par|[from] recoil|[of] p2a: Jirachi","|","|-heal|p2a: Jirachi|388/404 par|[from] item: Leftovers","|turn|7","|","|move|p2a: Jirachi|Meteor Mash|p1a: Skarmory","|-resisted|p1a: Skarmory","|-damage|p1a: Skarmory|287/334 par","|-damage|p2a: Jirachi|321/404 par|[from] item: Rocky Helmet|[of] p1a: Skarmory","|cant|p1a: Skarmory|par","|","|-heal|p2a: Jirachi|346/404 par|[from] item: Leftovers","|turn|8","|","|switch|p2a: Latias|Latias, F|364/364","|-damage|p2a: Latias|319/364|[from] Stealth Rock","|cant|p1a: Skarmory|par","|","|-heal|p2a: Latias|341/364|[from] item: Leftovers","|turn|9","|","|move|p2a: Latias|Defog|p1a: Skarmory","|-unboost|p1a: Skarmory|evasion|1","|-sideend|p1: V SLootBoot|Stealth Rock|[from] move: Defog|[of] p1a: Skarmory","|-sideend|p2: Rain ☆ sidious|Stealth Rock|[from] move: Defog|[of] p2a: Latias","|move|p1a: Skarmory|Toxic|p2a: Latias","|-status|p2a: Latias|tox","|","|-heal|p2a: Latias|363/364 tox|[from] item: Leftovers","|-damage|p2a: Latias|341/364 tox|[from] psn","|turn|10","|","|switch|p2a: Alakazam|Alakazam, M|251/251","|move|p1a: Skarmory|Stealth Rock|p2a: Alakazam","|-sidestart|p2: Rain ☆ sidious|move: Stealth Rock","|","|turn|11","|","|move|p2a: Alakazam|Hidden Power|p1a: Skarmory","|-supereffective|p1a: Skarmory","|-damage|p1a: Skarmory|32/334 par","|cant|p1a: Skarmory|par","|","|turn|12","|","|switch|p1a: Mandibuzz|Mandibuzz, F|423/423","|move|p2a: Alakazam|Focus Blast|p1a: Mandibuzz","|-damage|p1a: Mandibuzz|246/423","|","|-heal|p1a: Mandibuzz|272/423|[from] item: Leftovers","|turn|13","|","|switch|p2a: Victini|Victini|341/341","|-damage|p2a: Victini|256/341|[from] Stealth Rock","|move|p1a: Mandibuzz|Roost|p1a: Mandibuzz","|-heal|p1a: Mandibuzz|423/423","|","|turn|14","|","|switch|p1a: Skarmory|Skarmory, F|32/334 par","|move|p2a: Victini|Bolt Strike|p1a: Skarmory","|-supereffective|p1a: Skarmory","|-damage|p1a: Skarmory|0 fnt","|-damage|p2a: Victini|200/341|[from] item: Rocky Helmet|[of] p1a: Skarmory","|faint|p1a: Skarmory","|","|","|switch|p1a: Dragonite|Dragonite, F|323/323","|turn|15","|","|move|p2a: Victini|Bolt Strike|p1a: Dragonite|[miss]","|-miss|p2a: Victini|p1a: Dragonite","|move|p1a: Dragonite|Dragon Dance|p1a: Dragonite","|-boost|p1a: Dragonite|atk|1","|-boost|p1a: Dragonite|spe|1","|","|turn|16","|","|switch|p2a: Gardevoir|Gardevoir-Mega, F|316/316","|-damage|p2a: Gardevoir|277/316|[from] Stealth Rock","|move|p1a: Dragonite|Dragon Claw|p2a: Gardevoir","|-immune|p2a: Gardevoir|[msg]","|","|turn|17","|","|move|p1a: Dragonite|Earthquake|p2a: Gardevoir","|-damage|p2a: Gardevoir|79/316","|move|p2a: Gardevoir|Will-O-Wisp|p1a: Dragonite","|-status|p1a: Dragonite|brn","|","|-damage|p1a: Dragonite|283/323 brn|[from] brn","|turn|18","|","|move|p1a: Dragonite|Extreme Speed|p2a: Gardevoir","|-damage|p2a: Gardevoir|0 fnt","|faint|p2a: Gardevoir","|","|-damage|p1a: Dragonite|243/323 brn|[from] brn","|","|switch|p2a: Latias|Latias, F|341/364 tox","|-damage|p2a: Latias|296/364 tox|[from] Stealth Rock","|turn|19","|","|move|p1a: Dragonite|Dragon Claw|p2a: Latias","|-supereffective|p2a: Latias","|-damage|p2a: Latias|13/364 tox","|move|p2a: Latias|Defog|p1a: Dragonite","|-unboost|p1a: Dragonite|evasion|1","|-sideend|p2: Rain ☆ sidious|Stealth Rock|[from] move: Defog|[of] p2a: Latias","|","|-heal|p2a: Latias|35/364 tox|[from] item: Leftovers","|-damage|p1a: Dragonite|203/323 brn|[from] brn","|-damage|p2a: Latias|13/364 tox|[from] psn","|turn|20","|","|move|p1a: Dragonite|Dragon Claw|p2a: Latias","|-supereffective|p2a: Latias","|-damage|p2a: Latias|0 fnt","|faint|p2a: Latias","|","|-damage|p1a: Dragonite|163/323 brn|[from] brn","|","|switch|p2a: Reuniclus|Reuniclus, M|375/375","|turn|21","|","|move|p1a: Dragonite|Earthquake|p2a: Reuniclus","|-damage|p2a: Reuniclus|284/375","|move|p2a: Reuniclus|Calm Mind|p2a: Reuniclus","|-boost|p2a: Reuniclus|spa|1","|-boost|p2a: Reuniclus|spd|1","|","|-heal|p2a: Reuniclus|307/375|[from] item: Leftovers","|-damage|p1a: Dragonite|123/323 brn|[from] brn","|turn|22","|","|move|p1a: Dragonite|Dragon Claw|p2a: Reuniclus","|-damage|p2a: Reuniclus|201/375","|move|p2a: Reuniclus|Calm Mind|p2a: Reuniclus","|-boost|p2a: Reuniclus|spa|1","|-boost|p2a: Reuniclus|spd|1","|","|-heal|p2a: Reuniclus|224/375|[from] item: Leftovers","|-damage|p1a: Dragonite|83/323 brn|[from] brn","|turn|23","|","|switch|p1a: Mandibuzz|Mandibuzz, F|423/423","|move|p2a: Reuniclus|Psyshock|p1a: Mandibuzz","|-immune|p1a: Mandibuzz|[msg]","|","|-heal|p2a: Reuniclus|247/375|[from] item: Leftovers","|turn|24","|","|move|p1a: Mandibuzz|Taunt|p2a: Reuniclus","|-start|p2a: Reuniclus|move: Taunt","|move|p2a: Reuniclus|Signal Beam|p1a: Mandibuzz","|-damage|p1a: Mandibuzz|266/423","|","|-heal|p1a: Mandibuzz|292/423|[from] item: Leftovers","|-heal|p2a: Reuniclus|270/375|[from] item: Leftovers","|turn|25","|","|move|p1a: Mandibuzz|Foul Play|p2a: Reuniclus","|-supereffective|p2a: Reuniclus","|-damage|p2a: Reuniclus|144/375","|move|p2a: Reuniclus|Signal Beam|p1a: Mandibuzz","|-damage|p1a: Mandibuzz|144/423","|-start|p1a: Mandibuzz|confusion","|","|-heal|p1a: Mandibuzz|170/423|[from] item: Leftovers","|-heal|p2a: Reuniclus|167/375|[from] item: Leftovers","|turn|26","|","|switch|p1a: Dragonite|Dragonite, F|83/323 brn","|move|p2a: Reuniclus|Signal Beam|p1a: Dragonite","|-resisted|p1a: Dragonite","|-damage|p1a: Dragonite|0 fnt","|faint|p1a: Dragonite","|","|-heal|p2a: Reuniclus|190/375|[from] item: Leftovers","|-end|p2a: Reuniclus|move: Taunt","|","|switch|p1a: Togekiss|Togekiss, M|263/373","|turn|27","|","|move|p1a: Togekiss|Thunder Wave|p2a: Reuniclus","|-status|p2a: Reuniclus|par","|move|p2a: Reuniclus|Recover|p2a: Reuniclus","|-heal|p2a: Reuniclus|375/375 par","|","|-heal|p1a: Togekiss|286/373|[from] item: Leftovers","|turn|28","|","|switch|p1a: Xatu|Xatu, M|333/333","|move|p2a: Reuniclus|Psyshock|p1a: Xatu","|-resisted|p1a: Xatu","|-damage|p1a: Xatu|141/333","|","|turn|29","|","|move|p1a: Xatu|U-turn|p2a: Reuniclus","|-supereffective|p2a: Reuniclus","|-damage|p2a: Reuniclus|301/375 par","|","|switch|p1a: Mandibuzz|Mandibuzz, F|170/423","|move|p2a: Reuniclus|Signal Beam|p1a: Mandibuzz","|-damage|p1a: Mandibuzz|4/423","|","|-heal|p1a: Mandibuzz|30/423|[from] item: Leftovers","|-heal|p2a: Reuniclus|324/375 par|[from] item: Leftovers","|turn|30","|","|move|p1a: Mandibuzz|Foul Play|p2a: Reuniclus","|-supereffective|p2a: Reuniclus","|-damage|p2a: Reuniclus|204/375 par","|cant|p2a: Reuniclus|par","|","|-heal|p1a: Mandibuzz|56/423|[from] item: Leftovers","|-heal|p2a: Reuniclus|227/375 par|[from] item: Leftovers","|turn|31","|","|move|p1a: Mandibuzz|Foul Play|p2a: Reuniclus","|-supereffective|p2a: Reuniclus","|-damage|p2a: Reuniclus|101/375 par","|move|p2a: Reuniclus|Signal Beam|p1a: Mandibuzz","|-damage|p1a: Mandibuzz|0 fnt","|faint|p1a: Mandibuzz","|","|-heal|p2a: Reuniclus|124/375 par|[from] item: Leftovers","|","|switch|p1a: Gyarados|Gyarados, F|331/331","|-ability|p1a: Gyarados|Intimidate","|-unboost|p2a: Reuniclus|atk|1","|turn|32","|","|detailschange|p1a: Gyarados|Gyarados-Mega, F","|-mega|p1a: Gyarados|Gyarados|Gyaradosite","|-ability|p1a: Gyarados|Mold Breaker","|move|p1a: Gyarados|Waterfall|p2a: Reuniclus","|-damage|p2a: Reuniclus|0 fnt","|faint|p2a: Reuniclus","|","|","|switch|p2a: Alakazam|Alakazam, M|251/251","|turn|33","|","|switch|p1a: Togekiss|Togekiss, M|286/373","|move|p2a: Alakazam|Focus Blast|p1a: Togekiss|[miss]","|-miss|p2a: Alakazam|p1a: Togekiss","|","|-heal|p1a: Togekiss|309/373|[from] item: Leftovers","|turn|34","|","|switch|p2a: Victini|Victini|200/341","|move|p1a: Togekiss|Thunder Wave|p2a: Victini","|-status|p2a: Victini|par","|","|-heal|p1a: Togekiss|332/373|[from] item: Leftovers","|turn|35","|","|move|p1a: Togekiss|Air Slash|p2a: Victini","|-damage|p2a: Victini|101/341 par","|move|p2a: Victini|Bolt Strike|p1a: Togekiss","|-supereffective|p1a: Togekiss","|-damage|p1a: Togekiss|62/373","|-status|p1a: Togekiss|par","|","|-heal|p1a: Togekiss|85/373 par|[from] item: Leftovers","|turn|36","|","|cant|p2a: Victini|par","|move|p1a: Togekiss|Air Slash|p2a: Victini","|-damage|p2a: Victini|0 fnt","|faint|p2a: Victini","|","|-heal|p1a: Togekiss|108/373 par|[from] item: Leftovers","|","|switch|p2a: Jirachi|Jirachi|346/404 par","|turn|37","|","|move|p2a: Jirachi|Stealth Rock|p1a: Togekiss","|-sidestart|p1: V SLootBoot|move: Stealth Rock","|move|p1a: Togekiss|Roost|p1a: Togekiss","|-heal|p1a: Togekiss|295/373 par","|","|-heal|p2a: Jirachi|371/404 par|[from] item: Leftovers","|-heal|p1a: Togekiss|318/373 par|[from] item: Leftovers","|turn|38","|","|move|p2a: Jirachi|Iron Head|p1a: Togekiss","|-supereffective|p1a: Togekiss","|-damage|p1a: Togekiss|136/373 par","|cant|p1a: Togekiss|flinch","|","|-heal|p2a: Jirachi|396/404 par|[from] item: Leftovers","|-heal|p1a: Togekiss|159/373 par|[from] item: Leftovers","|turn|39","|","|move|p2a: Jirachi|Iron Head|p1a: Togekiss","|-supereffective|p1a: Togekiss","|-damage|p1a: Togekiss|0 fnt","|faint|p1a: Togekiss","|","|-heal|p2a: Jirachi|404/404 par|[from] item: Leftovers","|","|switch|p1a: Xatu|Xatu, M|141/333","|-damage|p1a: Xatu|58/333|[from] Stealth Rock","|turn|40","|","|move|p1a: Xatu|Reflect|p1a: Xatu","|-sidestart|p1: V SLootBoot|Reflect","|move|p2a: Jirachi|Meteor Mash|p1a: Xatu","|-damage|p1a: Xatu|0 fnt","|faint|p1a: Xatu","|","|","|switch|p1a: Gyarados|Gyarados-Mega, F|331/331","|-damage|p1a: Gyarados|290/331|[from] Stealth Rock","|-ability|p1a: Gyarados|Mold Breaker","|turn|41","|","|move|p1a: Gyarados|Dragon Dance|p1a: Gyarados","|-boost|p1a: Gyarados|atk|1","|-boost|p1a: Gyarados|spe|1","|move|p2a: Jirachi|Thunder Wave|p1a: Gyarados","|-status|p1a: Gyarados|par","|","|turn|42","|","|move|p1a: Gyarados|Dragon Dance|p1a: Gyarados","|-boost|p1a: Gyarados|atk|1","|-boost|p1a: Gyarados|spe|1","|move|p2a: Jirachi|Meteor Mash|p1a: Gyarados","|-crit|p1a: Gyarados","|-resisted|p1a: Gyarados","|-damage|p1a: Gyarados|211/331 par","|","|turn|43","|","|move|p1a: Gyarados|Earthquake|p2a: Jirachi","|-supereffective|p2a: Jirachi","|-damage|p2a: Jirachi|0 fnt","|faint|p2a: Jirachi","|","|","|switch|p2a: Alakazam|Alakazam, M|251/251","|turn|44","|","|move|p2a: Alakazam|Focus Blast|p1a: Gyarados|[miss]","|-miss|p2a: Alakazam|p1a: Gyarados","|move|p1a: Gyarados|Waterfall|p2a: Alakazam","|-crit|p2a: Alakazam","|-damage|p2a: Alakazam|0 fnt","|faint|p2a: Alakazam","|","|win|V SLootBoot"],"p1rating":{"entryid":"7571098","serverid":"eos","formatid":"monotype","userid":"vslootboot","username":"V SLootBoot","w":7,"l":"2","t":"0","gxe":61.8,"r":"1533.1385125152","rd":"110.73793183369","sigma":"0","rptime":"1439456400","rpr":1593.4210233088,"rprd":90.091419936279,"rpsigma":"0","acre":1159.0873812209,"lacre":1159.0873812209,"oldacre":"1136.8003532311"},"p2rating":{"entryid":"6395890","serverid":"eos","formatid":"monotype","userid":"rainsidious","username":"Rain ☆ sidious","w":"54","l":69,"t":"0","gxe":45.3,"r":"1471.8032132384","rd":"40.669426530625","sigma":"0","rptime":"1439456400","rpr":1464.1615149962,"rprd":40.19968586939,"rpsigma":"0","acre":1076.8016263973,"lacre":1076.8016263973,"oldacre":"1098.9479753733"},"endType":"normal"}