{"seed":[22083,32570,25351,39456],"turns":30,"p1":"GLReshiram","p2":"EMG UNOWNMAN","p1team":[{"name":"Heatran","species":"Heatran","item":"assaultvest","ability":"Flash Fire","moves":["magmastorm","earthpower","dragonpulse","flashcannon"],"nature":"Modest","evs":{"hp":148,"atk":0,"def":0,"spa":200,"spd":160,"spe":0},"ivs":{"hp":31,"atk":31,"def":31,"spa":31,"spd":31,"spe":31}},{"name":"Ninetales","species":"Ninetales","item":"focussash","ability":"Drought","moves":["flamethrower","solarbeam","hiddenpowerelectric","nastyplot"],"nature":"Timid","evs":{"hp":4,"atk":0,"def":0,"spa":252,"spd":0,"spe":252},"ivs":{"hp":31,"atk":31,"def":31,"spa":30,"spd":31,"spe":31}},{"name":"Torkoal","species":"Torkoal","item":"leftovers","ability":"Shell Armor","moves":["protect","toxic","clearsmog","rapidspin"],"nature":"Bold","evs":{"hp":252,"atk":0,"def":252,"spa":4,"spd":0,"spe":0},"ivs":{"hp":31,"atk":31,"def":31,"spa":31,"spd":31,"spe":31}},{"name":"Rotom-Heat","species":"Rotom-Heat","item":"lightclay","ability":"Levitate","moves":["voltswitch","willowisp","reflect","lightscreen"],"nature":"Timid","evs":{"hp":248,"atk":0,"def":0,"spa":0,"spd":8,"spe":252},"ivs":{"hp":31,"atk":31,"def":31,"spa":31,"spd":31,"spe":31}},{"name":"Entei","species":"Entei","item":"choiceband","ability":"Pressure","moves":["sacredfire","ironhead","extremespeed","stoneedge"],"nature":"Adamant","evs":{"hp":0,"atk":252,"def":4,"spa":0,"spd":0,"spe":252},"shiny":true,"ivs":{"hp":31,"atk":31,"def":31,"spa":31,"spd":31,"spe":31}},{"name":"Charizard","species":"Charizard","item":"charizarditex","ability":"Blaze","moves":["dragondance","roost","dragonclaw","thunderpunch"],"nature":"Adamant","evs":{"hp":144,"atk":252,"def":0,"spa":0,"spd":0,"spe":112},"ivs":{"hp":31,"atk":31,"def":31,"spa":31,"spd":31,"spe":31}}],"p2team":[{"name":"Claydol","species":"Claydol","item":"leftovers","ability":"Levitate","moves":["stealthrock","rapidspin","icebeam","magiccoat"],"nature":"Bold","evs":{"hp":252,"atk":0,"def":252,"spa":0,"spd":4,"spe":0},"shiny":true,"ivs":{"hp":31,"atk":31,"def":31,"spa":31,"spd":31,"spe":31}},{"name":"Jirachi","species":"Jirachi","item":"choicescarf","ability":"Serene Grace","moves":["ironhead","heartstamp","firepunch","icepunch"],"nature":"Jolly","evs":{"hp":0,"atk":252,"def":0,"spa":0,"spd":4,"spe":252},"shiny":true,"ivs":{"hp":31,"atk":31,"def":31,"spa":31,"spd":31,"spe":31}},{"name":"Medicham","species":"Medicham","item":"medichamite","ability":"Pure Power","moves":["zenheadbutt","drainpunch","fakeout","bulletpunch"],"nature":"Jolly","evs":{"hp":0,"atk":252,"def":0,"spa":0,"spd":4,"spe":252},"gender":"M","shiny":true,"ivs":{"hp":31,"atk":31,"def":31,"spa":31,"spd":31,"spe":31}},{"name":"Victini","species":"Victini","item":"choiceband","ability":"Victory Star","moves":["vcreate","boltstrike","uturn","zenheadbutt"],"nature":"Adamant","evs":{"hp":0,"atk":252,"def":4,"spa":0,"spd":0,"spe":252},"ivs":{"hp":31,"atk":31,"def":31,"spa":31,"spd":31,"spe":31}},{"name":"Espeon","species":"Espeon","item":"focussash","ability":"Magic Bounce","moves":["psyshock","hiddenpowerfire","dazzlinggleam","healbell"],"nature":"Timid","evs":{"hp":0,"atk":0,"def":0,"spa":252,"spd":4,"spe":252},"gender":"M","ivs":{"hp":31,"atk":30,"def":31,"spa":30,"spd":31,"spe":30},"shiny":true},{"name":"Hoopa-Unbound","species":"Hoopa-Unbound","item":"choicescarf","ability":"Magician","moves":["hyperspacehole","darkpulse","hiddenpowerfire","trick"],"nature":"Modest","evs":{"hp":0,"atk":0,"def":0,"spa":252,"spd":4,"spe":252},"ivs":{"hp":31,"atk":30,"def":31,"spa":30,"spd":31,"spe":30}}],"log":["|player|p1|GLReshiram|68","|player|p2|EMG UNOWNMAN|170","|gametype|singles","|gen|6","|tier|Monotype","|rated","|rule|Baton Pass Clause: Limit one Baton Passer, can't pass Spe and other stats simultaneously","|rule|Swagger Clause: Swagger is banned","|rule|Same Type Clause: Pokémon in a team must share a type","|clearpoke","|poke|p1|Heatran, M","|poke|p1|Ninetales, M","|poke|p1|Torkoal, F","|poke|p1|Rotom-Heat","|poke|p1|Entei, shiny","|poke|p1|Charizard, M","|poke|p2|Claydol, shiny","|poke|p2|Jirachi, shiny","|poke|p2|Medicham, M, shiny","|poke|p2|Victini","|poke|p2|Espeon, M, shiny","|poke|p2|Hoopa-Unbound","|rule|Sleep Clause Mod: Limit one foe put to sleep","|rule|Species Clause: Limit one of each Pokémon","|rule|OHKO Clause: OHKO moves are banned","|rule|Moody Clause: Moody is banned","|rule|Evasion Moves Clause: Evasion moves are banned","|rule|Endless Battle Clause: Forcing endless battles is banned","|rule|HP Percentage Mod: HP is shown in percentages","|teampreview","|","|start","|switch|p1a: Charizard|Charizard, M|333/333","|switch|p2a: Hoopa-Unbound|Hoopa-Unbound|301/301","|turn|1","|","|detailschange|p1a: Charizard|Charizard-Mega-X, M","|-mega|p1a: Charizard|Charizard|Charizardite X","|move|p2a: Hoopa-Unbound|Dark Pulse|p1a: Charizard","|-damage|p1a: Charizard|111/333","|cant|p1a: Charizard|flinch","|","|turn|2","|","|switch|p1a: Heatran|Heatran, M|360/360","|move|p2a: Hoopa-Unbound|Dark Pulse|p1a: Heatran","|-damage|p1a: Heatran|252/360","|","|turn|3","|","|move|p2a: Hoopa-Unbound|Dark Pulse|p1a: Heatran","|-damage|p1a: Heatran|149/360","|cant|p1a: Heatran|flinch","|","|turn|4","|","|move|p2a: Hoopa-Unbound|Dark Pulse|p1a: Heatran","|-damage|p1a: Heatran|49/360","|cant|p1a: Heatran|flinch","|","|turn|5","|","|move|p2a: Hoopa-Unbound|Dark Pulse|p1a: Heatran","|-damage|p1a: Heatran|0 fnt","|faint|p1a: Heatran","|","|","|switch|p1a: Rotom-Heat|Rotom-Heat|303/303","|turn|6","|","|switch|p2a: Victini|Victini|341/341","|move|p1a: Rotom-Heat|Light Screen|p1a: Rotom-Heat","|-sidestart|p1: GLReshiram|move: Light Screen","|","|turn|7","|","|move|p2a: Victini|Zen Headbutt|p1a: Rotom-Heat","|-damage|p1a: Rotom-Heat|128/303","|move|p1a: Rotom-Heat|Reflect|p1a: Rotom-Heat","|-sidestart|p1: GLReshiram|Reflect","|","|turn|8","|","|switch|p2a: Claydol|Claydol, shiny|324/324","|switch|p1a: Torkoal|Torkoal, F|344/344","|","|turn|9","|","|move|p2a: Claydol|Magic Coat|p2a: Claydol","|-singleturn|p2a: Claydol|move: Magic Coat","|move|p1a: Torkoal|Rapid Spin|p2a: Claydol","|-damage|p2a: Claydol|314/324","|","|-heal|p2a: Claydol|324/324|[from] item: Leftovers","|turn|10","|","|switch|p1a: Entei|Entei, shiny|371/371","|-ability|p1a: Entei|Pressure","|move|p2a: Claydol|Magic Coat|p2a: Claydol","|-singleturn|p2a: Claydol|move: Magic Coat","|","|turn|11","|","|move|p1a: Entei|Extreme Speed|p2a: Claydol","|-crit|p2a: Claydol","|-damage|p2a: Claydol|175/324","|move|p2a: Claydol|Stealth Rock|p1a: Entei","|-sidestart|p1: GLReshiram|move: Stealth Rock","|","|-heal|p2a: Claydol|195/324|[from] item: Leftovers","|turn|12","|","|switch|p1a: Torkoal|Torkoal, F|344/344","|-damage|p1a: Torkoal|258/344|[from] Stealth Rock","|switch|p2a: Jirachi|Jirachi, shiny|341/341","|","|-heal|p1a: Torkoal|279/344|[from] item: Leftovers","|turn|13","|","|move|p1a: Torkoal|Protect|p1a: Torkoal","|-singleturn|p1a: Torkoal|Protect","|move|p2a: Jirachi|Heart Stamp|p1a: Torkoal","|-activate|p1a: Torkoal|Protect","|","|-heal|p1a: Torkoal|300/344|[from] item: Leftovers","|-sideend|p1: GLReshiram|move: Light Screen","|turn|14","|","|move|p2a: Jirachi|Heart Stamp|p1a: Torkoal","|-damage|p1a: Torkoal|273/344","|move|p1a: Torkoal|Rapid Spin|p2a: Jirachi","|-resisted|p2a: Jirachi","|-damage|p2a: Jirachi|335/341","|-sideend|p1: GLReshiram|Stealth Rock|[from] move: Rapid Spin|[of] p1a: Torkoal","|","|-heal|p1a: Torkoal|294/344|[from] item: Leftovers","|-sideend|p1: GLReshiram|Reflect","|turn|15","|","|switch|p2a: Claydol|Claydol, shiny|195/324","|move|p1a: Torkoal|Protect|p1a: Torkoal","|-fail|p1a: Torkoal","|","|-heal|p2a: Claydol|215/324|[from] item: Leftovers","|-heal|p1a: Torkoal|315/344|[from] item: Leftovers","|turn|16","|","|move|p2a: Claydol|Magic Coat|p2a: Claydol","|-singleturn|p2a: Claydol|move: Magic Coat","|move|p1a: Torkoal|Protect|p1a: Torkoal","|-fail|p1a: Torkoal","|","|-heal|p2a: Claydol|235/324|[from] item: Leftovers","|-heal|p1a: Torkoal|336/344|[from] item: Leftovers","|turn|17","|","|switch|p2a: Hoopa-Unbound|Hoopa-Unbound|301/301","|switch|p1a: Charizard|Charizard-Mega-X, M|111/333","|","|turn|18","|","|switch|p1a: Ninetales|Ninetales, M|288/288","|-weather|SunnyDay","|move|p2a: Hoopa-Unbound|Hyperspace Hole|p1a: Ninetales","|-damage|p1a: Ninetales|102/288","|","|-weather|SunnyDay|[upkeep]","|turn|19","|","|move|p2a: Hoopa-Unbound|Hyperspace Hole|p1a: Ninetales","|-damage|p1a: Ninetales|0 fnt","|faint|p1a: Ninetales","|","|-weather|SunnyDay|[upkeep]","|","|switch|p1a: Entei|Entei, shiny|371/371","|-ability|p1a: Entei|Pressure","|turn|20","|","|switch|p2a: Victini|Victini|341/341","|move|p1a: Entei|Stone Edge|p2a: Victini","|-supereffective|p2a: Victini","|-damage|p2a: Victini|3/341","|","|-weather|SunnyDay|[upkeep]","|turn|21","|","|switch|p1a: Torkoal|Torkoal, F|336/344","|move|p2a: Victini|V-create|p1a: Torkoal","|-resisted|p1a: Torkoal","|-damage|p1a: Torkoal|141/344","|-unboost|p2a: Victini|spe|1","|-unboost|p2a: Victini|def|1","|-unboost|p2a: Victini|spd|1","|","|-weather|SunnyDay|[upkeep]","|-heal|p1a: Torkoal|162/344|[from] item: Leftovers","|turn|22","|","|move|p2a: Victini|V-create|p1a: Torkoal","|-resisted|p1a: Torkoal","|-damage|p1a: Torkoal|0 fnt","|-unboost|p2a: Victini|spe|1","|-unboost|p2a: Victini|def|1","|-unboost|p2a: Victini|spd|1","|faint|p1a: Torkoal","|","|-weather|none","|","|switch|p1a: Entei|Entei, shiny|371/371","|-ability|p1a: Entei|Pressure","|turn|23","|","|move|p1a: Entei|Extreme Speed|p2a: Victini","|-damage|p2a: Victini|0 fnt","|faint|p2a: Victini","|","|","|switch|p2a: Jirachi|Jirachi, shiny|335/341","|turn|24","|","|switch|p2a: Hoopa-Unbound|Hoopa-Unbound|301/301","|switch|p1a: Rotom-Heat|Rotom-Heat|128/303","|","|turn|25","|","|move|p2a: Hoopa-Unbound|Dark Pulse|p1a: Rotom-Heat","|-damage|p1a: Rotom-Heat|0 fnt","|faint|p1a: Rotom-Heat","|","|","|switch|p1a: Entei|Entei, shiny|371/371","|-ability|p1a: Entei|Pressure","|turn|26","|","|move|p2a: Hoopa-Unbound|Dark Pulse|p1a: Entei","|-damage|p1a: Entei|149/371","|move|p1a: Entei|Sacred Fire|p2a: Hoopa-Unbound","|-damage|p2a: Hoopa-Unbound|0 fnt","|faint|p2a: Hoopa-Unbound","|","|","|switch|p2a: Claydol|Claydol, shiny|235/324","|turn|27","|","|move|p1a: Entei|Sacred Fire|p2a: Claydol","|-damage|p2a: Claydol|39/324","|move|p2a: Claydol|Stealth Rock|p1a: Entei","|-sidestart|p1: GLReshiram|move: Stealth Rock","|","|-heal|p2a: Claydol|59/324|[from] item: Leftovers","|turn|28","|","|move|p1a: Entei|Sacred Fire|p2a: Claydol","|-damage|p2a: Claydol|0 fnt","|faint|p2a: Claydol","|","|","|switch|p2a: Espeon|Espeon, M, shiny|271/271","|turn|29","|","|move|p2a: Espeon|Psyshock|p1a: Entei","|-damage|p1a: Entei|0 fnt","|faint|p1a: Entei","|","|","|switch|p1a: Charizard|Charizard-Mega-X, M|111/333","|-damage|p1a: Charizard|28/333|[from] Stealth Rock","|turn|30","|","|move|p2a: Espeon|Psyshock|p1a: Charizard","|-damage|p1a: Charizard|0 fnt","|faint|p1a: Charizard","|","|win|EMG UNOWNMAN"],"p1rating":{"entryid":"6886801","serverid":"eos","formatid":"monotype","userid":"glreshiram","username":"GL♅Reshiram","w":"23","l":26,"t":"0","gxe":48.1,"r":"1488.6600093725","rd":"51.960854322562","sigma":"0","rptime":"1439456400","rpr":1485.9142614409,"rprd":50.519594252609,"rpsigma":"0","acre":1093.3901309662,"lacre":1093.3901309662,"oldacre":"1105.8572872801"},"p2rating":{"entryid":"7117043","serverid":"eos","formatid":"monotype","userid":"emgunownman","username":"Emg UnownMaN","w":31,"l":"15","t":"0","gxe":65.8,"r":"1608.3726895731","rd":"54.851422283041","sigma":"0","rptime":"1439456400","rpr":1624.6993151545,"rprd":53.19768446774,"rpsigma":"0","acre":1309.7820697449,"lacre":1309.7820697449,"oldacre":"1297.314913431"},"endType":"normal"}