{"seed":[50230,37788,26833,55129],"turns":21,"p1":"Rain Mistral","p2":"Factionless","p1team":[{"name":"Reshi's Keys","species":"klefki","item":"lightclay","ability":"Prankster","moves":["reflect","lightscreen","thunderwave","foulplay"],"nature":"Bold","evs":{"hp":248,"atk":0,"def":252,"spa":0,"spd":8,"spe":0},"gender":"F","ivs":{"hp":31,"atk":31,"def":31,"spa":31,"spd":31,"spe":31}},{"name":"Reshi's Astra","species":"clefable","item":"leftovers","ability":"Magic Guard","moves":["softboiled","moonblast","calmmind","flamethrower"],"nature":"Bold","evs":{"hp":252,"atk":0,"def":252,"spa":4,"spd":0,"spe":0},"gender":"F","ivs":{"hp":31,"atk":31,"def":31,"spa":30,"spd":30,"spe":31},"shiny":true},{"name":"Reshi's Shiawase","species":"togekiss","item":"choicescarf","ability":"Serene Grace","moves":["airslash","aurasphere","flamethrower","dazzlinggleam"],"nature":"Timid","evs":{"hp":4,"atk":0,"def":0,"spa":252,"spd":0,"spe":252},"gender":"M","shiny":true,"ivs":{"hp":31,"atk":31,"def":31,"spa":31,"spd":31,"spe":31}},{"name":"Reshi's Bobbles","species":"mrmime","item":"weaknesspolicy","ability":"Filter","moves":["batonpass","calmmind","barrier","magiccoat"],"nature":"Bold","evs":{"hp":248,"atk":0,"def":252,"spa":0,"spd":8,"spe":0},"gender":"M","ivs":{"hp":31,"atk":31,"def":31,"spa":31,"spd":30,"spe":31},"shiny":true},{"name":"Reshi's Dots","species":"azumarill","item":"sitrusberry","ability":"Huge Power","moves":["aquajet","playrough","bellydrum","knockoff"],"nature":"Adamant","evs":{"hp":94,"atk":252,"def":0,"spa":0,"spd":4,"spe":158},"gender":"F","ivs":{"hp":31,"atk":31,"def":31,"spa":31,"spd":31,"spe":31}},{"name":"Reshi's Rosa","species":"gardevoir","item":"gardevoirite","ability":"Trace","moves":["hiddenpowerground","focusblast","thunderbolt","hypervoice"],"nature":"Timid","evs":{"hp":0,"atk":0,"def":0,"spa":252,"spd":4,"spe":252},"gender":"F","ivs":{"hp":31,"atk":31,"def":31,"spa":30,"spd":30,"spe":31}}],"p2team":[{"name":"Ninetales","species":"Ninetales","item":"heatrock","ability":"Drought","moves":["solarbeam","flamethrower","confuseray","willowisp"],"nature":"Calm","evs":{"hp":252,"atk":0,"def":4,"spa":0,"spd":252,"spe":0},"ivs":{"hp":31,"atk":31,"def":31,"spa":31,"spd":31,"spe":31}},{"name":"R-K-9","species":"arcanine","item":"focussash","ability":"Intimidate","moves":["flareblitz","outrage","wildcharge","extremespeed"],"nature":"Adamant","evs":{"hp":0,"atk":252,"def":0,"spa":0,"spd":4,"spe":252},"gender":"M","ivs":{"hp":31,"atk":31,"def":31,"spa":31,"spd":31,"spe":31}},{"name":"Grumpy Cat","species":"entei","item":"assaultvest","ability":"Pressure","moves":["sacredfire","extremespeed","stoneedge","ironhead"],"nature":"Adamant","evs":{"hp":6,"atk":252,"def":0,"spa":0,"spd":0,"spe":252},"shiny":true,"ivs":{"hp":31,"atk":31,"def":31,"spa":31,"spd":31,"spe":31}},{"name":"RKO","species":"victini","item":"whiteherb","ability":"Victory Star","moves":["vcreate","boltstrike","taunt","psychic"],"nature":"Jolly","evs":{"hp":0,"atk":252,"def":0,"spa":0,"spd":4,"spe":252},"ivs":{"hp":31,"atk":31,"def":31,"spa":31,"spd":31,"spe":31}},{"name":"Smaug","species":"charizard","item":"charizarditey","ability":"Blaze","moves":["ancientpower","fireblast","dragonpulse","airslash"],"nature":"Jolly","evs":{"hp":132,"atk":124,"def":0,"spa":0,"spd":0,"spe":252},"gender":"M","shiny":true,"ivs":{"hp":31,"atk":31,"def":31,"spa":31,"spd":31,"spe":31}},{"name":"Monkey Deez Nuts","species":"infernape","item":"focussash","ability":"Blaze","moves":["closecombat","hiddenpowerice","fireblast","earthquake"],"nature":"Jolly","evs":{"hp":0,"atk":252,"def":0,"spa":0,"spd":5,"spe":252},"gender":"M","ivs":{"hp":31,"atk":30,"def":30,"spa":31,"spd":31,"spe":31}}],"log":["|player|p1|Rain Mistral|52","|player|p2|Factionless|87","|gametype|singles","|gen|6","|tier|Monotype","|rated","|rule|Baton Pass Clause: Limit one Baton Passer, can't pass Spe and other stats simultaneously","|rule|Swagger Clause: Swagger is banned","|rule|Same Type Clause: Pokémon in a team must share a type","|clearpoke","|poke|p1|Klefki, F","|poke|p1|Clefable, F, shiny","|poke|p1|Togekiss, M, shiny","|poke|p1|Mr. Mime, M, shiny","|poke|p1|Azumarill, F","|poke|p1|Gardevoir, F","|poke|p2|Ninetales, M","|poke|p2|Arcanine, M","|poke|p2|Entei, shiny","|poke|p2|Victini","|poke|p2|Charizard, M, shiny","|poke|p2|Infernape, M","|rule|Sleep Clause Mod: Limit one foe put to sleep","|rule|Species Clause: Limit one of each Pokémon","|rule|OHKO Clause: OHKO moves are banned","|rule|Moody Clause: Moody is banned","|rule|Evasion Moves Clause: Evasion moves are banned","|rule|Endless Battle Clause: Forcing endless battles is banned","|rule|HP Percentage Mod: HP is shown in percentages","|teampreview","|","|start","|switch|p1a: Reshi's Bobbles|Mr. Mime, M, shiny|283/283","|switch|p2a: Smaug|Charizard, M, shiny|330/330","|turn|1","|","|detailschange|p2a: Smaug|Charizard-Mega-Y, M, shiny","|-mega|p2a: Smaug|Charizard|Charizardite Y","|-weather|SunnyDay","|move|p2a: Smaug|Air Slash|p1a: Reshi's Bobbles","|-damage|p1a: Reshi's Bobbles|178/283","|move|p1a: Reshi's Bobbles|Calm Mind|p1a: Reshi's Bobbles","|-boost|p1a: Reshi's Bobbles|spa|1","|-boost|p1a: Reshi's Bobbles|spd|1","|","|-weather|SunnyDay|[upkeep]","|turn|2","|","|move|p2a: Smaug|Air Slash|p1a: Reshi's Bobbles","|-damage|p1a: Reshi's Bobbles|112/283","|move|p1a: Reshi's Bobbles|Calm Mind|p1a: Reshi's Bobbles","|-boost|p1a: Reshi's Bobbles|spa|1","|-boost|p1a: Reshi's Bobbles|spd|1","|","|-weather|SunnyDay|[upkeep]","|turn|3","|","|move|p2a: Smaug|Air Slash|p1a: Reshi's Bobbles","|-damage|p1a: Reshi's Bobbles|55/283","|move|p1a: Reshi's Bobbles|Baton Pass|p1a: Reshi's Bobbles","|","|switch|p1a: Reshi's Shiawase|Togekiss, M, shiny|312/312","|","|-weather|SunnyDay|[upkeep]","|turn|4","|","|move|p1a: Reshi's Shiawase|Air Slash|p2a: Smaug","|-damage|p2a: Smaug|114/330","|cant|p2a: Smaug|flinch","|","|-weather|SunnyDay|[upkeep]","|turn|5","|","|switch|p2a: Grumpy Cat|Entei, shiny|372/372","|-ability|p2a: Grumpy Cat|Pressure","|move|p1a: Reshi's Shiawase|Air Slash|p2a: Grumpy Cat","|-damage|p2a: Grumpy Cat|176/372","|","|-weather|none","|turn|6","|","|move|p2a: Grumpy Cat|Extreme Speed|p1a: Reshi's Shiawase","|-damage|p1a: Reshi's Shiawase|215/312","|move|p1a: Reshi's Shiawase|Air Slash|p2a: Grumpy Cat","|-damage|p2a: Grumpy Cat|0 fnt","|faint|p2a: Grumpy Cat","|","|","|switch|p2a: Smaug|Charizard-Mega-Y, M, shiny|114/330","|-weather|SunnyDay","|turn|7","|","|move|p1a: Reshi's Shiawase|Air Slash|p2a: Smaug","|-damage|p2a: Smaug|0 fnt","|faint|p2a: Smaug","|","|-weather|SunnyDay|[upkeep]","|","|switch|p2a: R-K-9|Arcanine, M|321/321","|-ability|p2a: R-K-9|Intimidate","|-unboost|p1a: Reshi's Shiawase|atk|1","|turn|8","|","|move|p1a: Reshi's Shiawase|Air Slash|p2a: R-K-9","|-damage|p2a: R-K-9|35/321","|cant|p2a: R-K-9|flinch","|","|-weather|SunnyDay|[upkeep]","|turn|9","|","|move|p2a: R-K-9|Extreme Speed|p1a: Reshi's Shiawase","|-damage|p1a: Reshi's Shiawase|123/312","|move|p1a: Reshi's Shiawase|Air Slash|p2a: R-K-9","|-damage|p2a: R-K-9|0 fnt","|faint|p2a: R-K-9","|","|-weather|SunnyDay|[upkeep]","|","|switch|p2a: Monkey Deez Nuts|Infernape, M|293/293","|turn|10","|","|move|p1a: Reshi's Shiawase|Air Slash|p2a: Monkey Deez Nuts","|-supereffective|p2a: Monkey Deez Nuts","|-enditem|p2a: Monkey Deez Nuts|Focus Sash","|-damage|p2a: Monkey Deez Nuts|1/293","|cant|p2a: Monkey Deez Nuts|flinch","|","|-weather|SunnyDay|[upkeep]","|turn|11","|","|move|p1a: Reshi's Shiawase|Air Slash|p2a: Monkey Deez Nuts|[miss]","|-miss|p1a: Reshi's Shiawase|p2a: Monkey Deez Nuts","|move|p2a: Monkey Deez Nuts|Fire Blast|p1a: Reshi's Shiawase","|-damage|p1a: Reshi's Shiawase|8/312","|","|-weather|none","|turn|12","|","|move|p1a: Reshi's Shiawase|Air Slash|p2a: Monkey Deez Nuts","|-supereffective|p2a: Monkey Deez Nuts","|-damage|p2a: Monkey Deez Nuts|0 fnt","|faint|p2a: Monkey Deez Nuts","|","|","|switch|p2a: Ninetales|Ninetales, M|350/350","|-weather|SunnyDay","|turn|13","|","|move|p1a: Reshi's Shiawase|Air Slash|p2a: Ninetales","|-crit|p2a: Ninetales","|-damage|p2a: Ninetales|80/350","|move|p2a: Ninetales|Flamethrower|p1a: Reshi's Shiawase","|-damage|p1a: Reshi's Shiawase|0 fnt","|faint|p1a: Reshi's Shiawase","|","|-weather|SunnyDay|[upkeep]","|","|switch|p1a: Reshi's Keys|Klefki, F|317/317","|turn|14","|","|move|p1a: Reshi's Keys|Light Screen|p1a: Reshi's Keys","|-sidestart|p1: Rain Mistral|move: Light Screen","|move|p2a: Ninetales|Confuse Ray|p1a: Reshi's Keys","|-start|p1a: Reshi's Keys|confusion","|","|-weather|SunnyDay|[upkeep]","|turn|15","|","|-activate|p1a: Reshi's Keys|confusion","|-damage|p1a: Reshi's Keys|299/317|[from] confusion","|move|p2a: Ninetales|Will-O-Wisp|p1a: Reshi's Keys","|-status|p1a: Reshi's Keys|brn","|","|-weather|SunnyDay|[upkeep]","|-damage|p1a: Reshi's Keys|260/317 brn|[from] brn","|turn|16","|","|switch|p1a: Reshi's Bobbles|Mr. Mime, M, shiny|55/283","|move|p2a: Ninetales|Flamethrower|p1a: Reshi's Bobbles","|-damage|p1a: Reshi's Bobbles|0 fnt","|faint|p1a: Reshi's Bobbles","|","|-weather|SunnyDay|[upkeep]","|","|switch|p1a: Reshi's Rosa|Gardevoir, F|277/277","|-ability|p1a: Reshi's Rosa|Drought|[from] ability: Trace|[of] p2a: Ninetales","|turn|17","|","|detailschange|p1a: Reshi's Rosa|Gardevoir-Mega, F","|-mega|p1a: Reshi's Rosa|Gardevoir|Gardevoirite","|move|p1a: Reshi's Rosa|Hidden Power|p2a: Ninetales","|-supereffective|p2a: Ninetales","|-damage|p2a: Ninetales|0 fnt","|faint|p2a: Ninetales","|","|-weather|SunnyDay|[upkeep]","|","|switch|p2a: RKO|Victini|341/341","|turn|18","|","|move|p1a: Reshi's Rosa|Hidden Power|p2a: RKO","|-supereffective|p2a: RKO","|-damage|p2a: RKO|177/341","|move|p2a: RKO|V-create|p1a: Reshi's Rosa","|-damage|p1a: Reshi's Rosa|0 fnt","|-unboost|p2a: RKO|spe|1","|-unboost|p2a: RKO|def|1","|-unboost|p2a: RKO|spd|1","|faint|p1a: Reshi's Rosa","|-enditem|p2a: RKO|White Herb","|-restoreboost|p2a: RKO|[silent]","|","|-weather|SunnyDay|[upkeep]","|","|switch|p1a: Reshi's Keys|Klefki, F|260/317 brn","|turn|19","|","|move|p1a: Reshi's Keys|Reflect|p1a: Reshi's Keys","|-sidestart|p1: Rain Mistral|Reflect","|move|p2a: RKO|V-create|p1a: Reshi's Keys","|-supereffective|p1a: Reshi's Keys","|-damage|p1a: Reshi's Keys|0 fnt","|-unboost|p2a: RKO|spe|1","|-unboost|p2a: RKO|def|1","|-unboost|p2a: RKO|spd|1","|faint|p1a: Reshi's Keys","|","|-weather|SunnyDay|[upkeep]","|","|switch|p1a: Reshi's Astra|Clefable, F, shiny|394/394","|turn|20","|","|move|p2a: RKO|V-create|p1a: Reshi's Astra","|-damage|p1a: Reshi's Astra|212/394","|-unboost|p2a: RKO|spe|1","|-unboost|p2a: RKO|def|1","|-unboost|p2a: RKO|spd|1","|move|p1a: Reshi's Astra|Moonblast|p2a: RKO","|-resisted|p2a: RKO","|-damage|p2a: RKO|74/341","|-unboost|p2a: RKO|spa|1","|","|-weather|none","|-heal|p1a: Reshi's Astra|236/394|[from] item: Leftovers","|turn|21","|","|move|p2a: RKO|V-create|p1a: Reshi's Astra","|-damage|p1a: Reshi's Astra|126/394","|-unboost|p2a: RKO|spe|1","|-unboost|p2a: RKO|def|1","|-unboost|p2a: RKO|spd|1","|move|p1a: Reshi's Astra|Moonblast|p2a: RKO","|-resisted|p2a: RKO","|-damage|p2a: RKO|0 fnt","|faint|p2a: RKO","|","|win|Rain Mistral"],"p1rating":{"entryid":"7617331","serverid":"eos","formatid":"monotype","userid":"rainmistral","username":"Rain Mistral","w":2,"l":"0","t":"0","gxe":61,"r":"1500","rd":"130","sigma":"0","rptime":"1439456400","rpr":1588.5871352796,"rprd":116.12147758212,"rpsigma":"0","acre":1088.8485054046,"lacre":1088.8485054046,"oldacre":"1050.055940423"},"p2rating":{"entryid":"7495680","serverid":"eos","formatid":"monotype","userid":"factionless","username":"Factionless","w":"6","l":4,"t":"0","gxe":55.7,"r":"1580.9033055769","rd":"96.589820597679","sigma":"0","rptime":"1439456400","rpr":1544.6638280906,"rprd":88.669733747219,"rpsigma":"0","acre":1088.4486680169,"lacre":1088.4486680169,"oldacre":"1118.2968090072"},"endType":"normal"}