{"seed":[33977,53753,50010,13733],"turns":33,"p1":"Imp MaxDerp","p2":"SWL ROCK","p1team":[{"name":"PoofTheMagicDragon","species":"altaria","item":"altarianite","ability":"Natural Cure","moves":["dragondance","return","hypervoice","fireblast"],"nature":"Lonely","evs":{"hp":0,"atk":204,"def":0,"spa":52,"spd":0,"spe":252},"ivs":{"hp":31,"atk":31,"def":31,"spa":31,"spd":31,"spe":31}},{"name":"DDGON","species":"druddigon","item":"focussash","ability":"Mold Breaker","moves":["stealthrock","glare","dragontail","heatwave"],"nature":"Gentle","evs":{"hp":152,"atk":8,"def":0,"spa":204,"spd":144,"spe":0},"ivs":{"hp":31,"atk":31,"def":31,"spa":31,"spd":31,"spe":31}},{"name":"Monstar","species":"kyuremblack","item":"choicescarf","ability":"Teravolt","moves":["outrage","fusionbolt","icebeam","earthpower"],"nature":"Naive","evs":{"hp":0,"atk":136,"def":0,"spa":120,"spd":0,"spe":252},"shiny":true,"ivs":{"hp":31,"atk":31,"def":31,"spa":31,"spd":31,"spe":31}},{"name":"Green Demon","species":"dragonite","item":"weaknesspolicy","ability":"Multiscale","moves":["dragondance","extremespeed","icepunch","fireblast"],"nature":"Lonely","evs":{"hp":0,"atk":252,"def":0,"spa":4,"spd":0,"spe":252},"shiny":true,"ivs":{"hp":31,"atk":31,"def":31,"spa":31,"spd":31,"spe":31}},{"name":"AlphaMain","species":"latios","item":"expertbelt","ability":"Levitate","moves":["defog","thunder","energyball","icebeam"],"nature":"Timid","evs":{"hp":0,"atk":0,"def":0,"spa":252,"spd":4,"spe":252},"shiny":true,"ivs":{"hp":31,"atk":31,"def":31,"spa":31,"spd":31,"spe":31}},{"name":"Chompers","species":"garchomp","item":"focussash","ability":"Rough Skin","moves":["roar","earthquake","toxic","ironhead"],"nature":"Jolly","evs":{"hp":0,"atk":252,"def":0,"spa":0,"spd":4,"spe":252},"ivs":{"hp":31,"atk":31,"def":31,"spa":31,"spd":31,"spe":31}}],"p2team":[{"name":"Mighty Oaks","species":"keldeo","item":"choicespecs","ability":"Justified","moves":["hydropump","secretsword","icywind","hiddenpowergrass"],"nature":"Timid","evs":{"hp":4,"atk":0,"def":0,"spa":252,"spd":0,"spe":252},"ivs":{"hp":31,"atk":30,"def":31,"spa":30,"spd":31,"spe":31}},{"name":"Alt-J","species":"rotomwash","item":"choicescarf","ability":"Levitate","moves":["voltswitch","hydropump","thunderbolt","trick"],"nature":"Timid","evs":{"hp":0,"atk":0,"def":0,"spa":252,"spd":4,"spe":252},"ivs":{"hp":31,"atk":31,"def":31,"spa":31,"spd":31,"spe":31}},{"name":"Portugal. The Man","species":"empoleon","item":"leftovers","ability":"Torrent","moves":["flashcannon","defog","stealthrock","roar"],"nature":"Calm","evs":{"hp":252,"atk":0,"def":4,"spa":0,"spd":252,"spe":0},"gender":"M","ivs":{"hp":31,"atk":31,"def":31,"spa":31,"spd":31,"spe":31}},{"name":"Sleep State","species":"quagsire","item":"rockyhelmet","ability":"Unaware","moves":["scald","earthquake","toxic","recover"],"nature":"Impish","evs":{"hp":248,"atk":8,"def":252,"spa":0,"spd":0,"spe":0},"gender":"M","ivs":{"hp":31,"atk":31,"def":31,"spa":31,"spd":31,"spe":31}},{"name":"Cheers Elephant","species":"azumarill","item":"choiceband","ability":"Huge Power","moves":["aquajet","superpower","playrough","knockoff"],"nature":"Adamant","evs":{"hp":172,"atk":252,"def":0,"spa":0,"spd":0,"spe":84},"gender":"M","ivs":{"hp":31,"atk":31,"def":31,"spa":31,"spd":31,"spe":31}},{"name":"Cage The Elephant","species":"gyarados","item":"leftovers","ability":"Intimidate","moves":["bounce","rest","dragondance","thunderwave"],"nature":"Careful","evs":{"hp":248,"atk":0,"def":0,"spa":0,"spd":118,"spe":144},"gender":"M","ivs":{"hp":31,"atk":31,"def":31,"spa":31,"spd":31,"spe":31}}],"log":["|player|p1|Imp MaxDerp|3","|player|p2|SWL ROCK|49","|gametype|singles","|gen|6","|tier|Monotype","|rated","|rule|Baton Pass Clause: Limit one Baton Passer, can't pass Spe and other stats simultaneously","|rule|Swagger Clause: Swagger is banned","|rule|Same Type Clause: Pokémon in a team must share a type","|clearpoke","|poke|p1|Altaria, M","|poke|p1|Druddigon, M","|poke|p1|Kyurem-Black, shiny","|poke|p1|Dragonite, F, shiny","|poke|p1|Latios, M, shiny","|poke|p1|Garchomp, F","|poke|p2|Keldeo","|poke|p2|Rotom-Wash","|poke|p2|Empoleon, M","|poke|p2|Quagsire, M","|poke|p2|Azumarill, M","|poke|p2|Gyarados, M","|rule|Sleep Clause Mod: Limit one foe put to sleep","|rule|Species Clause: Limit one of each Pokémon","|rule|OHKO Clause: OHKO moves are banned","|rule|Moody Clause: Moody is banned","|rule|Evasion Moves Clause: Evasion moves are banned","|rule|Endless Battle Clause: Forcing endless battles is banned","|rule|HP Percentage Mod: HP is shown in percentages","|teampreview","|","|start","|switch|p1a: DDGON|Druddigon, M|333/333","|switch|p2a: Mighty Oaks|Keldeo|324/324","|-ability|p1a: DDGON|Mold Breaker","|turn|1","|","|switch|p2a: Alt-J|Rotom-Wash|241/241","|move|p1a: DDGON|Stealth Rock|p2a: Alt-J","|-sidestart|p2: SWL ROCK|move: Stealth Rock","|","|turn|2","|","|move|p2a: Alt-J|Trick|p1a: DDGON","|-activate|p2a: Alt-J|move: Trick|[of] p1a: DDGON","|-item|p1a: DDGON|Choice Scarf|[from] move: Trick","|-item|p2a: Alt-J|Focus Sash|[from] move: Trick","|move|p1a: DDGON|Dragon Tail|p2a: Alt-J","|-damage|p2a: Alt-J|156/241","|drag|p2a: Cage The Elephant|Gyarados, M|393/393","|-damage|p2a: Cage The Elephant|295/393|[from] Stealth Rock","|-ability|p2a: Cage The Elephant|Intimidate","|-unboost|p1a: DDGON|atk|1","|","|-heal|p2a: Cage The Elephant|319/393|[from] item: Leftovers","|turn|3","|","|move|p2a: Cage The Elephant|Thunder Wave|p1a: DDGON","|-status|p1a: DDGON|par","|move|p1a: DDGON|Dragon Tail|p2a: Cage The Elephant","|-damage|p2a: Cage The Elephant|250/393","|drag|p2a: Alt-J|Rotom-Wash|156/241","|-damage|p2a: Alt-J|126/241|[from] Stealth Rock","|","|turn|4","|","|move|p2a: Alt-J|Hydro Pump|p1a: DDGON","|-resisted|p1a: DDGON","|-damage|p1a: DDGON|258/333 par","|cant|p1a: DDGON|par","|","|turn|5","|","|move|p2a: Alt-J|Hydro Pump|p1a: DDGON","|-crit|p1a: DDGON","|-resisted|p1a: DDGON","|-damage|p1a: DDGON|159/333 par","|move|p1a: DDGON|Dragon Tail|p2a: Alt-J","|-damage|p2a: Alt-J|71/241","|drag|p2a: Mighty Oaks|Keldeo|324/324","|-damage|p2a: Mighty Oaks|304/324|[from] Stealth Rock","|","|turn|6","|","|move|p2a: Mighty Oaks|Icy Wind|p1a: DDGON","|-supereffective|p1a: DDGON","|-damage|p1a: DDGON|0 fnt","|faint|p1a: DDGON","|","|","|switch|p1a: Green Demon|Dragonite, F, shiny|323/323","|turn|7","|","|switch|p2a: Alt-J|Rotom-Wash|71/241","|-damage|p2a: Alt-J|41/241|[from] Stealth Rock","|move|p1a: Green Demon|Dragon Dance|p1a: Green Demon","|-boost|p1a: Green Demon|atk|1","|-boost|p1a: Green Demon|spe|1","|","|turn|8","|","|move|p1a: Green Demon|Extreme Speed|p2a: Alt-J","|-damage|p2a: Alt-J|0 fnt","|faint|p2a: Alt-J","|","|","|switch|p2a: Sleep State|Quagsire, M|393/393","|-damage|p2a: Sleep State|369/393|[from] Stealth Rock","|turn|9","|","|move|p1a: Green Demon|Extreme Speed|p2a: Sleep State","|-damage|p2a: Sleep State|284/393","|-damage|p1a: Green Demon|270/323|[from] item: Rocky Helmet|[of] p2a: Sleep State","|move|p2a: Sleep State|Toxic|p1a: Green Demon","|-status|p1a: Green Demon|tox","|","|-damage|p1a: Green Demon|250/323 tox|[from] psn","|turn|10","|","|move|p1a: Green Demon|Extreme Speed|p2a: Sleep State","|-damage|p2a: Sleep State|203/393","|-damage|p1a: Green Demon|197/323 tox|[from] item: Rocky Helmet|[of] p2a: Sleep State","|move|p2a: Sleep State|Recover|p2a: Sleep State","|-heal|p2a: Sleep State|393/393","|","|-damage|p1a: Green Demon|157/323 tox|[from] psn","|turn|11","|","|move|p1a: Green Demon|Ice Punch|p2a: Sleep State","|-crit|p2a: Sleep State","|-damage|p2a: Sleep State|280/393","|-damage|p1a: Green Demon|104/323 tox|[from] item: Rocky Helmet|[of] p2a: Sleep State","|move|p2a: Sleep State|Toxic|p1a: Green Demon","|-fail|p1a: Green Demon|tox","|","|-damage|p1a: Green Demon|44/323 tox|[from] psn","|turn|12","|","|move|p1a: Green Demon|Extreme Speed|p2a: Sleep State","|-damage|p2a: Sleep State|198/393","|-damage|p1a: Green Demon|0 fnt|[from] item: Rocky Helmet|[of] p2a: Sleep State","|faint|p1a: Green Demon","|move|p2a: Sleep State|Recover|p2a: Sleep State","|-heal|p2a: Sleep State|393/393","|","|","|switch|p1a: AlphaMain|Latios, M, shiny|301/301","|turn|13","|","|switch|p2a: Portugal. The Man|Empoleon, M|372/372","|-damage|p2a: Portugal. The Man|349/372|[from] Stealth Rock","|move|p1a: AlphaMain|Energy Ball|p2a: Portugal. The Man","|-damage|p2a: Portugal. The Man|277/372","|","|-heal|p2a: Portugal. The Man|300/372|[from] item: Leftovers","|turn|14","|","|move|p1a: AlphaMain|Thunder|p2a: Portugal. The Man|[miss]","|-miss|p1a: AlphaMain|p2a: Portugal. The Man","|move|p2a: Portugal. The Man|Stealth Rock|p1a: AlphaMain","|-sidestart|p1: Imp MaxDerp|move: Stealth Rock","|","|-heal|p2a: Portugal. The Man|323/372|[from] item: Leftovers","|turn|15","|","|move|p1a: AlphaMain|Defog|p2a: Portugal. The Man","|-unboost|p2a: Portugal. The Man|evasion|1","|-sideend|p2: SWL ROCK|Stealth Rock|[from] move: Defog|[of] p2a: Portugal. The Man","|-sideend|p1: Imp MaxDerp|Stealth Rock|[from] move: Defog|[of] p1a: AlphaMain","|move|p2a: Portugal. The Man|Flash Cannon|p1a: AlphaMain","|-damage|p1a: AlphaMain|211/301","|-unboost|p1a: AlphaMain|spd|1","|","|-heal|p2a: Portugal. The Man|346/372|[from] item: Leftovers","|turn|16","|","|switch|p1a: PoofTheMagicDragon|Altaria, M|291/291","|move|p2a: Portugal. The Man|Flash Cannon|p1a: PoofTheMagicDragon","|-damage|p1a: PoofTheMagicDragon|197/291","|","|-heal|p2a: Portugal. The Man|369/372|[from] item: Leftovers","|turn|17","|","|move|p1a: PoofTheMagicDragon|Dragon Dance|p1a: PoofTheMagicDragon","|-boost|p1a: PoofTheMagicDragon|atk|1","|-boost|p1a: PoofTheMagicDragon|spe|1","|move|p2a: Portugal. The Man|Stealth Rock|p1a: PoofTheMagicDragon","|-sidestart|p1: Imp MaxDerp|move: Stealth Rock","|","|-heal|p2a: Portugal. The Man|372/372|[from] item: Leftovers","|turn|18","|","|detailschange|p1a: PoofTheMagicDragon|Altaria-Mega, M","|-mega|p1a: PoofTheMagicDragon|Altaria|Altarianite","|move|p1a: PoofTheMagicDragon|Return|p2a: Portugal. The Man","|-resisted|p2a: Portugal. The Man","|-damage|p2a: Portugal. The Man|193/372","|move|p2a: Portugal. The Man|Roar|p1a: PoofTheMagicDragon","|drag|p1a: AlphaMain|Latios, M, shiny|211/301","|-damage|p1a: AlphaMain|174/301|[from] Stealth Rock","|","|-heal|p2a: Portugal. The Man|216/372|[from] item: Leftovers","|turn|19","|","|move|p1a: AlphaMain|Thunder|p2a: Portugal. The Man","|-supereffective|p2a: Portugal. The Man","|-damage|p2a: Portugal. The Man|0 fnt","|faint|p2a: Portugal. The Man","|","|","|switch|p2a: Cage The Elephant|Gyarados, M|250/393","|-ability|p2a: Cage The Elephant|Intimidate","|-unboost|p1a: AlphaMain|atk|1","|turn|20","|","|move|p1a: AlphaMain|Thunder|p2a: Cage The Elephant","|-supereffective|p2a: Cage The Elephant","|-damage|p2a: Cage The Elephant|0 fnt","|faint|p2a: Cage The Elephant","|","|","|switch|p2a: Mighty Oaks|Keldeo|304/324","|turn|21","|","|switch|p1a: PoofTheMagicDragon|Altaria-Mega, M|197/291","|-damage|p1a: PoofTheMagicDragon|161/291|[from] Stealth Rock","|move|p2a: Mighty Oaks|Icy Wind|p1a: PoofTheMagicDragon","|-supereffective|p1a: PoofTheMagicDragon","|-damage|p1a: PoofTheMagicDragon|0 fnt","|faint|p1a: PoofTheMagicDragon","|","|","|switch|p1a: Monstar|Kyurem-Black, shiny|391/391","|-damage|p1a: Monstar|294/391|[from] Stealth Rock","|-ability|p1a: Monstar|Teravolt","|turn|22","|","|switch|p2a: Sleep State|Quagsire, M|393/393","|move|p1a: Monstar|Outrage|p2a: Sleep State","|-damage|p2a: Sleep State|204/393","|-damage|p1a: Monstar|229/391|[from] item: Rocky Helmet|[of] p2a: Sleep State","|","|turn|23","|","|move|p1a: Monstar|Outrage|p2a: Sleep State|[from]lockedmove","|-damage|p2a: Sleep State|15/393","|-damage|p1a: Monstar|164/391|[from] item: Rocky Helmet|[of] p2a: Sleep State","|move|p2a: Sleep State|Recover|p2a: Sleep State","|-heal|p2a: Sleep State|212/393","|","|turn|24","|","|move|p1a: Monstar|Outrage|p2a: Sleep State|[from]lockedmove","|-damage|p2a: Sleep State|4/393","|-damage|p1a: Monstar|99/391|[from] item: Rocky Helmet|[of] p2a: Sleep State","|-start|p1a: Monstar|confusion|[fatigue]","|move|p2a: Sleep State|Recover|p2a: Sleep State","|-heal|p2a: Sleep State|201/393","|","|turn|25","|","|-activate|p1a: Monstar|confusion","|-damage|p1a: Monstar|41/391|[from] confusion","|move|p2a: Sleep State|Recover|p2a: Sleep State","|-heal|p2a: Sleep State|393/393","|","|turn|26","|","|switch|p1a: AlphaMain|Latios, M, shiny|174/301","|-damage|p1a: AlphaMain|137/301|[from] Stealth Rock","|move|p2a: Sleep State|Recover|p2a: Sleep State","|-fail|p2a: Sleep State","|","|turn|27","|","|move|p1a: AlphaMain|Defog|p2a: Sleep State","|-unboost|p2a: Sleep State|evasion|1","|-sideend|p1: Imp MaxDerp|Stealth Rock|[from] move: Defog|[of] p1a: AlphaMain","|move|p2a: Sleep State|Toxic|p1a: AlphaMain","|-status|p1a: AlphaMain|tox","|","|-damage|p1a: AlphaMain|119/301 tox|[from] psn","|turn|28","|","|move|p1a: AlphaMain|Energy Ball|p2a: Sleep State","|-supereffective|p2a: Sleep State","|-damage|p2a: Sleep State|0 fnt","|faint|p2a: Sleep State","|","|-damage|p1a: AlphaMain|83/301 tox|[from] psn","|","|switch|p2a: Mighty Oaks|Keldeo|304/324","|turn|29","|","|move|p1a: AlphaMain|Energy Ball|p2a: Mighty Oaks","|-supereffective|p2a: Mighty Oaks","|-damage|p2a: Mighty Oaks|9/324","|move|p2a: Mighty Oaks|Icy Wind|p1a: AlphaMain","|-supereffective|p1a: AlphaMain","|-damage|p1a: AlphaMain|0 fnt","|faint|p1a: AlphaMain","|","|","|switch|p1a: Monstar|Kyurem-Black, shiny|41/391","|-ability|p1a: Monstar|Teravolt","|turn|30","|","|switch|p2a: Cheers Elephant|Azumarill, M|384/384","|move|p1a: Monstar|Fusion Bolt|p2a: Cheers Elephant","|-supereffective|p2a: Cheers Elephant","|-damage|p2a: Cheers Elephant|66/384","|","|turn|31","|","|move|p2a: Cheers Elephant|Aqua Jet|p1a: Monstar","|-resisted|p1a: Monstar","|-damage|p1a: Monstar|0 fnt","|faint|p1a: Monstar","|","|","|switch|p1a: Chompers|Garchomp, F|357/357","|turn|32","|","|move|p2a: Cheers Elephant|Aqua Jet|p1a: Chompers","|-damage|p1a: Chompers|221/357","|-damage|p2a: Cheers Elephant|18/384|[from] ability: Rough Skin|[of] p1a: Chompers","|move|p1a: Chompers|Earthquake|p2a: Cheers Elephant","|-damage|p2a: Cheers Elephant|0 fnt","|faint|p2a: Cheers Elephant","|","|","|switch|p2a: Mighty Oaks|Keldeo|9/324","|turn|33","|","|move|p2a: Mighty Oaks|Icy Wind|p1a: Chompers","|-crit|p1a: Chompers","|-supereffective|p1a: Chompers","|-damage|p1a: Chompers|0 fnt","|faint|p1a: Chompers","|","|win|SWL ROCK"],"p1rating":{"entryid":7607866,"formatid":"monotype","userid":"impmaxderp","username":"Imp MaxDerp","r":1500,"rd":130,"sigma":0,"rpr":1459.8393856612,"rprd":122.8583080769,"rpsigma":0,"rptime":1439456400,"w":0,"l":1,"t":0,"gxe":45,"acre":1000,"lacre":1000,"oldacre":1000},"p2rating":{"entryid":"7496999","serverid":"eos","formatid":"monotype","userid":"swlrock","username":"SWL ROCK","w":3,"l":"2","t":"0","gxe":51.2,"r":1479.1951396819,"rd":108.4467807111,"sigma":"0","rptime":1439456400,"rpr":1509.6860829096,"rprd":104.2082588081,"rpsigma":"0","acre":1091.1513314598,"lacre":1091.1513314598,"oldacre":"1066.882316628"},"endType":"normal"}