{"seed":[34715,42332,20907,36070],"turns":32,"p1":"I ONLY USE CARNIE","p2":"V SLootBoot","p1team":[{"name":"Aegislash","species":"Aegislash","item":"weaknesspolicy","ability":"Stance Change","moves":["kingsshield","shadowsneak","swordsdance","ironhead"],"nature":"Adamant","evs":{"hp":248,"atk":252,"def":0,"spa":0,"spd":8,"spe":0},"ivs":{"hp":31,"atk":31,"def":31,"spa":31,"spd":31,"spe":31}},{"name":"Gengar","species":"Gengar","item":"lifeorb","ability":"Levitate","moves":["sludgebomb","shadowball","thunderbolt","focusblast"],"nature":"Timid","evs":{"hp":0,"atk":0,"def":0,"spa":252,"spd":4,"spe":252},"ivs":{"hp":31,"atk":31,"def":31,"spa":31,"spd":31,"spe":31}},{"name":"Froslass","species":"Froslass","item":"leftovers","ability":"Cursed Body","moves":["spikes","thunderwave","icebeam","taunt"],"nature":"Timid","evs":{"hp":252,"atk":0,"def":0,"spa":4,"spd":0,"spe":252},"ivs":{"hp":31,"atk":31,"def":31,"spa":31,"spd":31,"spe":31}},{"name":"Jellicent","species":"Jellicent","item":"leftovers","ability":"Water Absorb","moves":["shadowball","scald","willowisp","recover"],"nature":"Calm","evs":{"hp":252,"atk":0,"def":0,"spa":4,"spd":252,"spe":0},"ivs":{"hp":31,"atk":31,"def":31,"spa":31,"spd":31,"spe":31}},{"name":"Golurk","species":"Golurk","item":"assaultvest","ability":"No Guard","moves":["earthquake","shadowpunch","dynamicpunch","zenheadbutt"],"nature":"Adamant","evs":{"hp":248,"atk":252,"def":0,"spa":0,"spd":8,"spe":0},"ivs":{"hp":31,"atk":31,"def":31,"spa":31,"spd":31,"spe":31}},{"name":"Banette","species":"Banette","item":"banettite","ability":"Frisk","moves":["shadowsneak","willowisp","taunt","destinybond"],"nature":"Careful","evs":{"hp":248,"atk":8,"def":0,"spa":0,"spd":252,"spe":0},"ivs":{"hp":31,"atk":31,"def":31,"spa":31,"spd":31,"spe":31}}],"p2team":[{"name":"Oven Bro","species":"rotomheat","item":"lightclay","ability":"Levitate","moves":["voltswitch","willowisp","reflect","lightscreen"],"nature":"Bold","evs":{"hp":248,"atk":0,"def":252,"spa":0,"spd":8,"spe":0},"shiny":true,"ivs":{"hp":31,"atk":31,"def":31,"spa":31,"spd":31,"spe":31}},{"name":"Dragon Bro","species":"charizard","item":"charizarditex","ability":"Blaze","moves":["dragonclaw","earthquake","dragondance","roost"],"nature":"Adamant","evs":{"hp":144,"atk":252,"def":0,"spa":0,"spd":0,"spe":112},"gender":"M","shiny":true,"ivs":{"hp":31,"atk":31,"def":31,"spa":31,"spd":31,"spe":31}},{"name":"Turtle Bro","species":"torkoal","item":"leftovers","ability":"Shell Armor","moves":["stealthrock","rapidspin","yawn","lavaplume"],"nature":"Bold","evs":{"hp":248,"atk":0,"def":252,"spa":8,"spd":0,"spe":0},"gender":"M","ivs":{"hp":31,"atk":30,"def":31,"spa":30,"spd":31,"spe":31},"shiny":true},{"name":"Freiya","species":"ninetales","item":"choicescarf","ability":"Drought","moves":["willowisp","fireblast","extrasensory","solarbeam"],"nature":"Timid","evs":{"hp":0,"atk":0,"def":0,"spa":252,"spd":4,"spe":252},"gender":"F","ivs":{"hp":31,"atk":31,"def":31,"spa":31,"spd":31,"spe":31}},{"name":"Ip Man","species":"infernape","item":"blackbelt","ability":"Iron Fist","moves":["machpunch","poweruppunch","aerialace","firepunch"],"nature":"Jolly","evs":{"hp":0,"atk":252,"def":0,"spa":0,"spd":4,"spe":252},"gender":"M","ivs":{"hp":31,"atk":31,"def":31,"spa":31,"spd":31,"spe":31}},{"name":"Victoria","species":"victini","item":"choiceband","ability":"Victory Star","moves":["boltstrike","vcreate","uturn","glaciate"],"nature":"Jolly","evs":{"hp":0,"atk":252,"def":4,"spa":0,"spd":0,"spe":252},"ivs":{"hp":31,"atk":30,"def":30,"spa":31,"spd":31,"spe":31}}],"log":["|player|p1|I ONLY USE CARNIE|146","|player|p2|V SLootBoot|285","|gametype|singles","|gen|6","|tier|Monotype","|rated","|rule|Baton Pass Clause: Limit one Baton Passer, can't pass Spe and other stats simultaneously","|rule|Swagger Clause: Swagger is banned","|rule|Same Type Clause: Pokémon in a team must share a type","|clearpoke","|poke|p1|Aegislash, M","|poke|p1|Gengar, M","|poke|p1|Froslass, F","|poke|p1|Jellicent, F","|poke|p1|Golurk","|poke|p1|Banette, M","|poke|p2|Rotom-Heat, shiny","|poke|p2|Charizard, M, shiny","|poke|p2|Torkoal, M, shiny","|poke|p2|Ninetales, F","|poke|p2|Infernape, M","|poke|p2|Victini","|rule|Sleep Clause Mod: Limit one foe put to sleep","|rule|Species Clause: Limit one of each Pokémon","|rule|OHKO Clause: OHKO moves are banned","|rule|Moody Clause: Moody is banned","|rule|Evasion Moves Clause: Evasion moves are banned","|rule|Endless Battle Clause: Forcing endless battles is banned","|rule|HP Percentage Mod: HP is shown in percentages","|teampreview","|","|start","|switch|p1a: Froslass|Froslass, F|344/344","|switch|p2a: Oven Bro|Rotom-Heat, shiny|303/303","|turn|1","|","|switch|p1a: Jellicent|Jellicent, F|404/404","|move|p2a: Oven Bro|Light Screen|p2a: Oven Bro","|-sidestart|p2: V SLootBoot|move: Light Screen","|","|turn|2","|","|move|p2a: Oven Bro|Will-O-Wisp|p1a: Jellicent","|-status|p1a: Jellicent|brn","|move|p1a: Jellicent|Scald|p2a: Oven Bro","|-supereffective|p2a: Oven Bro","|-damage|p2a: Oven Bro|224/303","|","|-damage|p1a: Jellicent|354/404 brn|[from] brn","|turn|3","|","|move|p2a: Oven Bro|Reflect|p2a: Oven Bro","|-sidestart|p2: V SLootBoot|Reflect","|move|p1a: Jellicent|Scald|p2a: Oven Bro","|-supereffective|p2a: Oven Bro","|-damage|p2a: Oven Bro|149/303","|","|-heal|p1a: Jellicent|379/404 brn|[from] item: Leftovers","|-damage|p1a: Jellicent|329/404 brn|[from] brn","|turn|4","|","|move|p2a: Oven Bro|Volt Switch|p1a: Jellicent","|-supereffective|p1a: Jellicent","|-damage|p1a: Jellicent|215/404 brn","|","|switch|p2a: Turtle Bro|Torkoal, M, shiny|343/343","|move|p1a: Jellicent|Scald|p2a: Turtle Bro","|-supereffective|p2a: Turtle Bro","|-damage|p2a: Turtle Bro|235/343","|","|-heal|p1a: Jellicent|240/404 brn|[from] item: Leftovers","|-heal|p2a: Turtle Bro|256/343|[from] item: Leftovers","|-damage|p1a: Jellicent|190/404 brn|[from] brn","|turn|5","|","|move|p1a: Jellicent|Recover|p1a: Jellicent","|-heal|p1a: Jellicent|392/404 brn","|move|p2a: Turtle Bro|Stealth Rock|p1a: Jellicent","|-sidestart|p1: I ONLY USE CARNIE|move: Stealth Rock","|","|-heal|p1a: Jellicent|404/404 brn|[from] item: Leftovers","|-heal|p2a: Turtle Bro|277/343|[from] item: Leftovers","|-damage|p1a: Jellicent|354/404 brn|[from] brn","|turn|6","|","|switch|p2a: Dragon Bro|Charizard, M, shiny|333/333","|move|p1a: Jellicent|Scald|p2a: Dragon Bro","|-supereffective|p2a: Dragon Bro","|-damage|p2a: Dragon Bro|243/333","|","|-heal|p1a: Jellicent|379/404 brn|[from] item: Leftovers","|-damage|p1a: Jellicent|329/404 brn|[from] brn","|turn|7","|","|detailschange|p2a: Dragon Bro|Charizard-Mega-X, M, shiny","|-mega|p2a: Dragon Bro|Charizard|Charizardite X","|move|p2a: Dragon Bro|Dragon Dance|p2a: Dragon Bro","|-boost|p2a: Dragon Bro|atk|1","|-boost|p2a: Dragon Bro|spe|1","|move|p1a: Jellicent|Scald|p2a: Dragon Bro","|-damage|p2a: Dragon Bro|197/333","|","|-heal|p1a: Jellicent|354/404 brn|[from] item: Leftovers","|-damage|p1a: Jellicent|304/404 brn|[from] brn","|turn|8","|","|move|p2a: Dragon Bro|Dragon Claw|p1a: Jellicent","|-damage|p1a: Jellicent|0 fnt","|faint|p1a: Jellicent","|","|-sideend|p2: V SLootBoot|move: Light Screen","|","|switch|p1a: Froslass|Froslass, F|344/344","|-damage|p1a: Froslass|258/344|[from] Stealth Rock","|turn|9","|","|move|p2a: Dragon Bro|Dragon Claw|p1a: Froslass","|-damage|p1a: Froslass|0 fnt","|faint|p1a: Froslass","|","|","|switch|p1a: Golurk|Golurk|381/381","|-damage|p1a: Golurk|358/381|[from] Stealth Rock","|turn|10","|","|move|p2a: Dragon Bro|Dragon Claw|p1a: Golurk","|-damage|p1a: Golurk|6/381","|move|p1a: Golurk|Earthquake|p2a: Dragon Bro","|-supereffective|p2a: Dragon Bro","|-damage|p2a: Dragon Bro|11/333","|","|-sideend|p2: V SLootBoot|Reflect","|turn|11","|","|move|p2a: Dragon Bro|Earthquake|p1a: Golurk","|-damage|p1a: Golurk|0 fnt","|faint|p1a: Golurk","|","|","|switch|p1a: Banette|Banette, M|331/331","|-damage|p1a: Banette|290/331|[from] Stealth Rock","|-item|p2a: Dragon Bro|Charizardite X|[from] ability: Frisk|[of] p1a: Banette|[identify]","|turn|12","|","|detailschange|p1a: Banette|Banette-Mega, M","|-mega|p1a: Banette|Banette|Banettite","|move|p1a: Banette|Shadow Sneak|p2a: Dragon Bro","|-damage|p2a: Dragon Bro|0 fnt","|faint|p2a: Dragon Bro","|","|","|switch|p2a: Ip Man|Infernape, M|293/293","|turn|13","|","|move|p1a: Banette|Destiny Bond|p1a: Banette","|-singlemove|p1a: Banette|Destiny Bond","|move|p2a: Ip Man|Fire Punch|p1a: Banette","|-damage|p1a: Banette|130/331","|","|turn|14","|","|switch|p2a: Oven Bro|Rotom-Heat, shiny|149/303","|move|p1a: Banette|Destiny Bond|p1a: Banette","|-singlemove|p1a: Banette|Destiny Bond","|","|turn|15","|","|move|p1a: Banette|Taunt|p2a: Oven Bro","|-start|p2a: Oven Bro|move: Taunt","|cant|p2a: Oven Bro|move: Taunt|Reflect","|","|turn|16","|","|move|p1a: Banette|Destiny Bond|p1a: Banette","|-singlemove|p1a: Banette|Destiny Bond","|move|p2a: Oven Bro|Volt Switch|p1a: Banette","|-damage|p1a: Banette|55/331","|","|switch|p2a: Turtle Bro|Torkoal, M, shiny|277/343","|","|-heal|p2a: Turtle Bro|298/343|[from] item: Leftovers","|turn|17","|","|move|p1a: Banette|Taunt|p2a: Turtle Bro","|-start|p2a: Turtle Bro|move: Taunt","|cant|p2a: Turtle Bro|move: Taunt|Yawn","|","|-heal|p2a: Turtle Bro|319/343|[from] item: Leftovers","|turn|18","|","|switch|p2a: Freiya|Ninetales, F|287/287","|-weather|SunnyDay","|move|p1a: Banette|Destiny Bond|p1a: Banette","|-singlemove|p1a: Banette|Destiny Bond","|","|-weather|SunnyDay|[upkeep]","|turn|19","|","|move|p1a: Banette|Destiny Bond|p1a: Banette","|-singlemove|p1a: Banette|Destiny Bond","|move|p2a: Freiya|Will-O-Wisp|p1a: Banette|[miss]","|-miss|p2a: Freiya|p1a: Banette","|","|-weather|SunnyDay|[upkeep]","|turn|20","|","|move|p1a: Banette|Taunt|p2a: Freiya","|-start|p2a: Freiya|move: Taunt","|cant|p2a: Freiya|move: Taunt|Will-O-Wisp","|","|-weather|SunnyDay|[upkeep]","|turn|21","|","|switch|p2a: Turtle Bro|Torkoal, M, shiny|319/343","|move|p1a: Banette|Destiny Bond|p1a: Banette","|-singlemove|p1a: Banette|Destiny Bond","|","|-weather|SunnyDay|[upkeep]","|-heal|p2a: Turtle Bro|340/343|[from] item: Leftovers","|turn|22","|","|move|p1a: Banette|Destiny Bond|p1a: Banette","|-singlemove|p1a: Banette|Destiny Bond","|move|p2a: Turtle Bro|Yawn|p1a: Banette","|-start|p1a: Banette|move: Yawn|[of] p2a: Turtle Bro","|","|-weather|none","|-heal|p2a: Turtle Bro|343/343|[from] item: Leftovers","|turn|23","|","|switch|p2a: Freiya|Ninetales, F|287/287","|-weather|SunnyDay","|move|p1a: Banette|Destiny Bond|p1a: Banette","|-singlemove|p1a: Banette|Destiny Bond","|","|-end|p1a: Banette|move: Yawn|[silent]","|-status|p1a: Banette|slp","|-weather|SunnyDay|[upkeep]","|turn|24","|","|switch|p2a: Victoria|Victini|341/341","|switch|p1a: Gengar|Gengar, M|261/261","|-damage|p1a: Gengar|229/261|[from] Stealth Rock","|","|-weather|SunnyDay|[upkeep]","|turn|25","|","|switch|p2a: Oven Bro|Rotom-Heat, shiny|149/303","|move|p1a: Gengar|Shadow Ball|p2a: Oven Bro","|-damage|p2a: Oven Bro|0 fnt","|-damage|p1a: Gengar|203/261|[from] item: Life Orb","|faint|p2a: Oven Bro","|","|-weather|SunnyDay|[upkeep]","|","|switch|p2a: Freiya|Ninetales, F|287/287","|turn|26","|","|move|p2a: Freiya|Extrasensory|p1a: Gengar","|-supereffective|p1a: Gengar","|-damage|p1a: Gengar|29/261","|move|p1a: Gengar|Sludge Bomb|p2a: Freiya","|-damage|p2a: Freiya|71/287","|-damage|p1a: Gengar|3/261|[from] item: Life Orb","|","|-weather|SunnyDay|[upkeep]","|turn|27","|","|move|p2a: Freiya|Extrasensory|p1a: Gengar","|-supereffective|p1a: Gengar","|-damage|p1a: Gengar|0 fnt","|faint|p1a: Gengar","|","|-weather|none","|","|switch|p1a: Aegislash|Aegislash, M|323/323","|-damage|p1a: Aegislash|303/323|[from] Stealth Rock","|turn|28","|","|switch|p2a: Turtle Bro|Torkoal, M, shiny|343/343","|move|p1a: Aegislash|Swords Dance|p1a: Aegislash","|-boost|p1a: Aegislash|atk|2","|","|turn|29","|","|move|p1a: Aegislash|King's Shield|p1a: Aegislash","|-singleturn|p1a: Aegislash|Protect","|move|p2a: Turtle Bro|Lava Plume|p1a: Aegislash","|-activate|p1a: Aegislash|Protect","|","|turn|30","|","|move|p1a: Aegislash|Swords Dance|p1a: Aegislash","|-boost|p1a: Aegislash|atk|2","|move|p2a: Turtle Bro|Lava Plume|p1a: Aegislash","|-supereffective|p1a: Aegislash","|-damage|p1a: Aegislash|183/323","|-enditem|p1a: Aegislash|Weakness Policy","|-boost|p1a: Aegislash|atk|2|[from] item: Weakness Policy","|-boost|p1a: Aegislash|spa|2|[from] item: Weakness Policy","|","|turn|31","|","|-formechange|p1a: Aegislash|Aegislash-Blade","|move|p1a: Aegislash|Shadow Sneak|p2a: Turtle Bro","|-damage|p2a: Turtle Bro|145/343","|move|p2a: Turtle Bro|Lava Plume|p1a: Aegislash","|-supereffective|p1a: Aegislash","|-damage|p1a: Aegislash|0 fnt","|faint|p1a: Aegislash","|","|-heal|p2a: Turtle Bro|166/343|[from] item: Leftovers","|","|switch|p1a: Banette|Banette-Mega, M|55/331 slp","|-damage|p1a: Banette|14/331 slp|[from] Stealth Rock","|turn|32","|","|cant|p1a: Banette|slp","|move|p2a: Turtle Bro|Lava Plume|p1a: Banette","|-damage|p1a: Banette|0 fnt","|faint|p1a: Banette","|","|win|V SLootBoot"],"p1rating":{"entryid":"7563861","serverid":"eos","formatid":"monotype","userid":"ionlyusecarnie","username":"I ONLY USE CARNIE","w":"9","l":15,"t":"0","gxe":39.2,"r":"1416.150543545","rd":"70.749511086101","sigma":"0","rptime":"1439456400","rpr":1415.9694569022,"rprd":65.441706431054,"rpsigma":"0","acre":1076.1555214846,"lacre":1076.1555214846,"oldacre":"1097.3236125283"},"p2rating":{"entryid":"7571098","serverid":"eos","formatid":"monotype","userid":"vslootboot","username":"V SLootBoot","w":8,"l":"3","t":"0","gxe":61.2,"r":"1533.1385125152","rd":"110.73793183369","sigma":"0","rptime":"1439456400","rpr":1588.0895084348,"rprd":85.33792630196,"rpsigma":"0","acre":1167.6074937293,"lacre":1167.6074937293,"oldacre":"1146.0939309055"},"endType":"normal"}