{"seed":[22185,56806,63055,31437],"turns":23,"p1":"DJ Biggie","p2":"Guard Darkrai","p1team":[{"name":"Aggron","species":"Aggron","item":"aggronite","ability":"Sturdy","moves":["heavyslam","earthquake","thunderwave","outrage"],"nature":"Adamant","evs":{"hp":248,"atk":252,"def":0,"spa":0,"spd":8,"spe":0},"ivs":{"hp":31,"atk":31,"def":31,"spa":31,"spd":31,"spe":31}},{"name":"Cradily","species":"Cradily","item":"leftovers","ability":"Storm Drain","moves":["stealthrock","rockslide","recover","gigadrain"],"nature":"Careful","evs":{"hp":252,"atk":4,"def":0,"spa":0,"spd":252,"spe":0},"ivs":{"hp":31,"atk":31,"def":31,"spa":31,"spd":31,"spe":31}},{"name":"Omastar","species":"Omastar","item":"focussash","ability":"Weak Armor","moves":["shellsmash","hydropump","icebeam","rockslide"],"nature":"Timid","evs":{"hp":0,"atk":0,"def":4,"spa":252,"spd":0,"spe":252},"ivs":{"hp":31,"atk":30,"def":31,"spa":30,"spd":31,"spe":31}},{"name":"Tyrantrum","species":"Tyrantrum","item":"choicescarf","ability":"Rock Head","moves":["headsmash","outrage","dragonclaw","superpower"],"nature":"Jolly","evs":{"hp":0,"atk":252,"def":4,"spa":0,"spd":0,"spe":252},"ivs":{"hp":31,"atk":31,"def":31,"spa":31,"spd":31,"spe":31}},{"name":"Diancie","species":"Diancie","item":"leftovers","ability":"Clear Body","moves":["moonblast","psychic","diamondstorm","toxic"],"nature":"","evs":{"hp":0,"atk":0,"def":0,"spa":0,"spd":0,"spe":0},"ivs":{"hp":31,"atk":31,"def":31,"spa":31,"spd":31,"spe":31}},{"name":"Tyranitar","species":"Tyranitar","item":"assaultvest","ability":"Sand Stream","moves":["earthquake","stoneedge","pursuit","icebeam"],"nature":"Relaxed","evs":{"hp":248,"atk":0,"def":80,"spa":0,"spd":180,"spe":0},"ivs":{"hp":31,"atk":31,"def":31,"spa":31,"spd":31,"spe":31}}],"p2team":[{"name":"Cradily","species":"Cradily","item":"leftovers","ability":"Suction Cups","moves":["recover","toxic","ancientpower","gigadrain"],"nature":"Calm","evs":{"hp":252,"atk":0,"def":0,"spa":4,"spd":252,"spe":0},"shiny":true,"ivs":{"hp":31,"atk":31,"def":31,"spa":31,"spd":31,"spe":31}},{"name":"Venusaur","species":"Venusaur","item":"venusaurite","ability":"Overgrow","moves":["synthesis","sludgebomb","gigadrain","hiddenpowerfire"],"nature":"Modest","evs":{"hp":248,"atk":0,"def":0,"spa":252,"spd":8,"spe":0},"ivs":{"hp":31,"atk":30,"def":31,"spa":30,"spd":31,"spe":30},"shiny":true},{"name":"Cottonee","species":"Cottonee","item":"focussash","ability":"Prankster","moves":["leechseed","substitute","toxic","tailwind"],"nature":"Bold","evs":{"hp":4,"atk":0,"def":196,"spa":0,"spd":252,"spe":0},"shiny":true,"level":1,"ivs":{"hp":31,"atk":31,"def":31,"spa":31,"spd":31,"spe":31}},{"name":"Breloom","species":"Breloom","item":"focussash","ability":"Technician","moves":["spore","rocktomb","bulletseed","machpunch"],"nature":"Jolly","evs":{"hp":0,"atk":252,"def":0,"spa":0,"spd":4,"spe":252},"shiny":true,"ivs":{"hp":31,"atk":31,"def":31,"spa":31,"spd":31,"spe":31}},{"name":"Serperior","species":"Serperior","item":"focussash","ability":"Contrary","moves":["leafstorm","dragonpulse","substitute","taunt"],"nature":"Timid","evs":{"hp":0,"atk":0,"def":0,"spa":252,"spd":4,"spe":252},"shiny":true,"ivs":{"hp":31,"atk":31,"def":31,"spa":31,"spd":31,"spe":31}},{"name":"Amoonguss","species":"Amoonguss","item":"blacksludge","ability":"Regenerator","moves":["spore","gastroacid","gigadrain","sludgebomb"],"nature":"Modest","evs":{"hp":252,"atk":0,"def":0,"spa":252,"spd":4,"spe":0},"shiny":true,"ivs":{"hp":31,"atk":31,"def":31,"spa":31,"spd":31,"spe":31}}],"log":["|player|p1|DJ Biggie|djbiggie.png","|player|p2|Guard Darkrai|guarddarkrai.png","|gametype|singles","|gen|6","|tier|Monotype","|rated","|rule|Baton Pass Clause: Limit one Baton Passer, can't pass Spe and other stats simultaneously","|rule|Swagger Clause: Swagger is banned","|rule|Same Type Clause: Pokémon in a team must share a type","|clearpoke","|poke|p1|Aggron, F","|poke|p1|Cradily, F","|poke|p1|Omastar, M","|poke|p1|Tyrantrum, M","|poke|p1|Diancie","|poke|p1|Tyranitar, F","|poke|p2|Cradily, F, shiny","|poke|p2|Venusaur, M, shiny","|poke|p2|Cottonee, L1, F, shiny","|poke|p2|Breloom, F, shiny","|poke|p2|Serperior, M, shiny","|poke|p2|Amoonguss, F, shiny","|rule|Sleep Clause Mod: Limit one foe put to sleep","|rule|Species Clause: Limit one of each Pokémon","|rule|OHKO Clause: OHKO moves are banned","|rule|Moody Clause: Moody is banned","|rule|Evasion Moves Clause: Evasion moves are banned","|rule|Endless Battle Clause: Forcing endless battles is banned","|rule|HP Percentage Mod: HP is shown in percentages","|teampreview","|","|start","|switch|p1a: Tyranitar|Tyranitar, F|403/403","|switch|p2a: Cottonee|Cottonee, L1, F, shiny|12/12","|-weather|Sandstorm","|turn|1","|","|move|p2a: Cottonee|Leech Seed|p1a: Tyranitar","|-start|p1a: Tyranitar|move: Leech Seed","|move|p1a: Tyranitar|Ice Beam|p2a: Cottonee","|-supereffective|p2a: Cottonee","|-enditem|p2a: Cottonee|Focus Sash","|-damage|p2a: Cottonee|1/12","|","|-weather|Sandstorm|[upkeep]","|-damage|p2a: Cottonee|0 fnt|[from] sandstorm","|faint|p2a: Cottonee","|","|switch|p2a: Serperior|Serperior, M, shiny|291/291","|turn|2","|","|move|p2a: Serperior|Leaf Storm|p1a: Tyranitar","|-supereffective|p1a: Tyranitar","|-damage|p1a: Tyranitar|289/403","|-boost|p2a: Serperior|spa|2","|move|p1a: Tyranitar|Ice Beam|p2a: Serperior","|-supereffective|p2a: Serperior","|-damage|p2a: Serperior|161/291","|","|-weather|Sandstorm|[upkeep]","|-damage|p2a: Serperior|143/291|[from] sandstorm","|-damage|p1a: Tyranitar|239/403|[from] Leech Seed|[of] p2a: Serperior","|-heal|p2a: Serperior|193/291|[silent]","|turn|3","|","|move|p2a: Serperior|Leaf Storm|p1a: Tyranitar","|-supereffective|p1a: Tyranitar","|-damage|p1a: Tyranitar|11/403","|-boost|p2a: Serperior|spa|2","|move|p1a: Tyranitar|Ice Beam|p2a: Serperior","|-supereffective|p2a: Serperior","|-damage|p2a: Serperior|57/291","|","|-weather|Sandstorm|[upkeep]","|-damage|p2a: Serperior|39/291|[from] sandstorm","|-damage|p1a: Tyranitar|0 fnt|[from] Leech Seed|[of] p2a: Serperior","|-heal|p2a: Serperior|50/291|[silent]","|faint|p1a: Tyranitar","|","|switch|p1a: Cradily|Cradily, F|376/376","|turn|4","|","|move|p2a: Serperior|Leaf Storm|p1a: Cradily","|-damage|p1a: Cradily|160/376","|-boost|p2a: Serperior|spa|2","|move|p1a: Cradily|Stealth Rock|p2a: Serperior","|-sidestart|p2: Guard Darkrai|move: Stealth Rock","|","|-weather|Sandstorm|[upkeep]","|-damage|p2a: Serperior|32/291|[from] sandstorm","|-heal|p1a: Cradily|183/376|[from] item: Leftovers","|turn|5","|","|move|p2a: Serperior|Leaf Storm|p1a: Cradily","|-damage|p1a: Cradily|0 fnt","|faint|p1a: Cradily","|","|-weather|none","|","|switch|p1a: Omastar|Omastar, M|281/281","|turn|6","|","|move|p2a: Serperior|Taunt|p1a: Omastar","|-start|p1a: Omastar|move: Taunt","|cant|p1a: Omastar|move: Taunt|Shell Smash","|","|turn|7","|","|move|p2a: Serperior|Dragon Pulse|p1a: Omastar","|-enditem|p1a: Omastar|Focus Sash","|-damage|p1a: Omastar|1/281","|move|p1a: Omastar|Ice Beam|p2a: Serperior","|-supereffective|p2a: Serperior","|-damage|p2a: Serperior|0 fnt","|faint|p2a: Serperior","|","|","|switch|p2a: Breloom|Breloom, F, shiny|261/261","|-damage|p2a: Breloom|245/261|[from] Stealth Rock","|turn|8","|","|move|p2a: Breloom|Mach Punch|p1a: Omastar","|-supereffective|p1a: Omastar","|-damage|p1a: Omastar|0 fnt","|faint|p1a: Omastar","|","|","|switch|p1a: Diancie|Diancie|241/241","|turn|9","|","|move|p2a: Breloom|Spore|p1a: Diancie","|-status|p1a: Diancie|slp","|cant|p1a: Diancie|slp","|","|turn|10","|","|move|p2a: Breloom|Bullet Seed|p1a: Diancie","|-supereffective|p1a: Diancie","|-damage|p1a: Diancie|143/241 slp","|-supereffective|p1a: Diancie","|-damage|p1a: Diancie|39/241 slp","|-supereffective|p1a: Diancie","|-damage|p1a: Diancie|0 fnt","|-hitcount|p1a: Diancie|3","|faint|p1a: Diancie","|","|","|switch|p1a: Tyrantrum|Tyrantrum, M|305/305","|turn|11","|","|move|p1a: Tyrantrum|Outrage|p2a: Breloom","|-damage|p2a: Breloom|0 fnt","|faint|p2a: Breloom","|","|","|switch|p2a: Amoonguss|Amoonguss, F, shiny|432/432","|-damage|p2a: Amoonguss|378/432|[from] Stealth Rock","|turn|12","|","|move|p1a: Tyrantrum|Outrage|p2a: Amoonguss|[from]lockedmove","|-damage|p2a: Amoonguss|83/432","|move|p2a: Amoonguss|Spore|p1a: Tyrantrum","|-status|p1a: Tyrantrum|slp","|","|-heal|p2a: Amoonguss|110/432|[from] item: Black Sludge","|turn|13","|","|switch|p2a: Venusaur|Venusaur, M, shiny|363/363","|-damage|p2a: Venusaur|318/363|[from] Stealth Rock","|cant|p1a: Tyrantrum|slp","|","|turn|14","|","|detailschange|p2a: Venusaur|Venusaur-Mega, M, shiny","|-mega|p2a: Venusaur|Venusaur|Venusaurite","|-curestatus|p1a: Tyrantrum|slp","|move|p1a: Tyrantrum|Outrage|p2a: Venusaur","|-damage|p2a: Venusaur|152/363","|move|p2a: Venusaur|Giga Drain|p1a: Tyrantrum","|-damage|p1a: Tyrantrum|83/305","|-heal|p2a: Venusaur|263/363|[from] drain|[of] p1a: Tyrantrum","|","|turn|15","|","|move|p1a: Tyrantrum|Outrage|p2a: Venusaur|[from]lockedmove","|-damage|p2a: Venusaur|107/363","|-start|p1a: Tyrantrum|confusion|[fatigue]","|move|p2a: Venusaur|Synthesis|p2a: Venusaur","|-heal|p2a: Venusaur|288/363","|","|turn|16","|","|-activate|p1a: Tyrantrum|confusion","|-damage|p1a: Tyrantrum|41/305|[from] confusion","|move|p2a: Venusaur|Synthesis|p2a: Venusaur","|-heal|p2a: Venusaur|363/363","|","|turn|17","|","|-activate|p1a: Tyrantrum|confusion","|move|p1a: Tyrantrum|Outrage|p2a: Venusaur","|-damage|p2a: Venusaur|183/363","|move|p2a: Venusaur|Giga Drain|p1a: Tyrantrum","|-damage|p1a: Tyrantrum|0 fnt","|-heal|p2a: Venusaur|204/363|[from] drain|[of] p1a: Tyrantrum","|faint|p1a: Tyrantrum","|","|","|switch|p1a: Aggron|Aggron, F|343/343","|turn|18","|","|switch|p2a: Amoonguss|Amoonguss, F, shiny|254/432","|-damage|p2a: Amoonguss|200/432|[from] Stealth Rock","|detailschange|p1a: Aggron|Aggron-Mega, F","|-mega|p1a: Aggron|Aggron|Aggronite","|move|p1a: Aggron|Heavy Slam|p2a: Amoonguss","|-damage|p2a: Amoonguss|0 fnt","|faint|p2a: Amoonguss","|","|","|switch|p2a: Venusaur|Venusaur-Mega, M, shiny|204/363","|-damage|p2a: Venusaur|159/363|[from] Stealth Rock","|turn|19","|","|move|p2a: Venusaur|Synthesis|p2a: Venusaur","|-heal|p2a: Venusaur|340/363","|move|p1a: Aggron|Earthquake|p2a: Venusaur","|-damage|p2a: Venusaur|233/363","|","|turn|20","|","|move|p2a: Venusaur|Hidden Power|p1a: Aggron","|-supereffective|p1a: Aggron","|-damage|p1a: Aggron|201/343","|move|p1a: Aggron|Heavy Slam|p2a: Venusaur","|-damage|p2a: Venusaur|133/363","|","|turn|21","|","|move|p2a: Venusaur|Synthesis|p2a: Venusaur","|-heal|p2a: Venusaur|314/363","|move|p1a: Aggron|Thunder Wave|p2a: Venusaur","|-status|p2a: Venusaur|par","|","|turn|22","|","|move|p1a: Aggron|Heavy Slam|p2a: Venusaur","|-damage|p2a: Venusaur|206/363 par","|move|p2a: Venusaur|Hidden Power|p1a: Aggron","|-supereffective|p1a: Aggron","|-damage|p1a: Aggron|62/343","|","|turn|23","|","|move|p1a: Aggron|Heavy Slam|p2a: Venusaur","|-damage|p2a: Venusaur|92/363 par","|move|p2a: Venusaur|Hidden Power|p1a: Aggron","|-supereffective|p1a: Aggron","|-damage|p1a: Aggron|0 fnt","|faint|p1a: Aggron","|","|win|Guard Darkrai"],"p1rating":{"entryid":"7236327","serverid":"eos","formatid":"monotype","userid":"djbiggie","username":"DJ Biggie","w":"25","l":23,"t":"0","gxe":51,"r":"1529.4289663487","rd":"52.770270751265","sigma":"0","rptime":"1439456400","rpr":1507.7705221834,"rprd":51.186747140183,"rpsigma":"0","acre":1078.1659250408,"lacre":1078.1659250408,"oldacre":"1104.412376681"},"p2rating":{"entryid":"6034648","serverid":"eos","formatid":"monotype","userid":"guarddarkrai","username":"Guard Darkrai","w":94,"l":"105","t":"0","gxe":47.9,"r":1481.0541730248,"rd":29.768516543686,"sigma":"0","rptime":1439456400,"rpr":1483.893113604,"rprd":29.664754130441,"rpsigma":"0","acre":1115.3573151077,"lacre":1115.3573151077,"oldacre":"1087.0755354675"},"endType":"normal"}