{"seed":[4560,45420,13027,28283],"turns":26,"p1":"Union Entropy","p2":"tahit","p1team":[{"name":"Killer of Jirachi","species":"magnezone","item":"leftovers","ability":"Magnet Pull","moves":["hiddenpowerfire","voltswitch","thunderbolt","flashcannon"],"nature":"Modest","evs":{"hp":252,"atk":0,"def":0,"spa":252,"spd":4,"spe":0},"ivs":{"hp":31,"atk":30,"def":31,"spa":30,"spd":31,"spe":30}},{"name":"Goddamnit","species":"heatran","item":"airballoon","ability":"Flash Fire","moves":["magmastorm","earthpower","flashcannon","willowisp"],"nature":"Calm","evs":{"hp":252,"atk":0,"def":0,"spa":4,"spd":252,"spe":0},"ivs":{"hp":31,"atk":31,"def":31,"spa":31,"spd":31,"spe":31}},{"name":"Not A Lead","species":"skarmory","item":"rockyhelmet","ability":"Keen Eye","moves":["roost","spikes","bravebird","whirlwind"],"nature":"Impish","evs":{"hp":248,"atk":0,"def":236,"spa":0,"spd":0,"spe":24},"ivs":{"hp":31,"atk":31,"def":31,"spa":31,"spd":31,"spe":31}},{"name":"Be Sharp","species":"bisharp","item":"lifeorb","ability":"Defiant","moves":["suckerpunch","lowkick","knockoff","ironhead"],"nature":"Jolly","evs":{"hp":0,"atk":252,"def":0,"spa":0,"spd":4,"spe":252},"shiny":true,"ivs":{"hp":31,"atk":31,"def":31,"spa":31,"spd":31,"spe":31}},{"name":"Jump","species":"excadrill","item":"choicescarf","ability":"Mold Breaker","moves":["earthquake","rockslide","ironhead","poisonjab"],"nature":"Jolly","evs":{"hp":0,"atk":252,"def":0,"spa":0,"spd":4,"spe":252},"ivs":{"hp":31,"atk":31,"def":31,"spa":31,"spd":31,"spe":31}},{"name":"Windows XP","species":"metagross","item":"weaknesspolicy","ability":"Clear Body","moves":["zenheadbutt","icepunch","agility","earthquake"],"nature":"Adamant","evs":{"hp":0,"atk":252,"def":0,"spa":0,"spd":4,"spe":252},"ivs":{"hp":31,"atk":31,"def":31,"spa":31,"spd":31,"spe":31}}],"p2team":[{"name":"Tyranitar","species":"Tyranitar","item":"assaultvest","ability":"Sand Stream","moves":["stoneedge","earthquake","icebeam","fireblast"],"nature":"Sassy","evs":{"hp":252,"atk":0,"def":252,"spa":0,"spd":4,"spe":0},"ivs":{"hp":31,"atk":31,"def":31,"spa":31,"spd":31,"spe":31}},{"name":"Aggron","species":"Aggron","item":"aggronite","ability":"Sturdy","moves":["heavyslam","earthquake","firepunch","icepunch"],"nature":"Careful","evs":{"hp":252,"atk":0,"def":4,"spa":0,"spd":252,"spe":0},"ivs":{"hp":31,"atk":31,"def":31,"spa":31,"spd":31,"spe":31}},{"name":"Terrakion","species":"Terrakion","item":"widelens","ability":"Justified","moves":["swordsdance","closecombat","stoneedge","earthquake"],"nature":"Adamant","evs":{"hp":4,"atk":252,"def":0,"spa":0,"spd":0,"spe":252},"ivs":{"hp":31,"atk":31,"def":31,"spa":31,"spd":31,"spe":31}},{"name":"Cradily","species":"Cradily","item":"leftovers","ability":"Storm Drain","moves":["stockpile","toxic","gigadrain","recover"],"nature":"Calm","evs":{"hp":252,"atk":0,"def":176,"spa":0,"spd":80,"spe":0},"ivs":{"hp":31,"atk":31,"def":31,"spa":31,"spd":31,"spe":31}},{"name":"Shuckle","species":"Shuckle","item":"leftovers","ability":"Sturdy","moves":["toxic","encore","stickyweb","stealthrock"],"nature":"Bold","evs":{"hp":252,"atk":0,"def":252,"spa":0,"spd":4,"spe":0},"ivs":{"hp":31,"atk":31,"def":31,"spa":31,"spd":31,"spe":31}},{"name":"Omastar","species":"Omastar","item":"focussash","ability":"Weak Armor","moves":["shellsmash","hydropump","icebeam","hiddenpowergrass"],"nature":"Timid","evs":{"hp":0,"atk":0,"def":4,"spa":252,"spd":0,"spe":252},"ivs":{"atk":30,"spa":30,"hp":31,"def":31,"spe":31,"spd":31}}],"log":["|player|p1|Union Entropy|144","|player|p2|tahit|169","|gametype|singles","|gen|6","|tier|Monotype","|rated","|rule|Baton Pass Clause: Limit one Baton Passer, can't pass Spe and other stats simultaneously","|rule|Swagger Clause: Swagger is banned","|rule|Same Type Clause: Pokémon in a team must share a type","|clearpoke","|poke|p1|Magnezone","|poke|p1|Heatran, M","|poke|p1|Skarmory, M","|poke|p1|Bisharp, F, shiny","|poke|p1|Excadrill, M","|poke|p1|Metagross","|poke|p2|Tyranitar, F","|poke|p2|Aggron, F","|poke|p2|Terrakion","|poke|p2|Cradily, M","|poke|p2|Shuckle, M","|poke|p2|Omastar, M","|rule|Sleep Clause Mod: Limit one foe put to sleep","|rule|Species Clause: Limit one of each Pokémon","|rule|OHKO Clause: OHKO moves are banned","|rule|Moody Clause: Moody is banned","|rule|Evasion Moves Clause: Evasion moves are banned","|rule|Endless Battle Clause: Forcing endless battles is banned","|rule|HP Percentage Mod: HP is shown in percentages","|teampreview","|","|start","|switch|p1a: Not A Lead|Skarmory, M|333/333","|switch|p2a: Shuckle|Shuckle, M|244/244","|turn|1","|","|move|p1a: Not A Lead|Spikes|p2a: Shuckle","|-sidestart|p2: tahit|Spikes","|move|p2a: Shuckle|Encore|p1a: Not A Lead","|-start|p1a: Not A Lead|Encore","|","|turn|2","|","|move|p1a: Not A Lead|Spikes|p2a: Shuckle","|-sidestart|p2: tahit|Spikes","|move|p2a: Shuckle|Sticky Web|p1a: Not A Lead","|-sidestart|p1: Union Entropy|move: Sticky Web","|","|turn|3","|","|move|p1a: Not A Lead|Spikes|p2a: Shuckle","|-sidestart|p2: tahit|Spikes","|move|p2a: Shuckle|Stealth Rock|p1a: Not A Lead","|-sidestart|p1: Union Entropy|move: Stealth Rock","|","|turn|4","|","|switch|p1a: Be Sharp|Bisharp, F, shiny|271/271","|-activate|p1a: Be Sharp|move: Sticky Web","|-unboost|p1a: Be Sharp|spe|1","|-boost|p1a: Be Sharp|atk|2|[from] ability: Defiant","|-damage|p1a: Be Sharp|255/271|[from] Stealth Rock","|move|p2a: Shuckle|Toxic|p1a: Be Sharp|[miss]","|-miss|p2a: Shuckle|p1a: Be Sharp","|","|turn|5","|","|move|p1a: Be Sharp|Iron Head|p2a: Shuckle","|-supereffective|p2a: Shuckle","|-ability|p2a: Shuckle|Sturdy","|-damage|p2a: Shuckle|1/244","|-damage|p1a: Be Sharp|228/271|[from] item: Life Orb","|move|p2a: Shuckle|Encore|p1a: Be Sharp","|-start|p1a: Be Sharp|Encore","|","|-heal|p2a: Shuckle|16/244|[from] item: Leftovers","|turn|6","|","|move|p1a: Be Sharp|Iron Head|p2a: Shuckle","|-supereffective|p2a: Shuckle","|-damage|p2a: Shuckle|0 fnt","|-damage|p1a: Be Sharp|201/271|[from] item: Life Orb","|faint|p2a: Shuckle","|","|","|switch|p2a: Aggron|Aggron, F|344/344","|-damage|p2a: Aggron|258/344|[from] Spikes","|turn|7","|","|switch|p1a: Not A Lead|Skarmory, M|333/333","|-damage|p1a: Not A Lead|292/333|[from] Stealth Rock","|detailschange|p2a: Aggron|Aggron-Mega, F","|-mega|p2a: Aggron|Aggron|Aggronite","|move|p2a: Aggron|Earthquake|p1a: Not A Lead","|-immune|p1a: Not A Lead|[msg]","|","|turn|8","|","|move|p2a: Aggron|Fire Punch|p1a: Not A Lead","|-supereffective|p1a: Not A Lead","|-damage|p1a: Not A Lead|206/333","|-damage|p2a: Aggron|201/344|[from] item: Rocky Helmet|[of] p1a: Not A Lead","|move|p1a: Not A Lead|Whirlwind|p2a: Aggron","|drag|p2a: Cradily|Cradily, M|376/376","|-damage|p2a: Cradily|282/376|[from] Spikes","|","|-heal|p2a: Cradily|305/376|[from] item: Leftovers","|turn|9","|","|move|p1a: Not A Lead|Roost|p1a: Not A Lead","|-heal|p1a: Not A Lead|333/333","|move|p2a: Cradily|Recover|p2a: Cradily","|-heal|p2a: Cradily|376/376","|","|turn|10","|","|move|p2a: Cradily|Stockpile|p2a: Cradily","|-start|p2a: Cradily|stockpile1","|-boost|p2a: Cradily|def|1","|-boost|p2a: Cradily|spd|1","|move|p1a: Not A Lead|Whirlwind|p2a: Cradily","|drag|p2a: Terrakion|Terrakion|324/324","|-damage|p2a: Terrakion|243/324|[from] Spikes","|","|turn|11","|","|move|p2a: Terrakion|Swords Dance|p2a: Terrakion","|-boost|p2a: Terrakion|atk|2","|move|p1a: Not A Lead|Whirlwind|p2a: Terrakion","|drag|p2a: Cradily|Cradily, M|376/376","|-damage|p2a: Cradily|282/376|[from] Spikes","|","|-heal|p2a: Cradily|305/376|[from] item: Leftovers","|turn|12","|","|move|p2a: Cradily|Giga Drain|p1a: Not A Lead","|-resisted|p1a: Not A Lead","|-damage|p1a: Not A Lead|311/333","|-heal|p2a: Cradily|316/376|[from] drain|[of] p1a: Not A Lead","|move|p1a: Not A Lead|Whirlwind|p2a: Cradily","|drag|p2a: Omastar|Omastar, M|281/281","|-damage|p2a: Omastar|211/281|[from] Spikes","|","|turn|13","|","|move|p2a: Omastar|Hydro Pump|p1a: Not A Lead|[miss]","|-miss|p2a: Omastar|p1a: Not A Lead","|move|p1a: Not A Lead|Whirlwind|p2a: Omastar","|drag|p2a: Tyranitar|Tyranitar, F|404/404","|-damage|p2a: Tyranitar|303/404|[from] Spikes","|-weather|Sandstorm","|","|-weather|Sandstorm|[upkeep]","|turn|14","|","|switch|p1a: Goddamnit|Heatran, M|386/386","|-damage|p1a: Goddamnit|338/386|[from] Stealth Rock","|-item|p1a: Goddamnit|Air Balloon","|move|p2a: Tyranitar|Fire Blast|p1a: Goddamnit","|-start|p1a: Goddamnit|ability: Flash Fire","|","|-weather|Sandstorm|[upkeep]","|turn|15","|","|move|p1a: Goddamnit|Will-O-Wisp|p2a: Tyranitar","|-status|p2a: Tyranitar|brn","|move|p2a: Tyranitar|Stone Edge|p1a: Goddamnit","|-damage|p1a: Goddamnit|272/386","|-enditem|p1a: Goddamnit|Air Balloon","|","|-weather|Sandstorm|[upkeep]","|-damage|p2a: Tyranitar|253/404 brn|[from] brn","|turn|16","|","|-end|p1a: Goddamnit|ability: Flash Fire|[silent]","|switch|p1a: Not A Lead|Skarmory, M|311/333","|-damage|p1a: Not A Lead|270/333|[from] Stealth Rock","|move|p2a: Tyranitar|Earthquake|p1a: Not A Lead","|-immune|p1a: Not A Lead|[msg]","|","|-weather|Sandstorm|[upkeep]","|-damage|p2a: Tyranitar|203/404 brn|[from] brn","|turn|17","|","|move|p1a: Not A Lead|Roost|p1a: Not A Lead","|-heal|p1a: Not A Lead|333/333","|move|p2a: Tyranitar|Fire Blast|p1a: Not A Lead","|-supereffective|p1a: Not A Lead","|-damage|p1a: Not A Lead|115/333","|","|-weather|none","|-damage|p2a: Tyranitar|153/404 brn|[from] brn","|turn|18","|","|move|p1a: Not A Lead|Roost|p1a: Not A Lead","|-heal|p1a: Not A Lead|282/333","|move|p2a: Tyranitar|Stone Edge|p1a: Not A Lead","|-resisted|p1a: Not A Lead","|-damage|p1a: Not A Lead|261/333","|","|-damage|p2a: Tyranitar|103/404 brn|[from] brn","|turn|19","|","|switch|p1a: Goddamnit|Heatran, M|272/386","|-damage|p1a: Goddamnit|224/386|[from] Stealth Rock","|-activate|p1a: Goddamnit|move: Sticky Web","|-unboost|p1a: Goddamnit|spe|1","|move|p2a: Tyranitar|Fire Blast|p1a: Goddamnit","|-start|p1a: Goddamnit|ability: Flash Fire","|","|-damage|p2a: Tyranitar|53/404 brn|[from] brn","|turn|20","|","|move|p2a: Tyranitar|Earthquake|p1a: Goddamnit","|-supereffective|p1a: Goddamnit","|-damage|p1a: Goddamnit|16/386","|move|p1a: Goddamnit|Flash Cannon|p2a: Tyranitar","|-supereffective|p2a: Tyranitar","|-damage|p2a: Tyranitar|0 fnt","|faint|p2a: Tyranitar","|","|","|switch|p2a: Terrakion|Terrakion|243/324","|-damage|p2a: Terrakion|162/324|[from] Spikes","|turn|21","|","|move|p2a: Terrakion|Swords Dance|p2a: Terrakion","|-boost|p2a: Terrakion|atk|2","|move|p1a: Goddamnit|Flash Cannon|p2a: Terrakion","|-supereffective|p2a: Terrakion","|-damage|p2a: Terrakion|0 fnt","|faint|p2a: Terrakion","|","|","|switch|p2a: Cradily|Cradily, M|316/376","|-damage|p2a: Cradily|222/376|[from] Spikes","|turn|22","|","|move|p1a: Goddamnit|Flash Cannon|p2a: Cradily","|-supereffective|p2a: Cradily","|-damage|p2a: Cradily|42/376","|move|p2a: Cradily|Recover|p2a: Cradily","|-heal|p2a: Cradily|230/376","|","|-heal|p2a: Cradily|253/376|[from] item: Leftovers","|turn|23","|","|move|p1a: Goddamnit|Magma Storm|p2a: Cradily","|-damage|p2a: Cradily|90/376","|-activate|p2a: Cradily|move: Magma Storm|[of] p1a: Goddamnit","|move|p2a: Cradily|Giga Drain|p1a: Goddamnit","|-resisted|p1a: Goddamnit","|-damage|p1a: Goddamnit|3/386","|-heal|p2a: Cradily|97/376|[from] drain|[of] p1a: Goddamnit","|","|-heal|p2a: Cradily|120/376|[from] item: Leftovers","|-damage|p2a: Cradily|73/376|[from] move: Magma Storm|[partiallytrapped]","|turn|24","|","|move|p1a: Goddamnit|Flash Cannon|p2a: Cradily","|-supereffective|p2a: Cradily","|-damage|p2a: Cradily|0 fnt","|faint|p2a: Cradily","|","|","|switch|p2a: Omastar|Omastar, M|211/281","|-damage|p2a: Omastar|141/281|[from] Spikes","|turn|25","|","|move|p2a: Omastar|Hydro Pump|p1a: Goddamnit","|-supereffective|p1a: Goddamnit","|-damage|p1a: Goddamnit|0 fnt","|faint|p1a: Goddamnit","|","|","|switch|p1a: Killer of Jirachi|Magnezone|344/344","|-damage|p1a: Killer of Jirachi|323/344|[from] Stealth Rock","|-activate|p1a: Killer of Jirachi|move: Sticky Web","|-unboost|p1a: Killer of Jirachi|spe|1","|turn|26","|","|move|p2a: Omastar|Hydro Pump|p1a: Killer of Jirachi","|-damage|p1a: Killer of Jirachi|145/344","|move|p1a: Killer of Jirachi|Volt Switch|p2a: Omastar","|-crit|p2a: Omastar","|-supereffective|p2a: Omastar","|-damage|p2a: Omastar|0 fnt","|faint|p2a: Omastar","|","|win|Union Entropy"],"p1rating":{"entryid":"6825543","serverid":"eos","formatid":"monotype","userid":"unionentropy","username":"Union Entropy","w":17,"l":"43","t":"0","gxe":29,"r":1318.6831357529,"rd":52.153346239389,"sigma":"0","rptime":1439456400,"rpr":1329.7428063086,"rprd":51.757954645082,"rpsigma":"0","acre":1104.8791407006,"lacre":1104.8791407006,"oldacre":"1075.417977425"},"p2rating":{"entryid":"7556594","serverid":"eos","formatid":"monotype","userid":"tahit","username":"Tahit","w":"4","l":5,"t":"0","gxe":47.7,"r":"1520.0158326147","rd":"98.501677958395","sigma":"0","rptime":"1439456400","rpr":1481.9701660958,"rprd":90.237702706453,"rpsigma":"0","acre":1061.4608246933,"lacre":1061.4608246933,"oldacre":"1084.7925674869"},"endType":"forfeit"}