{"seed":[29058,15780,63178,39353],"turns":27,"p1":"I ONLY USE CARNIE","p2":"samuelwade223","p1team":[{"name":"Aegislash","species":"Aegislash","item":"weaknesspolicy","ability":"Stance Change","moves":["kingsshield","shadowsneak","swordsdance","ironhead"],"nature":"Adamant","evs":{"hp":248,"atk":252,"def":0,"spa":0,"spd":8,"spe":0},"ivs":{"hp":31,"atk":31,"def":31,"spa":31,"spd":31,"spe":31}},{"name":"Gengar","species":"Gengar","item":"lifeorb","ability":"Levitate","moves":["sludgebomb","shadowball","thunderbolt","focusblast"],"nature":"Timid","evs":{"hp":0,"atk":0,"def":0,"spa":252,"spd":4,"spe":252},"ivs":{"hp":31,"atk":31,"def":31,"spa":31,"spd":31,"spe":31}},{"name":"Froslass","species":"Froslass","item":"leftovers","ability":"Cursed Body","moves":["spikes","thunderwave","icebeam","taunt"],"nature":"Timid","evs":{"hp":252,"atk":0,"def":0,"spa":4,"spd":0,"spe":252},"ivs":{"hp":31,"atk":31,"def":31,"spa":31,"spd":31,"spe":31}},{"name":"Jellicent","species":"Jellicent","item":"leftovers","ability":"Water Absorb","moves":["shadowball","scald","willowisp","recover"],"nature":"Calm","evs":{"hp":252,"atk":0,"def":0,"spa":4,"spd":252,"spe":0},"ivs":{"hp":31,"atk":31,"def":31,"spa":31,"spd":31,"spe":31}},{"name":"Golurk","species":"Golurk","item":"assaultvest","ability":"No Guard","moves":["earthquake","shadowpunch","dynamicpunch","zenheadbutt"],"nature":"Adamant","evs":{"hp":248,"atk":252,"def":0,"spa":0,"spd":8,"spe":0},"ivs":{"hp":31,"atk":31,"def":31,"spa":31,"spd":31,"spe":31}},{"name":"Banette","species":"Banette","item":"banettite","ability":"Frisk","moves":["shadowsneak","willowisp","taunt","destinybond"],"nature":"Careful","evs":{"hp":248,"atk":8,"def":0,"spa":0,"spd":252,"spe":0},"ivs":{"hp":31,"atk":31,"def":31,"spa":31,"spd":31,"spe":31}}],"p2team":[{"name":"Tentacruel","species":"Tentacruel","item":"blacksludge","ability":"Rain Dish","moves":["toxicspikes","rapidspin","raindance","scald"],"nature":"Timid","evs":{"hp":4,"atk":0,"def":0,"spa":0,"spd":252,"spe":252},"gender":"M","shiny":true,"ivs":{"hp":31,"atk":31,"def":31,"spa":31,"spd":31,"spe":31}},{"name":"Suicune","species":"Suicune","item":"leftovers","ability":"Pressure","moves":["calmmind","scald","rest","sleeptalk"],"nature":"Bold","evs":{"hp":252,"atk":0,"def":252,"spa":4,"spd":0,"spe":0},"shiny":true,"ivs":{"hp":31,"atk":31,"def":31,"spa":31,"spd":31,"spe":31}},{"name":"Gyarados","species":"Gyarados","item":"lumberry","ability":"Moxie","moves":["dragondance","waterfall","earthquake","stoneedge"],"nature":"Jolly","evs":{"hp":4,"atk":252,"def":0,"spa":0,"spd":0,"spe":252},"gender":"F","shiny":true,"ivs":{"hp":31,"atk":31,"def":31,"spa":31,"spd":31,"spe":31}},{"name":"Starmie","species":"Starmie","item":"choicescarf","ability":"Natural Cure","moves":["thunderbolt","trick","hydropump","icebeam"],"nature":"Modest","evs":{"hp":4,"atk":0,"def":0,"spa":252,"spd":0,"spe":252},"shiny":true,"ivs":{"hp":31,"atk":31,"def":31,"spa":31,"spd":31,"spe":31}},{"name":"Azumarill","species":"Azumarill","item":"choiceband","ability":"Huge Power","moves":["waterfall","aquajet","superpower","icepunch"],"nature":"Adamant","evs":{"hp":252,"atk":252,"def":0,"spa":0,"spd":0,"spe":4},"gender":"F","shiny":true,"ivs":{"hp":31,"atk":31,"def":31,"spa":31,"spd":31,"spe":31}},{"name":"Lanturn","species":"Lanturn","item":"leftovers","ability":"Volt Absorb","moves":["thunderwave","scald","chargebeam","icebeam"],"nature":"Calm","evs":{"hp":252,"atk":0,"def":4,"spa":0,"spd":252,"spe":0},"shiny":true,"ivs":{"hp":31,"atk":31,"def":31,"spa":31,"spd":31,"spe":31}}],"log":["|player|p1|I ONLY USE CARNIE|146","|player|p2|samuelwade223|290","|gametype|singles","|gen|6","|tier|Monotype","|rated","|rule|Baton Pass Clause: Limit one Baton Passer, can't pass Spe and other stats simultaneously","|rule|Swagger Clause: Swagger is banned","|rule|Same Type Clause: Pokémon in a team must share a type","|clearpoke","|poke|p1|Aegislash, F","|poke|p1|Gengar, M","|poke|p1|Froslass, F","|poke|p1|Jellicent, F","|poke|p1|Golurk","|poke|p1|Banette, F","|poke|p2|Tentacruel, M, shiny","|poke|p2|Suicune, shiny","|poke|p2|Gyarados, F, shiny","|poke|p2|Starmie, shiny","|poke|p2|Azumarill, F, shiny","|poke|p2|Lanturn, M, shiny","|rule|Sleep Clause Mod: Limit one foe put to sleep","|rule|Species Clause: Limit one of each Pokémon","|rule|OHKO Clause: OHKO moves are banned","|rule|Moody Clause: Moody is banned","|rule|Evasion Moves Clause: Evasion moves are banned","|rule|Endless Battle Clause: Forcing endless battles is banned","|rule|HP Percentage Mod: HP is shown in percentages","|teampreview","|","|start","|switch|p1a: Froslass|Froslass, F|344/344","|switch|p2a: Tentacruel|Tentacruel, M, shiny|302/302","|turn|1","|","|move|p1a: Froslass|Taunt|p2a: Tentacruel","|-start|p2a: Tentacruel|move: Taunt","|cant|p2a: Tentacruel|move: Taunt|Toxic Spikes","|","|turn|2","|","|move|p1a: Froslass|Thunder Wave|p2a: Tentacruel","|-status|p2a: Tentacruel|par","|cant|p2a: Tentacruel|par","|","|turn|3","|","|move|p1a: Froslass|Spikes|p2a: Tentacruel","|-sidestart|p2: samuelwade223|Spikes","|move|p2a: Tentacruel|Scald|p1a: Froslass","|-damage|p1a: Froslass|239/344","|","|-heal|p1a: Froslass|260/344|[from] item: Leftovers","|-end|p2a: Tentacruel|move: Taunt","|turn|4","|","|move|p1a: Froslass|Spikes|p2a: Tentacruel","|-sidestart|p2: samuelwade223|Spikes","|move|p2a: Tentacruel|Toxic Spikes|p1a: Froslass","|-sidestart|p1: I ONLY USE CARNIE|move: Toxic Spikes","|","|-heal|p1a: Froslass|281/344|[from] item: Leftovers","|turn|5","|","|move|p1a: Froslass|Taunt|p2a: Tentacruel","|-start|p2a: Tentacruel|move: Taunt","|cant|p2a: Tentacruel|move: Taunt|Rain Dance","|","|-heal|p1a: Froslass|302/344|[from] item: Leftovers","|turn|6","|","|move|p1a: Froslass|Spikes|p2a: Tentacruel","|-sidestart|p2: samuelwade223|Spikes","|cant|p2a: Tentacruel|par","|","|-heal|p1a: Froslass|323/344|[from] item: Leftovers","|turn|7","|","|move|p1a: Froslass|Ice Beam|p2a: Tentacruel","|-resisted|p2a: Tentacruel","|-damage|p2a: Tentacruel|272/302 par","|move|p2a: Tentacruel|Scald|p1a: Froslass","|-damage|p1a: Froslass|215/344","|-status|p1a: Froslass|brn","|","|-heal|p1a: Froslass|236/344 brn|[from] item: Leftovers","|-heal|p2a: Tentacruel|290/302 par|[from] item: Black Sludge","|-damage|p1a: Froslass|193/344 brn|[from] brn","|-end|p2a: Tentacruel|move: Taunt","|turn|8","|","|move|p1a: Froslass|Taunt|p2a: Tentacruel","|-start|p2a: Tentacruel|move: Taunt","|cant|p2a: Tentacruel|move: Taunt|Rain Dance","|","|-heal|p1a: Froslass|214/344 brn|[from] item: Leftovers","|-heal|p2a: Tentacruel|302/302 par|[from] item: Black Sludge","|-damage|p1a: Froslass|171/344 brn|[from] brn","|turn|9","|","|switch|p1a: Aegislash|Aegislash, F|323/323","|move|p2a: Tentacruel|Rapid Spin|p1a: Aegislash","|-immune|p1a: Aegislash|[msg]","|","|turn|10","|","|move|p1a: Aegislash|Swords Dance|p1a: Aegislash","|-boost|p1a: Aegislash|atk|2","|cant|p2a: Tentacruel|par","|","|-end|p2a: Tentacruel|move: Taunt","|turn|11","|","|move|p1a: Aegislash|Swords Dance|p1a: Aegislash","|-boost|p1a: Aegislash|atk|2","|cant|p2a: Tentacruel|par","|","|turn|12","|","|-formechange|p1a: Aegislash|Aegislash-Blade","|move|p1a: Aegislash|Shadow Sneak|p2a: Tentacruel","|-damage|p2a: Tentacruel|0 fnt","|faint|p2a: Tentacruel","|","|","|switch|p2a: Gyarados|Gyarados, F, shiny|332/332","|turn|13","|","|move|p1a: Aegislash|Shadow Sneak|p2a: Gyarados","|-damage|p2a: Gyarados|10/332","|move|p2a: Gyarados|Earthquake|p1a: Aegislash","|-supereffective|p1a: Aegislash","|-damage|p1a: Aegislash|0 fnt","|faint|p1a: Aegislash","|-boost|p2a: Gyarados|atk|1|[from] ability: Moxie","|","|","|switch|p1a: Gengar|Gengar, M|261/261","|turn|14","|","|move|p1a: Gengar|Thunderbolt|p2a: Gyarados","|-supereffective|p2a: Gyarados","|-damage|p2a: Gyarados|0 fnt","|-damage|p1a: Gengar|235/261|[from] item: Life Orb","|faint|p2a: Gyarados","|","|","|switch|p2a: Suicune|Suicune, shiny|404/404","|-damage|p2a: Suicune|303/404|[from] Spikes","|-ability|p2a: Suicune|Pressure","|turn|15","|","|move|p1a: Gengar|Thunderbolt|p2a: Suicune","|-supereffective|p2a: Suicune","|-damage|p2a: Suicune|43/404","|-damage|p1a: Gengar|209/261|[from] item: Life Orb","|move|p2a: Suicune|Calm Mind|p2a: Suicune","|-boost|p2a: Suicune|spa|1","|-boost|p2a: Suicune|spd|1","|","|-heal|p2a: Suicune|68/404|[from] item: Leftovers","|turn|16","|","|move|p1a: Gengar|Sludge Bomb|p2a: Suicune","|-damage|p2a: Suicune|0 fnt","|-damage|p1a: Gengar|183/261|[from] item: Life Orb","|faint|p2a: Suicune","|","|","|switch|p2a: Starmie|Starmie, shiny|262/262","|-damage|p2a: Starmie|197/262|[from] Spikes","|turn|17","|","|move|p2a: Starmie|Hydro Pump|p1a: Gengar","|-crit|p1a: Gengar","|-damage|p1a: Gengar|0 fnt","|faint|p1a: Gengar","|","|","|switch|p1a: Golurk|Golurk|381/381","|-status|p1a: Golurk|psn","|turn|18","|","|move|p2a: Starmie|Hydro Pump|p1a: Golurk","|-supereffective|p1a: Golurk","|-damage|p1a: Golurk|115/381 psn","|move|p1a: Golurk|Shadow Punch|p2a: Starmie","|-supereffective|p2a: Starmie","|-damage|p2a: Starmie|0 fnt","|faint|p2a: Starmie","|","|-damage|p1a: Golurk|68/381 psn|[from] psn","|","|switch|p2a: Azumarill|Azumarill, F, shiny|404/404","|-damage|p2a: Azumarill|303/404|[from] Spikes","|turn|19","|","|move|p1a: Golurk|Dynamic Punch|p2a: Azumarill","|-resisted|p2a: Azumarill","|-damage|p2a: Azumarill|224/404","|-start|p2a: Azumarill|confusion","|-activate|p2a: Azumarill|confusion","|move|p2a: Azumarill|Waterfall|p1a: Golurk","|-crit|p1a: Golurk","|-supereffective|p1a: Golurk","|-damage|p1a: Golurk|0 fnt","|faint|p1a: Golurk","|","|","|switch|p1a: Jellicent|Jellicent, F|404/404","|-status|p1a: Jellicent|psn","|turn|20","|","|switch|p2a: Lanturn|Lanturn, M, shiny|454/454","|-damage|p2a: Lanturn|341/454|[from] Spikes","|move|p1a: Jellicent|Will-O-Wisp|p2a: Lanturn","|-status|p2a: Lanturn|brn","|","|-heal|p2a: Lanturn|369/454 brn|[from] item: Leftovers","|-damage|p2a: Lanturn|313/454 brn|[from] brn","|-damage|p1a: Jellicent|354/404 psn|[from] psn","|turn|21","|","|move|p2a: Lanturn|Charge Beam|p1a: Jellicent","|-supereffective|p1a: Jellicent","|-damage|p1a: Jellicent|292/404 psn","|-boost|p2a: Lanturn|spa|1","|move|p1a: Jellicent|Shadow Ball|p2a: Lanturn","|-crit|p2a: Lanturn","|-damage|p2a: Lanturn|205/454 brn","|","|-heal|p2a: Lanturn|233/454 brn|[from] item: Leftovers","|-heal|p1a: Jellicent|317/404 psn|[from] item: Leftovers","|-damage|p2a: Lanturn|177/454 brn|[from] brn","|-damage|p1a: Jellicent|267/404 psn|[from] psn","|turn|22","|","|move|p2a: Lanturn|Charge Beam|p1a: Jellicent","|-supereffective|p1a: Jellicent","|-damage|p1a: Jellicent|163/404 psn","|move|p1a: Jellicent|Recover|p1a: Jellicent","|-heal|p1a: Jellicent|365/404 psn","|","|-heal|p2a: Lanturn|205/454 brn|[from] item: Leftovers","|-heal|p1a: Jellicent|390/404 psn|[from] item: Leftovers","|-damage|p2a: Lanturn|149/454 brn|[from] brn","|-damage|p1a: Jellicent|340/404 psn|[from] psn","|turn|23","|","|move|p2a: Lanturn|Charge Beam|p1a: Jellicent","|-supereffective|p1a: Jellicent","|-damage|p1a: Jellicent|244/404 psn","|-boost|p2a: Lanturn|spa|1","|move|p1a: Jellicent|Shadow Ball|p2a: Lanturn","|-damage|p2a: Lanturn|77/454 brn","|","|-heal|p2a: Lanturn|105/454 brn|[from] item: Leftovers","|-heal|p1a: Jellicent|269/404 psn|[from] item: Leftovers","|-damage|p2a: Lanturn|49/454 brn|[from] brn","|-damage|p1a: Jellicent|219/404 psn|[from] psn","|turn|24","|","|move|p2a: Lanturn|Charge Beam|p1a: Jellicent|[miss]","|-miss|p2a: Lanturn|p1a: Jellicent","|move|p1a: Jellicent|Recover|p1a: Jellicent","|-heal|p1a: Jellicent|404/404 psn","|","|-heal|p2a: Lanturn|77/454 brn|[from] item: Leftovers","|-damage|p2a: Lanturn|21/454 brn|[from] brn","|-damage|p1a: Jellicent|354/404 psn|[from] psn","|turn|25","|","|move|p2a: Lanturn|Charge Beam|p1a: Jellicent","|-supereffective|p1a: Jellicent","|-damage|p1a: Jellicent|214/404 psn","|-boost|p2a: Lanturn|spa|1","|move|p1a: Jellicent|Recover|p1a: Jellicent","|-heal|p1a: Jellicent|404/404 psn","|","|-heal|p2a: Lanturn|49/454 brn|[from] item: Leftovers","|-damage|p2a: Lanturn|0 fnt|[from] brn","|-damage|p1a: Jellicent|354/404 psn|[from] psn","|faint|p2a: Lanturn","|","|switch|p2a: Azumarill|Azumarill, F, shiny|224/404","|-damage|p2a: Azumarill|123/404|[from] Spikes","|turn|26","|","|move|p1a: Jellicent|Will-O-Wisp|p2a: Azumarill","|-status|p2a: Azumarill|brn","|move|p2a: Azumarill|Superpower|p1a: Jellicent","|-immune|p1a: Jellicent|[msg]","|","|-heal|p1a: Jellicent|379/404 psn|[from] item: Leftovers","|-damage|p1a: Jellicent|329/404 psn|[from] psn","|-damage|p2a: Azumarill|73/404 brn|[from] brn","|turn|27","|","|win|I ONLY USE CARNIE"],"p1rating":{"entryid":"7563861","serverid":"eos","formatid":"monotype","userid":"ionlyusecarnie","username":"I ONLY USE CARNIE","w":10,"l":"15","t":"0","gxe":40.6,"r":"1416.150543545","rd":"70.749511086101","sigma":"0","rptime":"1439456400","rpr":1427.4363209914,"rprd":64.340742333083,"rpsigma":"0","acre":1109.3805711504,"lacre":1109.3805711504,"oldacre":"1076.1555214846"},"p2rating":{"entryid":"7061762","serverid":"eos","formatid":"monotype","userid":"samuelwade223","username":"samuelwade223","w":"18","l":35,"t":"0","gxe":37.1,"r":"1407.3043007495","rd":"51.998779752293","sigma":"0","rptime":"1439456400","rpr":1400.0541038005,"rprd":51.453403307735,"rpsigma":"0","acre":1104.1104989897,"lacre":1104.1104989897,"oldacre":"1133.1770833743"},"endType":"forfeit"}