{"seed":[26810,25556,48263,64508],"turns":27,"p1":"emforbes","p2":"Guard Darkrai","p1team":[{"name":"Serperior","species":"Serperior","item":"lifeorb","ability":"Contrary","moves":["leafstorm","dragonpulse","hiddenpowerfire","substitute"],"nature":"Timid","evs":{"hp":0,"atk":0,"def":0,"spa":252,"spd":4,"spe":252},"ivs":{"hp":31,"atk":30,"def":31,"spa":30,"spd":31,"spe":30}},{"name":"Venusaur","species":"Venusaur","item":"venusaurite","ability":"Chlorophyll","moves":["gigadrain","sludgebomb","synthesis","hiddenpowerfire"],"nature":"Modest","evs":{"hp":252,"atk":0,"def":4,"spa":244,"spd":4,"spe":4},"ivs":{"hp":31,"atk":30,"def":31,"spa":30,"spd":31,"spe":30},"shiny":true},{"name":"Breloom","species":"Breloom","item":"focussash","ability":"Technician","moves":["bulletseed","machpunch","spore","rocktomb"],"nature":"Jolly","evs":{"hp":0,"atk":252,"def":0,"spa":0,"spd":4,"spe":252},"shiny":true,"ivs":{"hp":31,"atk":31,"def":31,"spa":31,"spd":31,"spe":31}},{"name":"Ferrothorn","species":"Ferrothorn","item":"leftovers","ability":"Iron Barbs","moves":["gyroball","stealthrock","leechseed","thunderwave"],"nature":"Relaxed","evs":{"hp":252,"atk":4,"def":252,"spa":0,"spd":0,"spe":0},"ivs":{"hp":31,"atk":31,"def":31,"spa":31,"spd":31,"spe":0}},{"name":"Celebi","species":"Celebi","item":"lifeorb","ability":"Natural Cure","moves":["psychic","gigadrain","nastyplot","earthpower"],"nature":"Timid","evs":{"hp":0,"atk":0,"def":0,"spa":252,"spd":4,"spe":252},"ivs":{"hp":31,"atk":31,"def":31,"spa":31,"spd":31,"spe":31}},{"name":"Rotom-Mow","species":"Rotom-Mow","item":"choicescarf","ability":"Levitate","moves":["leafstorm","voltswitch","trick","hiddenpowerfire"],"nature":"Timid","evs":{"hp":0,"atk":0,"def":0,"spa":252,"spd":4,"spe":252},"ivs":{"hp":31,"atk":30,"def":31,"spa":30,"spd":31,"spe":30},"shiny":true}],"p2team":[{"name":"Cradily","species":"Cradily","item":"leftovers","ability":"Suction Cups","moves":["recover","toxic","ancientpower","gigadrain"],"nature":"Calm","evs":{"hp":252,"atk":0,"def":0,"spa":4,"spd":252,"spe":0},"shiny":true,"ivs":{"hp":31,"atk":31,"def":31,"spa":31,"spd":31,"spe":31}},{"name":"Venusaur","species":"Venusaur","item":"venusaurite","ability":"Overgrow","moves":["synthesis","sludgebomb","gigadrain","hiddenpowerfire"],"nature":"Modest","evs":{"hp":248,"atk":0,"def":0,"spa":252,"spd":8,"spe":0},"ivs":{"hp":31,"atk":30,"def":31,"spa":30,"spd":31,"spe":30},"shiny":true},{"name":"Cottonee","species":"Cottonee","item":"focussash","ability":"Prankster","moves":["leechseed","substitute","toxic","tailwind"],"nature":"Bold","evs":{"hp":4,"atk":0,"def":196,"spa":0,"spd":252,"spe":0},"shiny":true,"level":1,"ivs":{"hp":31,"atk":31,"def":31,"spa":31,"spd":31,"spe":31}},{"name":"Breloom","species":"Breloom","item":"focussash","ability":"Technician","moves":["spore","rocktomb","bulletseed","machpunch"],"nature":"Jolly","evs":{"hp":0,"atk":252,"def":0,"spa":0,"spd":4,"spe":252},"shiny":true,"ivs":{"hp":31,"atk":31,"def":31,"spa":31,"spd":31,"spe":31}},{"name":"Serperior","species":"Serperior","item":"focussash","ability":"Contrary","moves":["leafstorm","dragonpulse","substitute","taunt"],"nature":"Timid","evs":{"hp":0,"atk":0,"def":0,"spa":252,"spd":4,"spe":252},"shiny":true,"ivs":{"hp":31,"atk":31,"def":31,"spa":31,"spd":31,"spe":31}},{"name":"Amoonguss","species":"Amoonguss","item":"blacksludge","ability":"Regenerator","moves":["spore","gastroacid","gigadrain","sludgebomb"],"nature":"Modest","evs":{"hp":252,"atk":0,"def":0,"spa":252,"spd":4,"spe":0},"shiny":true,"ivs":{"hp":31,"atk":31,"def":31,"spa":31,"spd":31,"spe":31}}],"log":["|player|p1|emforbes|75","|player|p2|Guard Darkrai|guarddarkrai.png","|gametype|singles","|gen|6","|tier|Monotype","|rated","|rule|Baton Pass Clause: Limit one Baton Passer, can't pass Spe and other stats simultaneously","|rule|Swagger Clause: Swagger is banned","|rule|Same Type Clause: Pokémon in a team must share a type","|clearpoke","|poke|p1|Serperior, F","|poke|p1|Venusaur, M, shiny","|poke|p1|Breloom, M, shiny","|poke|p1|Ferrothorn, M","|poke|p1|Celebi","|poke|p1|Rotom-Mow, shiny","|poke|p2|Cradily, M, shiny","|poke|p2|Venusaur, M, shiny","|poke|p2|Cottonee, L1, F, shiny","|poke|p2|Breloom, M, shiny","|poke|p2|Serperior, F, shiny","|poke|p2|Amoonguss, M, shiny","|rule|Sleep Clause Mod: Limit one foe put to sleep","|rule|Species Clause: Limit one of each Pokémon","|rule|OHKO Clause: OHKO moves are banned","|rule|Moody Clause: Moody is banned","|rule|Evasion Moves Clause: Evasion moves are banned","|rule|Endless Battle Clause: Forcing endless battles is banned","|rule|HP Percentage Mod: HP is shown in percentages","|teampreview","|","|start","|switch|p1a: Venusaur|Venusaur, M, shiny|364/364","|switch|p2a: Amoonguss|Amoonguss, M, shiny|432/432","|turn|1","|","|detailschange|p1a: Venusaur|Venusaur-Mega, M, shiny","|-mega|p1a: Venusaur|Venusaur|Venusaurite","|move|p1a: Venusaur|Sludge Bomb|p2a: Amoonguss","|-damage|p2a: Amoonguss|239/432","|move|p2a: Amoonguss|Gastro Acid|p1a: Venusaur","|-endability|p1a: Venusaur","|","|-heal|p2a: Amoonguss|266/432|[from] item: Black Sludge","|turn|2","|","|switch|p2a: Venusaur|Venusaur, M, shiny|363/363","|move|p1a: Venusaur|Sludge Bomb|p2a: Venusaur","|-damage|p2a: Venusaur|207/363","|","|turn|3","|","|switch|p1a: Celebi|Celebi|341/341","|detailschange|p2a: Venusaur|Venusaur-Mega, M, shiny","|-mega|p2a: Venusaur|Venusaur|Venusaurite","|move|p2a: Venusaur|Synthesis|p2a: Venusaur","|-heal|p2a: Venusaur|363/363","|","|turn|4","|","|switch|p2a: Cradily|Cradily, M, shiny|376/376","|move|p1a: Celebi|Psychic|p2a: Cradily","|-crit|p2a: Cradily","|-damage|p2a: Cradily|199/376","|-damage|p1a: Celebi|307/341|[from] item: Life Orb","|","|-heal|p2a: Cradily|222/376|[from] item: Leftovers","|turn|5","|","|switch|p1a: Ferrothorn|Ferrothorn, M|352/352","|move|p2a: Cradily|Recover|p2a: Cradily","|-heal|p2a: Cradily|376/376","|","|turn|6","|","|switch|p2a: Venusaur|Venusaur-Mega, M, shiny|363/363","|move|p1a: Ferrothorn|Stealth Rock|p2a: Venusaur","|-sidestart|p2: Guard Darkrai|move: Stealth Rock","|","|turn|7","|","|move|p2a: Venusaur|Hidden Power|p1a: Ferrothorn","|-supereffective|p1a: Ferrothorn","|-damage|p1a: Ferrothorn|72/352","|move|p1a: Ferrothorn|Thunder Wave|p2a: Venusaur","|-status|p2a: Venusaur|par","|","|-heal|p1a: Ferrothorn|94/352|[from] item: Leftovers","|turn|8","|","|switch|p1a: Venusaur|Venusaur-Mega, M, shiny|364/364","|move|p2a: Venusaur|Hidden Power|p1a: Venusaur","|-supereffective|p1a: Venusaur","|-damage|p1a: Venusaur|296/364","|","|turn|9","|","|move|p1a: Venusaur|Sludge Bomb|p2a: Venusaur","|-damage|p2a: Venusaur|213/363 par","|move|p2a: Venusaur|Sludge Bomb|p1a: Venusaur","|-damage|p1a: Venusaur|154/364","|","|turn|10","|","|move|p1a: Venusaur|Synthesis|p1a: Venusaur","|-heal|p1a: Venusaur|336/364","|move|p2a: Venusaur|Sludge Bomb|p1a: Venusaur","|-damage|p1a: Venusaur|191/364","|","|turn|11","|","|move|p1a: Venusaur|Synthesis|p1a: Venusaur","|-heal|p1a: Venusaur|364/364","|move|p2a: Venusaur|Synthesis|p2a: Venusaur","|-heal|p2a: Venusaur|363/363 par","|","|turn|12","|","|switch|p2a: Cottonee|Cottonee, L1, F, shiny|12/12","|-damage|p2a: Cottonee|11/12|[from] Stealth Rock","|move|p1a: Venusaur|Sludge Bomb|p2a: Cottonee","|-supereffective|p2a: Cottonee","|-damage|p2a: Cottonee|0 fnt","|faint|p2a: Cottonee","|","|","|switch|p2a: Amoonguss|Amoonguss, M, shiny|410/432","|-damage|p2a: Amoonguss|356/432|[from] Stealth Rock","|turn|13","|","|move|p1a: Venusaur|Sludge Bomb|p2a: Amoonguss","|-damage|p2a: Amoonguss|155/432","|move|p2a: Amoonguss|Gastro Acid|p1a: Venusaur","|-endability|p1a: Venusaur","|","|-heal|p2a: Amoonguss|182/432|[from] item: Black Sludge","|turn|14","|","|switch|p2a: Cradily|Cradily, M, shiny|376/376","|-damage|p2a: Cradily|329/376|[from] Stealth Rock","|move|p1a: Venusaur|Sludge Bomb|p2a: Cradily","|-damage|p2a: Cradily|208/376","|","|-heal|p2a: Cradily|231/376|[from] item: Leftovers","|turn|15","|","|switch|p1a: Ferrothorn|Ferrothorn, M|94/352","|move|p2a: Cradily|Ancient Power|p1a: Ferrothorn","|-resisted|p1a: Ferrothorn","|-damage|p1a: Ferrothorn|68/352","|","|-heal|p2a: Cradily|254/376|[from] item: Leftovers","|-heal|p1a: Ferrothorn|90/352|[from] item: Leftovers","|turn|16","|","|move|p2a: Cradily|Ancient Power|p1a: Ferrothorn","|-resisted|p1a: Ferrothorn","|-damage|p1a: Ferrothorn|65/352","|move|p1a: Ferrothorn|Gyro Ball|p2a: Cradily","|-supereffective|p2a: Cradily","|-damage|p2a: Cradily|80/376","|","|-heal|p2a: Cradily|103/376|[from] item: Leftovers","|-heal|p1a: Ferrothorn|87/352|[from] item: Leftovers","|turn|17","|","|move|p2a: Cradily|Ancient Power|p1a: Ferrothorn","|-crit|p1a: Ferrothorn","|-resisted|p1a: Ferrothorn","|-damage|p1a: Ferrothorn|49/352","|move|p1a: Ferrothorn|Gyro Ball|p2a: Cradily","|-crit|p2a: Cradily","|-supereffective|p2a: Cradily","|-damage|p2a: Cradily|0 fnt","|faint|p2a: Cradily","|","|-heal|p1a: Ferrothorn|71/352|[from] item: Leftovers","|","|switch|p2a: Breloom|Breloom, M, shiny|261/261","|-damage|p2a: Breloom|245/261|[from] Stealth Rock","|turn|18","|","|move|p2a: Breloom|Mach Punch|p1a: Ferrothorn","|-supereffective|p1a: Ferrothorn","|-damage|p1a: Ferrothorn|0 fnt","|-damage|p2a: Breloom|213/261|[from] ability: Iron Barbs|[of] p1a: Ferrothorn","|faint|p1a: Ferrothorn","|","|","|switch|p1a: Celebi|Celebi|307/341","|turn|19","|","|switch|p2a: Serperior|Serperior, F, shiny|291/291","|-damage|p2a: Serperior|255/291|[from] Stealth Rock","|move|p1a: Celebi|Psychic|p2a: Serperior","|-damage|p2a: Serperior|68/291","|-damage|p1a: Celebi|273/341|[from] item: Life Orb","|","|turn|20","|","|switch|p1a: Breloom|Breloom, M, shiny|261/261","|move|p2a: Serperior|Leaf Storm|p1a: Breloom","|-resisted|p1a: Breloom","|-damage|p1a: Breloom|130/261","|-boost|p2a: Serperior|spa|2","|","|turn|21","|","|move|p1a: Breloom|Mach Punch|p2a: Serperior","|-damage|p2a: Serperior|0 fnt","|faint|p2a: Serperior","|","|","|switch|p2a: Amoonguss|Amoonguss, M, shiny|326/432","|-damage|p2a: Amoonguss|272/432|[from] Stealth Rock","|turn|22","|","|switch|p2a: Venusaur|Venusaur-Mega, M, shiny|363/363 par","|-damage|p2a: Venusaur|318/363 par|[from] Stealth Rock","|move|p1a: Breloom|Rock Tomb|p2a: Venusaur","|-damage|p2a: Venusaur|227/363 par","|-unboost|p2a: Venusaur|spe|1","|","|turn|23","|","|move|p1a: Breloom|Rock Tomb|p2a: Venusaur","|-damage|p2a: Venusaur|138/363 par","|-unboost|p2a: Venusaur|spe|1","|move|p2a: Venusaur|Sludge Bomb|p1a: Breloom","|-supereffective|p1a: Breloom","|-damage|p1a: Breloom|0 fnt","|faint|p1a: Breloom","|","|","|switch|p1a: Venusaur|Venusaur-Mega, M, shiny|364/364","|turn|24","|","|move|p1a: Venusaur|Sludge Bomb|p2a: Venusaur","|-damage|p2a: Venusaur|0 fnt","|faint|p2a: Venusaur","|","|","|switch|p2a: Amoonguss|Amoonguss, M, shiny|416/432","|-damage|p2a: Amoonguss|362/432|[from] Stealth Rock","|turn|25","|","|move|p1a: Venusaur|Sludge Bomb|p2a: Amoonguss","|-damage|p2a: Amoonguss|158/432","|move|p2a: Amoonguss|Sludge Bomb|p1a: Venusaur","|-damage|p1a: Venusaur|246/364","|","|-heal|p2a: Amoonguss|185/432|[from] item: Black Sludge","|turn|26","|","|move|p1a: Venusaur|Sludge Bomb|p2a: Amoonguss","|-damage|p2a: Amoonguss|0 fnt","|faint|p2a: Amoonguss","|","|","|switch|p2a: Breloom|Breloom, M, shiny|213/261","|-damage|p2a: Breloom|197/261|[from] Stealth Rock","|turn|27","|","|move|p2a: Breloom|Rock Tomb|p1a: Venusaur","|-damage|p1a: Venusaur|158/364","|-unboost|p1a: Venusaur|spe|1","|move|p1a: Venusaur|Sludge Bomb|p2a: Breloom","|-supereffective|p2a: Breloom","|-damage|p2a: Breloom|0 fnt","|faint|p2a: Breloom","|","|win|emforbes"],"p1rating":{"entryid":"7537626","serverid":"eos","formatid":"monotype","userid":"emforbes","username":"emforbes","w":26,"l":"9","t":"0","gxe":66.9,"r":"1621.3531969181","rd":"57.835538569519","sigma":"0","rptime":"1439456400","rpr":1633.7488047626,"rprd":56.47767125756,"rpsigma":"0","acre":1332.6748018439,"lacre":1332.6748018439,"oldacre":"1323.3985743208"},"p2rating":{"entryid":"6034648","serverid":"eos","formatid":"monotype","userid":"guarddarkrai","username":"Guard Darkrai","w":"94","l":106,"t":"0","gxe":47.7,"r":"1481.0541730248","rd":"29.768516543686","sigma":"0","rptime":"1439456400","rpr":1482.3346654722,"rprd":29.575463213886,"rpsigma":"0","acre":1103.7620307038,"lacre":1103.7620307038,"oldacre":"1115.3573151077"},"endType":"normal"}