{"seed":[49729,44167,1616,50283],"turns":31,"p1":"Sereana","p2":"Voidchrono - ⒶⒻⓀ","p1team":[{"name":"Celebi","species":"Celebi","item":"lifeorb","ability":"Natural Cure","moves":["swordsdance","seedbomb","batonpass","suckerpunch"],"nature":"Jolly","evs":{"hp":0,"atk":252,"def":0,"spa":0,"spd":4,"spe":252},"ivs":{"hp":31,"atk":31,"def":31,"spa":31,"spd":31,"spe":31}},{"name":"Hoopa-Unbound","species":"Hoopa-Unbound","item":"focussash","ability":"Magician","moves":["hyperspacefury","hyperspacehole","energyball","drainpunch"],"nature":"Hasty","evs":{"hp":4,"atk":252,"def":0,"spa":0,"spd":0,"spe":252},"ivs":{"hp":31,"atk":31,"def":31,"spa":31,"spd":31,"spe":31}},{"name":"Mew","species":"Mew","item":"leftovers","ability":"Synchronize","moves":["substitute","focuspunch","zenheadbutt","icepunch"],"nature":"Jolly","evs":{"hp":0,"atk":252,"def":0,"spa":0,"spd":4,"spe":252},"ivs":{"hp":31,"atk":31,"def":31,"spa":31,"spd":31,"spe":31}},{"name":"Victini","species":"Victini","item":"choicescarf","ability":"Victory Star","moves":["thunder","shadowball","blueflare","finalgambit"],"nature":"Timid","evs":{"hp":168,"atk":0,"def":0,"spa":84,"spd":4,"spe":252},"ivs":{"hp":31,"atk":31,"def":31,"spa":31,"spd":31,"spe":31}},{"name":"Meloetta","species":"Meloetta","item":"lifeorb","ability":"Serene Grace","moves":["relicsong","closecombat","zenheadbutt","uturn"],"nature":"Jolly","evs":{"hp":0,"atk":252,"def":0,"spa":4,"spd":0,"spe":252},"ivs":{"hp":31,"atk":31,"def":31,"spa":31,"spd":31,"spe":31}},{"name":"Jirachi","species":"Jirachi","item":"leftovers","ability":"Serene Grace","moves":["stealthrock","doomdesire","psyshock","thunderwave"],"nature":"Timid","evs":{"hp":0,"atk":0,"def":0,"spa":252,"spd":4,"spe":252},"ivs":{"hp":31,"atk":31,"def":31,"spa":31,"spd":31,"spe":31}}],"p2team":[{"name":"Charizard","species":"Charizard","item":"charizarditex","ability":"Blaze","moves":["bellydrum","flamecharge","earthquake","roost"],"nature":"Jolly","evs":{"hp":0,"atk":252,"def":0,"spa":0,"spd":4,"spe":252},"ivs":{"hp":31,"atk":31,"def":31,"spa":31,"spd":31,"spe":31}},{"name":"Skarmory","species":"Skarmory","item":"rockyhelmet","ability":"Sturdy","moves":["roost","whirlwind","defog","bravebird"],"nature":"Impish","evs":{"hp":248,"atk":0,"def":252,"spa":0,"spd":8,"spe":0},"ivs":{"hp":31,"atk":31,"def":31,"spa":31,"spd":31,"spe":31}},{"name":"Landorus-Therian","species":"Landorus-Therian","item":"leftovers","ability":"Intimidate","moves":["stealthrock","earthquake","uturn","knockoff"],"nature":"Adamant","evs":{"hp":252,"atk":252,"def":0,"spa":0,"spd":4,"spe":0},"ivs":{"hp":31,"atk":31,"def":31,"spa":31,"spd":31,"spe":31}},{"name":"Thundurus","species":"Thundurus","item":"lifeorb","ability":"Prankster","moves":["thunderwave","voltswitch","hiddenpowerice","nastyplot"],"nature":"Timid","evs":{"hp":0,"atk":0,"def":0,"spa":252,"spd":4,"spe":252},"ivs":{"hp":31,"atk":30,"def":30,"spa":31,"spd":31,"spe":31}},{"name":"Tornadus-Therian","species":"Tornadus-Therian","item":"assaultvest","ability":"Regenerator","moves":["hurricane","focusblast","heatwave","uturn"],"nature":"Timid","evs":{"hp":0,"atk":0,"def":0,"spa":252,"spd":0,"spe":252},"ivs":{"hp":31,"atk":31,"def":31,"spa":31,"spd":31,"spe":31}},{"name":"Togekiss","species":"Togekiss","item":"lightclay","ability":"Serene Grace","moves":["reflect","lightscreen","airslash","roost"],"nature":"Calm","evs":{"hp":248,"atk":0,"def":76,"spa":0,"spd":184,"spe":0},"ivs":{"hp":31,"atk":31,"def":31,"spa":31,"spd":31,"spe":31}}],"log":["|player|p1|Sereana|mashumashu.png","|player|p2|Voidchrono - ⒶⒻⓀ|voidchrono.png","|gametype|singles","|gen|6","|tier|Monotype","|rated","|rule|Baton Pass Clause: Limit one Baton Passer, can't pass Spe and other stats simultaneously","|rule|Swagger Clause: Swagger is banned","|rule|Same Type Clause: Pokémon in a team must share a type","|clearpoke","|poke|p1|Celebi","|poke|p1|Hoopa-Unbound","|poke|p1|Mew","|poke|p1|Victini","|poke|p1|Meloetta","|poke|p1|Jirachi","|poke|p2|Charizard, M","|poke|p2|Skarmory, F","|poke|p2|Landorus-Therian, M","|poke|p2|Thundurus, M","|poke|p2|Tornadus-Therian, M","|poke|p2|Togekiss, F","|rule|Sleep Clause Mod: Limit one foe put to sleep","|rule|Species Clause: Limit one of each Pokémon","|rule|OHKO Clause: OHKO moves are banned","|rule|Moody Clause: Moody is banned","|rule|Evasion Moves Clause: Evasion moves are banned","|rule|Endless Battle Clause: Forcing endless battles is banned","|rule|HP Percentage Mod: HP is shown in percentages","|teampreview","|","|start","|switch|p1a: Jirachi|Jirachi|341/341","|switch|p2a: Togekiss|Togekiss, F|373/373","|turn|1","|","|move|p1a: Jirachi|Doom Desire|p2a: Togekiss","|-start|p1a: Jirachi|Doom Desire","|move|p2a: Togekiss|Reflect|p2a: Togekiss","|-sidestart|p2: Voidchrono - ⒶⒻⓀ|Reflect","|","|turn|2","|","|move|p1a: Jirachi|Stealth Rock|p2a: Togekiss","|-sidestart|p2: Voidchrono - ⒶⒻⓀ|move: Stealth Rock","|move|p2a: Togekiss|Light Screen|p2a: Togekiss","|-sidestart|p2: Voidchrono - ⒶⒻⓀ|move: Light Screen","|","|turn|3","|","|switch|p2a: Skarmory|Skarmory, F|333/333","|-damage|p2a: Skarmory|292/333|[from] Stealth Rock","|move|p1a: Jirachi|Thunder Wave|p2a: Skarmory","|-status|p2a: Skarmory|par","|","|-end|p2a: Skarmory|move: Doom Desire","|-resisted|p2a: Skarmory","|-damage|p2a: Skarmory|221/333 par","|turn|4","|","|move|p1a: Jirachi|Doom Desire|p2a: Skarmory","|-start|p1a: Jirachi|Doom Desire","|cant|p2a: Skarmory|par","|","|turn|5","|","|switch|p1a: Victini|Victini|383/383","|move|p2a: Skarmory|Defog|p1a: Victini","|-unboost|p1a: Victini|evasion|1","|-sideend|p2: Voidchrono - ⒶⒻⓀ|Stealth Rock|[from] move: Defog|[of] p2a: Skarmory","|","|turn|6","|","|switch|p2a: Landorus-Therian|Landorus-Therian, M|382/382","|-ability|p2a: Landorus-Therian|Intimidate","|-unboost|p1a: Victini|atk|1","|move|p1a: Victini|Thunder|p2a: Landorus-Therian","|-immune|p2a: Landorus-Therian|[msg]","|","|-end|p2a: Landorus-Therian|move: Doom Desire","|-damage|p2a: Landorus-Therian|265/382","|-heal|p2a: Landorus-Therian|288/382|[from] item: Leftovers","|turn|7","|","|switch|p1a: Celebi|Celebi|341/341","|move|p2a: Landorus-Therian|U-turn|p1a: Celebi","|-supereffective|p1a: Celebi","|-damage|p1a: Celebi|0 fnt","|faint|p1a: Celebi","|","|switch|p2a: Charizard|Charizard, M|297/297","|","|","|switch|p1a: Victini|Victini|383/383","|turn|8","|","|detailschange|p2a: Charizard|Charizard-Mega-X, M","|-mega|p2a: Charizard|Charizard|Charizardite X","|move|p1a: Victini|Final Gambit|p2a: Charizard","|-damage|p2a: Charizard|0 fnt","|faint|p1a: Victini","|faint|p2a: Charizard","|","|-sideend|p2: Voidchrono - ⒶⒻⓀ|Reflect","|","|switch|p1a: Jirachi|Jirachi|341/341","|switch|p2a: Togekiss|Togekiss, F|373/373","|turn|9","|","|move|p1a: Jirachi|Doom Desire|p2a: Togekiss","|-start|p1a: Jirachi|Doom Desire","|move|p2a: Togekiss|Reflect|p2a: Togekiss","|-sidestart|p2: Voidchrono - ⒶⒻⓀ|Reflect","|","|-sideend|p2: Voidchrono - ⒶⒻⓀ|move: Light Screen","|turn|10","|","|move|p1a: Jirachi|Psyshock|p2a: Togekiss","|-damage|p2a: Togekiss|247/373","|move|p2a: Togekiss|Light Screen|p2a: Togekiss","|-sidestart|p2: Voidchrono - ⒶⒻⓀ|move: Light Screen","|","|turn|11","|","|switch|p2a: Tornadus-Therian|Tornadus-Therian, M|299/299","|move|p1a: Jirachi|Psyshock|p2a: Tornadus-Therian","|-damage|p2a: Tornadus-Therian|228/299","|","|-end|p2a: Tornadus-Therian|move: Doom Desire","|-damage|p2a: Tornadus-Therian|153/299","|turn|12","|","|move|p2a: Tornadus-Therian|Heat Wave|p1a: Jirachi","|-miss|p2a: Tornadus-Therian|p1a: Jirachi","|move|p1a: Jirachi|Thunder Wave|p2a: Tornadus-Therian","|-status|p2a: Tornadus-Therian|par","|","|turn|13","|","|move|p1a: Jirachi|Stealth Rock|p2a: Tornadus-Therian","|-sidestart|p2: Voidchrono - ⒶⒻⓀ|move: Stealth Rock","|cant|p2a: Tornadus-Therian|par","|","|turn|14","|","|move|p1a: Jirachi|Doom Desire|p2a: Tornadus-Therian","|-start|p1a: Jirachi|Doom Desire","|move|p2a: Tornadus-Therian|Heat Wave|p1a: Jirachi","|-miss|p2a: Tornadus-Therian|p1a: Jirachi","|","|turn|15","|","|switch|p1a: Mew|Mew|341/341","|move|p2a: Tornadus-Therian|U-turn|p1a: Mew","|-supereffective|p1a: Mew","|-damage|p1a: Mew|243/341","|","|switch|p2a: Thundurus|Thundurus, M|299/299","|-damage|p2a: Thundurus|225/299|[from] Stealth Rock","|","|-heal|p1a: Mew|264/341|[from] item: Leftovers","|turn|16","|","|move|p2a: Thundurus|Nasty Plot|p2a: Thundurus","|-boost|p2a: Thundurus|spa|2","|move|p1a: Mew|Ice Punch|p2a: Thundurus","|-supereffective|p2a: Thundurus","|-damage|p2a: Thundurus|122/299","|","|-end|p2a: Thundurus|move: Doom Desire","|-resisted|p2a: Thundurus","|-damage|p2a: Thundurus|56/299","|-heal|p1a: Mew|285/341|[from] item: Leftovers","|-sideend|p2: Voidchrono - ⒶⒻⓀ|Reflect","|turn|17","|","|move|p2a: Thundurus|Volt Switch|p1a: Mew","|-damage|p1a: Mew|0 fnt","|-damage|p2a: Thundurus|27/299|[from] item: Life Orb","|faint|p1a: Mew","|","|switch|p2a: Tornadus-Therian|Tornadus-Therian, M|252/299 par","|-damage|p2a: Tornadus-Therian|178/299 par|[from] Stealth Rock","|","|-sideend|p2: Voidchrono - ⒶⒻⓀ|move: Light Screen","|","|switch|p1a: Meloetta|Meloetta|341/341","|turn|18","|","|move|p1a: Meloetta|Relic Song|p2a: Tornadus-Therian","|-damage|p2a: Tornadus-Therian|81/299 par","|-formechange|p1a: Meloetta|Meloetta-Pirouette|[msg]","|-damage|p1a: Meloetta|307/341|[from] item: Life Orb","|move|p2a: Tornadus-Therian|U-turn|p1a: Meloetta","|-resisted|p1a: Meloetta","|-damage|p1a: Meloetta|281/341","|","|switch|p2a: Skarmory|Skarmory, F|221/333 par","|-damage|p2a: Skarmory|180/333 par|[from] Stealth Rock","|","|turn|19","|","|move|p1a: Meloetta|Relic Song|p2a: Skarmory","|-resisted|p2a: Skarmory","|-damage|p2a: Skarmory|124/333 par","|-damage|p1a: Meloetta|247/341|[from] item: Life Orb","|-formechange|p1a: Meloetta|Meloetta|[msg]","|move|p2a: Skarmory|Defog|p1a: Meloetta","|-unboost|p1a: Meloetta|evasion|1","|-sideend|p2: Voidchrono - ⒶⒻⓀ|Stealth Rock|[from] move: Defog|[of] p2a: Skarmory","|","|turn|20","|","|switch|p1a: Jirachi|Jirachi|341/341","|move|p2a: Skarmory|Roost|p2a: Skarmory","|-heal|p2a: Skarmory|291/333 par","|","|turn|21","|","|switch|p2a: Landorus-Therian|Landorus-Therian, M|288/382","|-ability|p2a: Landorus-Therian|Intimidate","|-unboost|p1a: Jirachi|atk|1","|move|p1a: Jirachi|Doom Desire|p2a: Landorus-Therian","|-start|p1a: Jirachi|Doom Desire","|","|-heal|p2a: Landorus-Therian|311/382|[from] item: Leftovers","|turn|22","|","|switch|p1a: Hoopa-Unbound|Hoopa-Unbound|302/302","|move|p2a: Landorus-Therian|Earthquake|p1a: Hoopa-Unbound","|-enditem|p1a: Hoopa-Unbound|Focus Sash","|-damage|p1a: Hoopa-Unbound|1/302","|","|-heal|p2a: Landorus-Therian|334/382|[from] item: Leftovers","|turn|23","|","|switch|p2a: Skarmory|Skarmory, F|291/333 par","|move|p1a: Hoopa-Unbound|Hyperspace Hole|p2a: Skarmory","|-resisted|p2a: Skarmory","|-damage|p2a: Skarmory|200/333 par","|-item|p1a: Hoopa-Unbound|Rocky Helmet|[from] ability: Magician|[of] p2a: Skarmory","|","|-end|p2a: Skarmory|move: Doom Desire","|-resisted|p2a: Skarmory","|-damage|p2a: Skarmory|65/333 par","|turn|24","|","|move|p1a: Hoopa-Unbound|Hyperspace Hole|p2a: Skarmory","|-resisted|p2a: Skarmory","|-damage|p2a: Skarmory|0 fnt","|faint|p2a: Skarmory","|","|","|switch|p2a: Tornadus-Therian|Tornadus-Therian, M|180/299 par","|turn|25","|","|move|p1a: Hoopa-Unbound|Hyperspace Fury|p2a: Tornadus-Therian","|-damage|p2a: Tornadus-Therian|0 fnt","|-unboost|p1a: Hoopa-Unbound|def|1","|faint|p2a: Tornadus-Therian","|","|","|switch|p2a: Togekiss|Togekiss, F|247/373","|turn|26","|","|switch|p1a: Jirachi|Jirachi|341/341","|move|p2a: Togekiss|Air Slash|p1a: Jirachi","|-resisted|p1a: Jirachi","|-damage|p1a: Jirachi|294/341","|","|-heal|p1a: Jirachi|315/341|[from] item: Leftovers","|turn|27","|","|switch|p2a: Landorus-Therian|Landorus-Therian, M|334/382","|-ability|p2a: Landorus-Therian|Intimidate","|-unboost|p1a: Jirachi|atk|1","|move|p1a: Jirachi|Doom Desire|p2a: Landorus-Therian","|-start|p1a: Jirachi|Doom Desire","|","|-heal|p1a: Jirachi|336/341|[from] item: Leftovers","|-heal|p2a: Landorus-Therian|357/382|[from] item: Leftovers","|turn|28","|","|move|p1a: Jirachi|Psyshock|p2a: Landorus-Therian","|-crit|p2a: Landorus-Therian","|-damage|p2a: Landorus-Therian|147/382","|move|p2a: Landorus-Therian|Earthquake|p1a: Jirachi","|-supereffective|p1a: Jirachi","|-damage|p1a: Jirachi|0 fnt","|faint|p1a: Jirachi","|","|-heal|p2a: Landorus-Therian|170/382|[from] item: Leftovers","|","|switch|p1a: Meloetta|Meloetta|247/341","|turn|29","|","|move|p1a: Meloetta|Relic Song|p2a: Landorus-Therian","|-damage|p2a: Landorus-Therian|18/382","|-damage|p1a: Meloetta|213/341|[from] item: Life Orb","|-formechange|p1a: Meloetta|Meloetta-Pirouette|[msg]","|move|p2a: Landorus-Therian|Knock Off|p1a: Meloetta","|-resisted|p1a: Meloetta","|-damage|p1a: Meloetta|138/341","|-enditem|p1a: Meloetta|Life Orb|[from] move: Knock Off|[of] p2a: Landorus-Therian","|","|-end|p2a: Landorus-Therian|move: Doom Desire","|-damage|p2a: Landorus-Therian|0 fnt","|faint|p2a: Landorus-Therian","|","|switch|p2a: Togekiss|Togekiss, F|247/373","|turn|30","|","|move|p1a: Meloetta|Zen Headbutt|p2a: Togekiss","|-damage|p2a: Togekiss|159/373","|move|p2a: Togekiss|Air Slash|p1a: Meloetta","|-supereffective|p1a: Meloetta","|-damage|p1a: Meloetta|0 fnt","|faint|p1a: Meloetta","|","|","|switch|p1a: Hoopa-Unbound|Hoopa-Unbound|1/302","|turn|31","|","|move|p1a: Hoopa-Unbound|Hyperspace Hole|p2a: Togekiss","|-damage|p2a: Togekiss|53/373","|move|p2a: Togekiss|Air Slash|p1a: Hoopa-Unbound","|-damage|p1a: Hoopa-Unbound|0 fnt","|faint|p1a: Hoopa-Unbound","|","|win|Voidchrono - ⒶⒻⓀ"],"p1rating":{"entryid":"7004134","serverid":"eos","formatid":"monotype","userid":"sereana","username":"Sereana","w":"3","l":3,"t":"0","gxe":50.2,"r":"1559.1703790475","rd":"111.07090267303","sigma":"0","rptime":"1439456400","rpr":1501.3471291646,"rprd":102.05736102984,"rpsigma":"0","acre":1066.1642121946,"lacre":1066.1642121946,"oldacre":"1078.5063329084"},"p2rating":{"entryid":"5810362","serverid":"eos","formatid":"monotype","userid":"voidchrono","username":"Void Chrono ת_תת_ת","w":135,"l":"73","t":"0","gxe":64.3,"r":"1606.6930997635","rd":"33.173938252215","sigma":"0","rptime":"1439456400","rpr":1611.3451401103,"rprd":32.925126767273,"rpsigma":"0","acre":1253.8361353174,"lacre":1253.8361353174,"oldacre":"1239.6666952356"},"endType":"normal"}