{"seed":[57603,10102,60531,34707],"turns":28,"p1":"Rain SageHerbs","p2":"Alliance-Succubus","p1team":[{"name":"King Ludi","species":"ludicolo","item":"leftovers","ability":"Swift Swim","moves":["teeterdance","scald","icebeam","gigadrain"],"nature":"Modest","evs":{"hp":0,"atk":0,"def":0,"spa":252,"spd":4,"spe":252},"shiny":true,"ivs":{"hp":31,"atk":31,"def":31,"spa":31,"spd":31,"spe":31}},{"name":"SS2 Azu","species":"azumarill","item":"sitrusberry","ability":"Huge Power","moves":["aquajet","playrough","bellydrum","knockoff"],"nature":"Jolly","evs":{"hp":252,"atk":252,"def":0,"spa":0,"spd":4,"spe":0},"shiny":true,"ivs":{"hp":31,"atk":31,"def":31,"spa":31,"spd":31,"spe":31}},{"name":"SwampGun","species":"swampert","item":"swampertite","ability":"Damp","moves":["superpower","waterfall","earthquake","icepunch"],"nature":"Adamant","evs":{"hp":248,"atk":252,"def":0,"spa":0,"spd":8,"spe":0},"ivs":{"hp":31,"atk":31,"def":31,"spa":31,"spd":31,"spe":31}},{"name":"Milo","species":"milotic","item":"leftovers","ability":"Competitive","moves":["scald","icebeam","raindance","toxic"],"nature":"Bold","evs":{"hp":252,"atk":0,"def":252,"spa":4,"spd":0,"spe":0},"shiny":true,"ivs":{"hp":31,"atk":31,"def":31,"spa":31,"spd":31,"spe":31}},{"name":"Poliie","species":"politoed","item":"widelens","ability":"Drizzle","moves":["icebeam","surf","hypnosis","perishsong"],"nature":"Modest","evs":{"hp":248,"atk":0,"def":0,"spa":252,"spd":8,"spe":0},"shiny":true,"ivs":{"hp":31,"atk":31,"def":31,"spa":31,"spd":31,"spe":31}},{"name":"Gyarados","species":"Gyarados","item":"leftovers","ability":"Moxie","moves":["dragondance","bounce","waterfall","substitute"],"nature":"Jolly","evs":{"hp":88,"atk":220,"def":4,"spa":0,"spd":0,"spe":196},"shiny":true,"ivs":{"hp":31,"atk":31,"def":31,"spa":31,"spd":31,"spe":31}}],"p2team":[{"name":"Tyranitar","species":"Tyranitar","item":"tyranitarite","ability":"Sand Stream","moves":["toxic","protect","curse","payback"],"nature":"Impish","evs":{"hp":248,"atk":8,"def":152,"spa":0,"spd":100,"spe":0},"gender":"M","ivs":{"hp":31,"atk":31,"def":31,"spa":31,"spd":31,"spe":31}},{"name":"Cacturne","species":"Cacturne","item":"focussash","ability":"Sand Veil","moves":["suckerpunch","swordsdance","spikes","spikyshield"],"nature":"Adamant","evs":{"hp":0,"atk":252,"def":4,"spa":0,"spd":0,"spe":252},"gender":"M","ivs":{"hp":31,"atk":31,"def":31,"spa":31,"spd":31,"spe":31}},{"name":"Krookodile","species":"Krookodile","item":"choicescarf","ability":"Moxie","moves":["earthquake","knockoff","outrage","stoneedge"],"nature":"Adamant","evs":{"hp":0,"atk":252,"def":0,"spa":0,"spd":4,"spe":252},"gender":"M","ivs":{"hp":31,"atk":31,"def":31,"spa":31,"spd":31,"spe":31}},{"name":"Mandibuzz","species":"Mandibuzz","item":"leftovers","ability":"Overcoat","moves":["foulplay","roost","toxic","protect"],"nature":"Bold","evs":{"hp":252,"atk":0,"def":252,"spa":0,"spd":4,"spe":0},"ivs":{"hp":31,"atk":31,"def":31,"spa":31,"spd":31,"spe":31}},{"name":"Bisharp","species":"Bisharp","item":"focussash","ability":"Defiant","moves":["stealthrock","swordsdance","ironhead","suckerpunch"],"nature":"Adamant","evs":{"hp":248,"atk":252,"def":0,"spa":0,"spd":8,"spe":0},"gender":"M","ivs":{"hp":31,"atk":31,"def":31,"spa":31,"spd":31,"spe":31}},{"name":"Scrafty","species":"Scrafty","item":"leftovers","ability":"Shed Skin","moves":["bulkup","rest","knockoff","drainpunch"],"nature":"Adamant","evs":{"hp":252,"atk":252,"def":0,"spa":0,"spd":4,"spe":0},"gender":"M","ivs":{"hp":31,"atk":31,"def":31,"spa":31,"spd":31,"spe":31}}],"log":["|player|p1|Rain SageHerbs|154","|player|p2|Alliance-Succubus|96","|gametype|singles","|gen|6","|tier|Monotype","|rated","|rule|Baton Pass Clause: Limit one Baton Passer, can't pass Spe and other stats simultaneously","|rule|Swagger Clause: Swagger is banned","|rule|Same Type Clause: Pokémon in a team must share a type","|clearpoke","|poke|p1|Ludicolo, M, shiny","|poke|p1|Azumarill, M, shiny","|poke|p1|Swampert, M","|poke|p1|Milotic, M, shiny","|poke|p1|Politoed, F, shiny","|poke|p1|Gyarados, M, shiny","|poke|p2|Tyranitar, M","|poke|p2|Cacturne, M","|poke|p2|Krookodile, M","|poke|p2|Mandibuzz, F","|poke|p2|Bisharp, M","|poke|p2|Scrafty, M","|rule|Sleep Clause Mod: Limit one foe put to sleep","|rule|Species Clause: Limit one of each Pokémon","|rule|OHKO Clause: OHKO moves are banned","|rule|Moody Clause: Moody is banned","|rule|Evasion Moves Clause: Evasion moves are banned","|rule|Endless Battle Clause: Forcing endless battles is banned","|rule|HP Percentage Mod: HP is shown in percentages","|teampreview","|","|start","|switch|p1a: SwampGun|Swampert, M|403/403","|switch|p2a: Bisharp|Bisharp, M|333/333","|turn|1","|","|detailschange|p1a: SwampGun|Swampert-Mega, M","|-mega|p1a: SwampGun|Swampert|Swampertite","|move|p2a: Bisharp|Stealth Rock|p1a: SwampGun","|-sidestart|p1: Rain SageHerbs|move: Stealth Rock","|move|p1a: SwampGun|Waterfall|p2a: Bisharp","|-damage|p2a: Bisharp|162/333","|","|turn|2","|","|switch|p1a: Poliie|Politoed, F, shiny|383/383","|-damage|p1a: Poliie|336/383|[from] Stealth Rock","|-weather|RainDance","|move|p2a: Bisharp|Sucker Punch|p1a: Poliie","|-fail|p2a: Bisharp","|","|-weather|RainDance|[upkeep]","|turn|3","|","|move|p1a: Poliie|Hypnosis|p2a: Bisharp","|-status|p2a: Bisharp|slp","|cant|p2a: Bisharp|slp","|","|-weather|RainDance|[upkeep]","|turn|4","|","|switch|p1a: SS2 Azu|Azumarill, M, shiny|404/404","|-damage|p1a: SS2 Azu|354/404|[from] Stealth Rock","|cant|p2a: Bisharp|slp","|","|-weather|RainDance|[upkeep]","|turn|5","|","|switch|p2a: Tyranitar|Tyranitar, M|403/403","|-weather|Sandstorm","|move|p1a: SS2 Azu|Belly Drum|p1a: SS2 Azu","|-damage|p1a: SS2 Azu|152/404","|-setboost|p1a: SS2 Azu|atk|6|[from] move: Belly Drum","|-enditem|p1a: SS2 Azu|Sitrus Berry|[eat]","|-heal|p1a: SS2 Azu|253/404|[from] item: Sitrus Berry","|","|-weather|Sandstorm|[upkeep]","|-damage|p1a: SS2 Azu|228/404|[from] sandstorm","|turn|6","|","|detailschange|p2a: Tyranitar|Tyranitar-Mega, M","|-mega|p2a: Tyranitar|Tyranitar|Tyranitarite","|move|p2a: Tyranitar|Protect|p2a: Tyranitar","|-singleturn|p2a: Tyranitar|Protect","|move|p1a: SS2 Azu|Aqua Jet|p2a: Tyranitar","|-activate|p2a: Tyranitar|Protect","|","|-weather|Sandstorm|[upkeep]","|-damage|p1a: SS2 Azu|203/404|[from] sandstorm","|turn|7","|","|move|p2a: Tyranitar|Toxic|p1a: SS2 Azu","|-status|p1a: SS2 Azu|tox","|move|p1a: SS2 Azu|Play Rough|p2a: Tyranitar","|-supereffective|p2a: Tyranitar","|-damage|p2a: Tyranitar|0 fnt","|faint|p2a: Tyranitar","|","|-weather|Sandstorm|[upkeep]","|-damage|p1a: SS2 Azu|178/404 tox|[from] sandstorm","|-damage|p1a: SS2 Azu|153/404 tox|[from] psn","|","|switch|p2a: Cacturne|Cacturne, M|281/281","|turn|8","|","|move|p2a: Cacturne|Spiky Shield|p2a: Cacturne","|-singleturn|p2a: Cacturne|move: Protect","|move|p1a: SS2 Azu|Aqua Jet|p2a: Cacturne","|-activate|p2a: Cacturne|Protect","|-damage|p1a: SS2 Azu|103/404 tox|[from] Spiky Shield|[of] p2a: Cacturne","|","|-weather|Sandstorm|[upkeep]","|-damage|p1a: SS2 Azu|78/404 tox|[from] sandstorm","|-damage|p1a: SS2 Azu|28/404 tox|[from] psn","|turn|9","|","|move|p2a: Cacturne|Swords Dance|p2a: Cacturne","|-boost|p2a: Cacturne|atk|2","|move|p1a: SS2 Azu|Knock Off|p2a: Cacturne","|-resisted|p2a: Cacturne","|-enditem|p2a: Cacturne|Focus Sash","|-damage|p2a: Cacturne|1/281","|","|-weather|none","|-damage|p1a: SS2 Azu|0 fnt|[from] psn","|faint|p1a: SS2 Azu","|","|switch|p1a: King Ludi|Ludicolo, M, shiny|301/301","|-damage|p1a: King Ludi|264/301|[from] Stealth Rock","|turn|10","|","|move|p2a: Cacturne|Spiky Shield|p2a: Cacturne","|-singleturn|p2a: Cacturne|move: Protect","|move|p1a: King Ludi|Ice Beam|p2a: Cacturne","|-activate|p2a: Cacturne|Protect","|","|-heal|p1a: King Ludi|282/301|[from] item: Leftovers","|turn|11","|","|move|p2a: Cacturne|Sucker Punch|p1a: King Ludi","|-damage|p1a: King Ludi|0 fnt","|faint|p1a: King Ludi","|","|","|switch|p1a: Milo|Milotic, M, shiny|394/394","|-damage|p1a: Milo|345/394|[from] Stealth Rock","|turn|12","|","|move|p2a: Cacturne|Spiky Shield|p2a: Cacturne","|-singleturn|p2a: Cacturne|move: Protect","|move|p1a: Milo|Toxic|p2a: Cacturne","|-activate|p2a: Cacturne|Protect","|","|-heal|p1a: Milo|369/394|[from] item: Leftovers","|turn|13","|","|move|p2a: Cacturne|Spikes|p1a: Milo","|-sidestart|p1: Rain SageHerbs|Spikes","|move|p1a: Milo|Toxic|p2a: Cacturne","|-status|p2a: Cacturne|tox","|","|-heal|p1a: Milo|393/394|[from] item: Leftovers","|-damage|p2a: Cacturne|0 fnt|[from] psn","|faint|p2a: Cacturne","|","|switch|p2a: Bisharp|Bisharp, M|162/333 slp","|turn|14","|","|switch|p1a: Poliie|Politoed, F, shiny|336/383","|-damage|p1a: Poliie|289/383|[from] Stealth Rock","|-damage|p1a: Poliie|242/383|[from] Spikes","|-weather|RainDance","|cant|p2a: Bisharp|slp","|","|-weather|RainDance|[upkeep]","|turn|15","|","|-curestatus|p2a: Bisharp|slp","|move|p2a: Bisharp|Sucker Punch|p1a: Poliie","|-damage|p1a: Poliie|47/383","|move|p1a: Poliie|Surf|p2a: Bisharp","|-damage|p2a: Bisharp|0 fnt","|faint|p2a: Bisharp","|","|-weather|RainDance|[upkeep]","|","|switch|p2a: Krookodile|Krookodile, M|331/331","|turn|16","|","|switch|p1a: Gyarados|Gyarados, M, shiny|353/353","|-damage|p1a: Gyarados|265/353|[from] Stealth Rock","|move|p2a: Krookodile|Outrage|p1a: Gyarados","|-damage|p1a: Gyarados|84/353","|","|-weather|RainDance|[upkeep]","|-heal|p1a: Gyarados|106/353|[from] item: Leftovers","|turn|17","|","|switch|p1a: Milo|Milotic, M, shiny|393/394","|-damage|p1a: Milo|344/394|[from] Stealth Rock","|-damage|p1a: Milo|295/394|[from] Spikes","|move|p2a: Krookodile|Outrage|p1a: Milo|[from]lockedmove","|-damage|p1a: Milo|174/394","|","|-weather|RainDance|[upkeep]","|-heal|p1a: Milo|198/394|[from] item: Leftovers","|turn|18","|","|move|p2a: Krookodile|Outrage|p1a: Milo|[from]lockedmove","|-damage|p1a: Milo|70/394","|-start|p2a: Krookodile|confusion|[fatigue]","|move|p1a: Milo|Scald|p2a: Krookodile","|-supereffective|p2a: Krookodile","|-damage|p2a: Krookodile|0 fnt","|faint|p2a: Krookodile","|","|-weather|none","|-heal|p1a: Milo|94/394|[from] item: Leftovers","|","|switch|p2a: Scrafty|Scrafty, M|334/334","|turn|19","|","|move|p1a: Milo|Toxic|p2a: Scrafty","|-status|p2a: Scrafty|tox","|move|p2a: Scrafty|Knock Off|p1a: Milo","|-damage|p1a: Milo|0 fnt","|-enditem|p1a: Milo|Leftovers|[from] move: Knock Off|[of] p2a: Scrafty","|faint|p1a: Milo","|","|-damage|p2a: Scrafty|314/334 tox|[from] psn","|","|switch|p1a: Gyarados|Gyarados, M, shiny|106/353","|-damage|p1a: Gyarados|18/353|[from] Stealth Rock","|turn|20","|","|move|p1a: Gyarados|Bounce|p2a: Scrafty|[still]","|-prepare|p1a: Gyarados|Bounce|p2a: Scrafty","|move|p2a: Scrafty|Rest|p2a: Scrafty","|-status|p2a: Scrafty|slp","|-heal|p2a: Scrafty|334/334 slp|[silent]","|-status|p2a: Scrafty|slp|[from] move: Rest","|","|-heal|p1a: Gyarados|40/353|[from] item: Leftovers","|turn|21","|","|move|p1a: Gyarados|Bounce|p2a: Scrafty|[from]lockedmove","|-supereffective|p2a: Scrafty","|-damage|p2a: Scrafty|68/334 slp","|cant|p2a: Scrafty|slp","|","|-heal|p1a: Gyarados|62/353|[from] item: Leftovers","|-heal|p2a: Scrafty|88/334 slp|[from] item: Leftovers","|turn|22","|","|switch|p2a: Mandibuzz|Mandibuzz, F|424/424","|move|p1a: Gyarados|Waterfall|p2a: Mandibuzz","|-damage|p2a: Mandibuzz|333/424","|","|-heal|p1a: Gyarados|84/353|[from] item: Leftovers","|-heal|p2a: Mandibuzz|359/424|[from] item: Leftovers","|turn|23","|","|move|p2a: Mandibuzz|Protect|p2a: Mandibuzz","|-singleturn|p2a: Mandibuzz|Protect","|move|p1a: Gyarados|Bounce|p2a: Mandibuzz|[still]","|-prepare|p1a: Gyarados|Bounce|p2a: Mandibuzz","|","|-heal|p1a: Gyarados|106/353|[from] item: Leftovers","|-heal|p2a: Mandibuzz|385/424|[from] item: Leftovers","|turn|24","|","|move|p1a: Gyarados|Bounce|p2a: Mandibuzz|[from]lockedmove","|-damage|p2a: Mandibuzz|288/424","|-status|p2a: Mandibuzz|par","|move|p2a: Mandibuzz|Foul Play|p1a: Gyarados","|-damage|p1a: Gyarados|0 fnt","|faint|p1a: Gyarados","|","|-heal|p2a: Mandibuzz|314/424 par|[from] item: Leftovers","|","|switch|p1a: Poliie|Politoed, F, shiny|47/383","|-damage|p1a: Poliie|0 fnt|[from] Spikes","|faint|p1a: Poliie","|","|switch|p1a: SwampGun|Swampert-Mega, M|403/403","|-damage|p1a: SwampGun|378/403|[from] Stealth Rock","|-damage|p1a: SwampGun|328/403|[from] Spikes","|turn|25","|","|move|p2a: Mandibuzz|Protect|p2a: Mandibuzz","|-singleturn|p2a: Mandibuzz|Protect","|move|p1a: SwampGun|Waterfall|p2a: Mandibuzz","|-activate|p2a: Mandibuzz|Protect","|","|-heal|p2a: Mandibuzz|340/424 par|[from] item: Leftovers","|turn|26","|","|move|p1a: SwampGun|Waterfall|p2a: Mandibuzz","|-damage|p2a: Mandibuzz|222/424 par","|move|p2a: Mandibuzz|Foul Play|p1a: SwampGun","|-damage|p1a: SwampGun|139/403","|","|-heal|p2a: Mandibuzz|248/424 par|[from] item: Leftovers","|turn|27","|","|move|p2a: Mandibuzz|Protect|p2a: Mandibuzz","|-singleturn|p2a: Mandibuzz|Protect","|move|p1a: SwampGun|Waterfall|p2a: Mandibuzz","|-activate|p2a: Mandibuzz|Protect","|","|-heal|p2a: Mandibuzz|274/424 par|[from] item: Leftovers","|turn|28","|","|move|p1a: SwampGun|Waterfall|p2a: Mandibuzz","|-damage|p2a: Mandibuzz|154/424 par","|move|p2a: Mandibuzz|Foul Play|p1a: SwampGun","|-damage|p1a: SwampGun|0 fnt","|faint|p1a: SwampGun","|","|win|Alliance-Succubus"],"p1rating":{"entryid":"7585786","serverid":"eos","formatid":"monotype","userid":"rainsageherbs","username":"Rain SageHerbs","w":"5","l":4,"t":"0","gxe":54.3,"r":"1557.5934648193","rd":"91.91988460524","sigma":"0","rptime":"1439456400","rpr":1533.1243280701,"rprd":89.34663438448,"rpsigma":"0","acre":1115.1054280343,"lacre":1115.1054280343,"oldacre":"1150.2922199668"},"p2rating":{"entryid":7605632,"formatid":"monotype","userid":"alliancesuccubus","username":"Alliance-Succubus","r":1500,"rd":130,"sigma":0,"rpr":1548.0227171924,"rprd":122.52108175415,"rpsigma":0,"rptime":1439456400,"w":1,"l":0,"t":0,"gxe":56,"acre":1056.298867092,"lacre":1056.298867092,"oldacre":1000},"endType":"normal"}