{"seed":[16913,54936,35331,23544],"turns":28,"p1":"Sovereign♕rc17","p2":"InfernalxCrown","p1team":[{"name":"Shuckle","species":"Shuckle","item":"leftovers","ability":"Contrary","moves":["shellsmash","toxic","infestation","sandstorm"],"nature":"","evs":{"hp":252,"atk":0,"def":252,"spa":0,"spd":0,"spe":0},"ivs":{"hp":31,"atk":31,"def":31,"spa":31,"spd":31,"spe":31}},{"name":"Tyranitar","species":"Tyranitar","item":"smoothrock","ability":"Sand Stream","moves":["outrage","stealthrock","stoneedge","earthquake"],"nature":"Adamant","evs":{"hp":248,"atk":252,"def":0,"spa":0,"spd":8,"spe":0},"ivs":{"hp":31,"atk":31,"def":31,"spa":31,"spd":31,"spe":31}},{"name":"Terrakion","species":"Terrakion","item":"choiceband","ability":"Justified","moves":["closecombat","stoneedge","ironhead","earthquake"],"nature":"Jolly","evs":{"hp":0,"atk":252,"def":0,"spa":0,"spd":4,"spe":252},"ivs":{"hp":31,"atk":31,"def":31,"spa":31,"spd":31,"spe":31}},{"name":"Aerodactyl","species":"Aerodactyl","item":"aerodactylite","ability":"Rock Head","moves":["aquatail","dragonclaw","earthquake","stoneedge"],"nature":"Jolly","evs":{"hp":0,"atk":252,"def":0,"spa":0,"spd":4,"spe":252},"ivs":{"hp":31,"atk":31,"def":31,"spa":31,"spd":31,"spe":31}},{"name":"Diancie","species":"Diancie","item":"leftovers","ability":"Clear Body","moves":["calmmind","dazzlinggleam","earthpower","reflect"],"nature":"Modest","evs":{"hp":252,"atk":0,"def":0,"spa":252,"spd":4,"spe":0},"ivs":{"hp":31,"atk":31,"def":31,"spa":31,"spd":31,"spe":31}},{"name":"Regirock","species":"Regirock","item":"leftovers","ability":"Clear Body","moves":["bodyslam","drainpunch","thunderwave","sandstorm"],"nature":"Adamant","evs":{"hp":252,"atk":252,"def":0,"spa":0,"spd":4,"spe":0},"ivs":{"hp":31,"atk":31,"def":31,"spa":31,"spd":31,"spe":31}}],"p2team":[{"name":"Aegislash","species":"Aegislash","item":"weaknesspolicy","ability":"Stance Change","moves":["shadowball","shadowsneak","kingsshield","sacredsword"],"nature":"Brave","evs":{"hp":252,"atk":76,"def":0,"spa":176,"spd":4,"spe":0},"ivs":{"hp":31,"atk":31,"def":31,"spa":31,"spd":31,"spe":0},"shiny":true},{"name":"Sableye","species":"Sableye","item":"leftovers","ability":"Prankster","moves":["willowisp","recover","taunt","knockoff"],"nature":"Careful","evs":{"hp":252,"atk":0,"def":84,"spa":0,"spd":168,"spe":4},"ivs":{"hp":31,"atk":0,"def":31,"spa":31,"spd":31,"spe":31}},{"name":"Golurk","species":"Golurk","item":"focussash","ability":"No Guard","moves":["stealthrock","curse","dynamicpunch","stoneedge"],"nature":"Adamant","evs":{"hp":4,"atk":252,"def":0,"spa":0,"spd":0,"spe":252},"shiny":true,"ivs":{"hp":31,"atk":31,"def":31,"spa":31,"spd":31,"spe":31}},{"name":"Jellicent","species":"Jellicent","item":"leftovers","ability":"Cursed Body","moves":["acidarmor","toxic","recover","scald"],"nature":"Calm","evs":{"hp":252,"atk":0,"def":4,"spa":0,"spd":252,"spe":0},"gender":"M","ivs":{"hp":31,"atk":0,"def":31,"spa":31,"spd":31,"spe":31}},{"name":"Chandelure","species":"Chandelure","item":"choicescarf","ability":"Infiltrator","moves":["flamethrower","shadowball","energyball","trick"],"nature":"Timid","evs":{"hp":0,"atk":0,"def":4,"spa":252,"spd":0,"spe":252},"ivs":{"hp":31,"atk":0,"def":31,"spa":31,"spd":31,"spe":31},"shiny":true},{"name":"Gengar","species":"Gengar","item":"choicespecs","ability":"Levitate","moves":["dazzlinggleam","shadowball","thunderbolt","sludgewave"],"nature":"Timid","evs":{"hp":4,"atk":0,"def":0,"spa":252,"spd":0,"spe":252},"ivs":{"hp":31,"atk":0,"def":31,"spa":31,"spd":31,"spe":31}}],"log":["|player|p1|Sovereign♕rc17|130","|player|p2|InfernalxCrown|infernalxcrown.png","|gametype|singles","|gen|6","|tier|Monotype","|rated","|rule|Baton Pass Clause: Limit one Baton Passer, can't pass Spe and other stats simultaneously","|rule|Swagger Clause: Swagger is banned","|rule|Same Type Clause: Pokémon in a team must share a type","|clearpoke","|poke|p1|Shuckle, F","|poke|p1|Tyranitar, F","|poke|p1|Terrakion","|poke|p1|Aerodactyl, M","|poke|p1|Diancie","|poke|p1|Regirock","|poke|p2|Aegislash, F, shiny","|poke|p2|Sableye, M","|poke|p2|Golurk, shiny","|poke|p2|Jellicent, M","|poke|p2|Chandelure, M, shiny","|poke|p2|Gengar, M","|rule|Sleep Clause Mod: Limit one foe put to sleep","|rule|Species Clause: Limit one of each Pokémon","|rule|OHKO Clause: OHKO moves are banned","|rule|Moody Clause: Moody is banned","|rule|Evasion Moves Clause: Evasion moves are banned","|rule|Endless Battle Clause: Forcing endless battles is banned","|rule|HP Percentage Mod: HP is shown in percentages","|teampreview","|","|start","|switch|p1a: Shuckle|Shuckle, F|244/244","|switch|p2a: Golurk|Golurk, shiny|320/320","|turn|1","|","|move|p2a: Golurk|Dynamic Punch|p1a: Shuckle","|-damage|p1a: Shuckle|188/244","|-start|p1a: Shuckle|confusion","|-activate|p1a: Shuckle|confusion","|move|p1a: Shuckle|Infestation|p2a: Golurk","|-resisted|p2a: Golurk","|-damage|p2a: Golurk|316/320","|-activate|p2a: Golurk|move: Infestation|[of] p1a: Shuckle","|","|-heal|p1a: Shuckle|203/244|[from] item: Leftovers","|-damage|p2a: Golurk|276/320|[from] move: Infestation|[partiallytrapped]","|turn|2","|","|move|p2a: Golurk|Stone Edge|p1a: Shuckle","|-supereffective|p1a: Shuckle","|-damage|p1a: Shuckle|85/244","|-end|p1a: Shuckle|confusion","|move|p1a: Shuckle|Toxic|p2a: Golurk","|-status|p2a: Golurk|tox","|","|-heal|p1a: Shuckle|100/244|[from] item: Leftovers","|-damage|p2a: Golurk|256/320 tox|[from] psn","|-damage|p2a: Golurk|216/320 tox|[from] move: Infestation|[partiallytrapped]","|turn|3","|","|move|p2a: Golurk|Dynamic Punch|p1a: Shuckle","|-damage|p1a: Shuckle|44/244","|-start|p1a: Shuckle|confusion","|-activate|p1a: Shuckle|confusion","|-damage|p1a: Shuckle|40/244|[from] confusion","|","|-heal|p1a: Shuckle|55/244|[from] item: Leftovers","|-damage|p2a: Golurk|176/320 tox|[from] psn","|-damage|p2a: Golurk|136/320 tox|[from] move: Infestation|[partiallytrapped]","|turn|4","|","|move|p2a: Golurk|Dynamic Punch|p1a: Shuckle","|-damage|p1a: Shuckle|0 fnt","|faint|p1a: Shuckle","|","|-damage|p2a: Golurk|76/320 tox|[from] psn","|","|switch|p1a: Terrakion|Terrakion|323/323","|turn|5","|","|switch|p2a: Gengar|Gengar, M|262/262","|move|p1a: Terrakion|Iron Head|p2a: Gengar","|-damage|p2a: Gengar|30/262","|","|turn|6","|","|switch|p2a: Aegislash|Aegislash, F, shiny|324/324","|move|p1a: Terrakion|Iron Head|p2a: Aegislash","|-resisted|p2a: Aegislash","|-damage|p2a: Aegislash|276/324","|","|turn|7","|","|switch|p1a: Regirock|Regirock|364/364","|switch|p2a: Gengar|Gengar, M|30/262","|","|turn|8","|","|move|p2a: Gengar|Shadow Ball|p1a: Regirock","|-damage|p1a: Regirock|150/364","|move|p1a: Regirock|Thunder Wave|p2a: Gengar","|-status|p2a: Gengar|par","|","|-heal|p1a: Regirock|172/364|[from] item: Leftovers","|turn|9","|","|switch|p1a: Terrakion|Terrakion|323/323","|move|p2a: Gengar|Shadow Ball|p1a: Terrakion","|-damage|p1a: Terrakion|110/323","|","|turn|10","|","|switch|p2a: Aegislash|Aegislash, F, shiny|276/324","|move|p1a: Terrakion|Earthquake|p2a: Aegislash","|-supereffective|p2a: Aegislash","|-damage|p2a: Aegislash|6/324","|-enditem|p2a: Aegislash|Weakness Policy","|-boost|p2a: Aegislash|atk|2|[from] item: Weakness Policy","|-boost|p2a: Aegislash|spa|2|[from] item: Weakness Policy","|","|turn|11","|","|-formechange|p2a: Aegislash|Aegislash-Blade","|move|p2a: Aegislash|Shadow Sneak|p1a: Terrakion","|-damage|p1a: Terrakion|0 fnt","|faint|p1a: Terrakion","|","|","|switch|p1a: Diancie|Diancie|304/304","|turn|12","|","|move|p2a: Aegislash|Shadow Sneak|p1a: Diancie","|-damage|p1a: Diancie|190/304","|move|p1a: Diancie|Earth Power|p2a: Aegislash","|-supereffective|p2a: Aegislash","|-damage|p2a: Aegislash|0 fnt","|faint|p2a: Aegislash","|","|-heal|p1a: Diancie|209/304|[from] item: Leftovers","|","|switch|p2a: Jellicent|Jellicent, M|404/404","|turn|13","|","|move|p2a: Jellicent|Acid Armor|p2a: Jellicent","|-boost|p2a: Jellicent|def|2","|move|p1a: Diancie|Reflect|p1a: Diancie","|-sidestart|p1: Sovereign♕rc17|Reflect","|","|-heal|p1a: Diancie|228/304|[from] item: Leftovers","|turn|14","|","|move|p2a: Jellicent|Acid Armor|p2a: Jellicent","|-boost|p2a: Jellicent|def|2","|move|p1a: Diancie|Dazzling Gleam|p2a: Jellicent","|-damage|p2a: Jellicent|308/404","|-start|p1a: Diancie|Disable|Dazzling Gleam","|","|-heal|p2a: Jellicent|333/404|[from] item: Leftovers","|-heal|p1a: Diancie|247/304|[from] item: Leftovers","|turn|15","|","|switch|p1a: Aerodactyl|Aerodactyl, M|301/301","|move|p2a: Jellicent|Scald|p1a: Aerodactyl","|-supereffective|p1a: Aerodactyl","|-damage|p1a: Aerodactyl|85/301","|","|-heal|p2a: Jellicent|358/404|[from] item: Leftovers","|turn|16","|","|detailschange|p1a: Aerodactyl|Aerodactyl-Mega, M","|-mega|p1a: Aerodactyl|Aerodactyl|Aerodactylite","|move|p1a: Aerodactyl|Dragon Claw|p2a: Jellicent","|-damage|p2a: Jellicent|304/404","|move|p2a: Jellicent|Scald|p1a: Aerodactyl","|-supereffective|p1a: Aerodactyl","|-damage|p1a: Aerodactyl|0 fnt","|faint|p1a: Aerodactyl","|","|-heal|p2a: Jellicent|329/404|[from] item: Leftovers","|","|switch|p1a: Regirock|Regirock|172/364","|turn|17","|","|move|p2a: Jellicent|Scald|p1a: Regirock","|-supereffective|p1a: Regirock","|-damage|p1a: Regirock|14/364","|move|p1a: Regirock|Thunder Wave|p2a: Jellicent","|-status|p2a: Jellicent|par","|","|-heal|p1a: Regirock|36/364|[from] item: Leftovers","|-heal|p2a: Jellicent|354/404 par|[from] item: Leftovers","|-sideend|p1: Sovereign♕rc17|Reflect","|turn|18","|","|move|p1a: Regirock|Sandstorm|p1a: Regirock","|-weather|Sandstorm","|move|p2a: Jellicent|Scald|p1a: Regirock","|-supereffective|p1a: Regirock","|-damage|p1a: Regirock|0 fnt","|faint|p1a: Regirock","|","|-weather|Sandstorm|[upkeep]","|-damage|p2a: Jellicent|329/404 par|[from] sandstorm","|-heal|p2a: Jellicent|354/404 par|[from] item: Leftovers","|","|switch|p1a: Tyranitar|Tyranitar, F|403/403","|turn|19","|","|move|p1a: Tyranitar|Outrage|p2a: Jellicent","|-damage|p2a: Jellicent|276/404 par","|-start|p1a: Tyranitar|Disable|Outrage","|move|p2a: Jellicent|Scald|p1a: Tyranitar","|-supereffective|p1a: Tyranitar","|-damage|p1a: Tyranitar|289/403","|","|-weather|Sandstorm|[upkeep]","|-damage|p2a: Jellicent|251/404 par|[from] sandstorm","|-heal|p2a: Jellicent|276/404 par|[from] item: Leftovers","|turn|20","|","|cant|p1a: Tyranitar|Disable|Outrage","|cant|p2a: Jellicent|par","|","|-weather|Sandstorm|[upkeep]","|-damage|p2a: Jellicent|251/404 par|[from] sandstorm","|-heal|p2a: Jellicent|276/404 par|[from] item: Leftovers","|turn|21","|","|move|p1a: Tyranitar|Stealth Rock|p2a: Jellicent","|-sidestart|p2: InfernalxCrown|move: Stealth Rock","|move|p2a: Jellicent|Toxic|p1a: Tyranitar","|-status|p1a: Tyranitar|tox","|","|-weather|Sandstorm|[upkeep]","|-damage|p2a: Jellicent|251/404 par|[from] sandstorm","|-heal|p2a: Jellicent|276/404 par|[from] item: Leftovers","|-damage|p1a: Tyranitar|264/403 tox|[from] psn","|turn|22","|","|move|p1a: Tyranitar|Stone Edge|p2a: Jellicent","|-damage|p2a: Jellicent|194/404 par","|move|p2a: Jellicent|Scald|p1a: Tyranitar","|-supereffective|p1a: Tyranitar","|-damage|p1a: Tyranitar|156/403 tox","|","|-weather|none","|-heal|p2a: Jellicent|219/404 par|[from] item: Leftovers","|-damage|p1a: Tyranitar|106/403 tox|[from] psn","|turn|23","|","|move|p1a: Tyranitar|Stone Edge|p2a: Jellicent","|-damage|p2a: Jellicent|131/404 par","|move|p2a: Jellicent|Recover|p2a: Jellicent","|-heal|p2a: Jellicent|333/404 par","|","|-heal|p2a: Jellicent|358/404 par|[from] item: Leftovers","|-damage|p1a: Tyranitar|31/403 tox|[from] psn","|-end|p1a: Tyranitar|Disable","|turn|24","|","|move|p1a: Tyranitar|Stone Edge|p2a: Jellicent","|-damage|p2a: Jellicent|270/404 par","|move|p2a: Jellicent|Recover|p2a: Jellicent","|-heal|p2a: Jellicent|404/404 par","|","|-damage|p1a: Tyranitar|0 fnt|[from] psn","|faint|p1a: Tyranitar","|","|switch|p1a: Diancie|Diancie|247/304","|turn|25","|","|move|p1a: Diancie|Earth Power|p2a: Jellicent","|-damage|p2a: Jellicent|334/404 par","|cant|p2a: Jellicent|par","|","|-heal|p1a: Diancie|266/304|[from] item: Leftovers","|-heal|p2a: Jellicent|359/404 par|[from] item: Leftovers","|turn|26","|","|move|p1a: Diancie|Reflect|p1a: Diancie","|-sidestart|p1: Sovereign♕rc17|Reflect","|move|p2a: Jellicent|Toxic|p1a: Diancie","|-status|p1a: Diancie|tox","|","|-heal|p1a: Diancie|285/304 tox|[from] item: Leftovers","|-heal|p2a: Jellicent|384/404 par|[from] item: Leftovers","|-damage|p1a: Diancie|266/304 tox|[from] psn","|turn|27","|","|move|p1a: Diancie|Dazzling Gleam|p2a: Jellicent","|-damage|p2a: Jellicent|300/404 par","|move|p2a: Jellicent|Scald|p1a: Diancie","|-supereffective|p1a: Diancie","|-damage|p1a: Diancie|156/304 tox","|","|-heal|p1a: Diancie|175/304 tox|[from] item: Leftovers","|-heal|p2a: Jellicent|325/404 par|[from] item: Leftovers","|-damage|p1a: Diancie|137/304 tox|[from] psn","|turn|28","|","|move|p1a: Diancie|Dazzling Gleam|p2a: Jellicent","|-damage|p2a: Jellicent|238/404 par","|-start|p1a: Diancie|Disable|Dazzling Gleam","|move|p2a: Jellicent|Scald|p1a: Diancie","|-supereffective|p1a: Diancie","|-damage|p1a: Diancie|9/304 tox","|","|-heal|p1a: Diancie|28/304 tox|[from] item: Leftovers","|-heal|p2a: Jellicent|263/404 par|[from] item: Leftovers","|-damage|p1a: Diancie|0 fnt|[from] psn","|faint|p1a: Diancie","|","|win|InfernalxCrown"],"p1rating":{"entryid":"7603379","serverid":"eos","formatid":"monotype","userid":"sovereignrc17","username":"Sovereign♕rc17","w":"1","l":1,"t":"0","gxe":50.4,"r":"1500","rd":"130","sigma":"0","rptime":"1439456400","rpr":1503.2312464967,"rprd":115.6105044365,"rpsigma":"0","acre":1039.5035268948,"lacre":1039.5035268948,"oldacre":"1053.0827715323"},"p2rating":{"entryid":"5724468","serverid":"eos","formatid":"monotype","userid":"infernalxcrown","username":"InfernalxCrown","w":86,"l":"80","t":"0","gxe":53.3,"r":"1524.6365674717","rd":"38.448808431669","sigma":"0","rptime":"1439456400","rpr":1525.0446379268,"rprd":38.035911878713,"rpsigma":"0","acre":1158.5087567405,"lacre":1158.5087567405,"oldacre":"1139.6092322531"},"endType":"normal"}