{"seed":[33702,7776,18197,51821],"turns":34,"p1":"Outcast Brett","p2":"Lexi_Lynn","p1team":[{"name":"Ho-Oh","moves":["sacredfire","bravebird","toxic","substitute"],"ability":"Regenerator","evs":{"hp":85,"atk":85,"def":85,"spa":85,"spd":85,"spe":85},"ivs":{"hp":31,"atk":31,"def":31,"spa":31,"spd":31,"spe":31},"item":"Leftovers","level":73,"shiny":false},{"name":"Skuntank","moves":["pursuit","poisonjab","taunt","fireblast"],"ability":"Aftermath","evs":{"hp":85,"atk":85,"def":85,"spa":85,"spd":85,"spe":85},"ivs":{"hp":31,"atk":31,"def":31,"spa":31,"spd":31,"spe":31},"item":"Life Orb","level":81,"shiny":false},{"name":"Spiritomb","moves":["painsplit","willowisp","pursuit","shadowsneak"],"ability":"Infiltrator","evs":{"hp":85,"atk":85,"def":85,"spa":85,"spd":85,"spe":85},"ivs":{"hp":31,"atk":31,"def":31,"spa":31,"spd":31,"spe":31},"item":"Leftovers","level":79,"shiny":false},{"name":"Vespiquen","moves":["toxic","attackorder","substitute","healorder"],"ability":"Unnerve","evs":{"hp":81,"atk":89,"def":85,"spa":85,"spd":85,"spe":85},"ivs":{"hp":31,"atk":31,"def":31,"spa":31,"spd":31,"spe":31},"item":"Leftovers","level":83,"shiny":false},{"name":"Stantler","moves":["suckerpunch","megahorn","doubleedge","jumpkick"],"ability":"Sap Sipper","evs":{"hp":85,"atk":85,"def":85,"spa":85,"spd":85,"spe":85},"ivs":{"hp":31,"atk":31,"def":31,"spa":31,"spd":31,"spe":31},"item":"Life Orb","level":83,"shiny":false},{"name":"Tropius","moves":["airslash","substitute","leechseed","gigadrain"],"ability":"Harvest","evs":{"hp":81,"atk":85,"def":85,"spa":89,"spd":85,"spe":85},"ivs":{"hp":31,"atk":31,"def":31,"spa":31,"spd":31,"spe":31},"item":"Sitrus Berry","level":83,"shiny":false}],"p2team":[{"name":"Hitmonlee","moves":["fakeout","knockoff","stoneedge","highjumpkick"],"ability":"Unburden","evs":{"hp":85,"atk":85,"def":85,"spa":85,"spd":85,"spe":85},"ivs":{"hp":31,"atk":31,"def":31,"spa":31,"spd":31,"spe":31},"item":"Normal Gem","level":79,"shiny":false},{"name":"Deoxys-Defense","moves":["toxic","recover","taunt","seismictoss"],"ability":"Pressure","evs":{"hp":85,"atk":85,"def":85,"spa":85,"spd":85,"spe":85},"ivs":{"hp":31,"atk":31,"def":31,"spa":31,"spd":31,"spe":31},"item":"Leftovers","level":73,"shiny":false},{"name":"Krookodile","moves":["pursuit","knockoff","superpower","stoneedge"],"ability":"Intimidate","evs":{"hp":85,"atk":85,"def":85,"spa":85,"spd":85,"spe":85},"ivs":{"hp":31,"atk":31,"def":31,"spa":31,"spd":31,"spe":31},"item":"Choice Scarf","level":77,"shiny":false},{"name":"Bellossom","moves":["sleeppowder","gigadrain","synthesis","hiddenpowerfire"],"ability":"Chlorophyll","evs":{"hp":85,"atk":85,"def":85,"spa":85,"spd":85,"spe":85},"ivs":{"hp":31,"atk":30,"def":31,"spa":30,"spd":31,"spe":30},"item":"Leftovers","level":83,"shiny":false},{"name":"Sylveon","moves":["hypervoice","shadowball","protect","calmmind"],"ability":"Pixilate","evs":{"hp":85,"atk":85,"def":85,"spa":85,"spd":85,"spe":85},"ivs":{"hp":31,"atk":31,"def":31,"spa":31,"spd":31,"spe":31},"item":"Leftovers","level":75,"shiny":false},{"name":"Noivern","moves":["hurricane","taunt","uturn","switcheroo"],"ability":"Infiltrator","evs":{"hp":85,"atk":85,"def":85,"spa":85,"spd":85,"spe":85},"ivs":{"hp":31,"atk":31,"def":31,"spa":31,"spd":31,"spe":31},"item":"Choice Scarf","level":78,"shiny":false}],"log":["|player|p1|Outcast Brett|101","|player|p2|Lexi_Lynn|lexilynn.gif","|gametype|singles","|gen|6","|tier|Random Battle","|rated","|rule|Sleep Clause Mod: Limit one foe put to sleep","|rule|HP Percentage Mod: HP is shown in percentages","|","|start","|switch|p1a: Ho-Oh|Ho-Oh, L73|275/275","|switch|p2a: Hitmonlee|Hitmonlee, L79, M|209/209","|turn|1","|","|switch|p1a: Spiritomb|Spiritomb, L79, M|209/209","|move|p2a: Hitmonlee|Stone Edge|p1a: Spiritomb|[miss]","|-miss|p2a: Hitmonlee|p1a: Spiritomb","|","|turn|2","|","|move|p2a: Hitmonlee|High Jump Kick|p1a: Spiritomb","|-immune|p1a: Spiritomb|[msg]","|-damage|p2a: Hitmonlee|105/209|[from] highjumpkick","|move|p1a: Spiritomb|Will-O-Wisp|p2a: Hitmonlee","|-status|p2a: Hitmonlee|brn","|","|-damage|p2a: Hitmonlee|79/209 brn|[from] brn","|turn|3","|","|switch|p2a: Deoxys-Defense|Deoxys-Defense, L73|193/193","|-ability|p2a: Deoxys-Defense|Pressure","|move|p1a: Spiritomb|Shadow Sneak|p2a: Deoxys-Defense","|-supereffective|p2a: Deoxys-Defense","|-damage|p2a: Deoxys-Defense|139/193","|","|-heal|p2a: Deoxys-Defense|151/193|[from] item: Leftovers","|turn|4","|","|move|p2a: Deoxys-Defense|Toxic|p1a: Spiritomb","|-status|p1a: Spiritomb|tox","|move|p1a: Spiritomb|Will-O-Wisp|p2a: Deoxys-Defense|[miss]","|-miss|p1a: Spiritomb|p2a: Deoxys-Defense","|","|-heal|p2a: Deoxys-Defense|163/193|[from] item: Leftovers","|-damage|p1a: Spiritomb|196/209 tox|[from] psn","|turn|5","|","|switch|p2a: Noivern|Noivern, L78, M|261/261","|switch|p1a: Skuntank|Skuntank, L81, M|299/299","|","|turn|6","|","|move|p2a: Noivern|Hurricane|p1a: Skuntank","|-damage|p1a: Skuntank|155/299","|move|p1a: Skuntank|Poison Jab|p2a: Noivern","|-damage|p2a: Noivern|154/261","|-damage|p1a: Skuntank|126/299|[from] item: Life Orb","|","|turn|7","|","|move|p2a: Noivern|Hurricane|p1a: Skuntank","|-damage|p1a: Skuntank|0 fnt","|faint|p1a: Skuntank","|","|","|switch|p1a: Stantler|Stantler, L83, F|257/257","|turn|8","|","|switch|p2a: Hitmonlee|Hitmonlee, L79, M|79/209 brn","|move|p1a: Stantler|Sucker Punch|p2a: Hitmonlee","|-fail|p1a: Stantler","|","|-damage|p2a: Hitmonlee|53/209 brn|[from] brn","|turn|9","|","|switch|p1a: Ho-Oh|Ho-Oh, L73|275/275","|move|p2a: Hitmonlee|High Jump Kick|p1a: Ho-Oh","|-resisted|p1a: Ho-Oh","|-damage|p1a: Ho-Oh|238/275","|","|-heal|p1a: Ho-Oh|255/275|[from] item: Leftovers","|-damage|p2a: Hitmonlee|27/209 brn|[from] brn","|turn|10","|","|switch|p2a: Sylveon|Sylveon, L75, M|266/266","|move|p1a: Ho-Oh|Substitute|p1a: Ho-Oh","|-start|p1a: Ho-Oh|Substitute","|-damage|p1a: Ho-Oh|187/275","|","|-heal|p1a: Ho-Oh|204/275|[from] item: Leftovers","|turn|11","|","|move|p1a: Ho-Oh|Toxic|p2a: Sylveon|[miss]","|-miss|p1a: Ho-Oh|p2a: Sylveon","|move|p2a: Sylveon|Calm Mind|p2a: Sylveon","|-boost|p2a: Sylveon|spa|1","|-boost|p2a: Sylveon|spd|1","|","|-heal|p1a: Ho-Oh|221/275|[from] item: Leftovers","|turn|12","|","|move|p1a: Ho-Oh|Toxic|p2a: Sylveon","|-status|p2a: Sylveon|tox","|move|p2a: Sylveon|Hyper Voice|p1a: Ho-Oh","|-resisted|p1a: Ho-Oh","|-damage|p1a: Ho-Oh|156/275","|","|-heal|p1a: Ho-Oh|173/275|[from] item: Leftovers","|-damage|p2a: Sylveon|250/266 tox|[from] psn","|turn|13","|","|move|p1a: Ho-Oh|Sacred Fire|p2a: Sylveon","|-damage|p2a: Sylveon|115/266 tox","|move|p2a: Sylveon|Hyper Voice|p1a: Ho-Oh","|-resisted|p1a: Ho-Oh","|-damage|p1a: Ho-Oh|107/275","|","|-heal|p1a: Ho-Oh|124/275|[from] item: Leftovers","|-heal|p2a: Sylveon|131/266 tox|[from] item: Leftovers","|-damage|p2a: Sylveon|99/266 tox|[from] psn","|turn|14","|","|move|p1a: Ho-Oh|Sacred Fire|p2a: Sylveon","|-damage|p2a: Sylveon|0 fnt","|faint|p2a: Sylveon","|","|-heal|p1a: Ho-Oh|141/275|[from] item: Leftovers","|","|switch|p2a: Krookodile|Krookodile, L77, M|273/273","|-ability|p2a: Krookodile|Intimidate","|-activate|p1a: Ho-Oh|Substitute|ability: Intimidate|[of] p2a: Krookodile","|turn|15","|","|switch|p1a: Tropius|Tropius, L83, M|299/299","|move|p2a: Krookodile|Stone Edge|p1a: Tropius","|-supereffective|p1a: Tropius","|-damage|p1a: Tropius|153/299","|","|turn|16","|","|move|p2a: Krookodile|Stone Edge|p1a: Tropius","|-supereffective|p1a: Tropius","|-damage|p1a: Tropius|7/299","|-enditem|p1a: Tropius|Sitrus Berry|[eat]","|-heal|p1a: Tropius|81/299|[from] item: Sitrus Berry","|move|p1a: Tropius|Giga Drain|p2a: Krookodile","|-supereffective|p2a: Krookodile","|-damage|p2a: Krookodile|111/273","|-heal|p1a: Tropius|162/299|[from] drain|[of] p2a: Krookodile","|","|turn|17","|","|move|p2a: Krookodile|Stone Edge|p1a: Tropius","|-crit|p1a: Tropius","|-supereffective|p1a: Tropius","|-damage|p1a: Tropius|0 fnt","|faint|p1a: Tropius","|","|","|switch|p1a: Ho-Oh|Ho-Oh, L73|232/275","|turn|18","|","|move|p2a: Krookodile|Stone Edge|p1a: Ho-Oh","|-supereffective|p1a: Ho-Oh","|-damage|p1a: Ho-Oh|0 fnt","|faint|p1a: Ho-Oh","|","|","|switch|p1a: Stantler|Stantler, L83, F|257/257","|turn|19","|","|switch|p2a: Bellossom|Bellossom, L83, F|260/260","|move|p1a: Stantler|Jump Kick|p2a: Bellossom","|-damage|p2a: Bellossom|170/260","|-damage|p1a: Stantler|232/257|[from] item: Life Orb","|","|-heal|p2a: Bellossom|186/260|[from] item: Leftovers","|turn|20","|","|move|p1a: Stantler|Megahorn|p2a: Bellossom","|-supereffective|p2a: Bellossom","|-damage|p2a: Bellossom|0 fnt","|-damage|p1a: Stantler|207/257|[from] item: Life Orb","|faint|p2a: Bellossom","|","|","|switch|p2a: Krookodile|Krookodile, L77, M|111/273","|-ability|p2a: Krookodile|Intimidate","|-unboost|p1a: Stantler|atk|1","|turn|21","|","|move|p2a: Krookodile|Superpower|p1a: Stantler","|-supereffective|p1a: Stantler","|-damage|p1a: Stantler|0 fnt","|-unboost|p2a: Krookodile|atk|1","|-unboost|p2a: Krookodile|def|1","|faint|p1a: Stantler","|","|","|switch|p1a: Vespiquen|Vespiquen, L83, F|251/251","|-ability|p1a: Vespiquen|Unnerve|p2: Lexi_Lynn","|turn|22","|","|move|p2a: Krookodile|Superpower|p1a: Vespiquen","|-resisted|p1a: Vespiquen","|-damage|p1a: Vespiquen|238/251","|-unboost|p2a: Krookodile|atk|1","|-unboost|p2a: Krookodile|def|1","|move|p1a: Vespiquen|Attack Order|p2a: Krookodile","|-supereffective|p2a: Krookodile","|-damage|p2a: Krookodile|0 fnt","|faint|p2a: Krookodile","|","|-heal|p1a: Vespiquen|251/251|[from] item: Leftovers","|","|switch|p2a: Noivern|Noivern, L78, M|154/261","|turn|23","|","|move|p2a: Noivern|Hurricane|p1a: Vespiquen","|-supereffective|p1a: Vespiquen","|-damage|p1a: Vespiquen|81/251","|move|p1a: Vespiquen|Toxic|p2a: Noivern","|-status|p2a: Noivern|tox","|","|-heal|p1a: Vespiquen|96/251|[from] item: Leftovers","|-damage|p2a: Noivern|138/261 tox|[from] psn","|turn|24","|","|move|p2a: Noivern|Hurricane|p1a: Vespiquen|[miss]","|-miss|p2a: Noivern|p1a: Vespiquen","|move|p1a: Vespiquen|Heal Order|p1a: Vespiquen","|-heal|p1a: Vespiquen|222/251","|","|-heal|p1a: Vespiquen|237/251|[from] item: Leftovers","|-damage|p2a: Noivern|106/261 tox|[from] psn","|turn|25","|","|move|p2a: Noivern|Hurricane|p1a: Vespiquen|[miss]","|-miss|p2a: Noivern|p1a: Vespiquen","|move|p1a: Vespiquen|Heal Order|p1a: Vespiquen","|-heal|p1a: Vespiquen|251/251","|","|-damage|p2a: Noivern|58/261 tox|[from] psn","|turn|26","|","|move|p2a: Noivern|Hurricane|p1a: Vespiquen","|-supereffective|p1a: Vespiquen","|-damage|p1a: Vespiquen|65/251","|-start|p1a: Vespiquen|confusion","|-activate|p1a: Vespiquen|confusion","|-damage|p1a: Vespiquen|43/251|[from] confusion","|","|-heal|p1a: Vespiquen|58/251|[from] item: Leftovers","|-damage|p2a: Noivern|0 fnt|[from] psn","|faint|p2a: Noivern","|","|switch|p2a: Deoxys-Defense|Deoxys-Defense, L73|163/193","|-ability|p2a: Deoxys-Defense|Pressure","|turn|27","|","|move|p2a: Deoxys-Defense|Seismic Toss|p1a: Vespiquen","|-damage|p1a: Vespiquen|0 fnt","|faint|p1a: Vespiquen","|","|-heal|p2a: Deoxys-Defense|175/193|[from] item: Leftovers","|","|switch|p1a: Spiritomb|Spiritomb, L79, M|196/209 tox","|turn|28","|","|move|p1a: Spiritomb|Shadow Sneak|p2a: Deoxys-Defense","|-crit|p2a: Deoxys-Defense","|-supereffective|p2a: Deoxys-Defense","|-damage|p2a: Deoxys-Defense|95/193","|move|p2a: Deoxys-Defense|Seismic Toss|p1a: Spiritomb","|-immune|p1a: Spiritomb|[msg]","|","|-heal|p2a: Deoxys-Defense|107/193|[from] item: Leftovers","|-heal|p1a: Spiritomb|209/209 tox|[from] item: Leftovers","|-damage|p1a: Spiritomb|196/209 tox|[from] psn","|turn|29","|","|switch|p2a: Hitmonlee|Hitmonlee, L79, M|27/209 brn","|move|p1a: Spiritomb|Will-O-Wisp|p2a: Hitmonlee","|-fail|p2a: Hitmonlee|brn","|","|-heal|p1a: Spiritomb|209/209 tox|[from] item: Leftovers","|-damage|p2a: Hitmonlee|1/209 brn|[from] brn","|-damage|p1a: Spiritomb|183/209 tox|[from] psn","|turn|30","|","|move|p1a: Spiritomb|Shadow Sneak|p2a: Hitmonlee","|-damage|p2a: Hitmonlee|0 fnt","|faint|p2a: Hitmonlee","|","|-heal|p1a: Spiritomb|196/209 tox|[from] item: Leftovers","|-damage|p1a: Spiritomb|157/209 tox|[from] psn","|","|switch|p2a: Deoxys-Defense|Deoxys-Defense, L73|107/193","|-ability|p2a: Deoxys-Defense|Pressure","|turn|31","|","|move|p2a: Deoxys-Defense|Recover|p2a: Deoxys-Defense","|-heal|p2a: Deoxys-Defense|193/193","|move|p1a: Spiritomb|Will-O-Wisp|p2a: Deoxys-Defense","|-status|p2a: Deoxys-Defense|brn","|","|-heal|p1a: Spiritomb|170/209 tox|[from] item: Leftovers","|-damage|p2a: Deoxys-Defense|169/193 brn|[from] brn","|-damage|p1a: Spiritomb|118/209 tox|[from] psn","|turn|32","|","|move|p1a: Spiritomb|Shadow Sneak|p2a: Deoxys-Defense","|-supereffective|p2a: Deoxys-Defense","|-damage|p2a: Deoxys-Defense|115/193 brn","|move|p2a: Deoxys-Defense|Taunt|p1a: Spiritomb","|-start|p1a: Spiritomb|move: Taunt","|","|-heal|p2a: Deoxys-Defense|127/193 brn|[from] item: Leftovers","|-heal|p1a: Spiritomb|131/209 tox|[from] item: Leftovers","|-damage|p2a: Deoxys-Defense|103/193 brn|[from] brn","|-damage|p1a: Spiritomb|66/209 tox|[from] psn","|turn|33","|","|move|p2a: Deoxys-Defense|Recover|p2a: Deoxys-Defense","|-heal|p2a: Deoxys-Defense|193/193 brn","|move|p1a: Spiritomb|Pursuit|p2a: Deoxys-Defense","|-supereffective|p2a: Deoxys-Defense","|-damage|p2a: Deoxys-Defense|137/193 brn","|","|-heal|p2a: Deoxys-Defense|149/193 brn|[from] item: Leftovers","|-heal|p1a: Spiritomb|79/209 tox|[from] item: Leftovers","|-damage|p2a: Deoxys-Defense|125/193 brn|[from] brn","|-damage|p1a: Spiritomb|1/209 tox|[from] psn","|turn|34","|","|move|p2a: Deoxys-Defense|Recover|p2a: Deoxys-Defense","|-heal|p2a: Deoxys-Defense|193/193 brn","|move|p1a: Spiritomb|Pursuit|p2a: Deoxys-Defense","|-supereffective|p2a: Deoxys-Defense","|-damage|p2a: Deoxys-Defense|137/193 brn","|","|-heal|p2a: Deoxys-Defense|149/193 brn|[from] item: Leftovers","|-heal|p1a: Spiritomb|14/209 tox|[from] item: Leftovers","|-damage|p2a: Deoxys-Defense|125/193 brn|[from] brn","|-damage|p1a: Spiritomb|0 fnt|[from] psn","|faint|p1a: Spiritomb","|","|win|Lexi_Lynn"],"p1rating":{"entryid":"7649549","serverid":"eos","formatid":"randombattle","userid":"outcastbrett","username":"Outcast Brett","w":"0","l":2,"t":"0","gxe":40.7,"r":"1500","rd":"130","sigma":"0","rptime":"1439629200","rpr":1425.3990754439,"rprd":116.74051437297,"rpsigma":"0","acre":1000,"lacre":1000,"oldacre":"1000"},"p2rating":{"entryid":"6791775","serverid":"eos","formatid":"randombattle","userid":"lexilynn","username":"Lexi_Lynn","w":4,"l":"10","t":"0","gxe":37.1,"r":1372.7170004673,"rd":86.658850268038,"sigma":"0","rptime":1439629200,"rpr":1398.0156101047,"rprd":84.671105824298,"rpsigma":"0","acre":1042.2615216803,"lacre":1042.2615216803,"oldacre":"1003.071885131"},"endType":"normal"}