{"seed":[55478,43284,55552,26660],"turns":21,"p1":"Emg GL Linket","p2":"Schuabinha01","p1team":[{"name":"Breloom","moves":["machpunch","spore","rocktomb","bulletseed"],"ability":"Technician","evs":{"hp":85,"atk":85,"def":85,"spa":85,"spd":85,"spe":85},"ivs":{"hp":31,"atk":31,"def":31,"spa":31,"spd":31,"spe":31},"item":"Life Orb","level":75,"shiny":false},{"name":"Tyranitar","moves":["stoneedge","earthquake","dragondance","crunch"],"ability":"Sand Stream","evs":{"hp":85,"atk":85,"def":85,"spa":85,"spd":85,"spe":85},"ivs":{"hp":31,"atk":31,"def":31,"spa":31,"spd":31,"spe":31},"item":"Tyranitarite","level":75,"shiny":false},{"name":"Mr. Mime","moves":["shadowball","focusblast","dazzlinggleam","nastyplot"],"ability":"Filter","evs":{"hp":85,"atk":85,"def":85,"spa":85,"spd":85,"spe":85},"ivs":{"hp":31,"atk":31,"def":31,"spa":31,"spd":31,"spe":31},"item":"Life Orb","level":83,"shiny":false},{"name":"Flareon","moves":["protect","facade","wish","flareblitz"],"ability":"Guts","evs":{"hp":81,"atk":89,"def":85,"spa":85,"spd":85,"spe":85},"ivs":{"hp":31,"atk":31,"def":31,"spa":31,"spd":31,"spe":31},"item":"Toxic Orb","level":83,"shiny":false},{"name":"Cobalion","moves":["stealthrock","stoneedge","taunt","ironhead"],"ability":"Justified","evs":{"hp":85,"atk":85,"def":85,"spa":85,"spd":85,"spe":85},"ivs":{"hp":31,"atk":31,"def":31,"spa":31,"spd":31,"spe":31},"item":"Air Balloon","level":77,"shiny":false},{"name":"Infernape","moves":["uturn","machpunch","thunderpunch","hiddenpowerice"],"ability":"Iron Fist","evs":{"hp":85,"atk":85,"def":85,"spa":85,"spd":85,"spe":85},"ivs":{"hp":31,"atk":30,"def":30,"spa":31,"spd":31,"spe":31},"item":"Expert Belt","level":77,"shiny":false}],"p2team":[{"name":"Bibarel","moves":["waterfall","return","curse","rest"],"ability":"Simple","evs":{"hp":85,"atk":85,"def":85,"spa":85,"spd":85,"spe":85},"ivs":{"hp":31,"atk":31,"def":31,"spa":31,"spd":31,"spe":31},"item":"Chesto Berry","level":83,"shiny":false},{"name":"Klinklang","moves":["return","shiftgear","geargrind","substitute"],"ability":"Clear Body","evs":{"hp":85,"atk":85,"def":85,"spa":85,"spd":85,"spe":85},"ivs":{"hp":31,"atk":31,"def":31,"spa":31,"spd":31,"spe":31},"item":"Leftovers","level":81,"shiny":false},{"name":"Crobat","moves":["defog","taunt","toxic","bravebird"],"ability":"Infiltrator","evs":{"hp":85,"atk":85,"def":85,"spa":85,"spd":85,"spe":85},"ivs":{"hp":31,"atk":31,"def":31,"spa":31,"spd":31,"spe":31},"item":"Black Sludge","level":77,"shiny":false},{"name":"Raichu","moves":["thunderbolt","focusblast","encore","hiddenpowerice"],"ability":"Lightning Rod","evs":{"hp":85,"atk":85,"def":85,"spa":85,"spd":85,"spe":85},"ivs":{"hp":31,"atk":30,"def":30,"spa":31,"spd":31,"spe":31},"item":"Life Orb","level":83,"shiny":false},{"name":"Gliscor","moves":["roost","taunt","knockoff","earthquake"],"ability":"Poison Heal","evs":{"hp":85,"atk":85,"def":85,"spa":85,"spd":85,"spe":85},"ivs":{"hp":31,"atk":31,"def":31,"spa":31,"spd":31,"spe":31},"item":"Toxic Orb","level":75,"shiny":false},{"name":"Cacturne","moves":["swordsdance","suckerpunch","seedbomb","substitute"],"ability":"Water Absorb","evs":{"hp":85,"atk":85,"def":85,"spa":85,"spd":85,"spe":85},"ivs":{"hp":31,"atk":31,"def":31,"spa":31,"spd":31,"spe":31},"item":"Leftovers","level":81,"shiny":false}],"log":["|player|p1|Emg GL Linket|1","|player|p2|Schuabinha01|162","|gametype|singles","|gen|6","|tier|Random Battle","|rated","|rule|Sleep Clause Mod: Limit one foe put to sleep","|rule|HP Percentage Mod: HP is shown in percentages","|","|start","|switch|p1a: Breloom|Breloom, L75, F|214/214","|switch|p2a: Bibarel|Bibarel, L83, F|267/267","|turn|1","|","|move|p2a: Bibarel|Curse|p2a: Bibarel","|-unboost|p2a: Bibarel|spe|2","|-boost|p2a: Bibarel|atk|2","|-boost|p2a: Bibarel|def|2","|move|p1a: Breloom|Spore|p2a: Bibarel","|-status|p2a: Bibarel|slp","|-enditem|p2a: Bibarel|Chesto Berry|[eat]","|-curestatus|p2a: Bibarel|slp","|","|turn|2","|","|move|p1a: Breloom|Spore|p2a: Bibarel","|-status|p2a: Bibarel|slp","|cant|p2a: Bibarel|slp","|","|turn|3","|","|switch|p1a: Mr. Mime|Mr. Mime, L83, F|202/202","|switch|p2a: Gliscor|Gliscor, L75, F|236/236","|","|-status|p2a: Gliscor|tox|[from] item: Toxic Orb","|turn|4","|","|move|p1a: Mr. Mime|Dazzling Gleam|p2a: Gliscor","|-damage|p2a: Gliscor|106/236 tox","|-damage|p1a: Mr. Mime|182/202|[from] item: Life Orb","|move|p2a: Gliscor|Taunt|p1a: Mr. Mime","|-start|p1a: Mr. Mime|move: Taunt","|","|-heal|p2a: Gliscor|135/236 tox|[from] ability: Poison Heal","|turn|5","|","|move|p1a: Mr. Mime|Dazzling Gleam|p2a: Gliscor","|-damage|p2a: Gliscor|0 fnt","|-damage|p1a: Mr. Mime|162/202|[from] item: Life Orb","|faint|p2a: Gliscor","|","|","|switch|p2a: Raichu|Raichu, L83, F|235/235","|turn|6","|","|switch|p1a: Cobalion|Cobalion, L77|267/267","|-item|p1a: Cobalion|Air Balloon","|move|p2a: Raichu|Thunderbolt|p1a: Cobalion","|-damage|p1a: Cobalion|110/267","|-enditem|p1a: Cobalion|Air Balloon","|-damage|p2a: Raichu|212/235|[from] item: Life Orb","|","|turn|7","|","|move|p2a: Raichu|Thunderbolt|p1a: Cobalion","|-damage|p1a: Cobalion|0 fnt","|-damage|p2a: Raichu|189/235|[from] item: Life Orb","|faint|p1a: Cobalion","|","|","|switch|p1a: Tyranitar|Tyranitar, L75, M|274/274","|-weather|Sandstorm","|turn|8","|","|detailschange|p1a: Tyranitar|Tyranitar-Mega, L75, M","|-mega|p1a: Tyranitar|Tyranitar|Tyranitarite","|move|p2a: Raichu|Hidden Power|p1a: Tyranitar","|-damage|p1a: Tyranitar|244/274","|-damage|p2a: Raichu|166/235|[from] item: Life Orb","|move|p1a: Tyranitar|Dragon Dance|p1a: Tyranitar","|-boost|p1a: Tyranitar|atk|1","|-boost|p1a: Tyranitar|spe|1","|","|-weather|Sandstorm|[upkeep]","|-damage|p2a: Raichu|152/235|[from] sandstorm","|turn|9","|","|switch|p2a: Bibarel|Bibarel, L83, F|267/267 slp","|move|p1a: Tyranitar|Earthquake|p2a: Bibarel","|-damage|p2a: Bibarel|78/267 slp","|","|-weather|Sandstorm|[upkeep]","|-damage|p2a: Bibarel|62/267 slp|[from] sandstorm","|turn|10","|","|move|p1a: Tyranitar|Earthquake|p2a: Bibarel","|-damage|p2a: Bibarel|0 fnt","|faint|p2a: Bibarel","|","|-weather|Sandstorm|[upkeep]","|","|switch|p2a: Cacturne|Cacturne, L81, F|246/246","|turn|11","|","|switch|p1a: Flareon|Flareon, L83, F|243/243","|move|p2a: Cacturne|Swords Dance|p2a: Cacturne","|-boost|p2a: Cacturne|atk|2","|","|-weather|Sandstorm|[upkeep]","|-damage|p1a: Flareon|228/243|[from] sandstorm","|-damage|p2a: Cacturne|231/246|[from] sandstorm","|-heal|p2a: Cacturne|246/246|[from] item: Leftovers","|-status|p1a: Flareon|tox|[from] item: Toxic Orb","|turn|12","|","|move|p2a: Cacturne|Sucker Punch|p1a: Flareon","|-damage|p1a: Flareon|8/243 tox","|move|p1a: Flareon|Flare Blitz|p2a: Cacturne","|-supereffective|p2a: Cacturne","|-damage|p2a: Cacturne|0 fnt","|-damage|p1a: Flareon|0 fnt|[from] recoil|[of] p2a: Cacturne","|faint|p2a: Cacturne","|faint|p1a: Flareon","|","|-weather|none","|","|switch|p2a: Crobat|Crobat, L77, M|257/257","|switch|p1a: Mr. Mime|Mr. Mime, L83, F|162/202","|turn|13","|","|move|p2a: Crobat|Toxic|p1a: Mr. Mime","|-status|p1a: Mr. Mime|tox","|move|p1a: Mr. Mime|Shadow Ball|p2a: Crobat","|-damage|p2a: Crobat|167/257","|-damage|p1a: Mr. Mime|142/202 tox|[from] item: Life Orb","|","|-heal|p2a: Crobat|183/257|[from] item: Black Sludge","|-damage|p1a: Mr. Mime|130/202 tox|[from] psn","|turn|14","|","|move|p2a: Crobat|Brave Bird|p1a: Mr. Mime","|-damage|p1a: Mr. Mime|0 fnt","|-damage|p2a: Crobat|140/257|[from] recoil|[of] p1a: Mr. Mime","|faint|p1a: Mr. Mime","|","|-heal|p2a: Crobat|156/257|[from] item: Black Sludge","|","|switch|p1a: Tyranitar|Tyranitar-Mega, L75, M|244/274","|-weather|Sandstorm","|turn|15","|","|move|p2a: Crobat|Toxic|p1a: Tyranitar","|-status|p1a: Tyranitar|tox","|move|p1a: Tyranitar|Stone Edge|p2a: Crobat","|-supereffective|p2a: Crobat","|-damage|p2a: Crobat|0 fnt","|faint|p2a: Crobat","|","|-weather|Sandstorm|[upkeep]","|-damage|p1a: Tyranitar|227/274 tox|[from] psn","|","|switch|p2a: Klinklang|Klinklang, L81|230/230","|turn|16","|","|switch|p1a: Breloom|Breloom, L75, F|214/214","|move|p2a: Klinklang|Shift Gear|p2a: Klinklang","|-boost|p2a: Klinklang|spe|2","|-boost|p2a: Klinklang|atk|1","|","|-weather|Sandstorm|[upkeep]","|-damage|p1a: Breloom|201/214|[from] sandstorm","|turn|17","|","|switch|p2a: Raichu|Raichu, L83, F|152/235","|move|p1a: Breloom|Mach Punch|p2a: Raichu","|-damage|p2a: Raichu|34/235","|-damage|p1a: Breloom|180/214|[from] item: Life Orb","|","|-weather|Sandstorm|[upkeep]","|-damage|p2a: Raichu|20/235|[from] sandstorm","|-damage|p1a: Breloom|167/214|[from] sandstorm","|turn|18","|","|move|p1a: Breloom|Mach Punch|p2a: Raichu","|-damage|p2a: Raichu|0 fnt","|-damage|p1a: Breloom|146/214|[from] item: Life Orb","|faint|p2a: Raichu","|","|-weather|Sandstorm|[upkeep]","|-damage|p1a: Breloom|133/214|[from] sandstorm","|","|switch|p2a: Klinklang|Klinklang, L81|230/230","|turn|19","|","|move|p2a: Klinklang|Shift Gear|p2a: Klinklang","|-boost|p2a: Klinklang|spe|2","|-boost|p2a: Klinklang|atk|1","|move|p1a: Breloom|Spore|p2a: Klinklang","|-status|p2a: Klinklang|slp","|","|-weather|none","|turn|20","|","|move|p1a: Breloom|Mach Punch|p2a: Klinklang","|-supereffective|p2a: Klinklang","|-damage|p2a: Klinklang|90/230 slp","|-damage|p1a: Breloom|112/214|[from] item: Life Orb","|cant|p2a: Klinklang|slp","|","|-heal|p2a: Klinklang|104/230 slp|[from] item: Leftovers","|turn|21","|","|move|p1a: Breloom|Mach Punch|p2a: Klinklang","|-supereffective|p2a: Klinklang","|-damage|p2a: Klinklang|0 fnt","|-damage|p1a: Breloom|91/214|[from] item: Life Orb","|faint|p2a: Klinklang","|","|win|Emg GL Linket"],"p1rating":{"entryid":"7099396","serverid":"eos","formatid":"randombattle","userid":"emggllinket","username":"Emg GL Linket","w":18,"l":"12","t":"0","gxe":58,"r":"1540.6166553107","rd":"63.148618958344","sigma":"0","rptime":"1439629200","rpr":1561.6928318427,"rprd":61.497554015301,"rpsigma":"0","acre":1218.2494127767,"lacre":1218.2494127767,"oldacre":"1206.5789907652"},"p2rating":{"entryid":"7465738","serverid":"eos","formatid":"randombattle","userid":"schuabinha01","username":"Schuabinha01","w":"0","l":4,"t":"0","gxe":35.2,"r":1400.2050608186,"rd":112.62259690832,"sigma":"0","rptime":1439629200,"rpr":1379.6749417146,"rprd":108.03753094549,"rpsigma":"0","acre":1000,"lacre":1000,"oldacre":"1000"},"endType":"normal"}