{"seed":[26660,29965,4598,10457],"turns":26,"p1":"nhgropius","p2":"Ynfynyt Scroll","p1team":[{"name":"Meowstic","moves":["yawn","lightscreen","psychic","reflect"],"ability":"Prankster","evs":{"hp":85,"atk":85,"def":85,"spa":85,"spd":85,"spe":85},"ivs":{"hp":31,"atk":31,"def":31,"spa":31,"spd":31,"spe":31},"item":"Light Clay","level":83,"shiny":false},{"name":"Umbreon","moves":["protect","wish","foulplay","healbell"],"ability":"Synchronize","evs":{"hp":85,"atk":85,"def":85,"spa":85,"spd":85,"spe":85},"ivs":{"hp":31,"atk":31,"def":31,"spa":31,"spd":31,"spe":31},"item":"Leftovers","level":77,"shiny":false},{"name":"Kingler","moves":["agility","superpower","swordsdance","crabhammer"],"ability":"Hyper Cutter","evs":{"hp":85,"atk":85,"def":85,"spa":85,"spd":85,"spe":85},"ivs":{"hp":31,"atk":31,"def":31,"spa":31,"spd":31,"spe":31},"item":"Leftovers","level":83,"shiny":false},{"name":"Kyogre","moves":["thunder","icebeam","scald","waterspout"],"ability":"Drizzle","evs":{"hp":85,"atk":85,"def":85,"spa":85,"spd":85,"spe":85},"ivs":{"hp":31,"atk":31,"def":31,"spa":31,"spd":31,"spe":31},"item":"Choice Specs","level":73,"shiny":false},{"name":"Krookodile","moves":["stealthrock","stoneedge","earthquake","pursuit"],"ability":"Moxie","evs":{"hp":85,"atk":85,"def":85,"spa":85,"spd":85,"spe":85},"ivs":{"hp":31,"atk":31,"def":31,"spa":31,"spd":31,"spe":31},"item":"Life Orb","level":77,"shiny":false},{"name":"Electrode","moves":["taunt","signalbeam","foulplay","voltswitch"],"ability":"Soundproof","evs":{"hp":85,"atk":85,"def":85,"spa":85,"spd":85,"spe":85},"ivs":{"hp":31,"atk":31,"def":31,"spa":31,"spd":31,"spe":31},"item":"Life Orb","level":83,"shiny":false}],"p2team":[{"name":"Typhlosion","moves":["hiddenpowergrass","focusblast","eruption","extrasensory"],"ability":"Flash Fire","evs":{"hp":85,"atk":85,"def":85,"spa":85,"spd":85,"spe":85},"ivs":{"hp":31,"atk":30,"def":31,"spa":30,"spd":31,"spe":31},"item":"Choice Scarf","level":79,"shiny":false},{"name":"Dodrio","moves":["roost","doubleedge","bravebird","knockoff"],"ability":"Early Bird","evs":{"hp":85,"atk":85,"def":85,"spa":85,"spd":85,"spe":85},"ivs":{"hp":31,"atk":31,"def":31,"spa":31,"spd":31,"spe":31},"item":"Life Orb","level":83,"shiny":false},{"name":"Tauros","moves":["zenheadbutt","rockslide","doubleedge","earthquake"],"ability":"Sheer Force","evs":{"hp":85,"atk":85,"def":85,"spa":85,"spd":85,"spe":85},"ivs":{"hp":31,"atk":31,"def":31,"spa":31,"spd":31,"spe":31},"item":"Life Orb","level":81,"shiny":false},{"name":"Minun","moves":["encore","batonpass","nastyplot","thunderbolt"],"ability":"Volt Absorb","evs":{"hp":85,"atk":85,"def":85,"spa":85,"spd":85,"spe":85},"ivs":{"hp":31,"atk":31,"def":31,"spa":31,"spd":31,"spe":31},"item":"Air Balloon","level":83,"shiny":false},{"name":"Arceus-Flying","moves":["fireblast","calmmind","earthpower","judgment"],"ability":"Multitype","evs":{"hp":81,"atk":85,"def":85,"spa":89,"spd":85,"spe":85},"ivs":{"hp":31,"atk":31,"def":31,"spa":31,"spd":31,"spe":31},"item":"Sky Plate","level":73,"shiny":false},{"name":"Cobalion","moves":["closecombat","voltswitch","hiddenpowerice","stealthrock"],"ability":"Justified","evs":{"hp":85,"atk":85,"def":85,"spa":85,"spd":85,"spe":85},"ivs":{"hp":31,"atk":30,"def":30,"spa":31,"spd":31,"spe":31},"item":"Leftovers","level":77,"shiny":false}],"log":["|player|p1|nhgropius|101","|player|p2|Ynfynyt Scroll|169","|gametype|singles","|gen|6","|tier|Random Battle","|rated","|rule|Sleep Clause Mod: Limit one foe put to sleep","|rule|HP Percentage Mod: HP is shown in percentages","|","|start","|switch|p1a: Meowstic|Meowstic, L83, M|259/259","|switch|p2a: Typhlosion|Typhlosion, L79, M|253/253","|turn|1","|","|move|p1a: Meowstic|Light Screen|p1a: Meowstic","|-sidestart|p1: nhgropius|move: Light Screen","|move|p2a: Typhlosion|Eruption|p1a: Meowstic","|-damage|p1a: Meowstic|176/259","|","|turn|2","|","|move|p1a: Meowstic|Yawn|p2a: Typhlosion","|-start|p2a: Typhlosion|move: Yawn|[of] p1a: Meowstic","|move|p2a: Typhlosion|Eruption|p1a: Meowstic","|-damage|p1a: Meowstic|98/259","|","|turn|3","|","|switch|p2a: Dodrio|Dodrio, L83, M|235/235","|move|p1a: Meowstic|Reflect|p1a: Meowstic","|-sidestart|p1: nhgropius|Reflect","|","|turn|4","|","|switch|p1a: Electrode|Electrode, L83|235/235","|move|p2a: Dodrio|Double-Edge|p1a: Electrode","|-damage|p1a: Electrode|134/235","|-damage|p2a: Dodrio|202/235|[from] recoil|[of] p1a: Electrode","|-damage|p2a: Dodrio|179/235|[from] item: Life Orb","|","|turn|5","|","|switch|p2a: Minun|Minun, L83, F|235/235","|-item|p2a: Minun|Air Balloon","|move|p1a: Electrode|Volt Switch|p2a: Minun","|-immune|p2a: Minun|[msg]","|","|turn|6","|","|move|p1a: Electrode|Taunt|p2a: Minun","|-start|p2a: Minun|move: Taunt","|cant|p2a: Minun|move: Taunt|Nasty Plot","|","|turn|7","|","|move|p1a: Electrode|Signal Beam|p2a: Minun","|-damage|p2a: Minun|175/235","|-enditem|p2a: Minun|Air Balloon","|-damage|p1a: Electrode|111/235|[from] item: Life Orb","|move|p2a: Minun|Thunderbolt|p1a: Electrode","|-resisted|p1a: Electrode","|-damage|p1a: Electrode|90/235","|","|turn|8","|","|switch|p1a: Krookodile|Krookodile, L77, M|273/273","|move|p2a: Minun|Thunderbolt|p1a: Krookodile","|-immune|p1a: Krookodile|[msg]","|","|-end|p2a: Minun|move: Taunt","|-sideend|p1: nhgropius|move: Light Screen","|turn|9","|","|move|p2a: Minun|Nasty Plot|p2a: Minun","|-boost|p2a: Minun|spa|2","|move|p1a: Krookodile|Stealth Rock|p2a: Minun","|-sidestart|p2: Ynfynyt Scroll|move: Stealth Rock","|","|turn|10","|","|move|p2a: Minun|Encore|p1a: Krookodile","|-start|p1a: Krookodile|Encore","|move|p1a: Krookodile|Stealth Rock|p2a: Minun","|-fail|p2a: Minun","|","|-sideend|p1: nhgropius|Reflect","|turn|11","|","|switch|p1a: Electrode|Electrode, L83|90/235","|move|p2a: Minun|Nasty Plot|p2a: Minun","|-boost|p2a: Minun|spa|2","|","|turn|12","|","|move|p1a: Electrode|Signal Beam|p2a: Minun","|-damage|p2a: Minun|118/235","|-damage|p1a: Electrode|67/235|[from] item: Life Orb","|move|p2a: Minun|Thunderbolt|p1a: Electrode","|-resisted|p1a: Electrode","|-damage|p1a: Electrode|0 fnt","|faint|p1a: Electrode","|","|","|switch|p1a: Krookodile|Krookodile, L77, M|273/273","|turn|13","|","|move|p2a: Minun|Baton Pass|p2a: Minun","|","|switch|p2a: Arceus-Flying|Arceus-Flying, L73|295/295","|-damage|p2a: Arceus-Flying|222/295|[from] Stealth Rock","|move|p1a: Krookodile|Earthquake|p2a: Arceus-Flying","|-immune|p2a: Arceus-Flying|[msg]","|","|turn|14","|","|move|p2a: Arceus-Flying|Judgment|p1a: Krookodile","|-damage|p1a: Krookodile|0 fnt","|faint|p1a: Krookodile","|","|","|switch|p1a: Kyogre|Kyogre, L73|266/266","|-weather|RainDance","|turn|15","|","|move|p2a: Arceus-Flying|Judgment|p1a: Kyogre","|-damage|p1a: Kyogre|8/266","|move|p1a: Kyogre|Thunder|p2a: Arceus-Flying","|-supereffective|p2a: Arceus-Flying","|-damage|p2a: Arceus-Flying|0 fnt","|faint|p2a: Arceus-Flying","|","|-weather|RainDance|[upkeep]","|","|switch|p2a: Minun|Minun, L83, F|118/235","|-damage|p2a: Minun|89/235|[from] Stealth Rock","|turn|16","|","|switch|p1a: Umbreon|Umbreon, L77, F|273/273","|move|p2a: Minun|Thunderbolt|p1a: Umbreon","|-damage|p1a: Umbreon|212/273","|","|-weather|RainDance|[upkeep]","|-heal|p1a: Umbreon|229/273|[from] item: Leftovers","|turn|17","|","|move|p2a: Minun|Thunderbolt|p1a: Umbreon","|-damage|p1a: Umbreon|165/273","|move|p1a: Umbreon|Foul Play|p2a: Minun","|-crit|p2a: Minun","|-damage|p2a: Minun|0 fnt","|faint|p2a: Minun","|","|-weather|RainDance|[upkeep]","|-heal|p1a: Umbreon|182/273|[from] item: Leftovers","|","|switch|p2a: Cobalion|Cobalion, L77|267/267","|-damage|p2a: Cobalion|259/267|[from] Stealth Rock","|turn|18","|","|switch|p1a: Kingler|Kingler, L83, M|227/227","|move|p2a: Cobalion|Stealth Rock|p1a: Kingler","|-sidestart|p1: nhgropius|move: Stealth Rock","|","|-weather|RainDance|[upkeep]","|-heal|p2a: Cobalion|267/267|[from] item: Leftovers","|turn|19","|","|move|p2a: Cobalion|Volt Switch|p1a: Kingler","|-crit|p1a: Kingler","|-supereffective|p1a: Kingler","|-damage|p1a: Kingler|45/227","|","|switch|p2a: Dodrio|Dodrio, L83, M|179/235","|-damage|p2a: Dodrio|121/235|[from] Stealth Rock","|move|p1a: Kingler|Crabhammer|p2a: Dodrio","|-crit|p2a: Dodrio","|-damage|p2a: Dodrio|0 fnt","|faint|p2a: Dodrio","|","|-weather|none","|-heal|p1a: Kingler|59/227|[from] item: Leftovers","|","|switch|p2a: Cobalion|Cobalion, L77|267/267","|-damage|p2a: Cobalion|259/267|[from] Stealth Rock","|turn|20","|","|move|p2a: Cobalion|Volt Switch|p1a: Kingler","|-supereffective|p1a: Kingler","|-damage|p1a: Kingler|0 fnt","|faint|p1a: Kingler","|","|switch|p2a: Typhlosion|Typhlosion, L79, M|253/253","|-damage|p2a: Typhlosion|190/253|[from] Stealth Rock","|","|","|switch|p1a: Kyogre|Kyogre, L73|8/266","|-damage|p1a: Kyogre|0 fnt|[from] Stealth Rock","|faint|p1a: Kyogre","|","|switch|p1a: Meowstic|Meowstic, L83, M|98/259","|-damage|p1a: Meowstic|66/259|[from] Stealth Rock","|turn|21","|","|move|p2a: Typhlosion|Eruption|p1a: Meowstic","|-damage|p1a: Meowstic|0 fnt","|faint|p1a: Meowstic","|","|","|switch|p1a: Umbreon|Umbreon, L77, F|182/273","|-damage|p1a: Umbreon|148/273|[from] Stealth Rock","|turn|22","|","|move|p2a: Typhlosion|Eruption|p1a: Umbreon","|-damage|p1a: Umbreon|51/273","|move|p1a: Umbreon|Foul Play|p2a: Typhlosion","|-crit|p2a: Typhlosion","|-damage|p2a: Typhlosion|63/253","|","|-heal|p1a: Umbreon|68/273|[from] item: Leftovers","|turn|23","|","|move|p2a: Typhlosion|Eruption|p1a: Umbreon","|-damage|p1a: Umbreon|37/273","|move|p1a: Umbreon|Wish|p1a: Umbreon","|","|-heal|p1a: Umbreon|54/273|[from] item: Leftovers","|turn|24","|","|move|p1a: Umbreon|Protect|p1a: Umbreon","|-singleturn|p1a: Umbreon|Protect","|move|p2a: Typhlosion|Eruption|p1a: Umbreon","|-activate|p1a: Umbreon|Protect","|","|-heal|p1a: Umbreon|190/273|[from] move: Wish|[wisher] Umbreon","|-heal|p1a: Umbreon|207/273|[from] item: Leftovers","|turn|25","|","|move|p2a: Typhlosion|Eruption|p1a: Umbreon","|-damage|p1a: Umbreon|174/273","|move|p1a: Umbreon|Foul Play|p2a: Typhlosion","|-damage|p2a: Typhlosion|0 fnt","|faint|p2a: Typhlosion","|","|-heal|p1a: Umbreon|191/273|[from] item: Leftovers","|","|switch|p2a: Cobalion|Cobalion, L77|259/267","|-damage|p2a: Cobalion|251/267|[from] Stealth Rock","|turn|26","|","|move|p2a: Cobalion|Close Combat|p1a: Umbreon","|-supereffective|p1a: Umbreon","|-damage|p1a: Umbreon|0 fnt","|-unboost|p2a: Cobalion|def|1","|-unboost|p2a: Cobalion|spd|1","|faint|p1a: Umbreon","|","|win|Ynfynyt Scroll"],"p1rating":{"entryid":"7628219","serverid":"eos","formatid":"randombattle","userid":"nhgropius","username":"NHGropius","w":"3","l":1,"t":"0","gxe":59.1,"r":"1572.5671258289","rd":"116.77753930647","sigma":"0","rptime":"1439629200","rpr":1572.7571769903,"rprd":106.89596688414,"rpsigma":"0","acre":1079.9265118225,"lacre":1079.9265118225,"oldacre":"1096.5519450244"},"p2rating":{"entryid":"7631274","serverid":"eos","formatid":"randombattle","userid":"ynfynytscroll","username":"Ynfynyt Scroll","w":13,"l":"2","t":"0","gxe":70.8,"r":"1658.1809828013","rd":"79.294490585238","sigma":"0","rptime":"1439629200","rpr":1670.751655612,"rprd":77.626487839594,"rpsigma":"0","acre":1229.1162222655,"lacre":1229.1162222655,"oldacre":"1212.1395704919"},"endType":"normal"}