{"seed":[34737,35076,11353,41709],"turns":41,"p1":"Lexi_Lynn","p2":"Outcast Brett","p1team":[{"name":"Skarmory","moves":["stealthrock","bravebird","defog","roost"],"ability":"Sturdy","evs":{"hp":85,"atk":85,"def":85,"spa":85,"spd":85,"spe":85},"ivs":{"hp":31,"atk":31,"def":31,"spa":31,"spd":31,"spe":31},"item":"Leftovers","level":75,"shiny":false},{"name":"Beedrill","moves":["swordsdance","poisonjab","knockoff","drillrun"],"ability":"Swarm","evs":{"hp":85,"atk":85,"def":85,"spa":85,"spd":85,"spe":85},"ivs":{"hp":31,"atk":31,"def":31,"spa":31,"spd":31,"spe":31},"item":"Beedrillite","level":77,"shiny":false},{"name":"Mismagius","moves":["shadowball","thunderbolt","painsplit","destinybond"],"ability":"Levitate","evs":{"hp":85,"atk":85,"def":85,"spa":85,"spd":85,"spe":85},"ivs":{"hp":31,"atk":31,"def":31,"spa":31,"spd":31,"spe":31},"item":"Leftovers","level":81,"shiny":false},{"name":"Xerneas","moves":["thunderbolt","rockslide","psyshock","moonblast"],"ability":"Fairy Aura","evs":{"hp":85,"atk":85,"def":85,"spa":85,"spd":85,"spe":85},"ivs":{"hp":31,"atk":31,"def":31,"spa":31,"spd":31,"spe":31},"item":"Assault Vest","level":73,"shiny":false},{"name":"Bronzong","moves":["lightscreen","gyroball","explosion","earthquake"],"ability":"Levitate","evs":{"hp":85,"atk":170,"def":85,"spa":85,"spd":85,"spe":0},"ivs":{"hp":31,"atk":31,"def":31,"spa":31,"spd":31,"spe":0},"item":"Light Clay","level":79,"shiny":false},{"name":"Gigalith","moves":["earthquake","rockblast","explosion","stealthrock"],"ability":"Sturdy","evs":{"hp":85,"atk":85,"def":85,"spa":85,"spd":85,"spe":85},"ivs":{"hp":31,"atk":31,"def":31,"spa":31,"spd":31,"spe":31},"item":"Custap Berry","level":83,"shiny":false}],"p2team":[{"name":"Drapion","moves":["earthquake","taunt","toxicspikes","poisonjab"],"ability":"Keen Eye","evs":{"hp":85,"atk":85,"def":85,"spa":85,"spd":85,"spe":85},"ivs":{"hp":31,"atk":31,"def":31,"spa":31,"spd":31,"spe":31},"item":"Focus Sash","level":79,"shiny":false},{"name":"Rotom-Heat","moves":["painsplit","willowisp","overheat","voltswitch"],"ability":"Levitate","evs":{"hp":81,"atk":85,"def":85,"spa":89,"spd":85,"spe":85},"ivs":{"hp":31,"atk":31,"def":31,"spa":31,"spd":31,"spe":31},"item":"Leftovers","level":77,"shiny":false},{"name":"Audino","moves":["calmmind","protect","dazzlinggleam","hypervoice"],"ability":"Regenerator","evs":{"hp":85,"atk":85,"def":85,"spa":85,"spd":85,"spe":85},"ivs":{"hp":31,"atk":31,"def":31,"spa":31,"spd":31,"spe":31},"item":"Audinite","level":81,"shiny":false},{"name":"Hawlucha","moves":["highjumpkick","substitute","swordsdance","thunderpunch"],"ability":"Unburden","evs":{"hp":85,"atk":85,"def":85,"spa":85,"spd":85,"spe":85},"ivs":{"hp":31,"atk":31,"def":31,"spa":31,"spd":31,"spe":31},"item":"Sitrus Berry","level":76,"shiny":false},{"name":"Froslass","moves":["spikes","destinybond","icebeam","taunt"],"ability":"Cursed Body","evs":{"hp":85,"atk":85,"def":85,"spa":85,"spd":85,"spe":85},"ivs":{"hp":31,"atk":31,"def":31,"spa":31,"spd":31,"spe":31},"item":"Leftovers","level":78,"shiny":false},{"name":"Heatmor","moves":["fireblast","suckerpunch","focusblast","gigadrain"],"ability":"Flash Fire","evs":{"hp":85,"atk":85,"def":85,"spa":85,"spd":85,"spe":85},"ivs":{"hp":31,"atk":31,"def":31,"spa":31,"spd":31,"spe":31},"item":"Life Orb","level":83,"shiny":false}],"log":["|player|p1|Lexi_Lynn|lexilynn.gif","|player|p2|Outcast Brett|101","|gametype|singles","|gen|6","|tier|Random Battle","|rated","|rule|Sleep Clause Mod: Limit one foe put to sleep","|rule|HP Percentage Mod: HP is shown in percentages","|","|start","|switch|p1a: Skarmory|Skarmory, L75, F|221/221","|switch|p2a: Drapion|Drapion, L79, F|240/240","|turn|1","|","|move|p2a: Drapion|Taunt|p1a: Skarmory","|-start|p1a: Skarmory|move: Taunt","|cant|p1a: Skarmory|move: Taunt|Stealth Rock","|","|turn|2","|","|move|p2a: Drapion|Toxic Spikes|p1a: Skarmory","|-sidestart|p1: Lexi_Lynn|move: Toxic Spikes","|move|p1a: Skarmory|Brave Bird|p2a: Drapion","|-damage|p2a: Drapion|156/240","|-damage|p1a: Skarmory|193/221|[from] recoil|[of] p2a: Drapion","|","|-heal|p1a: Skarmory|206/221|[from] item: Leftovers","|turn|3","|","|move|p2a: Drapion|Toxic Spikes|p1a: Skarmory","|-sidestart|p1: Lexi_Lynn|move: Toxic Spikes","|move|p1a: Skarmory|Brave Bird|p2a: Drapion","|-damage|p2a: Drapion|72/240","|-damage|p1a: Skarmory|178/221|[from] recoil|[of] p2a: Drapion","|","|-heal|p1a: Skarmory|191/221|[from] item: Leftovers","|-end|p1a: Skarmory|move: Taunt","|turn|4","|","|move|p2a: Drapion|Taunt|p1a: Skarmory","|-start|p1a: Skarmory|move: Taunt","|cant|p1a: Skarmory|move: Taunt|Stealth Rock","|","|-heal|p1a: Skarmory|204/221|[from] item: Leftovers","|turn|5","|","|switch|p2a: Rotom-Heat|Rotom-Heat, L77|203/203","|move|p1a: Skarmory|Brave Bird|p2a: Rotom-Heat","|-resisted|p2a: Rotom-Heat","|-damage|p2a: Rotom-Heat|162/203","|-damage|p1a: Skarmory|190/221|[from] recoil|[of] p2a: Rotom-Heat","|","|-heal|p2a: Rotom-Heat|174/203|[from] item: Leftovers","|-heal|p1a: Skarmory|203/221|[from] item: Leftovers","|turn|6","|","|switch|p1a: Beedrill|Beedrill, L77, F|227/227","|-sideend|p1: Lexi_Lynn|move: Toxic Spikes|[of] p1a: Beedrill","|move|p2a: Rotom-Heat|Overheat|p1a: Beedrill","|-supereffective|p1a: Beedrill","|-damage|p1a: Beedrill|0 fnt","|-unboost|p2a: Rotom-Heat|spa|2","|faint|p1a: Beedrill","|","|-heal|p2a: Rotom-Heat|186/203|[from] item: Leftovers","|","|switch|p1a: Xerneas|Xerneas, L73|304/304","|-ability|p1a: Xerneas|Fairy Aura","|turn|7","|","|move|p1a: Xerneas|Psyshock|p2a: Rotom-Heat","|-damage|p2a: Rotom-Heat|134/203","|move|p2a: Rotom-Heat|Volt Switch|p1a: Xerneas","|-damage|p1a: Xerneas|280/304","|","|switch|p2a: Drapion|Drapion, L79, F|72/240","|","|turn|8","|","|move|p2a: Drapion|Poison Jab|p1a: Xerneas","|-supereffective|p1a: Xerneas","|-damage|p1a: Xerneas|134/304","|move|p1a: Xerneas|Rock Slide|p2a: Drapion","|-damage|p2a: Drapion|28/240","|","|turn|9","|","|switch|p1a: Skarmory|Skarmory, L75, F|203/221","|move|p2a: Drapion|Poison Jab|p1a: Skarmory","|-immune|p1a: Skarmory|[msg]","|","|-heal|p1a: Skarmory|216/221|[from] item: Leftovers","|turn|10","|","|move|p2a: Drapion|Taunt|p1a: Skarmory","|-start|p1a: Skarmory|move: Taunt","|move|p1a: Skarmory|Brave Bird|p2a: Drapion","|-damage|p2a: Drapion|0 fnt","|-damage|p1a: Skarmory|207/221|[from] recoil|[of] p2a: Drapion","|faint|p2a: Drapion","|","|-heal|p1a: Skarmory|220/221|[from] item: Leftovers","|","|switch|p2a: Heatmor|Heatmor, L83, M|277/277","|turn|11","|","|switch|p1a: Gigalith|Gigalith, L83, M|277/277","|move|p2a: Heatmor|Fire Blast|p1a: Gigalith","|-resisted|p1a: Gigalith","|-damage|p1a: Gigalith|193/277","|-damage|p2a: Heatmor|250/277|[from] item: Life Orb","|","|turn|12","|","|move|p2a: Heatmor|Giga Drain|p1a: Gigalith","|-supereffective|p1a: Gigalith","|-damage|p1a: Gigalith|27/277","|-heal|p2a: Heatmor|277/277|[from] drain|[of] p1a: Gigalith","|-damage|p2a: Heatmor|250/277|[from] item: Life Orb","|move|p1a: Gigalith|Earthquake|p2a: Heatmor","|-supereffective|p2a: Heatmor","|-damage|p2a: Heatmor|4/277","|","|turn|13","|","|switch|p1a: Skarmory|Skarmory, L75, F|220/221","|move|p2a: Heatmor|Giga Drain|p1a: Skarmory","|-resisted|p1a: Skarmory","|-damage|p1a: Skarmory|198/221","|-heal|p2a: Heatmor|15/277|[from] drain|[of] p1a: Skarmory","|-damage|p2a: Heatmor|0 fnt|[from] item: Life Orb","|faint|p2a: Heatmor","|","|-heal|p1a: Skarmory|211/221|[from] item: Leftovers","|","|switch|p2a: Rotom-Heat|Rotom-Heat, L77|134/203","|turn|14","|","|move|p2a: Rotom-Heat|Overheat|p1a: Skarmory|[miss]","|-miss|p2a: Rotom-Heat|p1a: Skarmory","|move|p1a: Skarmory|Stealth Rock|p2a: Rotom-Heat","|-sidestart|p2: Outcast Brett|move: Stealth Rock","|","|-heal|p2a: Rotom-Heat|146/203|[from] item: Leftovers","|-heal|p1a: Skarmory|221/221|[from] item: Leftovers","|turn|15","|","|switch|p1a: Mismagius|Mismagius, L81, M|230/230","|move|p2a: Rotom-Heat|Overheat|p1a: Mismagius","|-damage|p1a: Mismagius|128/230","|-unboost|p2a: Rotom-Heat|spa|2","|","|-heal|p1a: Mismagius|142/230|[from] item: Leftovers","|-heal|p2a: Rotom-Heat|158/203|[from] item: Leftovers","|turn|16","|","|move|p1a: Mismagius|Shadow Ball|p2a: Rotom-Heat","|-damage|p2a: Rotom-Heat|73/203","|move|p2a: Rotom-Heat|Volt Switch|p1a: Mismagius","|-damage|p1a: Mismagius|114/230","|","|switch|p2a: Froslass|Froslass, L78, F|237/237","|-damage|p2a: Froslass|178/237|[from] Stealth Rock","|","|-heal|p2a: Froslass|192/237|[from] item: Leftovers","|-heal|p1a: Mismagius|128/230|[from] item: Leftovers","|turn|17","|","|move|p1a: Mismagius|Thunderbolt|p2a: Froslass","|-crit|p2a: Froslass","|-damage|p2a: Froslass|70/237","|-start|p1a: Mismagius|Disable|Thunderbolt","|move|p2a: Froslass|Destiny Bond|p2a: Froslass","|-singlemove|p2a: Froslass|Destiny Bond","|","|-heal|p1a: Mismagius|142/230|[from] item: Leftovers","|-heal|p2a: Froslass|84/237|[from] item: Leftovers","|turn|18","|","|move|p1a: Mismagius|Destiny Bond|p1a: Mismagius","|-singlemove|p1a: Mismagius|Destiny Bond","|move|p2a: Froslass|Ice Beam|p1a: Mismagius","|-damage|p1a: Mismagius|82/230","|","|-heal|p2a: Froslass|98/237|[from] item: Leftovers","|-heal|p1a: Mismagius|96/230|[from] item: Leftovers","|turn|19","|","|move|p1a: Mismagius|Shadow Ball|p2a: Froslass","|-supereffective|p2a: Froslass","|-damage|p2a: Froslass|0 fnt","|faint|p2a: Froslass","|","|-heal|p1a: Mismagius|110/230|[from] item: Leftovers","|","|switch|p2a: Audino|Audino, L81, F|299/299","|-damage|p2a: Audino|262/299|[from] Stealth Rock","|turn|20","|","|switch|p1a: Bronzong|Bronzong, L79|235/235","|detailschange|p2a: Audino|Audino-Mega, L81, F","|-mega|p2a: Audino|Audino|Audinite","|move|p2a: Audino|Calm Mind|p2a: Audino","|-boost|p2a: Audino|spa|1","|-boost|p2a: Audino|spd|1","|","|turn|21","|","|switch|p2a: Rotom-Heat|Rotom-Heat, L77|73/203","|-damage|p2a: Rotom-Heat|23/203|[from] Stealth Rock","|move|p1a: Bronzong|Gyro Ball|p2a: Rotom-Heat","|-resisted|p2a: Rotom-Heat","|-damage|p2a: Rotom-Heat|6/203","|","|-heal|p2a: Rotom-Heat|18/203|[from] item: Leftovers","|turn|22","|","|move|p2a: Rotom-Heat|Overheat|p1a: Bronzong|[miss]","|-miss|p2a: Rotom-Heat|p1a: Bronzong","|move|p1a: Bronzong|Light Screen|p1a: Bronzong","|-sidestart|p1: Lexi_Lynn|move: Light Screen","|","|-heal|p2a: Rotom-Heat|30/203|[from] item: Leftovers","|turn|23","|","|move|p2a: Rotom-Heat|Will-O-Wisp|p1a: Bronzong","|-status|p1a: Bronzong|brn","|move|p1a: Bronzong|Gyro Ball|p2a: Rotom-Heat","|-resisted|p2a: Rotom-Heat","|-damage|p2a: Rotom-Heat|21/203","|","|-heal|p2a: Rotom-Heat|33/203|[from] item: Leftovers","|-damage|p1a: Bronzong|206/235 brn|[from] brn","|turn|24","|","|switch|p1a: Xerneas|Xerneas, L73|134/304","|-ability|p1a: Xerneas|Fairy Aura","|move|p2a: Rotom-Heat|Pain Split|p1a: Xerneas","|-sethp|p1a: Xerneas|83/304|p2a: Rotom-Heat|83/203|[from] move: Pain Split","|","|-heal|p2a: Rotom-Heat|95/203|[from] item: Leftovers","|turn|25","|","|move|p1a: Xerneas|Moonblast|p2a: Rotom-Heat","|-resisted|p2a: Rotom-Heat","|-damage|p2a: Rotom-Heat|39/203","|-unboost|p2a: Rotom-Heat|spa|1","|move|p2a: Rotom-Heat|Overheat|p1a: Xerneas","|-damage|p1a: Xerneas|53/304","|-unboost|p2a: Rotom-Heat|spa|2","|","|-heal|p2a: Rotom-Heat|51/203|[from] item: Leftovers","|turn|26","|","|switch|p2a: Audino|Audino-Mega, L81, F|262/299","|-damage|p2a: Audino|225/299|[from] Stealth Rock","|move|p1a: Xerneas|Thunderbolt|p2a: Audino","|-damage|p2a: Audino|178/299","|","|turn|27","|","|move|p1a: Xerneas|Rock Slide|p2a: Audino","|-damage|p2a: Audino|139/299","|cant|p2a: Audino|flinch","|","|turn|28","|","|move|p1a: Xerneas|Psyshock|p2a: Audino","|-damage|p2a: Audino|98/299","|move|p2a: Audino|Hyper Voice|p1a: Xerneas","|-damage|p1a: Xerneas|25/304","|","|turn|29","|","|switch|p1a: Mismagius|Mismagius, L81, M|110/230","|move|p2a: Audino|Protect|p2a: Audino","|-fail|p2a: Audino","|","|-heal|p1a: Mismagius|124/230|[from] item: Leftovers","|-sideend|p1: Lexi_Lynn|move: Light Screen","|turn|30","|","|move|p1a: Mismagius|Shadow Ball|p2a: Audino","|-immune|p2a: Audino|[msg]","|move|p2a: Audino|Dazzling Gleam|p1a: Mismagius","|-damage|p1a: Mismagius|58/230","|","|-heal|p1a: Mismagius|72/230|[from] item: Leftovers","|turn|31","|","|move|p1a: Mismagius|Pain Split|p2a: Audino","|-sethp|p2a: Audino|85/299|p1a: Mismagius|85/230|[from] move: Pain Split","|move|p2a: Audino|Dazzling Gleam|p1a: Mismagius","|-damage|p1a: Mismagius|24/230","|","|-heal|p1a: Mismagius|38/230|[from] item: Leftovers","|turn|32","|","|move|p1a: Mismagius|Destiny Bond|p1a: Mismagius","|-singlemove|p1a: Mismagius|Destiny Bond","|move|p2a: Audino|Dazzling Gleam|p1a: Mismagius","|-damage|p1a: Mismagius|0 fnt","|faint|p1a: Mismagius","|-activate|p1a: Mismagius|Destiny Bond","|faint|p2a: Audino","|","|","|switch|p2a: Hawlucha|Hawlucha, L76, F|244/244","|switch|p1a: Bronzong|Bronzong, L79|206/235 brn","|-damage|p2a: Hawlucha|214/244|[from] Stealth Rock","|turn|33","|","|move|p2a: Hawlucha|Substitute|p2a: Hawlucha","|-start|p2a: Hawlucha|Substitute","|-damage|p2a: Hawlucha|153/244","|move|p1a: Bronzong|Earthquake|p2a: Hawlucha","|-immune|p2a: Hawlucha|[msg]","|","|-damage|p1a: Bronzong|177/235 brn|[from] brn","|turn|34","|","|move|p2a: Hawlucha|Swords Dance|p2a: Hawlucha","|-boost|p2a: Hawlucha|atk|2","|move|p1a: Bronzong|Gyro Ball|p2a: Hawlucha","|-activate|p2a: Hawlucha|Substitute|[damage]","|","|-damage|p1a: Bronzong|148/235 brn|[from] brn","|turn|35","|","|switch|p1a: Skarmory|Skarmory, L75, F|221/221","|move|p2a: Hawlucha|Swords Dance|p2a: Hawlucha","|-boost|p2a: Hawlucha|atk|2","|","|turn|36","|","|move|p2a: Hawlucha|Thunder Punch|p1a: Skarmory","|-supereffective|p1a: Skarmory","|-damage|p1a: Skarmory|37/221","|move|p1a: Skarmory|Brave Bird|p2a: Hawlucha","|-crit|p2a: Hawlucha","|-supereffective|p2a: Hawlucha","|-end|p2a: Hawlucha|Substitute","|-damage|p1a: Skarmory|35/221|[from] recoil|[of] p2a: Hawlucha","|","|-heal|p1a: Skarmory|48/221|[from] item: Leftovers","|turn|37","|","|move|p2a: Hawlucha|Thunder Punch|p1a: Skarmory","|-supereffective|p1a: Skarmory","|-damage|p1a: Skarmory|0 fnt","|faint|p1a: Skarmory","|","|","|switch|p1a: Xerneas|Xerneas, L73|25/304","|-ability|p1a: Xerneas|Fairy Aura","|turn|38","|","|move|p2a: Hawlucha|Thunder Punch|p1a: Xerneas","|-damage|p1a: Xerneas|0 fnt","|faint|p1a: Xerneas","|","|","|switch|p1a: Gigalith|Gigalith, L83, M|27/277","|turn|39","|-enditem|p1a: Gigalith|Custap Berry|[eat]","|-activate|p1a: Gigalith|Custap Berry","|","|move|p1a: Gigalith|Explosion|p2a: Hawlucha","|-damage|p2a: Hawlucha|0 fnt","|faint|p1a: Gigalith","|faint|p2a: Hawlucha","|","|","|switch|p2a: Rotom-Heat|Rotom-Heat, L77|51/203","|switch|p1a: Bronzong|Bronzong, L79|148/235 brn","|-damage|p2a: Rotom-Heat|1/203|[from] Stealth Rock","|turn|40","|","|move|p2a: Rotom-Heat|Pain Split|p1a: Bronzong","|-sethp|p1a: Bronzong|74/235 brn|p2a: Rotom-Heat|74/203|[from] move: Pain Split","|move|p1a: Bronzong|Gyro Ball|p2a: Rotom-Heat","|-resisted|p2a: Rotom-Heat","|-damage|p2a: Rotom-Heat|66/203","|","|-heal|p2a: Rotom-Heat|78/203|[from] item: Leftovers","|-damage|p1a: Bronzong|45/235 brn|[from] brn","|turn|41","|","|move|p2a: Rotom-Heat|Overheat|p1a: Bronzong","|-supereffective|p1a: Bronzong","|-damage|p1a: Bronzong|0 fnt","|-unboost|p2a: Rotom-Heat|spa|2","|faint|p1a: Bronzong","|","|win|Outcast Brett"],"p1rating":{"entryid":"6791775","serverid":"eos","formatid":"randombattle","userid":"lexilynn","username":"Lexi_Lynn","w":"5","l":11,"t":"0","gxe":38.2,"r":"1372.7170004673","rd":"86.658850268038","sigma":"0","rptime":"1439629200","rpr":1407.3242633418,"rprd":81.07425401225,"rpsigma":"0","acre":1049.1714970147,"lacre":1049.1714970147,"oldacre":"1071.8479246256"},"p2rating":{"entryid":"7649549","serverid":"eos","formatid":"randombattle","userid":"outcastbrett","username":"Outcast Brett","w":2,"l":"2","t":"0","gxe":48.6,"r":"1500","rd":"130","sigma":"0","rptime":"1439629200","rpr":1488.7757582408,"rprd":107.04469109107,"rpsigma":"0","acre":1077.1079336156,"lacre":1077.1079336156,"oldacre":"1040"},"endType":"normal"}