{"seed":[58773,35518,33793,29200],"turns":17,"p1":"Outcast Brett","p2":"diogos2102","p1team":[{"name":"Aerodactyl","moves":["firefang","honeclaws","aerialace","stoneedge"],"ability":"Unnerve","evs":{"hp":85,"atk":85,"def":85,"spa":85,"spd":85,"spe":85},"ivs":{"hp":31,"atk":31,"def":31,"spa":31,"spd":31,"spe":31},"item":"Aerodactylite","level":77,"shiny":false},{"name":"Kecleon","moves":["shadowsneak","drainpunch","knockoff","suckerpunch"],"ability":"Protean","evs":{"hp":85,"atk":85,"def":85,"spa":85,"spd":85,"spe":85},"ivs":{"hp":31,"atk":31,"def":31,"spa":31,"spd":31,"spe":31},"item":"Assault Vest","level":81,"shiny":false},{"name":"Lapras","moves":["hydropump","toxic","icebeam","healbell"],"ability":"Water Absorb","evs":{"hp":85,"atk":85,"def":85,"spa":85,"spd":85,"spe":85},"ivs":{"hp":31,"atk":31,"def":31,"spa":31,"spd":31,"spe":31},"item":"Leftovers","level":83,"shiny":false},{"name":"Drifblim","moves":["destinybond","willowisp","shadowball","acrobatics"],"ability":"Unburden","evs":{"hp":85,"atk":85,"def":85,"spa":85,"spd":85,"spe":85},"ivs":{"hp":31,"atk":31,"def":31,"spa":31,"spd":31,"spe":31},"item":"Flying Gem","level":83,"shiny":false},{"name":"Arceus-Water","moves":["thunderbolt","calmmind","substitute","judgment"],"ability":"Multitype","evs":{"hp":85,"atk":85,"def":85,"spa":85,"spd":85,"spe":85},"ivs":{"hp":31,"atk":31,"def":31,"spa":31,"spd":31,"spe":31},"item":"Splash Plate","level":73,"shiny":false},{"name":"Musharna","moves":["psyshock","calmmind","batonpass","moonlight"],"ability":"Synchronize","evs":{"hp":85,"atk":85,"def":85,"spa":85,"spd":85,"spe":85},"ivs":{"hp":31,"atk":31,"def":31,"spa":31,"spd":31,"spe":31},"item":"Leftovers","level":81,"shiny":false}],"p2team":[{"name":"Seviper","moves":["coil","darkpulse","poisonjab","sludgewave"],"ability":"Infiltrator","evs":{"hp":85,"atk":85,"def":85,"spa":85,"spd":85,"spe":85},"ivs":{"hp":31,"atk":31,"def":31,"spa":31,"spd":31,"spe":31},"item":"Life Orb","level":83,"shiny":false},{"name":"Ariados","moves":["toxicspikes","suckerpunch","poisonjab","stickyweb"],"ability":"Insomnia","evs":{"hp":81,"atk":89,"def":85,"spa":85,"spd":85,"spe":85},"ivs":{"hp":31,"atk":31,"def":31,"spa":31,"spd":31,"spe":31},"item":"Black Sludge","level":83,"shiny":false},{"name":"Doublade","moves":["shadowsneak","sacredsword","ironhead","swordsdance"],"ability":"No Guard","evs":{"hp":85,"atk":85,"def":85,"spa":85,"spd":85,"spe":85},"ivs":{"hp":31,"atk":31,"def":31,"spa":31,"spd":31,"spe":31},"item":"Eviolite","level":77,"shiny":false},{"name":"Salamence","moves":["earthquake","dracometeor","doubleedge","fireblast"],"ability":"Intimidate","evs":{"hp":85,"atk":85,"def":85,"spa":85,"spd":85,"spe":85},"ivs":{"hp":31,"atk":31,"def":31,"spa":31,"spd":31,"spe":31},"item":"Salamencite","level":73,"shiny":false},{"name":"Klinklang","moves":["return","shiftgear","substitute","geargrind"],"ability":"Clear Body","evs":{"hp":85,"atk":85,"def":85,"spa":85,"spd":85,"spe":85},"ivs":{"hp":31,"atk":31,"def":31,"spa":31,"spd":31,"spe":31},"item":"Leftovers","level":81,"shiny":false},{"name":"Conkeldurr","moves":["icepunch","drainpunch","knockoff","bulkup"],"ability":"Sheer Force","evs":{"hp":85,"atk":85,"def":85,"spa":85,"spd":85,"spe":85},"ivs":{"hp":31,"atk":31,"def":31,"spa":31,"spd":31,"spe":31},"item":"Life Orb","level":75,"shiny":false}],"log":["|player|p1|Outcast Brett|262","|player|p2|diogos2102|102","|gametype|singles","|gen|6","|tier|Random Battle","|rated","|rule|Sleep Clause Mod: Limit one foe put to sleep","|rule|HP Percentage Mod: HP is shown in percentages","|","|start","|switch|p1a: Aerodactyl|Aerodactyl, L77, F|250/250","|switch|p2a: Seviper|Seviper, L83, F|257/257","|-ability|p1a: Aerodactyl|Unnerve|p2: diogos2102","|turn|1","|","|detailschange|p1a: Aerodactyl|Aerodactyl-Mega, L77, F","|-mega|p1a: Aerodactyl|Aerodactyl|Aerodactylite","|move|p1a: Aerodactyl|Hone Claws|p1a: Aerodactyl","|-boost|p1a: Aerodactyl|atk|1","|-boost|p1a: Aerodactyl|accuracy|1","|move|p2a: Seviper|Sludge Wave|p1a: Aerodactyl","|-resisted|p1a: Aerodactyl","|-damage|p1a: Aerodactyl|186/250","|-damage|p2a: Seviper|232/257|[from] item: Life Orb","|","|turn|2","|","|move|p1a: Aerodactyl|Stone Edge|p2a: Seviper","|-crit|p2a: Seviper","|-damage|p2a: Seviper|0 fnt","|faint|p2a: Seviper","|","|","|switch|p2a: Salamence|Salamence, L73, M|259/259","|-ability|p2a: Salamence|Intimidate","|-unboost|p1a: Aerodactyl|atk|1","|turn|3","|","|detailschange|p2a: Salamence|Salamence-Mega, L73, M","|-mega|p2a: Salamence|Salamence|Salamencite","|move|p1a: Aerodactyl|Stone Edge|p2a: Salamence","|-supereffective|p2a: Salamence","|-damage|p2a: Salamence|77/259","|move|p2a: Salamence|Double-Edge|p1a: Aerodactyl","|-resisted|p1a: Aerodactyl","|-damage|p1a: Aerodactyl|89/250","|-damage|p2a: Salamence|45/259|[from] recoil|[of] p1a: Aerodactyl","|","|turn|4","|","|move|p1a: Aerodactyl|Stone Edge|p2a: Salamence","|-supereffective|p2a: Salamence","|-damage|p2a: Salamence|0 fnt","|faint|p2a: Salamence","|","|","|switch|p2a: Doublade|Doublade, L77, M|217/217","|turn|5","|","|move|p1a: Aerodactyl|Fire Fang|p2a: Doublade","|-supereffective|p2a: Doublade","|-damage|p2a: Doublade|153/217","|move|p2a: Doublade|Sacred Sword|p1a: Aerodactyl","|-damage|p1a: Aerodactyl|25/250","|","|turn|6","|","|move|p1a: Aerodactyl|Fire Fang|p2a: Doublade","|-supereffective|p2a: Doublade","|-damage|p2a: Doublade|85/217","|move|p2a: Doublade|Sacred Sword|p1a: Aerodactyl","|-damage|p1a: Aerodactyl|0 fnt","|faint|p1a: Aerodactyl","|","|","|switch|p1a: Kecleon|Kecleon, L81, M|230/230","|turn|7","|","|move|p1a: Kecleon|Sucker Punch|p2a: Doublade","|-start|p1a: Kecleon|typechange|Dark|[from] Protean","|-supereffective|p2a: Doublade","|-damage|p2a: Doublade|13/217","|move|p2a: Doublade|Sacred Sword|p1a: Kecleon","|-supereffective|p1a: Kecleon","|-damage|p1a: Kecleon|72/230","|","|turn|8","|","|move|p1a: Kecleon|Shadow Sneak|p2a: Doublade","|-start|p1a: Kecleon|typechange|Ghost|[from] Protean","|-supereffective|p2a: Doublade","|-damage|p2a: Doublade|0 fnt","|faint|p2a: Doublade","|","|","|switch|p2a: Conkeldurr|Conkeldurr, L75, M|281/281","|turn|9","|","|move|p1a: Kecleon|Drain Punch|p2a: Conkeldurr","|-start|p1a: Kecleon|typechange|Fighting|[from] Protean","|-damage|p2a: Conkeldurr|205/281","|-heal|p1a: Kecleon|110/230|[from] drain|[of] p2a: Conkeldurr","|move|p2a: Conkeldurr|Drain Punch|p1a: Kecleon","|-damage|p1a: Kecleon|0 fnt","|-heal|p2a: Conkeldurr|260/281|[from] drain|[of] p1a: Kecleon","|-damage|p2a: Conkeldurr|232/281|[from] item: Life Orb","|faint|p1a: Kecleon","|","|","|switch|p1a: Musharna|Musharna, L81, F|321/321","|turn|10","|","|switch|p2a: Ariados|Ariados, L83, F|251/251","|move|p1a: Musharna|Psyshock|p2a: Ariados","|-supereffective|p2a: Ariados","|-damage|p2a: Ariados|65/251","|","|-heal|p2a: Ariados|80/251|[from] item: Black Sludge","|turn|11","|","|move|p2a: Ariados|Sucker Punch|p1a: Musharna","|-supereffective|p1a: Musharna","|-damage|p1a: Musharna|211/321","|move|p1a: Musharna|Psyshock|p2a: Ariados","|-supereffective|p2a: Ariados","|-damage|p2a: Ariados|0 fnt","|faint|p2a: Ariados","|","|-heal|p1a: Musharna|231/321|[from] item: Leftovers","|","|switch|p2a: Conkeldurr|Conkeldurr, L75, M|232/281","|turn|12","|","|move|p2a: Conkeldurr|Knock Off|p1a: Musharna","|-supereffective|p1a: Musharna","|-damage|p1a: Musharna|18/321","|-enditem|p1a: Musharna|Leftovers|[from] move: Knock Off|[of] p2a: Conkeldurr","|-damage|p2a: Conkeldurr|204/281|[from] item: Life Orb","|move|p1a: Musharna|Psyshock|p2a: Conkeldurr","|-supereffective|p2a: Conkeldurr","|-damage|p2a: Conkeldurr|6/281","|","|turn|13","|","|switch|p1a: Drifblim|Drifblim, L83, M|385/385","|move|p2a: Conkeldurr|Knock Off|p1a: Drifblim","|-supereffective|p1a: Drifblim","|-damage|p1a: Drifblim|68/385","|-enditem|p1a: Drifblim|Flying Gem|[from] move: Knock Off|[of] p2a: Conkeldurr","|-damage|p2a: Conkeldurr|0 fnt|[from] item: Life Orb","|faint|p2a: Conkeldurr","|","|","|switch|p2a: Klinklang|Klinklang, L81|230/230","|turn|14","|","|move|p1a: Drifblim|Will-O-Wisp|p2a: Klinklang","|-status|p2a: Klinklang|brn","|move|p2a: Klinklang|Substitute|p2a: Klinklang","|-start|p2a: Klinklang|Substitute","|-damage|p2a: Klinklang|173/230 brn","|","|-heal|p2a: Klinklang|187/230 brn|[from] item: Leftovers","|-damage|p2a: Klinklang|159/230 brn|[from] brn","|turn|15","|","|move|p1a: Drifblim|Shadow Ball|p2a: Klinklang","|-end|p2a: Klinklang|Substitute","|move|p2a: Klinklang|Gear Grind|p1a: Drifblim","|-damage|p1a: Drifblim|29/385","|-damage|p1a: Drifblim|0 fnt","|-hitcount|p1a: Drifblim|2","|faint|p1a: Drifblim","|","|-heal|p2a: Klinklang|173/230 brn|[from] item: Leftovers","|-damage|p2a: Klinklang|145/230 brn|[from] brn","|","|switch|p1a: Arceus-Water|Arceus-Water, L73|296/296","|turn|16","|","|move|p1a: Arceus-Water|Judgment|p2a: Klinklang","|-damage|p2a: Klinklang|15/230 brn","|move|p2a: Klinklang|Return|p1a: Arceus-Water","|-damage|p1a: Arceus-Water|264/296","|","|-heal|p2a: Klinklang|29/230 brn|[from] item: Leftovers","|-damage|p2a: Klinklang|1/230 brn|[from] brn","|turn|17","|","|move|p1a: Arceus-Water|Calm Mind|p1a: Arceus-Water","|-boost|p1a: Arceus-Water|spa|1","|-boost|p1a: Arceus-Water|spd|1","|move|p2a: Klinklang|Shift Gear|p2a: Klinklang","|-boost|p2a: Klinklang|spe|2","|-boost|p2a: Klinklang|atk|1","|","|-heal|p2a: Klinklang|15/230 brn|[from] item: Leftovers","|-damage|p2a: Klinklang|0 fnt|[from] brn","|faint|p2a: Klinklang","|","|win|Outcast Brett"],"p1rating":{"entryid":"7649549","serverid":"eos","formatid":"randombattle","userid":"outcastbrett","username":"Outcast Brett","w":3,"l":"2","t":"0","gxe":52.3,"r":"1500","rd":"130","sigma":"0","rptime":"1439629200","rpr":1517.8179020535,"rprd":102.95056845254,"rpsigma":"0","acre":1099.3329063461,"lacre":1099.3329063461,"oldacre":"1077.1079336156"},"p2rating":{"entryid":7650254,"formatid":"randombattle","userid":"diogos2102","username":"diogos2102","r":1500,"rd":130,"sigma":0,"rpr":1459.8393856612,"rprd":122.8583080769,"rpsigma":0,"rptime":1439629200,"w":0,"l":1,"t":0,"gxe":45,"acre":1000,"lacre":1000,"oldacre":1000},"endType":"normal"}