{"seed":[55113,60735,39397,5355],"turns":35,"p1":"Blasmery","p2":"Emg GL Linket","p1team":[{"name":"Absol","moves":["knockoff","suckerpunch","pursuit","fireblast"],"ability":"Super Luck","evs":{"hp":85,"atk":85,"def":85,"spa":85,"spd":85,"spe":85},"ivs":{"hp":31,"atk":31,"def":31,"spa":31,"spd":31,"spe":31},"item":"Absolite","level":77,"shiny":false},{"name":"Aerodactyl","moves":["stoneedge","taunt","roost","doubleedge"],"ability":"Rock Head","evs":{"hp":81,"atk":89,"def":85,"spa":85,"spd":85,"spe":85},"ivs":{"hp":31,"atk":31,"def":31,"spa":31,"spd":31,"spe":31},"item":"Leftovers","level":79,"shiny":false},{"name":"Ambipom","moves":["acrobatics","seedbomb","lowkick","return"],"ability":"Technician","evs":{"hp":85,"atk":85,"def":85,"spa":85,"spd":85,"spe":85},"ivs":{"hp":31,"atk":31,"def":31,"spa":31,"spd":31,"spe":31},"item":"Flying Gem","level":79,"shiny":false},{"name":"Gorebyss","moves":["shellsmash","batonpass","substitute","hydropump"],"ability":"Hydration","evs":{"hp":85,"atk":85,"def":85,"spa":85,"spd":85,"spe":85},"ivs":{"hp":31,"atk":31,"def":31,"spa":31,"spd":31,"spe":31},"item":"White Herb","level":81,"shiny":false},{"name":"Forretress","moves":["rapidspin","stealthrock","spikes","gyroball"],"ability":"Overcoat","evs":{"hp":85,"atk":170,"def":85,"spa":85,"spd":85,"spe":0},"ivs":{"hp":31,"atk":31,"def":31,"spa":31,"spd":31,"spe":0},"item":"Leftovers","level":77,"shiny":false},{"name":"Typhlosion","moves":["eruption","extrasensory","hiddenpowergrass","focusblast"],"ability":"Flash Fire","evs":{"hp":85,"atk":85,"def":85,"spa":85,"spd":85,"spe":85},"ivs":{"hp":31,"atk":30,"def":31,"spa":30,"spd":31,"spe":31},"item":"Choice Scarf","level":79,"shiny":false}],"p2team":[{"name":"Sharpedo","moves":["protect","zenheadbutt","earthquake","crunch"],"ability":"Speed Boost","evs":{"hp":85,"atk":85,"def":85,"spa":85,"spd":85,"spe":85},"ivs":{"hp":31,"atk":31,"def":31,"spa":31,"spd":31,"spe":31},"item":"Sharpedonite","level":77,"shiny":false},{"name":"Furfrou","moves":["suckerpunch","toxic","return","substitute"],"ability":"Fur Coat","evs":{"hp":85,"atk":85,"def":85,"spa":85,"spd":85,"spe":85},"ivs":{"hp":31,"atk":31,"def":31,"spa":31,"spd":31,"spe":31},"item":"Leftovers","level":83,"shiny":false},{"name":"Deoxys-Attack","moves":["psychoboost","knockoff","firepunch","stealthrock"],"ability":"Pressure","evs":{"hp":85,"atk":85,"def":85,"spa":85,"spd":85,"spe":85},"ivs":{"hp":31,"atk":31,"def":31,"spa":31,"spd":31,"spe":31},"item":"Life Orb","level":73,"shiny":false},{"name":"Druddigon","moves":["dragontail","gunkshot","stealthrock","glare"],"ability":"Mold Breaker","evs":{"hp":85,"atk":85,"def":85,"spa":85,"spd":85,"spe":85},"ivs":{"hp":31,"atk":31,"def":31,"spa":31,"spd":31,"spe":31},"item":"Leftovers","level":79,"shiny":false},{"name":"Blaziken","moves":["batonpass","flareblitz","swordsdance","substitute"],"ability":"Speed Boost","evs":{"hp":85,"atk":85,"def":85,"spa":85,"spd":85,"spe":85},"ivs":{"hp":31,"atk":31,"def":31,"spa":31,"spd":31,"spe":31},"item":"Leftovers","level":74,"shiny":false},{"name":"Galvantula","moves":["hiddenpowerice","gigadrain","stickyweb","voltswitch"],"ability":"Swarm","evs":{"hp":85,"atk":85,"def":85,"spa":85,"spd":85,"spe":85},"ivs":{"hp":31,"atk":30,"def":30,"spa":31,"spd":31,"spe":31},"item":"Life Orb","level":77,"shiny":false}],"log":["|player|p1|Blasmery|34","|player|p2|Emg GL Linket|265","|gametype|singles","|gen|6","|tier|Random Battle","|rated","|rule|Sleep Clause Mod: Limit one foe put to sleep","|rule|HP Percentage Mod: HP is shown in percentages","|","|start","|switch|p1a: Absol|Absol, L77, M|227/227","|switch|p2a: Sharpedo|Sharpedo, L77, M|234/234","|turn|1","|","|detailschange|p1a: Absol|Absol-Mega, L77, M","|-mega|p1a: Absol|Absol|Absolite","|move|p2a: Sharpedo|Protect|p2a: Sharpedo","|-singleturn|p2a: Sharpedo|Protect","|move|p1a: Absol|Knock Off|p2a: Sharpedo","|-activate|p2a: Sharpedo|Protect","|","|-boost|p2a: Sharpedo|spe|1|[from] ability: Speed Boost","|turn|2","|","|detailschange|p2a: Sharpedo|Sharpedo-Mega, L77, M","|-mega|p2a: Sharpedo|Sharpedo|Sharpedonite","|move|p2a: Sharpedo|Earthquake|p1a: Absol","|-damage|p1a: Absol|118/227","|move|p1a: Absol|Knock Off|p2a: Sharpedo","|-resisted|p2a: Sharpedo","|-damage|p2a: Sharpedo|180/234","|","|turn|3","|","|move|p1a: Absol|Sucker Punch|p2a: Sharpedo","|-resisted|p2a: Sharpedo","|-damage|p2a: Sharpedo|119/234","|move|p2a: Sharpedo|Earthquake|p1a: Absol","|-damage|p1a: Absol|0 fnt","|faint|p1a: Absol","|","|","|switch|p1a: Ambipom|Ambipom, L79, F|248/248","|turn|4","|","|move|p2a: Sharpedo|Protect|p2a: Sharpedo","|-singleturn|p2a: Sharpedo|Protect","|move|p1a: Ambipom|Seed Bomb|p2a: Sharpedo","|-activate|p2a: Sharpedo|Protect","|","|turn|5","|","|switch|p2a: Galvantula|Galvantula, L77, M|234/234","|move|p1a: Ambipom|Seed Bomb|p2a: Galvantula","|-resisted|p2a: Galvantula","|-damage|p2a: Galvantula|198/234","|","|turn|6","|","|move|p1a: Ambipom|Acrobatics|p2a: Galvantula","|-enditem|p1a: Ambipom|Flying Gem|[from] gem|[move] Acrobatics","|-damage|p2a: Galvantula|73/234","|move|p2a: Galvantula|Sticky Web|p1a: Ambipom","|-sidestart|p1: Blasmery|move: Sticky Web","|","|turn|7","|","|move|p1a: Ambipom|Return|p2a: Galvantula","|-damage|p2a: Galvantula|0 fnt","|faint|p2a: Galvantula","|","|","|switch|p2a: Furfrou|Furfrou, L83, M|260/260","|turn|8","|","|move|p1a: Ambipom|Low Kick|p2a: Furfrou","|-supereffective|p2a: Furfrou","|-damage|p2a: Furfrou|180/260","|move|p2a: Furfrou|Return|p1a: Ambipom","|-damage|p1a: Ambipom|128/248","|","|-heal|p2a: Furfrou|196/260|[from] item: Leftovers","|turn|9","|","|move|p1a: Ambipom|Return|p2a: Furfrou","|-damage|p2a: Furfrou|127/260","|move|p2a: Furfrou|Return|p1a: Ambipom","|-damage|p1a: Ambipom|16/248","|","|-heal|p2a: Furfrou|143/260|[from] item: Leftovers","|turn|10","|","|move|p2a: Furfrou|Sucker Punch|p1a: Ambipom","|-damage|p1a: Ambipom|0 fnt","|faint|p1a: Ambipom","|","|-heal|p2a: Furfrou|159/260|[from] item: Leftovers","|","|switch|p1a: Aerodactyl|Aerodactyl, L79, F|255/255","|turn|11","|","|move|p1a: Aerodactyl|Double-Edge|p2a: Furfrou","|-damage|p2a: Furfrou|108/260","|move|p2a: Furfrou|Return|p1a: Aerodactyl","|-resisted|p1a: Aerodactyl","|-damage|p1a: Aerodactyl|189/255","|","|-heal|p1a: Aerodactyl|204/255|[from] item: Leftovers","|-heal|p2a: Furfrou|124/260|[from] item: Leftovers","|turn|12","|","|move|p1a: Aerodactyl|Stone Edge|p2a: Furfrou","|-damage|p2a: Furfrou|61/260","|move|p2a: Furfrou|Substitute|p2a: Furfrou","|-fail|p2a: Furfrou|move: Substitute|[weak]","|","|-heal|p1a: Aerodactyl|219/255|[from] item: Leftovers","|-heal|p2a: Furfrou|77/260|[from] item: Leftovers","|turn|13","|","|move|p1a: Aerodactyl|Double-Edge|p2a: Furfrou","|-damage|p2a: Furfrou|26/260","|move|p2a: Furfrou|Toxic|p1a: Aerodactyl","|-status|p1a: Aerodactyl|tox","|","|-heal|p1a: Aerodactyl|234/255 tox|[from] item: Leftovers","|-heal|p2a: Furfrou|42/260|[from] item: Leftovers","|-damage|p1a: Aerodactyl|219/255 tox|[from] psn","|turn|14","|","|move|p2a: Furfrou|Sucker Punch|p1a: Aerodactyl","|-damage|p1a: Aerodactyl|156/255 tox","|move|p1a: Aerodactyl|Double-Edge|p2a: Furfrou","|-damage|p2a: Furfrou|0 fnt","|faint|p2a: Furfrou","|","|-heal|p1a: Aerodactyl|171/255 tox|[from] item: Leftovers","|-damage|p1a: Aerodactyl|141/255 tox|[from] psn","|","|switch|p2a: Sharpedo|Sharpedo-Mega, L77, M|119/234","|turn|15","|","|move|p2a: Sharpedo|Protect|p2a: Sharpedo","|-singleturn|p2a: Sharpedo|Protect","|move|p1a: Aerodactyl|Double-Edge|p2a: Sharpedo","|-activate|p2a: Sharpedo|Protect","|","|-heal|p1a: Aerodactyl|156/255 tox|[from] item: Leftovers","|-damage|p1a: Aerodactyl|111/255 tox|[from] psn","|turn|16","|","|move|p1a: Aerodactyl|Double-Edge|p2a: Sharpedo","|-damage|p2a: Sharpedo|9/234","|move|p2a: Sharpedo|Crunch|p1a: Aerodactyl","|-damage|p1a: Aerodactyl|0 fnt","|faint|p1a: Aerodactyl","|","|","|switch|p1a: Forretress|Forretress, L77, F|242/242","|-activate|p1a: Forretress|move: Sticky Web","|-unboost|p1a: Forretress|spe|1","|turn|17","|","|move|p2a: Sharpedo|Earthquake|p1a: Forretress","|-damage|p1a: Forretress|184/242","|move|p1a: Forretress|Stealth Rock|p2a: Sharpedo","|-sidestart|p2: Emg GL Linket|move: Stealth Rock","|","|-heal|p1a: Forretress|199/242|[from] item: Leftovers","|turn|18","|","|move|p2a: Sharpedo|Crunch|p1a: Forretress","|-damage|p1a: Forretress|88/242","|-unboost|p1a: Forretress|def|1","|move|p1a: Forretress|Rapid Spin|p2a: Sharpedo","|-damage|p2a: Sharpedo|0 fnt","|-sideend|p1: Blasmery|Sticky Web|[from] move: Rapid Spin|[of] p1a: Forretress","|faint|p2a: Sharpedo","|","|-heal|p1a: Forretress|103/242|[from] item: Leftovers","|","|switch|p2a: Druddigon|Druddigon, L79, F|251/251","|-damage|p2a: Druddigon|220/251|[from] Stealth Rock","|-ability|p2a: Druddigon|Mold Breaker","|turn|19","|","|move|p1a: Forretress|Spikes|p2a: Druddigon","|-sidestart|p2: Emg GL Linket|Spikes","|move|p2a: Druddigon|Dragon Tail|p1a: Forretress","|-resisted|p1a: Forretress","|-damage|p1a: Forretress|64/242","|drag|p1a: Typhlosion|Typhlosion, L79, F|253/253","|","|-heal|p2a: Druddigon|235/251|[from] item: Leftovers","|turn|20","|","|move|p1a: Typhlosion|Focus Blast|p2a: Druddigon","|-damage|p2a: Druddigon|153/251","|move|p2a: Druddigon|Glare|p1a: Typhlosion","|-status|p1a: Typhlosion|par","|","|-heal|p2a: Druddigon|168/251|[from] item: Leftovers","|turn|21","|","|switch|p1a: Forretress|Forretress, L77, F|64/242","|move|p2a: Druddigon|Stealth Rock|p1a: Forretress","|-sidestart|p1: Blasmery|move: Stealth Rock","|","|-heal|p2a: Druddigon|183/251|[from] item: Leftovers","|-heal|p1a: Forretress|79/242|[from] item: Leftovers","|turn|22","|","|move|p1a: Forretress|Rapid Spin|p2a: Druddigon","|-damage|p2a: Druddigon|170/251","|-sideend|p1: Blasmery|Stealth Rock|[from] move: Rapid Spin|[of] p1a: Forretress","|move|p2a: Druddigon|Dragon Tail|p1a: Forretress","|-resisted|p1a: Forretress","|-damage|p1a: Forretress|52/242","|drag|p1a: Gorebyss|Gorebyss, L81, F|222/222","|","|-heal|p2a: Druddigon|185/251|[from] item: Leftovers","|turn|23","|","|move|p1a: Gorebyss|Shell Smash|p1a: Gorebyss","|-unboost|p1a: Gorebyss|def|1","|-unboost|p1a: Gorebyss|spd|1","|-boost|p1a: Gorebyss|atk|2","|-boost|p1a: Gorebyss|spa|2","|-boost|p1a: Gorebyss|spe|2","|-enditem|p1a: Gorebyss|White Herb","|-restoreboost|p1a: Gorebyss|[silent]","|move|p2a: Druddigon|Glare|p1a: Gorebyss","|-status|p1a: Gorebyss|par","|","|-heal|p2a: Druddigon|200/251|[from] item: Leftovers","|turn|24","|","|move|p1a: Gorebyss|Substitute|p1a: Gorebyss","|-start|p1a: Gorebyss|Substitute","|-damage|p1a: Gorebyss|167/222 par","|move|p2a: Druddigon|Dragon Tail|p1a: Gorebyss|[miss]","|-miss|p2a: Druddigon|p1a: Gorebyss","|","|-heal|p2a: Druddigon|215/251|[from] item: Leftovers","|turn|25","|","|move|p2a: Druddigon|Stealth Rock|p1a: Gorebyss","|-sidestart|p1: Blasmery|move: Stealth Rock","|cant|p1a: Gorebyss|par","|","|-heal|p2a: Druddigon|230/251|[from] item: Leftovers","|turn|26","|","|move|p2a: Druddigon|Gunk Shot|p1a: Gorebyss","|-end|p1a: Gorebyss|Substitute","|move|p1a: Gorebyss|Hydro Pump|p2a: Druddigon","|-resisted|p2a: Druddigon","|-damage|p2a: Druddigon|107/251","|","|-heal|p2a: Druddigon|122/251|[from] item: Leftovers","|turn|27","|","|move|p2a: Druddigon|Gunk Shot|p1a: Gorebyss","|-damage|p1a: Gorebyss|91/222 par","|cant|p1a: Gorebyss|par","|","|-heal|p2a: Druddigon|137/251|[from] item: Leftovers","|turn|28","|","|move|p2a: Druddigon|Gunk Shot|p1a: Gorebyss","|-damage|p1a: Gorebyss|12/222 par","|move|p1a: Gorebyss|Baton Pass|p1a: Gorebyss","|","|switch|p1a: Typhlosion|Typhlosion, L79, F|253/253 par","|-damage|p1a: Typhlosion|190/253 par|[from] Stealth Rock","|","|-heal|p2a: Druddigon|152/251|[from] item: Leftovers","|turn|29","|","|move|p1a: Typhlosion|Extrasensory|p2a: Druddigon","|-damage|p2a: Druddigon|48/251","|move|p2a: Druddigon|Dragon Tail|p1a: Typhlosion|[miss]","|-miss|p2a: Druddigon|p1a: Typhlosion","|","|-heal|p2a: Druddigon|63/251|[from] item: Leftovers","|turn|30","|","|cant|p1a: Typhlosion|par","|move|p2a: Druddigon|Dragon Tail|p1a: Typhlosion","|-damage|p1a: Typhlosion|115/253 par","|drag|p1a: Forretress|Forretress, L77, F|52/242","|-damage|p1a: Forretress|22/242|[from] Stealth Rock","|","|-heal|p2a: Druddigon|78/251|[from] item: Leftovers","|-heal|p1a: Forretress|37/242|[from] item: Leftovers","|turn|31","|","|move|p1a: Forretress|Rapid Spin|p2a: Druddigon","|-damage|p2a: Druddigon|65/251","|-sideend|p1: Blasmery|Stealth Rock|[from] move: Rapid Spin|[of] p1a: Forretress","|move|p2a: Druddigon|Dragon Tail|p1a: Forretress","|-resisted|p1a: Forretress","|-damage|p1a: Forretress|13/242","|drag|p1a: Typhlosion|Typhlosion, L79, F|115/253 par","|","|-heal|p2a: Druddigon|80/251|[from] item: Leftovers","|turn|32","|","|move|p2a: Druddigon|Gunk Shot|p1a: Typhlosion","|-damage|p1a: Typhlosion|18/253 par","|move|p1a: Typhlosion|Extrasensory|p2a: Druddigon","|-damage|p2a: Druddigon|24/251","|","|-heal|p2a: Druddigon|39/251|[from] item: Leftovers","|turn|33","|","|move|p2a: Druddigon|Gunk Shot|p1a: Typhlosion","|-damage|p1a: Typhlosion|0 fnt","|faint|p1a: Typhlosion","|","|-heal|p2a: Druddigon|54/251|[from] item: Leftovers","|","|switch|p1a: Forretress|Forretress, L77, F|13/242","|turn|34","|","|move|p1a: Forretress|Gyro Ball|p2a: Druddigon","|-damage|p2a: Druddigon|8/251","|move|p2a: Druddigon|Dragon Tail|p1a: Forretress","|-resisted|p1a: Forretress","|-damage|p1a: Forretress|0 fnt","|faint|p1a: Forretress","|","|-heal|p2a: Druddigon|23/251|[from] item: Leftovers","|","|switch|p1a: Gorebyss|Gorebyss, L81, F|12/222 par","|turn|35","|","|move|p2a: Druddigon|Gunk Shot|p1a: Gorebyss","|-damage|p1a: Gorebyss|0 fnt","|faint|p1a: Gorebyss","|","|win|Emg GL Linket"],"p1rating":{"entryid":"7539355","serverid":"eos","formatid":"randombattle","userid":"blasmery","username":"Blasmery","w":"9","l":4,"t":"0","gxe":61.5,"r":"1599.6617482638","rd":"86.573561591725","sigma":"0","rptime":"1439629200","rpr":1590.7506248611,"rprd":82.262418511418,"rpsigma":"0","acre":1090.792267772,"lacre":1090.792267772,"oldacre":"1106.4008518467"},"p2rating":{"entryid":"7099396","serverid":"eos","formatid":"randombattle","userid":"emggllinket","username":"Emg GL Linket","w":20,"l":"12","t":"0","gxe":61,"r":"1540.6166553107","rd":"63.148618958344","sigma":"0","rptime":"1439629200","rpr":1585.3409648141,"rprd":59.87679585772,"rpsigma":"0","acre":1259.2440553014,"lacre":1259.2440553014,"oldacre":"1243.6354712267"},"endType":"normal"}