{"seed":[15913,60959,58387,62103],"turns":19,"p1":"Ynfynyt Scroll","p2":"Lexi_Lynn","p1team":[{"name":"Zygarde","moves":["dragondance","outrage","extremespeed","earthquake"],"ability":"Aura Break","evs":{"hp":85,"atk":85,"def":85,"spa":85,"spd":85,"spe":85},"ivs":{"hp":31,"atk":31,"def":31,"spa":31,"spd":31,"spe":31},"item":"Lum Berry","level":76,"shiny":false},{"name":"Abomasnow","moves":["iceshard","gigadrain","earthquake","hiddenpowerfire"],"ability":"Snow Warning","evs":{"hp":85,"atk":85,"def":85,"spa":85,"spd":85,"spe":85},"ivs":{"hp":31,"atk":30,"def":31,"spa":30,"spd":31,"spe":30},"item":"Abomasite","level":77,"shiny":false},{"name":"Latios","moves":["thunderbolt","roost","trick","psyshock"],"ability":"Levitate","evs":{"hp":85,"atk":85,"def":85,"spa":85,"spd":85,"spe":85},"ivs":{"hp":31,"atk":31,"def":31,"spa":31,"spd":31,"spe":31},"item":"Choice Scarf","level":75,"shiny":false},{"name":"Carracosta","moves":["waterfall","aquajet","earthquake","stealthrock"],"ability":"Sturdy","evs":{"hp":85,"atk":85,"def":85,"spa":85,"spd":85,"spe":85},"ivs":{"hp":31,"atk":31,"def":31,"spa":31,"spd":31,"spe":31},"item":"Air Balloon","level":83,"shiny":false},{"name":"Zapdos","moves":["hiddenpowerice","roost","thunderbolt","heatwave"],"ability":"Static","evs":{"hp":85,"atk":85,"def":85,"spa":85,"spd":85,"spe":85},"ivs":{"hp":31,"atk":30,"def":30,"spa":31,"spd":31,"spe":31},"item":"Life Orb","level":75,"shiny":false},{"name":"Donphan","moves":["rapidspin","stealthrock","iceshard","earthquake"],"ability":"Sturdy","evs":{"hp":85,"atk":85,"def":85,"spa":85,"spd":85,"spe":85},"ivs":{"hp":31,"atk":31,"def":31,"spa":31,"spd":31,"spe":31},"item":"Leftovers","level":77,"shiny":false}],"p2team":[{"name":"Volcanion","moves":["substitute","earthpower","superpower","steameruption"],"ability":"Water Absorb","evs":{"hp":81,"atk":85,"def":85,"spa":89,"spd":85,"spe":85},"ivs":{"hp":31,"atk":31,"def":31,"spa":31,"spd":31,"spe":31},"item":"Leftovers","level":75,"shiny":false},{"name":"Heliolisk","moves":["hypervoice","voltswitch","raindance","darkpulse"],"ability":"Dry Skin","evs":{"hp":85,"atk":85,"def":85,"spa":85,"spd":85,"spe":85},"ivs":{"hp":31,"atk":31,"def":31,"spa":31,"spd":31,"spe":31},"item":"Damp Rock","level":77,"shiny":false},{"name":"Ninetales","moves":["nastyplot","fireblast","willowisp","solarbeam"],"ability":"Drought","evs":{"hp":85,"atk":85,"def":85,"spa":85,"spd":85,"spe":85},"ivs":{"hp":31,"atk":31,"def":31,"spa":31,"spd":31,"spe":31},"item":"Leftovers","level":79,"shiny":false},{"name":"Bouffalant","moves":["superpower","swordsdance","earthquake","headcharge"],"ability":"Sap Sipper","evs":{"hp":85,"atk":85,"def":85,"spa":85,"spd":85,"spe":85},"ivs":{"hp":31,"atk":31,"def":31,"spa":31,"spd":31,"spe":31},"item":"Leftovers","level":81,"shiny":false},{"name":"Crobat","moves":["superfang","taunt","toxic","bravebird"],"ability":"Infiltrator","evs":{"hp":85,"atk":85,"def":85,"spa":85,"spd":85,"spe":85},"ivs":{"hp":31,"atk":31,"def":31,"spa":31,"spd":31,"spe":31},"item":"Black Sludge","level":77,"shiny":false},{"name":"Blastoise","moves":["aurasphere","scald","toxic","dragontail"],"ability":"Torrent","evs":{"hp":85,"atk":85,"def":85,"spa":85,"spd":85,"spe":85},"ivs":{"hp":31,"atk":31,"def":31,"spa":31,"spd":31,"spe":31},"item":"Blastoisinite","level":77,"shiny":false}],"log":["|player|p1|Ynfynyt Scroll|169","|player|p2|Lexi_Lynn|lexilynn.gif","|gametype|singles","|gen|6","|tier|Random Battle","|rated","|rule|Sleep Clause Mod: Limit one foe put to sleep","|rule|HP Percentage Mod: HP is shown in percentages","|","|start","|switch|p1a: Zygarde|Zygarde, L76|289/289","|switch|p2a: Volcanion|Volcanion, L75|243/243","|-ability|p1a: Zygarde|Aura Break","|turn|1","|","|move|p1a: Zygarde|Earthquake|p2a: Volcanion","|-supereffective|p2a: Volcanion","|-damage|p2a: Volcanion|93/243","|move|p2a: Volcanion|Steam Eruption|p1a: Zygarde","|-damage|p1a: Zygarde|162/289","|","|-heal|p2a: Volcanion|108/243|[from] item: Leftovers","|turn|2","|","|move|p1a: Zygarde|Earthquake|p2a: Volcanion","|-supereffective|p2a: Volcanion","|-damage|p2a: Volcanion|0 fnt","|faint|p2a: Volcanion","|","|","|switch|p2a: Heliolisk|Heliolisk, L77, M|222/222","|turn|3","|","|move|p1a: Zygarde|Extreme Speed|p2a: Heliolisk","|-damage|p2a: Heliolisk|144/222","|move|p2a: Heliolisk|Hyper Voice|p1a: Zygarde","|-damage|p1a: Zygarde|78/289","|","|turn|4","|","|move|p1a: Zygarde|Extreme Speed|p2a: Heliolisk","|-damage|p2a: Heliolisk|73/222","|move|p2a: Heliolisk|Dark Pulse|p1a: Zygarde","|-damage|p1a: Zygarde|25/289","|","|turn|5","|","|move|p1a: Zygarde|Extreme Speed|p2a: Heliolisk","|-damage|p2a: Heliolisk|1/222","|move|p2a: Heliolisk|Volt Switch|p1a: Zygarde","|-immune|p1a: Zygarde|[msg]","|","|turn|6","|","|switch|p2a: Blastoise|Blastoise, L77, M|248/248","|move|p1a: Zygarde|Extreme Speed|p2a: Blastoise","|-damage|p2a: Blastoise|197/248","|","|turn|7","|","|detailschange|p2a: Blastoise|Blastoise-Mega, L77, M","|-mega|p2a: Blastoise|Blastoise|Blastoisinite","|move|p1a: Zygarde|Outrage|p2a: Blastoise","|-damage|p2a: Blastoise|103/248","|move|p2a: Blastoise|Dragon Tail|p1a: Zygarde","|-supereffective|p1a: Zygarde","|-damage|p1a: Zygarde|0 fnt","|faint|p1a: Zygarde","|","|","|switch|p1a: Zapdos|Zapdos, L75|259/259","|turn|8","|","|move|p1a: Zapdos|Thunderbolt|p2a: Blastoise","|-supereffective|p2a: Blastoise","|-damage|p2a: Blastoise|0 fnt","|-damage|p1a: Zapdos|234/259|[from] item: Life Orb","|faint|p2a: Blastoise","|","|","|switch|p2a: Ninetales|Ninetales, L79, F|245/245","|-weather|SunnyDay","|turn|9","|","|switch|p1a: Carracosta|Carracosta, L83, F|259/259","|-item|p1a: Carracosta|Air Balloon","|move|p2a: Ninetales|Nasty Plot|p2a: Ninetales","|-boost|p2a: Ninetales|spa|2","|","|-weather|SunnyDay|[upkeep]","|turn|10","|","|switch|p1a: Abomasnow|Abomasnow, L77, M|265/265","|-weather|Hail","|move|p2a: Ninetales|Solar Beam|p1a: Abomasnow|[still]","|-prepare|p2a: Ninetales|Solar Beam|p1a: Abomasnow","|","|-weather|Hail|[upkeep]","|-damage|p2a: Ninetales|230/245|[from] hail","|-heal|p2a: Ninetales|245/245|[from] item: Leftovers","|turn|11","|","|detailschange|p1a: Abomasnow|Abomasnow-Mega, L77, M","|-mega|p1a: Abomasnow|Abomasnow|Abomasite","|move|p2a: Ninetales|Solar Beam|p1a: Abomasnow|[from]lockedmove","|-resisted|p1a: Abomasnow","|-damage|p1a: Abomasnow|232/265","|move|p1a: Abomasnow|Earthquake|p2a: Ninetales","|-supereffective|p2a: Ninetales","|-damage|p2a: Ninetales|61/245","|","|-weather|Hail|[upkeep]","|-damage|p2a: Ninetales|46/245|[from] hail","|-heal|p2a: Ninetales|61/245|[from] item: Leftovers","|turn|12","|","|move|p1a: Abomasnow|Ice Shard|p2a: Ninetales","|-resisted|p2a: Ninetales","|-damage|p2a: Ninetales|36/245","|move|p2a: Ninetales|Fire Blast|p1a: Abomasnow","|-supereffective|p1a: Abomasnow","|-damage|p1a: Abomasnow|0 fnt","|faint|p1a: Abomasnow","|","|-weather|Hail|[upkeep]","|-damage|p2a: Ninetales|21/245|[from] hail","|-heal|p2a: Ninetales|36/245|[from] item: Leftovers","|","|switch|p1a: Carracosta|Carracosta, L83, F|259/259","|-item|p1a: Carracosta|Air Balloon","|turn|13","|","|switch|p2a: Crobat|Crobat, L77, F|257/257","|move|p1a: Carracosta|Aqua Jet|p2a: Crobat","|-damage|p2a: Crobat|200/257","|","|-weather|Hail|[upkeep]","|-damage|p2a: Crobat|184/257|[from] hail","|-damage|p1a: Carracosta|243/259|[from] hail","|-heal|p2a: Crobat|200/257|[from] item: Black Sludge","|turn|14","|","|move|p2a: Crobat|Brave Bird|p1a: Carracosta","|-resisted|p1a: Carracosta","|-damage|p1a: Carracosta|203/259","|-enditem|p1a: Carracosta|Air Balloon","|-damage|p2a: Crobat|187/257|[from] recoil|[of] p1a: Carracosta","|move|p1a: Carracosta|Stealth Rock|p2a: Crobat","|-sidestart|p2: Lexi_Lynn|move: Stealth Rock","|","|-weather|none","|-heal|p2a: Crobat|203/257|[from] item: Black Sludge","|turn|15","|","|move|p2a: Crobat|Super Fang|p1a: Carracosta","|-damage|p1a: Carracosta|102/259","|move|p1a: Carracosta|Waterfall|p2a: Crobat","|-damage|p2a: Crobat|89/257","|","|-heal|p2a: Crobat|105/257|[from] item: Black Sludge","|turn|16","|","|move|p2a: Crobat|Super Fang|p1a: Carracosta","|-damage|p1a: Carracosta|51/259","|move|p1a: Carracosta|Waterfall|p2a: Crobat","|-damage|p2a: Crobat|0 fnt","|faint|p2a: Crobat","|","|","|switch|p2a: Bouffalant|Bouffalant, L81, F|287/287","|-damage|p2a: Bouffalant|252/287|[from] Stealth Rock","|turn|17","|","|move|p2a: Bouffalant|Head Charge|p1a: Carracosta","|-resisted|p1a: Carracosta","|-damage|p1a: Carracosta|3/259","|-damage|p2a: Bouffalant|240/287|[from] recoil|[of] p1a: Carracosta","|move|p1a: Carracosta|Waterfall|p2a: Bouffalant","|-damage|p2a: Bouffalant|144/287","|","|-heal|p2a: Bouffalant|161/287|[from] item: Leftovers","|turn|18","|","|move|p1a: Carracosta|Aqua Jet|p2a: Bouffalant","|-damage|p2a: Bouffalant|118/287","|move|p2a: Bouffalant|Head Charge|p1a: Carracosta","|-resisted|p1a: Carracosta","|-damage|p1a: Carracosta|0 fnt","|-damage|p2a: Bouffalant|117/287|[from] recoil|[of] p1a: Carracosta","|faint|p1a: Carracosta","|","|-heal|p2a: Bouffalant|134/287|[from] item: Leftovers","|","|switch|p1a: Donphan|Donphan, L77, F|265/265","|turn|19","|","|move|p2a: Bouffalant|Superpower|p1a: Donphan","|-damage|p1a: Donphan|188/265","|-unboost|p2a: Bouffalant|atk|1","|-unboost|p2a: Bouffalant|def|1","|move|p1a: Donphan|Earthquake|p2a: Bouffalant","|-damage|p2a: Bouffalant|0 fnt","|faint|p2a: Bouffalant","|","|-heal|p1a: Donphan|204/265|[from] item: Leftovers","|","|switch|p2a: Ninetales|Ninetales, L79, F|36/245","|-damage|p2a: Ninetales|0 fnt|[from] Stealth Rock","|faint|p2a: Ninetales","|","|switch|p2a: Heliolisk|Heliolisk, L77, M|1/222","|-damage|p2a: Heliolisk|0 fnt|[from] Stealth Rock","|faint|p2a: Heliolisk","|","|win|Ynfynyt Scroll"],"p1rating":{"entryid":"7631274","serverid":"eos","formatid":"randombattle","userid":"ynfynytscroll","username":"Ynfynyt Scroll","w":16,"l":"4","t":"0","gxe":68.9,"r":"1658.1809828013","rd":"79.294490585238","sigma":"0","rptime":"1439629200","rpr":1653.0521834738,"rprd":71.225493302264,"rpsigma":"0","acre":1212.0790457624,"lacre":1212.0790457624,"oldacre":"1198.2289986064"},"p2rating":{"entryid":"6791775","serverid":"eos","formatid":"randombattle","userid":"lexilynn","username":"Lexi_Lynn","w":"5","l":13,"t":"0","gxe":35.9,"r":"1372.7170004673","rd":"86.658850268038","sigma":"0","rptime":"1439629200","rpr":1388.2523575365,"rprd":78.365391880476,"rpsigma":"0","acre":1023.4032093069,"lacre":1023.4032093069,"oldacre":"1031.5664053883"},"endType":"normal"}