{"seed":[33036,26989,20808,57773],"turns":29,"p1":"Emg Gl Linket","p2":"Kury_Fury","p1team":[{"name":"Uxie","moves":["yawn","healbell","stealthrock","psychic"],"ability":"Levitate","evs":{"hp":85,"atk":85,"def":85,"spa":85,"spd":85,"spe":85},"ivs":{"hp":31,"atk":31,"def":31,"spa":31,"spd":31,"spe":31},"item":"Leftovers","level":79,"shiny":false},{"name":"Whimsicott","moves":["tailwind","toxic","uturn","moonblast"],"ability":"Prankster","evs":{"hp":85,"atk":85,"def":85,"spa":85,"spd":85,"spe":85},"ivs":{"hp":31,"atk":31,"def":31,"spa":31,"spd":31,"spe":31},"item":"Leftovers","level":77,"shiny":false},{"name":"Wormadam","moves":["synthesis","protect","toxic","gigadrain"],"ability":"Overcoat","evs":{"hp":85,"atk":85,"def":85,"spa":85,"spd":85,"spe":85},"ivs":{"hp":31,"atk":31,"def":31,"spa":31,"spd":31,"spe":31},"item":"Leftovers","level":83,"shiny":false},{"name":"Garchomp","moves":["swordsdance","stoneedge","earthquake","outrage"],"ability":"Rough Skin","evs":{"hp":85,"atk":85,"def":85,"spa":85,"spd":85,"spe":85},"ivs":{"hp":31,"atk":31,"def":31,"spa":31,"spd":31,"spe":31},"item":"Garchompite","level":75,"shiny":false},{"name":"Charizard","moves":["swordsdance","acrobatics","earthquake","flareblitz"],"ability":"Blaze","evs":{"hp":85,"atk":85,"def":85,"spa":85,"spd":85,"spe":85},"ivs":{"hp":31,"atk":31,"def":31,"spa":31,"spd":31,"spe":31},"item":"Flying Gem","level":81,"shiny":false},{"name":"Volcarona","moves":["quiverdance","roost","gigadrain","fireblast"],"ability":"Flame Body","evs":{"hp":81,"atk":85,"def":85,"spa":89,"spd":85,"spe":85},"ivs":{"hp":31,"atk":31,"def":31,"spa":31,"spd":31,"spe":31},"item":"Leftovers","level":76,"shiny":false}],"p2team":[{"name":"Shiftry","moves":["defog","lowkick","leafblade","leafstorm"],"ability":"Early Bird","evs":{"hp":85,"atk":85,"def":85,"spa":85,"spd":85,"spe":85},"ivs":{"hp":31,"atk":31,"def":31,"spa":31,"spd":31,"spe":31},"item":"Life Orb","level":81,"shiny":false},{"name":"Giratina","moves":["dragonpulse","willowisp","shadowball","roar"],"ability":"Pressure","evs":{"hp":85,"atk":85,"def":85,"spa":85,"spd":85,"spe":85},"ivs":{"hp":31,"atk":31,"def":31,"spa":31,"spd":31,"spe":31},"item":"Leftovers","level":73,"shiny":false},{"name":"Furfrou","moves":["return","toxic","suckerpunch","uturn"],"ability":"Fur Coat","evs":{"hp":85,"atk":85,"def":85,"spa":85,"spd":85,"spe":85},"ivs":{"hp":31,"atk":31,"def":31,"spa":31,"spd":31,"spe":31},"item":"Life Orb","level":83,"shiny":false},{"name":"Staraptor","moves":["bravebird","doubleedge","closecombat","roost"],"ability":"Intimidate","evs":{"hp":85,"atk":85,"def":85,"spa":85,"spd":85,"spe":85},"ivs":{"hp":31,"atk":31,"def":31,"spa":31,"spd":31,"spe":31},"item":"Life Orb","level":76,"shiny":false},{"name":"Mesprit","moves":["psychic","calmmind","hiddenpowerfire","signalbeam"],"ability":"Levitate","evs":{"hp":85,"atk":85,"def":85,"spa":85,"spd":85,"spe":85},"ivs":{"hp":31,"atk":30,"def":31,"spa":30,"spd":31,"spe":30},"item":"Leftovers","level":81,"shiny":false},{"name":"Zapdos","moves":["defog","thunderbolt","heatwave","roost"],"ability":"Pressure","evs":{"hp":85,"atk":85,"def":85,"spa":85,"spd":85,"spe":85},"ivs":{"hp":31,"atk":31,"def":31,"spa":31,"spd":31,"spe":31},"item":"Leftovers","level":75,"shiny":false}],"log":["|player|p1|Emg Gl Linket|265","|player|p2|Kury_Fury|169","|gametype|singles","|gen|6","|tier|Random Battle","|rated","|rule|Sleep Clause Mod: Limit one foe put to sleep","|rule|HP Percentage Mod: HP is shown in percentages","|","|start","|switch|p1a: Uxie|Uxie, L79|248/248","|switch|p2a: Shiftry|Shiftry, L81, M|278/278","|turn|1","|","|move|p1a: Uxie|Yawn|p2a: Shiftry","|-start|p2a: Shiftry|move: Yawn|[of] p1a: Uxie","|move|p2a: Shiftry|Leaf Blade|p1a: Uxie","|-damage|p1a: Uxie|154/248","|-damage|p2a: Shiftry|251/278|[from] item: Life Orb","|","|-heal|p1a: Uxie|169/248|[from] item: Leftovers","|turn|2","|","|switch|p2a: Giratina|Giratina, L73|339/339","|-ability|p2a: Giratina|Pressure","|move|p1a: Uxie|Stealth Rock|p2a: Giratina","|-sidestart|p2: Kury_Fury|move: Stealth Rock","|","|-heal|p1a: Uxie|184/248|[from] item: Leftovers","|turn|3","|","|move|p1a: Uxie|Yawn|p2a: Giratina","|-start|p2a: Giratina|move: Yawn|[of] p1a: Uxie","|move|p2a: Giratina|Shadow Ball|p1a: Uxie","|-supereffective|p1a: Uxie","|-damage|p1a: Uxie|82/248","|","|-heal|p1a: Uxie|97/248|[from] item: Leftovers","|turn|4","|","|switch|p1a: Whimsicott|Whimsicott, L77, F|219/219","|move|p2a: Giratina|Shadow Ball|p1a: Whimsicott","|-damage|p1a: Whimsicott|143/219","|","|-end|p2a: Giratina|move: Yawn|[silent]","|-status|p2a: Giratina|slp","|-heal|p1a: Whimsicott|156/219|[from] item: Leftovers","|turn|5","|","|switch|p2a: Zapdos|Zapdos, L75|259/259","|-damage|p2a: Zapdos|195/259|[from] Stealth Rock","|-ability|p2a: Zapdos|Pressure","|move|p1a: Whimsicott|Moonblast|p2a: Zapdos","|-damage|p2a: Zapdos|114/259","|-unboost|p2a: Zapdos|spa|1","|","|-heal|p1a: Whimsicott|169/219|[from] item: Leftovers","|-heal|p2a: Zapdos|130/259|[from] item: Leftovers","|turn|6","|","|move|p1a: Whimsicott|U-turn|p2a: Zapdos","|-resisted|p2a: Zapdos","|-damage|p2a: Zapdos|111/259","|","|switch|p1a: Uxie|Uxie, L79|97/248","|move|p2a: Zapdos|Roost|p2a: Zapdos","|-heal|p2a: Zapdos|241/259","|","|-heal|p1a: Uxie|112/248|[from] item: Leftovers","|-heal|p2a: Zapdos|257/259|[from] item: Leftovers","|turn|7","|","|move|p1a: Uxie|Psychic|p2a: Zapdos","|-damage|p2a: Zapdos|178/259","|move|p2a: Zapdos|Defog|p1a: Uxie","|-unboost|p1a: Uxie|evasion|1","|-sideend|p2: Kury_Fury|Stealth Rock|[from] move: Defog|[of] p2a: Zapdos","|","|-heal|p1a: Uxie|127/248|[from] item: Leftovers","|-heal|p2a: Zapdos|194/259|[from] item: Leftovers","|turn|8","|","|switch|p2a: Mesprit|Mesprit, L81|262/262","|move|p1a: Uxie|Stealth Rock|p2a: Mesprit","|-sidestart|p2: Kury_Fury|move: Stealth Rock","|","|-heal|p1a: Uxie|142/248|[from] item: Leftovers","|turn|9","|","|move|p1a: Uxie|Psychic|p2a: Mesprit","|-resisted|p2a: Mesprit","|-damage|p2a: Mesprit|231/262","|move|p2a: Mesprit|Calm Mind|p2a: Mesprit","|-boost|p2a: Mesprit|spa|1","|-boost|p2a: Mesprit|spd|1","|","|-heal|p1a: Uxie|157/248|[from] item: Leftovers","|-heal|p2a: Mesprit|247/262|[from] item: Leftovers","|turn|10","|","|move|p1a: Uxie|Psychic|p2a: Mesprit","|-resisted|p2a: Mesprit","|-damage|p2a: Mesprit|227/262","|-unboost|p2a: Mesprit|spd|1","|move|p2a: Mesprit|Signal Beam|p1a: Uxie","|-supereffective|p1a: Uxie","|-damage|p1a: Uxie|33/248","|","|-heal|p1a: Uxie|48/248|[from] item: Leftovers","|-heal|p2a: Mesprit|243/262|[from] item: Leftovers","|turn|11","|","|move|p1a: Uxie|Psychic|p2a: Mesprit","|-crit|p2a: Mesprit","|-resisted|p2a: Mesprit","|-damage|p2a: Mesprit|200/262","|move|p2a: Mesprit|Calm Mind|p2a: Mesprit","|-boost|p2a: Mesprit|spa|1","|-boost|p2a: Mesprit|spd|1","|","|-heal|p1a: Uxie|63/248|[from] item: Leftovers","|-heal|p2a: Mesprit|216/262|[from] item: Leftovers","|turn|12","|","|move|p1a: Uxie|Psychic|p2a: Mesprit","|-crit|p2a: Mesprit","|-resisted|p2a: Mesprit","|-damage|p2a: Mesprit|168/262","|move|p2a: Mesprit|Calm Mind|p2a: Mesprit","|-boost|p2a: Mesprit|spa|1","|-boost|p2a: Mesprit|spd|1","|","|-heal|p1a: Uxie|78/248|[from] item: Leftovers","|-heal|p2a: Mesprit|184/262|[from] item: Leftovers","|turn|13","|","|move|p1a: Uxie|Psychic|p2a: Mesprit","|-resisted|p2a: Mesprit","|-damage|p2a: Mesprit|169/262","|move|p2a: Mesprit|Signal Beam|p1a: Uxie","|-supereffective|p1a: Uxie","|-damage|p1a: Uxie|0 fnt","|faint|p1a: Uxie","|","|-heal|p2a: Mesprit|185/262|[from] item: Leftovers","|","|switch|p1a: Charizard|Charizard, L81, M|259/259","|turn|14","|","|move|p1a: Charizard|Acrobatics|p2a: Mesprit","|-enditem|p1a: Charizard|Flying Gem|[from] gem|[move] Acrobatics","|-damage|p2a: Mesprit|77/262","|move|p2a: Mesprit|Psychic|p1a: Charizard","|-crit|p1a: Charizard","|-damage|p1a: Charizard|0 fnt","|faint|p1a: Charizard","|","|-heal|p2a: Mesprit|93/262|[from] item: Leftovers","|","|switch|p1a: Garchomp|Garchomp, L75, M|286/286","|turn|15","|","|detailschange|p1a: Garchomp|Garchomp-Mega, L75, M","|-mega|p1a: Garchomp|Garchomp|Garchompite","|move|p1a: Garchomp|Outrage|p2a: Mesprit","|-damage|p2a: Mesprit|0 fnt","|faint|p2a: Mesprit","|","|","|switch|p2a: Staraptor|Staraptor, L76, M|254/254","|-damage|p2a: Staraptor|191/254|[from] Stealth Rock","|-ability|p2a: Staraptor|Intimidate","|-unboost|p1a: Garchomp|atk|1","|turn|16","|","|move|p2a: Staraptor|Roost|p2a: Staraptor","|-heal|p2a: Staraptor|254/254","|move|p1a: Garchomp|Outrage|p2a: Staraptor|[from]lockedmove","|-damage|p2a: Staraptor|104/254","|","|turn|17","|","|move|p2a: Staraptor|Roost|p2a: Staraptor","|-heal|p2a: Staraptor|231/254","|move|p1a: Garchomp|Outrage|p2a: Staraptor|[from]lockedmove","|-damage|p2a: Staraptor|99/254","|-start|p1a: Garchomp|confusion|[fatigue]","|","|turn|18","|","|switch|p1a: Wormadam|Wormadam, L83, F|235/235","|move|p2a: Staraptor|Roost|p2a: Staraptor","|-heal|p2a: Staraptor|226/254","|","|turn|19","|","|move|p2a: Staraptor|Brave Bird|p1a: Wormadam","|-supereffective|p1a: Wormadam","|-damage|p1a: Wormadam|0 fnt","|-damage|p2a: Staraptor|148/254|[from] recoil|[of] p1a: Wormadam","|-damage|p2a: Staraptor|123/254|[from] item: Life Orb","|faint|p1a: Wormadam","|","|","|switch|p1a: Garchomp|Garchomp-Mega, L75, M|286/286","|turn|20","|","|move|p2a: Staraptor|Brave Bird|p1a: Garchomp","|-damage|p1a: Garchomp|138/286","|-damage|p2a: Staraptor|74/254|[from] recoil|[of] p1a: Garchomp","|-damage|p2a: Staraptor|49/254|[from] item: Life Orb","|move|p1a: Garchomp|Swords Dance|p1a: Garchomp","|-boost|p1a: Garchomp|atk|2","|","|turn|21","|","|switch|p1a: Whimsicott|Whimsicott, L77, F|169/219","|move|p2a: Staraptor|Brave Bird|p1a: Whimsicott","|-supereffective|p1a: Whimsicott","|-damage|p1a: Whimsicott|0 fnt","|-damage|p2a: Staraptor|0 fnt|[from] recoil|[of] p1a: Whimsicott","|faint|p1a: Whimsicott","|faint|p2a: Staraptor","|","|","|switch|p2a: Furfrou|Furfrou, L83, F|260/260","|switch|p1a: Volcarona|Volcarona, L76, F|253/253","|-damage|p2a: Furfrou|228/260|[from] Stealth Rock","|turn|22","|","|move|p2a: Furfrou|Toxic|p1a: Volcarona","|-status|p1a: Volcarona|tox","|move|p1a: Volcarona|Fire Blast|p2a: Furfrou","|-crit|p2a: Furfrou","|-damage|p2a: Furfrou|24/260","|","|-damage|p1a: Volcarona|238/253 tox|[from] psn","|turn|23","|","|move|p2a: Furfrou|Return|p1a: Volcarona","|-damage|p1a: Volcarona|78/253 tox","|-damage|p2a: Furfrou|0 fnt|[from] item: Life Orb","|faint|p2a: Furfrou","|move|p1a: Volcarona|Giga Drain|p2: Furfrou|[notarget]","|-notarget","|","|-heal|p1a: Volcarona|93/253 tox|[from] item: Leftovers","|-damage|p1a: Volcarona|63/253 tox|[from] psn","|","|switch|p2a: Giratina|Giratina, L73|339/339 slp","|-damage|p2a: Giratina|297/339 slp|[from] Stealth Rock","|-ability|p2a: Giratina|Pressure","|turn|24","|","|move|p1a: Volcarona|Quiver Dance|p1a: Volcarona","|-boost|p1a: Volcarona|spa|1","|-boost|p1a: Volcarona|spd|1","|-boost|p1a: Volcarona|spe|1","|cant|p2a: Giratina|slp","|","|-heal|p1a: Volcarona|78/253 tox|[from] item: Leftovers","|-heal|p2a: Giratina|318/339 slp|[from] item: Leftovers","|-damage|p1a: Volcarona|33/253 tox|[from] psn","|turn|25","|","|move|p1a: Volcarona|Roost|p1a: Volcarona","|-heal|p1a: Volcarona|160/253 tox","|cant|p2a: Giratina|slp","|","|-heal|p1a: Volcarona|175/253 tox|[from] item: Leftovers","|-heal|p2a: Giratina|339/339 slp|[from] item: Leftovers","|-damage|p1a: Volcarona|115/253 tox|[from] psn","|turn|26","|","|move|p1a: Volcarona|Fire Blast|p2a: Giratina","|-resisted|p2a: Giratina","|-damage|p2a: Giratina|247/339 slp","|-curestatus|p2a: Giratina|slp","|move|p2a: Giratina|Roar|p1a: Volcarona","|drag|p1a: Garchomp|Garchomp-Mega, L75, M|138/286","|","|-heal|p2a: Giratina|268/339|[from] item: Leftovers","|turn|27","|","|move|p1a: Garchomp|Outrage|p2a: Giratina","|-crit|p2a: Giratina","|-supereffective|p2a: Giratina","|-damage|p2a: Giratina|0 fnt","|faint|p2a: Giratina","|","|","|switch|p2a: Zapdos|Zapdos, L75|194/259","|-damage|p2a: Zapdos|130/259|[from] Stealth Rock","|-ability|p2a: Zapdos|Pressure","|turn|28","|","|move|p2a: Zapdos|Heat Wave|p1a: Garchomp","|-resisted|p1a: Garchomp","|-damage|p1a: Garchomp|105/286","|move|p1a: Garchomp|Outrage|p2a: Zapdos|[from]lockedmove","|-damage|p2a: Zapdos|0 fnt","|faint|p2a: Zapdos","|","|","|switch|p2a: Shiftry|Shiftry, L81, M|251/278","|-damage|p2a: Shiftry|217/278|[from] Stealth Rock","|turn|29","|","|move|p1a: Garchomp|Outrage|p2a: Shiftry|[from]lockedmove","|-damage|p2a: Shiftry|10/278","|-start|p1a: Garchomp|confusion|[fatigue]","|move|p2a: Shiftry|Leaf Blade|p1a: Garchomp","|-damage|p1a: Garchomp|4/286","|-damage|p2a: Shiftry|0 fnt|[from] item: Life Orb","|faint|p2a: Shiftry","|","|win|Emg Gl Linket"],"p1rating":{"entryid":"7099396","serverid":"eos","formatid":"randombattle","userid":"emggllinket","username":"Emg GL Linket","w":21,"l":"12","t":"0","gxe":61.9,"r":"1540.6166553107","rd":"63.148618958344","sigma":"0","rptime":"1439629200","rpr":1592.55038315,"rprd":59.139592247925,"rpsigma":"0","acre":1268.4226779562,"lacre":1268.4226779562,"oldacre":"1259.2440553014"},"p2rating":{"entryid":7659987,"formatid":"randombattle","userid":"kuryfury","username":"Kury_Fury","r":1500,"rd":130,"sigma":0,"rpr":1462.7039175822,"rprd":122.1401114959,"rpsigma":0,"rptime":1439629200,"w":0,"l":1,"t":0,"gxe":45.3,"acre":1000,"lacre":1000,"oldacre":1000},"endType":"normal"}