{"seed":[38186,28033,28280,16896],"turns":16,"p1":"Ynfynyt Scroll","p2":"Emg GL Linket","p1team":[{"name":"Gigalith","moves":["explosion","superpower","stealthrock","rockblast"],"ability":"Sturdy","evs":{"hp":85,"atk":85,"def":85,"spa":85,"spd":85,"spe":85},"ivs":{"hp":31,"atk":31,"def":31,"spa":31,"spd":31,"spe":31},"item":"Custap Berry","level":83,"shiny":false},{"name":"Marowak","moves":["stoneedge","earthquake","stealthrock","substitute"],"ability":"Lightning Rod","evs":{"hp":85,"atk":85,"def":85,"spa":85,"spd":85,"spe":85},"ivs":{"hp":31,"atk":31,"def":31,"spa":31,"spd":31,"spe":31},"item":"Thick Club","level":83,"shiny":false},{"name":"Emboar","moves":["wildcharge","flareblitz","suckerpunch","grassknot"],"ability":"Reckless","evs":{"hp":85,"atk":85,"def":85,"spa":85,"spd":85,"spe":85},"ivs":{"hp":31,"atk":31,"def":31,"spa":31,"spd":31,"spe":31},"item":"Life Orb","level":79,"shiny":false},{"name":"Deoxys-Speed","moves":["magiccoat","psychoboost","superpower","taunt"],"ability":"Pressure","evs":{"hp":85,"atk":85,"def":85,"spa":85,"spd":85,"spe":85},"ivs":{"hp":31,"atk":31,"def":31,"spa":31,"spd":31,"spe":31},"item":"Leftovers","level":73,"shiny":false},{"name":"Celebi","moves":["gigadrain","nastyplot","recover","batonpass"],"ability":"Natural Cure","evs":{"hp":85,"atk":85,"def":85,"spa":85,"spd":85,"spe":85},"ivs":{"hp":31,"atk":31,"def":31,"spa":31,"spd":31,"spe":31},"item":"Leftovers","level":75,"shiny":false},{"name":"Slurpuff","moves":["return","substitute","surf","drainingkiss"],"ability":"Unburden","evs":{"hp":85,"atk":85,"def":85,"spa":85,"spd":85,"spe":85},"ivs":{"hp":31,"atk":31,"def":31,"spa":31,"spd":31,"spe":31},"item":"Sitrus Berry","level":77,"shiny":false}],"p2team":[{"name":"Rotom-Mow","moves":["painsplit","trick","thunderbolt","hiddenpowerfire"],"ability":"Levitate","evs":{"hp":85,"atk":85,"def":85,"spa":85,"spd":85,"spe":85},"ivs":{"hp":31,"atk":30,"def":31,"spa":30,"spd":31,"spe":30},"item":"Choice Scarf","level":79,"shiny":false},{"name":"Giratina","moves":["shadowball","dragontail","willowisp","dragonpulse"],"ability":"Pressure","evs":{"hp":85,"atk":85,"def":85,"spa":85,"spd":85,"spe":85},"ivs":{"hp":31,"atk":31,"def":31,"spa":31,"spd":31,"spe":31},"item":"Leftovers","level":73,"shiny":false},{"name":"Staraptor","moves":["uturn","bravebird","roost","closecombat"],"ability":"Intimidate","evs":{"hp":85,"atk":85,"def":85,"spa":85,"spd":85,"spe":85},"ivs":{"hp":31,"atk":31,"def":31,"spa":31,"spd":31,"spe":31},"item":"Life Orb","level":76,"shiny":false},{"name":"Sableye","moves":["shadowball","calmmind","willowisp","darkpulse"],"ability":"Prankster","evs":{"hp":85,"atk":85,"def":85,"spa":85,"spd":85,"spe":85},"ivs":{"hp":31,"atk":31,"def":31,"spa":31,"spd":31,"spe":31},"item":"Sablenite","level":75,"shiny":false},{"name":"Diancie","moves":["lightscreen","reflect","hiddenpowerfire","moonblast"],"ability":"Clear Body","evs":{"hp":85,"atk":85,"def":85,"spa":85,"spd":85,"spe":85},"ivs":{"hp":31,"atk":30,"def":31,"spa":30,"spd":31,"spe":30},"item":"Light Clay","level":77,"shiny":false},{"name":"Jynx","moves":["psyshock","nastyplot","lovelykiss","icebeam"],"ability":"Dry Skin","evs":{"hp":85,"atk":85,"def":85,"spa":85,"spd":85,"spe":85},"ivs":{"hp":31,"atk":31,"def":31,"spa":31,"spd":31,"spe":31},"item":"Leftovers","level":81,"shiny":false}],"log":["|player|p1|Ynfynyt Scroll|169","|player|p2|Emg GL Linket|1","|gametype|singles","|gen|6","|tier|Random Battle","|rated","|rule|Sleep Clause Mod: Limit one foe put to sleep","|rule|HP Percentage Mod: HP is shown in percentages","|","|start","|switch|p1a: Gigalith|Gigalith, L83, M|277/277","|switch|p2a: Rotom-Mow|Rotom-Mow, L79|209/209","|turn|1","|","|switch|p1a: Slurpuff|Slurpuff, L77, M|253/253","|move|p2a: Rotom-Mow|Trick|p1a: Slurpuff","|-activate|p2a: Rotom-Mow|move: Trick|[of] p1a: Slurpuff","|-item|p1a: Slurpuff|Choice Scarf|[from] move: Trick","|-item|p2a: Rotom-Mow|Sitrus Berry|[from] move: Trick","|","|turn|2","|","|move|p1a: Slurpuff|Draining Kiss|p2a: Rotom-Mow","|-damage|p2a: Rotom-Mow|170/209","|move|p2a: Rotom-Mow|Thunderbolt|p1a: Slurpuff","|-damage|p1a: Slurpuff|144/253","|","|turn|3","|","|move|p1a: Slurpuff|Draining Kiss|p2a: Rotom-Mow","|-damage|p2a: Rotom-Mow|130/209","|-heal|p1a: Slurpuff|174/253|[from] drain|[of] p2a: Rotom-Mow","|move|p2a: Rotom-Mow|Thunderbolt|p1a: Slurpuff","|-damage|p1a: Slurpuff|66/253","|","|turn|4","|","|move|p1a: Slurpuff|Draining Kiss|p2a: Rotom-Mow","|-damage|p2a: Rotom-Mow|90/209","|-heal|p1a: Slurpuff|96/253|[from] drain|[of] p2a: Rotom-Mow","|-enditem|p2a: Rotom-Mow|Sitrus Berry|[eat]","|-heal|p2a: Rotom-Mow|142/209|[from] item: Sitrus Berry","|move|p2a: Rotom-Mow|Thunderbolt|p1a: Slurpuff","|-damage|p1a: Slurpuff|0 fnt","|faint|p1a: Slurpuff","|","|","|switch|p1a: Deoxys-Speed|Deoxys-Speed, L73|193/193","|-ability|p1a: Deoxys-Speed|Pressure","|turn|5","|","|move|p1a: Deoxys-Speed|Psycho Boost|p2a: Rotom-Mow","|-damage|p2a: Rotom-Mow|31/209","|-unboost|p1a: Deoxys-Speed|spa|2","|move|p2a: Rotom-Mow|Pain Split|p1a: Deoxys-Speed","|-sethp|p1a: Deoxys-Speed|112/193|p2a: Rotom-Mow|112/209|[from] move: Pain Split","|","|-heal|p1a: Deoxys-Speed|124/193|[from] item: Leftovers","|turn|6","|","|move|p1a: Deoxys-Speed|Superpower|p2a: Rotom-Mow","|-damage|p2a: Rotom-Mow|55/209","|-unboost|p1a: Deoxys-Speed|atk|1","|-unboost|p1a: Deoxys-Speed|def|1","|move|p2a: Rotom-Mow|Thunderbolt|p1a: Deoxys-Speed","|-damage|p1a: Deoxys-Speed|28/193","|-status|p1a: Deoxys-Speed|par","|","|-heal|p1a: Deoxys-Speed|40/193 par|[from] item: Leftovers","|turn|7","|","|move|p2a: Rotom-Mow|Thunderbolt|p1a: Deoxys-Speed","|-damage|p1a: Deoxys-Speed|0 fnt","|faint|p1a: Deoxys-Speed","|","|","|switch|p1a: Emboar|Emboar, L79, M|303/303","|turn|8","|","|move|p2a: Rotom-Mow|Pain Split|p1a: Emboar","|-sethp|p1a: Emboar|179/303|p2a: Rotom-Mow|179/209|[from] move: Pain Split","|move|p1a: Emboar|Flare Blitz|p2a: Rotom-Mow","|-supereffective|p2a: Rotom-Mow","|-damage|p2a: Rotom-Mow|0 fnt","|-damage|p1a: Emboar|120/303|[from] recoil|[of] p2a: Rotom-Mow","|-damage|p1a: Emboar|90/303|[from] item: Life Orb","|faint|p2a: Rotom-Mow","|","|","|switch|p2a: Jynx|Jynx, L81, F|238/238","|turn|9","|","|move|p1a: Emboar|Sucker Punch|p2a: Jynx","|-crit|p2a: Jynx","|-supereffective|p2a: Jynx","|-damage|p2a: Jynx|0 fnt","|-damage|p1a: Emboar|60/303|[from] item: Life Orb","|faint|p2a: Jynx","|","|","|switch|p2a: Staraptor|Staraptor, L76, M|254/254","|-ability|p2a: Staraptor|Intimidate","|-unboost|p1a: Emboar|atk|1","|turn|10","|","|switch|p2a: Diancie|Diancie, L77|204/204","|move|p1a: Emboar|Wild Charge|p2a: Diancie","|-damage|p2a: Diancie|156/204","|-damage|p1a: Emboar|48/303|[from] recoil|[of] p2a: Diancie","|-damage|p1a: Emboar|18/303|[from] item: Life Orb","|","|turn|11","|","|move|p1a: Emboar|Wild Charge|p2a: Diancie","|-damage|p2a: Diancie|100/204","|-damage|p1a: Emboar|4/303|[from] recoil|[of] p2a: Diancie","|-damage|p1a: Emboar|0 fnt|[from] item: Life Orb","|faint|p1a: Emboar","|move|p2a: Diancie|Reflect|p2a: Diancie","|-sidestart|p2: Emg GL Linket|Reflect","|","|","|switch|p1a: Celebi|Celebi, L75|274/274","|turn|12","|","|move|p1a: Celebi|Giga Drain|p2a: Diancie","|-supereffective|p2a: Diancie","|-damage|p2a: Diancie|4/204","|move|p2a: Diancie|Hidden Power|p1a: Celebi","|-supereffective|p1a: Celebi","|-damage|p1a: Celebi|198/274","|","|-heal|p1a: Celebi|215/274|[from] item: Leftovers","|turn|13","|","|move|p1a: Celebi|Giga Drain|p2a: Diancie","|-supereffective|p2a: Diancie","|-damage|p2a: Diancie|0 fnt","|-heal|p1a: Celebi|217/274|[from] drain|[of] p2a: Diancie","|faint|p2a: Diancie","|","|-heal|p1a: Celebi|234/274|[from] item: Leftovers","|","|switch|p2a: Staraptor|Staraptor, L76, M|254/254","|-ability|p2a: Staraptor|Intimidate","|-unboost|p1a: Celebi|atk|1","|turn|14","|","|switch|p1a: Gigalith|Gigalith, L83, M|277/277","|move|p2a: Staraptor|U-turn|p1a: Gigalith","|-damage|p1a: Gigalith|228/277","|-damage|p2a: Staraptor|229/254|[from] item: Life Orb","|","|switch|p2a: Sableye|Sableye, L75, F|199/199","|","|turn|15","|","|detailschange|p2a: Sableye|Sableye-Mega, L75, F","|-mega|p2a: Sableye|Sableye|Sablenite","|move|p2a: Sableye|Will-O-Wisp|p1a: Gigalith","|-status|p1a: Gigalith|brn","|move|p1a: Gigalith|Stealth Rock|p2a: Sableye","|move|p2a: Sableye|Stealth Rock|p1a: Gigalith|[from]Magic Bounce","|-sidestart|p1: Ynfynyt Scroll|move: Stealth Rock","|","|-damage|p1a: Gigalith|194/277 brn|[from] brn","|turn|16","|","|win|Emg GL Linket"],"p1rating":{"entryid":"7631274","serverid":"eos","formatid":"randombattle","userid":"ynfynytscroll","username":"Ynfynyt Scroll","w":"15","l":3,"t":"0","gxe":70.5,"r":"1658.1809828013","rd":"79.294490585238","sigma":"0","rptime":"1439629200","rpr":1667.7167604451,"rprd":73.398404466729,"rpsigma":"0","acre":1223.6150570564,"lacre":1223.6150570564,"oldacre":"1254.1412293304"},"p2rating":{"entryid":"7099396","serverid":"eos","formatid":"randombattle","userid":"emggllinket","username":"Emg GL Linket","w":17,"l":"12","t":"0","gxe":57.1,"r":"1540.6166553107","rd":"63.148618958344","sigma":"0","rptime":"1439629200","rpr":1554.8755286746,"rprd":62.284235041315,"rpsigma":"0","acre":1206.5789907652,"lacre":1206.5789907652,"oldacre":"1176.0528184912"},"endType":"forfeit"}