{"seed":[63094,14037,7789,53655],"turns":17,"p1":"ave exitium","p2":"Mikalee","p1team":[{"name":"Hippowdon","species":"Hippowdon","item":"leftovers","ability":"Sand Stream","moves":["stealthrock","slackoff","earthquake","stoneedge"],"nature":"Impish","evs":{"hp":248,"atk":0,"def":180,"spa":0,"spd":72,"spe":8},"ivs":{"hp":31,"atk":31,"def":31,"spa":31,"spd":31,"spe":31}},{"name":"Ferrothorn","species":"Ferrothorn","item":"leftovers","ability":"Iron Barbs","moves":["spikes","knockoff","powerwhip","leechseed"],"nature":"Relaxed","evs":{"hp":248,"atk":0,"def":20,"spa":0,"spd":240,"spe":0},"ivs":{"hp":31,"atk":31,"def":31,"spa":31,"spd":31,"spe":31}},{"name":"Latios","species":"Latios","item":"lifeorb","ability":"Levitate","moves":["roost","dracometeor","psyshock","hiddenpowerfire"],"nature":"Timid","evs":{"hp":0,"atk":0,"def":4,"spa":252,"spd":0,"spe":252},"ivs":{"hp":31,"atk":0,"def":31,"spa":30,"spd":31,"spe":30}},{"name":"Clefable","species":"Clefable","item":"leftovers","ability":"Magic Guard","moves":["calmmind","softboiled","moonblast","thunderwave"],"nature":"Calm","evs":{"hp":248,"atk":0,"def":144,"spa":0,"spd":108,"spe":8},"ivs":{"hp":31,"atk":31,"def":31,"spa":31,"spd":31,"spe":31}},{"name":"Heatran","species":"Heatran","item":"leftovers","ability":"Flash Fire","moves":["taunt","fireblast","flashcannon","earthpower"],"nature":"Timid","evs":{"hp":0,"atk":0,"def":0,"spa":252,"spd":4,"spe":252},"ivs":{"hp":31,"atk":0,"def":31,"spa":31,"spd":31,"spe":31}},{"name":"Alakazam","species":"Alakazam","item":"alakazite","ability":"Magic Guard","moves":["calmmind","psychic","focusblast","shadowball"],"nature":"Timid","evs":{"hp":0,"atk":0,"def":0,"spa":252,"spd":4,"spe":252},"ivs":{"hp":31,"atk":0,"def":31,"spa":31,"spd":31,"spe":31}}],"p2team":[{"name":"Tyranitar","species":"Tyranitar","item":"leftovers","ability":"Sand Stream","moves":["rocktomb","dragondance","firepunch","crunch"],"nature":"Jolly","evs":{"hp":0,"atk":252,"def":0,"spa":0,"spd":4,"spe":252},"ivs":{"hp":31,"atk":31,"def":31,"spa":31,"spd":31,"spe":31}},{"name":"Gliscor","species":"Gliscor","item":"toxicorb","ability":"Poison Heal","moves":["protect","icefang","earthquake","toxic"],"nature":"Impish","evs":{"hp":248,"atk":0,"def":188,"spa":0,"spd":0,"spe":72},"ivs":{"hp":31,"atk":31,"def":31,"spa":31,"spd":31,"spe":31}},{"name":"Ferrothorn","species":"Ferrothorn","item":"rockyhelmet","ability":"Iron Barbs","moves":["thunderwave","stealthrock","powerwhip","knockoff"],"nature":"Adamant","evs":{"hp":248,"atk":252,"def":0,"spa":0,"spd":8,"spe":0},"ivs":{"hp":31,"atk":31,"def":31,"spa":31,"spd":31,"spe":31}},{"name":"Chansey","species":"Chansey","item":"eviolite","ability":"Natural Cure","moves":["healbell","wish","protect","toxic"],"nature":"Bold","evs":{"hp":248,"atk":0,"def":252,"spa":0,"spd":8,"spe":0},"ivs":{"hp":31,"atk":31,"def":31,"spa":31,"spd":31,"spe":31}},{"name":"Aron","species":"Aron","item":"shellbell","ability":"Sturdy","moves":["protect","endeavor","stealthrock","toxic"],"nature":"Timid","evs":{"hp":248,"atk":0,"def":0,"spa":0,"spd":8,"spe":252},"level":1,"ivs":{"hp":31,"atk":31,"def":31,"spa":31,"spd":31,"spe":31}},{"name":"Manectric","species":"Manectric","item":"manectite","ability":"Lightning Rod","moves":["flamethrower","thunderbolt","voltswitch","hiddenpowerice"],"nature":"Timid","evs":{"hp":0,"atk":0,"def":0,"spa":252,"spd":4,"spe":252},"ivs":{"hp":31,"atk":30,"def":30,"spa":31,"spd":31,"spe":31},"shiny":true}],"log":["|player|p1|ave exitium|20","|player|p2|Mikalee|142","|gametype|singles","|gen|6","|tier|OU","|rated","|clearpoke","|poke|p1|Hippowdon, M","|poke|p1|Ferrothorn, M","|poke|p1|Latios, M","|poke|p1|Clefable, F","|poke|p1|Heatran, F","|poke|p1|Alakazam, F","|poke|p2|Tyranitar, M","|poke|p2|Gliscor, M","|poke|p2|Ferrothorn, M","|poke|p2|Chansey, F","|poke|p2|Aron, L1, M","|poke|p2|Manectric, M, shiny","|rule|Swagger Clause: Swagger is banned","|rule|Baton Pass Clause: Limit one Baton Passer, can't pass Spe and other stats simultaneously","|rule|Sleep Clause Mod: Limit one foe put to sleep","|rule|Species Clause: Limit one of each Pokémon","|rule|OHKO Clause: OHKO moves are banned","|rule|Moody Clause: Moody is banned","|rule|Evasion Moves Clause: Evasion moves are banned","|rule|Endless Battle Clause: Forcing endless battles is banned","|rule|HP Percentage Mod: HP is shown in percentages","|teampreview","|","|start","|switch|p1a: Hippowdon|Hippowdon, M|419/419","|switch|p2a: Manectric|Manectric, M, shiny|281/281","|-weather|Sandstorm","|turn|1","|","|switch|p2a: Gliscor|Gliscor, M|353/353","|move|p1a: Hippowdon|Stealth Rock|p2a: Gliscor","|-sidestart|p2: Mikalee|move: Stealth Rock","|","|-weather|Sandstorm|[upkeep]","|-status|p2a: Gliscor|tox|[from] item: Toxic Orb","|turn|2","|","|switch|p1a: Ferrothorn|Ferrothorn, M|351/351","|move|p2a: Gliscor|Toxic|p1a: Ferrothorn","|-immune|p1a: Ferrothorn|[msg]","|","|-weather|Sandstorm|[upkeep]","|turn|3","|","|move|p2a: Gliscor|Protect|p2a: Gliscor","|-singleturn|p2a: Gliscor|Protect","|move|p1a: Ferrothorn|Spikes|p2a: Gliscor","|-sidestart|p2: Mikalee|Spikes","|","|-weather|Sandstorm|[upkeep]","|turn|4","|","|switch|p2a: Manectric|Manectric, M, shiny|281/281","|-damage|p2a: Manectric|246/281|[from] Spikes","|-damage|p2a: Manectric|211/281|[from] Stealth Rock","|move|p1a: Ferrothorn|Leech Seed|p2a: Manectric","|-start|p2a: Manectric|move: Leech Seed","|","|-weather|Sandstorm|[upkeep]","|-damage|p2a: Manectric|194/281|[from] sandstorm","|-damage|p2a: Manectric|159/281|[from] Leech Seed|[of] p1a: Ferrothorn","|turn|5","|","|switch|p1a: Clefable|Clefable, F|393/393","|detailschange|p2a: Manectric|Manectric-Mega, M, shiny","|-mega|p2a: Manectric|Manectric|Manectite","|-ability|p2a: Manectric|Intimidate","|-unboost|p1a: Clefable|atk|1","|move|p2a: Manectric|Thunderbolt|p1a: Clefable","|-damage|p1a: Clefable|249/393","|","|-weather|none","|-heal|p1a: Clefable|273/393|[from] item: Leftovers","|-damage|p2a: Manectric|124/281|[from] Leech Seed|[of] p1a: Clefable","|-heal|p1a: Clefable|308/393|[silent]","|turn|6","|","|move|p2a: Manectric|Volt Switch|p1a: Clefable","|-damage|p1a: Clefable|190/393","|","|switch|p2a: Tyranitar|Tyranitar, M|341/341","|-damage|p2a: Tyranitar|299/341|[from] Spikes","|-damage|p2a: Tyranitar|257/341|[from] Stealth Rock","|-weather|Sandstorm","|move|p1a: Clefable|Soft-Boiled|p1a: Clefable","|-heal|p1a: Clefable|387/393","|","|-weather|Sandstorm|[upkeep]","|-heal|p2a: Tyranitar|278/341|[from] item: Leftovers","|-heal|p1a: Clefable|393/393|[from] item: Leftovers","|turn|7","|","|move|p2a: Tyranitar|Rock Tomb|p1a: Clefable","|-damage|p1a: Clefable|266/393","|-unboost|p1a: Clefable|spe|1","|move|p1a: Clefable|Thunder Wave|p2a: Tyranitar","|-status|p2a: Tyranitar|par","|","|-weather|Sandstorm|[upkeep]","|-heal|p1a: Clefable|290/393|[from] item: Leftovers","|-heal|p2a: Tyranitar|299/341 par|[from] item: Leftovers","|turn|8","|","|move|p1a: Clefable|Moonblast|p2a: Tyranitar","|-supereffective|p2a: Tyranitar","|-damage|p2a: Tyranitar|153/341 par","|move|p2a: Tyranitar|Rock Tomb|p1a: Clefable","|-crit|p1a: Clefable","|-damage|p1a: Clefable|106/393","|-unboost|p1a: Clefable|spe|1","|","|-weather|Sandstorm|[upkeep]","|-heal|p1a: Clefable|130/393|[from] item: Leftovers","|-heal|p2a: Tyranitar|174/341 par|[from] item: Leftovers","|turn|9","|","|move|p1a: Clefable|Soft-Boiled|p1a: Clefable","|-heal|p1a: Clefable|327/393","|move|p2a: Tyranitar|Rock Tomb|p1a: Clefable","|-damage|p1a: Clefable|206/393","|-unboost|p1a: Clefable|spe|1","|","|-weather|Sandstorm|[upkeep]","|-heal|p1a: Clefable|230/393|[from] item: Leftovers","|-heal|p2a: Tyranitar|195/341 par|[from] item: Leftovers","|turn|10","|","|switch|p2a: Gliscor|Gliscor, M|353/353 tox","|-damage|p2a: Gliscor|309/353 tox|[from] Stealth Rock","|move|p1a: Clefable|Soft-Boiled|p1a: Clefable","|-heal|p1a: Clefable|393/393","|","|-weather|none","|-heal|p2a: Gliscor|353/353 tox|[from] ability: Poison Heal","|turn|11","|","|switch|p1a: Ferrothorn|Ferrothorn, M|351/351","|move|p2a: Gliscor|Toxic|p1a: Ferrothorn","|-immune|p1a: Ferrothorn|[msg]","|","|turn|12","|","|move|p2a: Gliscor|Earthquake|p1a: Ferrothorn","|-damage|p1a: Ferrothorn|275/351","|move|p1a: Ferrothorn|Spikes|p2a: Gliscor","|-sidestart|p2: Mikalee|Spikes","|","|-heal|p1a: Ferrothorn|296/351|[from] item: Leftovers","|turn|13","|","|move|p2a: Gliscor|Earthquake|p1a: Ferrothorn","|-damage|p1a: Ferrothorn|217/351","|move|p1a: Ferrothorn|Leech Seed|p2a: Gliscor","|-start|p2a: Gliscor|move: Leech Seed","|","|-heal|p1a: Ferrothorn|238/351|[from] item: Leftovers","|-damage|p2a: Gliscor|309/353 tox|[from] Leech Seed|[of] p1a: Ferrothorn","|-heal|p1a: Ferrothorn|282/351|[silent]","|-heal|p2a: Gliscor|353/353 tox|[from] ability: Poison Heal","|turn|14","|","|move|p2a: Gliscor|Ice Fang|p1a: Ferrothorn","|-damage|p1a: Ferrothorn|248/351","|-damage|p2a: Gliscor|309/353 tox|[from] ability: Iron Barbs|[of] p1a: Ferrothorn","|move|p1a: Ferrothorn|Power Whip|p2a: Gliscor","|-damage|p2a: Gliscor|219/353 tox","|","|-heal|p1a: Ferrothorn|269/351|[from] item: Leftovers","|-damage|p2a: Gliscor|175/353 tox|[from] Leech Seed|[of] p1a: Ferrothorn","|-heal|p1a: Ferrothorn|313/351|[silent]","|-heal|p2a: Gliscor|219/353 tox|[from] ability: Poison Heal","|turn|15","|","|move|p2a: Gliscor|Earthquake|p1a: Ferrothorn","|-damage|p1a: Ferrothorn|229/351","|move|p1a: Ferrothorn|Power Whip|p2a: Gliscor","|-damage|p2a: Gliscor|134/353 tox","|","|-heal|p1a: Ferrothorn|250/351|[from] item: Leftovers","|-damage|p2a: Gliscor|90/353 tox|[from] Leech Seed|[of] p1a: Ferrothorn","|-heal|p1a: Ferrothorn|294/351|[silent]","|-heal|p2a: Gliscor|134/353 tox|[from] ability: Poison Heal","|turn|16","|","|move|p2a: Gliscor|Protect|p2a: Gliscor","|-singleturn|p2a: Gliscor|Protect","|move|p1a: Ferrothorn|Power Whip|p2a: Gliscor","|-activate|p2a: Gliscor|Protect","|","|-heal|p1a: Ferrothorn|315/351|[from] item: Leftovers","|-damage|p2a: Gliscor|90/353 tox|[from] Leech Seed|[of] p1a: Ferrothorn","|-heal|p1a: Ferrothorn|351/351|[silent]","|-heal|p2a: Gliscor|134/353 tox|[from] ability: Poison Heal","|turn|17","|player|p2","|","|win|ave exitium"],"p1rating":{"entryid":"7698478","serverid":"eos","formatid":"ou","userid":"aveexitium","username":"ave exitium","w":2,"l":"4","t":"0","gxe":43.4,"r":"1500","rd":"130","sigma":"0","rptime":"1439802000","rpr":1447.6486055893,"rprd":99.186710102519,"rpsigma":"0","acre":1048.7995451732,"lacre":1048.7995451732,"oldacre":"1000"},"p2rating":{"entryid":"7698547","serverid":"eos","formatid":"ou","userid":"mikalee","username":"Mikalee","w":"2","l":1,"t":"0","gxe":54.2,"r":"1500","rd":"130","sigma":"0","rptime":"1439802000","rpr":1533.0891783611,"rprd":111.51861011339,"rpsigma":"0","acre":1051.2827309671,"lacre":1051.2827309671,"oldacre":"1077.7019396964"},"endType":"forfeit"}