{"seed":[31023,65182,28071,9285],"turns":27,"p1":"Zera Blanco","p2":"Shipuriken","p1team":[{"name":"Metagross","species":"Metagross","item":"occaberry","ability":"Clear Body","moves":["stealthrock","meteormash","earthquake","explosion"],"nature":"Adamant","evs":{"hp":248,"atk":252,"def":0,"spa":0,"spd":8,"spe":0},"shiny":true,"ivs":{"hp":31,"atk":31,"def":31,"spa":31,"spd":31,"spe":31}},{"name":"Porygon-Z","species":"Porygon-Z","item":"expertbelt","ability":"Download","moves":["triattack","hiddenpowerfighting","darkpulse","icebeam"],"nature":"Modest","evs":{"hp":0,"atk":0,"def":4,"spa":252,"spd":0,"spe":252},"ivs":{"hp":31,"atk":31,"def":30,"spa":30,"spd":30,"spe":30}},{"name":"Scrafty","species":"Scrafty","item":"expertbelt","ability":"Moxie","moves":["dragondance","icepunch","highjumpkick","poisonjab"],"nature":"Serious","evs":{"hp":4,"atk":252,"def":0,"spa":0,"spd":0,"spe":252},"gender":"M","ivs":{"hp":31,"atk":31,"def":31,"spa":31,"spd":31,"spe":31}},{"name":"Magnezone","species":"Magnezone","item":"airballoon","ability":"Analytic","moves":["flashcannon","thunderbolt","thunderwave","hiddenpowerwater"],"nature":"Timid","evs":{"hp":40,"atk":0,"def":0,"spa":252,"spd":0,"spe":216},"ivs":{"hp":31,"atk":30,"def":30,"spa":30,"spd":31,"spe":31}},{"name":"Reuniclus","species":"Reuniclus","item":"lifeorb","ability":"Magic Guard","moves":["flashcannon","calmmind","energyball","psychic"],"nature":"Modest","evs":{"hp":252,"atk":0,"def":0,"spa":252,"spd":4,"spe":0},"ivs":{"hp":31,"atk":31,"def":31,"spa":31,"spd":31,"spe":31}},{"name":"Manectric","species":"Manectric","item":"manectite","ability":"Lightning Rod","moves":["thunderbolt","snarl","flamethrower","hiddenpowerice"],"nature":"Timid","evs":{"hp":0,"atk":0,"def":0,"spa":252,"spd":4,"spe":252},"ivs":{"hp":31,"atk":30,"def":30,"spa":31,"spd":31,"spe":31}}],"p2team":[{"name":"Heatran","species":"Heatran","item":"choicespecs","ability":"Flash Fire","moves":["earthpower","flashcannon","lavaplume","hiddenpowerice"],"nature":"Modest","evs":{"hp":252,"atk":0,"def":4,"spa":0,"spd":0,"spe":252},"ivs":{"hp":31,"atk":30,"def":30,"spa":31,"spd":31,"spe":31},"shiny":true},{"name":"Shrooms","species":"amoonguss","item":"blacksludge","ability":"Regenerator","moves":["spore","gigadrain","sludgebomb","synthesis"],"nature":"Calm","evs":{"hp":252,"atk":0,"def":128,"spa":0,"spd":128,"spe":0},"ivs":{"hp":31,"atk":31,"def":31,"spa":31,"spd":31,"spe":31}},{"name":"Pearl","species":"sableye","item":"sablenite","ability":"Prankster","moves":["calmmind","recover","snarl","willowisp"],"nature":"Bold","evs":{"hp":252,"atk":0,"def":200,"spa":0,"spd":56,"spe":0},"shiny":true,"ivs":{"hp":31,"atk":31,"def":31,"spa":31,"spd":31,"spe":31}},{"name":"Gold Digger","species":"excadrill","item":"choicescarf","ability":"Mold Breaker","moves":["earthquake","rockslide","facade","ironhead"],"nature":"Adamant","evs":{"hp":4,"atk":252,"def":0,"spa":0,"spd":0,"spe":252},"shiny":true,"ivs":{"hp":31,"atk":31,"def":31,"spa":31,"spd":31,"spe":31}},{"name":"PinkDeath","species":"clefable","item":"leftovers","ability":"Unaware","moves":["calmmind","moonblast","flamethrower","moonlight"],"nature":"Bold","evs":{"hp":252,"atk":0,"def":252,"spa":0,"spd":4,"spe":0},"gender":"F","ivs":{"hp":31,"atk":31,"def":31,"spa":31,"spd":31,"spe":31}},{"name":"Rocky","species":"gliscor","item":"toxicorb","ability":"Poison Heal","moves":["roost","protect","knockoff","stealthrock"],"nature":"Impish","evs":{"hp":252,"atk":0,"def":100,"spa":0,"spd":156,"spe":0},"gender":"M","shiny":true,"ivs":{"hp":31,"atk":31,"def":31,"spa":31,"spd":31,"spe":31}}],"log":["|player|p1|Zera Blanco|170","|player|p2|Shipuriken|284","|gametype|singles","|gen|6","|tier|OU","|rated","|clearpoke","|poke|p1|Metagross, shiny","|poke|p1|Porygon-Z","|poke|p1|Scrafty, M","|poke|p1|Magnezone","|poke|p1|Reuniclus, F","|poke|p1|Manectric, F","|poke|p2|Heatran, F, shiny","|poke|p2|Amoonguss, F","|poke|p2|Sableye, F, shiny","|poke|p2|Excadrill, F, shiny","|poke|p2|Clefable, F","|poke|p2|Gliscor, M, shiny","|rule|Swagger Clause: Swagger is banned","|rule|Baton Pass Clause: Limit one Baton Passer, can't pass Spe and other stats simultaneously","|rule|Sleep Clause Mod: Limit one foe put to sleep","|rule|Species Clause: Limit one of each Pokémon","|rule|OHKO Clause: OHKO moves are banned","|rule|Moody Clause: Moody is banned","|rule|Evasion Moves Clause: Evasion moves are banned","|rule|Endless Battle Clause: Forcing endless battles is banned","|rule|HP Percentage Mod: HP is shown in percentages","|teampreview","|","|start","|switch|p1a: Porygon-Z|Porygon-Z|311/311","|switch|p2a: Pearl|Sableye, F, shiny|304/304","|-boost|p1a: Porygon-Z|spa|1|[from] ability: Download","|turn|1","|","|switch|p1a: Manectric|Manectric, F|281/281","|move|p2a: Pearl|Calm Mind|p2a: Pearl","|-boost|p2a: Pearl|spa|1","|-boost|p2a: Pearl|spd|1","|","|turn|2","|","|detailschange|p1a: Manectric|Manectric-Mega, F","|-mega|p1a: Manectric|Manectric|Manectite","|-ability|p1a: Manectric|Intimidate","|-unboost|p2a: Pearl|atk|1","|move|p2a: Pearl|Calm Mind|p2a: Pearl","|-boost|p2a: Pearl|spa|1","|-boost|p2a: Pearl|spd|1","|move|p1a: Manectric|Snarl|p2a: Pearl","|-damage|p2a: Pearl|256/304","|-unboost|p2a: Pearl|spa|1","|","|turn|3","|","|move|p1a: Manectric|Snarl|p2a: Pearl","|-damage|p2a: Pearl|207/304","|-unboost|p2a: Pearl|spa|1","|move|p2a: Pearl|Snarl|p1a: Manectric","|-damage|p1a: Manectric|221/281","|-unboost|p1a: Manectric|spa|1","|","|turn|4","|","|move|p2a: Pearl|Will-O-Wisp|p1a: Manectric","|-status|p1a: Manectric|brn","|move|p1a: Manectric|Thunderbolt|p2a: Pearl","|-damage|p2a: Pearl|131/304","|","|-damage|p1a: Manectric|186/281 brn|[from] brn","|turn|5","|","|move|p2a: Pearl|Recover|p2a: Pearl","|-heal|p2a: Pearl|283/304","|move|p1a: Manectric|Thunderbolt|p2a: Pearl","|-damage|p2a: Pearl|204/304","|","|-damage|p1a: Manectric|151/281 brn|[from] brn","|turn|6","|","|move|p1a: Manectric|Flamethrower|p2a: Pearl","|-damage|p2a: Pearl|153/304","|move|p2a: Pearl|Snarl|p1a: Manectric","|-damage|p1a: Manectric|91/281 brn","|-unboost|p1a: Manectric|spa|1","|","|-damage|p1a: Manectric|56/281 brn|[from] brn","|turn|7","|","|move|p2a: Pearl|Recover|p2a: Pearl","|-heal|p2a: Pearl|304/304","|move|p1a: Manectric|Snarl|p2a: Pearl","|-damage|p2a: Pearl|281/304","|-unboost|p2a: Pearl|spa|1","|","|-damage|p1a: Manectric|21/281 brn|[from] brn","|turn|8","|","|move|p2a: Pearl|Calm Mind|p2a: Pearl","|-boost|p2a: Pearl|spa|1","|-boost|p2a: Pearl|spd|1","|move|p1a: Manectric|Flamethrower|p2a: Pearl","|-damage|p2a: Pearl|254/304","|","|-damage|p1a: Manectric|0 fnt|[from] brn","|faint|p1a: Manectric","|","|switch|p1a: Metagross|Metagross, shiny|363/363","|turn|9","|","|move|p2a: Pearl|Will-O-Wisp|p1a: Metagross","|-status|p1a: Metagross|brn","|move|p1a: Metagross|Meteor Mash|p2a: Pearl","|-crit|p2a: Pearl","|-damage|p2a: Pearl|131/304","|-boost|p1a: Metagross|atk|1","|","|-damage|p1a: Metagross|318/363 brn|[from] brn","|turn|10","|","|move|p2a: Pearl|Recover|p2a: Pearl","|-heal|p2a: Pearl|283/304","|move|p1a: Metagross|Meteor Mash|p2a: Pearl","|-damage|p2a: Pearl|152/304","|","|-damage|p1a: Metagross|273/363 brn|[from] brn","|turn|11","|","|move|p1a: Metagross|Meteor Mash|p2a: Pearl","|-damage|p2a: Pearl|28/304","|move|p2a: Pearl|Snarl|p1a: Metagross","|-supereffective|p1a: Metagross","|-damage|p1a: Metagross|169/363 brn","|","|-damage|p1a: Metagross|124/363 brn|[from] brn","|turn|12","|","|move|p2a: Pearl|Recover|p2a: Pearl","|-heal|p2a: Pearl|180/304","|move|p1a: Metagross|Meteor Mash|p2a: Pearl|[miss]","|-miss|p1a: Metagross|p2a: Pearl","|","|-damage|p1a: Metagross|79/363 brn|[from] brn","|turn|13","|","|move|p1a: Metagross|Meteor Mash|p2a: Pearl","|-damage|p2a: Pearl|57/304","|move|p2a: Pearl|Snarl|p1a: Metagross","|-supereffective|p1a: Metagross","|-damage|p1a: Metagross|0 fnt","|faint|p1a: Metagross","|","|","|switch|p1a: Magnezone|Magnezone|291/291","|-item|p1a: Magnezone|Air Balloon","|turn|14","|","|move|p2a: Pearl|Recover|p2a: Pearl","|-heal|p2a: Pearl|209/304","|move|p1a: Magnezone|Thunder Wave|p2a: Pearl","|-status|p2a: Pearl|par","|","|turn|15","|","|move|p2a: Pearl|Will-O-Wisp|p1a: Magnezone","|-status|p1a: Magnezone|brn","|move|p1a: Magnezone|Flash Cannon|p2a: Pearl","|-damage|p2a: Pearl|118/304 par","|","|-damage|p1a: Magnezone|255/291 brn|[from] brn","|turn|16","|","|cant|p2a: Pearl|par","|move|p1a: Magnezone|Flash Cannon|p2a: Pearl","|-damage|p2a: Pearl|18/304 par","|","|-damage|p1a: Magnezone|219/291 brn|[from] brn","|turn|17","|","|move|p2a: Pearl|Recover|p2a: Pearl","|-heal|p2a: Pearl|170/304 par","|move|p1a: Magnezone|Flash Cannon|p2a: Pearl","|-damage|p2a: Pearl|65/304 par","|","|-damage|p1a: Magnezone|183/291 brn|[from] brn","|turn|18","|","|move|p1a: Magnezone|Flash Cannon|p2a: Pearl","|-damage|p2a: Pearl|0 fnt","|faint|p2a: Pearl","|","|-damage|p1a: Magnezone|147/291 brn|[from] brn","|","|switch|p2a: Heatran|Heatran, F, shiny|386/386","|turn|19","|","|move|p2a: Heatran|Lava Plume|p1a: Magnezone","|-supereffective|p1a: Magnezone","|-damage|p1a: Magnezone|0 fnt","|-enditem|p1a: Magnezone|Air Balloon","|faint|p1a: Magnezone","|","|","|switch|p1a: Scrafty|Scrafty, M|272/272","|turn|20","|","|switch|p2a: PinkDeath|Clefable, F|394/394","|move|p1a: Scrafty|Dragon Dance|p1a: Scrafty","|-boost|p1a: Scrafty|atk|1","|-boost|p1a: Scrafty|spe|1","|","|turn|21","|","|move|p1a: Scrafty|Poison Jab|p2a: PinkDeath","|-supereffective|p2a: PinkDeath","|-damage|p2a: PinkDeath|236/394","|move|p2a: PinkDeath|Moonblast|p1a: Scrafty","|-supereffective|p1a: Scrafty","|-damage|p1a: Scrafty|0 fnt","|faint|p1a: Scrafty","|","|-heal|p2a: PinkDeath|260/394|[from] item: Leftovers","|","|switch|p1a: Reuniclus|Reuniclus, F|424/424","|turn|22","|","|switch|p2a: Heatran|Heatran, F, shiny|386/386","|move|p1a: Reuniclus|Flash Cannon|p2a: Heatran","|-resisted|p2a: Heatran","|-damage|p2a: Heatran|354/386","|","|turn|23","|","|move|p2a: Heatran|Lava Plume|p1a: Reuniclus","|-damage|p1a: Reuniclus|192/424","|-status|p1a: Reuniclus|brn","|move|p1a: Reuniclus|Psychic|p2a: Heatran","|-resisted|p2a: Heatran","|-damage|p2a: Heatran|255/386","|","|turn|24","|","|move|p2a: Heatran|Lava Plume|p1a: Reuniclus","|-damage|p1a: Reuniclus|0 fnt","|faint|p1a: Reuniclus","|","|","|switch|p1a: Porygon-Z|Porygon-Z|311/311","|-boost|p1a: Porygon-Z|spa|1|[from] ability: Download","|turn|25","|","|move|p1a: Porygon-Z|Hidden Power|p2a: Heatran","|-supereffective|p2a: Heatran","|-damage|p2a: Heatran|1/386","|move|p2a: Heatran|Lava Plume|p1a: Porygon-Z","|-damage|p1a: Porygon-Z|71/311","|","|turn|26","|","|move|p1a: Porygon-Z|Hidden Power|p2a: Heatran","|-supereffective|p2a: Heatran","|-damage|p2a: Heatran|0 fnt","|faint|p2a: Heatran","|","|","|switch|p2a: PinkDeath|Clefable, F|260/394","|turn|27","|","|move|p1a: Porygon-Z|Tri Attack|p2a: PinkDeath","|-damage|p2a: PinkDeath|94/394","|move|p2a: PinkDeath|Flamethrower|p1a: Porygon-Z","|-damage|p1a: Porygon-Z|0 fnt","|faint|p1a: Porygon-Z","|","|win|Shipuriken"],"p1rating":{"entryid":"7209129","serverid":"eos","formatid":"ou","userid":"zerablanco","username":"Zera Blanco","w":"2","l":5,"t":"0","gxe":38.7,"r":1447.3264050426,"rd":103.04160722957,"sigma":"0","rptime":1439802000,"rpr":1409.7066168977,"rprd":99.629632648927,"rpsigma":"0","acre":1006.6426528376,"lacre":1006.6426528376,"oldacre":"1018.6557528491"},"p2rating":{"entryid":"7680411","serverid":"eos","formatid":"ou","userid":"shipuriken","username":"Shipuriken","w":2,"l":"8","t":"0","gxe":33.4,"r":"1305.4142728518","rd":"92.950126085844","sigma":"0","rptime":"1439802000","rpr":1366.3134642881,"rprd":88.623545876976,"rpsigma":"0","acre":1071.9138785726,"lacre":1071.9138785726,"oldacre":"1040"},"endType":"normal"}