{"seed":[15508,14062,58130,5922],"turns":34,"p1":"olalei","p2":"ave exitium","p1team":[{"name":"Gliscor","species":"Gliscor","item":"toxicorb","ability":"Poison Heal","moves":["substitute","protect","toxic","earthquake"],"nature":"Impish","evs":{"hp":252,"atk":0,"def":184,"spa":0,"spd":0,"spe":72},"ivs":{"hp":31,"atk":31,"def":31,"spa":31,"spd":31,"spe":31}},{"name":"Manectric","species":"Manectric","item":"manectite","ability":"Lightning Rod","moves":["thunderbolt","flamethrower","hiddenpowerice","voltswitch"],"nature":"Timid","evs":{"hp":4,"atk":0,"def":0,"spa":252,"spd":0,"spe":252},"ivs":{"hp":31,"atk":30,"def":30,"spa":31,"spd":31,"spe":31}},{"name":"Heatran","species":"Heatran","item":"leftovers","ability":"Flash Fire","moves":["lavaplume","flashcannon","roar","taunt"],"nature":"Calm","evs":{"hp":252,"atk":0,"def":0,"spa":4,"spd":252,"spe":0},"ivs":{"hp":31,"atk":31,"def":31,"spa":31,"spd":31,"spe":31}},{"name":"Gastrodon","species":"Gastrodon","item":"leftovers","ability":"Storm Drain","moves":["scald","protect","toxic","recover"],"nature":"Calm","evs":{"hp":252,"atk":0,"def":4,"spa":0,"spd":252,"spe":0},"ivs":{"hp":31,"atk":31,"def":31,"spa":31,"spd":31,"spe":31}},{"name":"Conkeldurr","species":"Conkeldurr","item":"leftovers","ability":"Iron Fist","moves":["drainpunch","icepunch","firepunch","bulkup"],"nature":"Adamant","evs":{"hp":252,"atk":252,"def":0,"spa":0,"spd":4,"spe":0},"ivs":{"hp":31,"atk":31,"def":31,"spa":31,"spd":31,"spe":31}},{"name":"Ferrothorn","species":"Ferrothorn","item":"leftovers","ability":"Iron Barbs","moves":["leechseed","protect","stealthrock","powerwhip"],"nature":"Careful","evs":{"hp":252,"atk":0,"def":4,"spa":0,"spd":252,"spe":0},"ivs":{"hp":31,"atk":31,"def":31,"spa":31,"spd":31,"spe":31}}],"p2team":[{"name":"Gyarados","species":"Gyarados","item":"gyaradosite","ability":"Intimidate","moves":["dragondance","waterfall","crunch","earthquake"],"nature":"Jolly","evs":{"hp":0,"atk":252,"def":4,"spa":0,"spd":0,"spe":252},"ivs":{"hp":31,"atk":31,"def":31,"spa":31,"spd":31,"spe":31}},{"name":"Weavile","species":"Weavile","item":"lifeorb","ability":"Pickpocket","moves":["knockoff","iciclecrash","iceshard","lowkick"],"nature":"Jolly","evs":{"hp":0,"atk":252,"def":0,"spa":0,"spd":4,"spe":252},"ivs":{"hp":31,"atk":31,"def":31,"spa":31,"spd":31,"spe":31}},{"name":"Gliscor","species":"Gliscor","item":"toxicorb","ability":"Poison Heal","moves":["stealthrock","taunt","earthquake","stoneedge"],"nature":"Impish","evs":{"hp":248,"atk":0,"def":96,"spa":0,"spd":8,"spe":156},"ivs":{"hp":31,"atk":31,"def":31,"spa":31,"spd":31,"spe":31}},{"name":"Jirachi","species":"Jirachi","item":"choicescarf","ability":"Serene Grace","moves":["ironhead","uturn","trick","healingwish"],"nature":"Jolly","evs":{"hp":0,"atk":252,"def":0,"spa":0,"spd":4,"spe":252},"ivs":{"hp":31,"atk":31,"def":31,"spa":31,"spd":31,"spe":31}},{"name":"Latios","species":"Latios","item":"lifeorb","ability":"Levitate","moves":["dracometeor","defog","psyshock","hiddenpowerfire"],"nature":"Timid","evs":{"hp":4,"atk":0,"def":0,"spa":252,"spd":0,"spe":252},"ivs":{"hp":31,"atk":30,"def":31,"spa":30,"spd":31,"spe":30}},{"name":"Scolipede","species":"Scolipede","item":"lifeorb","ability":"Speed Boost","moves":["protect","megahorn","poisonjab","aquatail"],"nature":"Adamant","evs":{"hp":0,"atk":252,"def":4,"spa":0,"spd":0,"spe":252},"ivs":{"hp":29,"atk":31,"def":31,"spa":31,"spd":31,"spe":31}}],"log":["|player|p1|olalei|209","|player|p2|ave exitium|20","|gametype|singles","|gen|6","|tier|OU","|rated","|clearpoke","|poke|p1|Gliscor, M","|poke|p1|Manectric, F","|poke|p1|Heatran, M","|poke|p1|Gastrodon, M","|poke|p1|Conkeldurr, M","|poke|p1|Ferrothorn, F","|poke|p2|Gyarados, M","|poke|p2|Weavile, M","|poke|p2|Gliscor, F","|poke|p2|Jirachi","|poke|p2|Latios, M","|poke|p2|Scolipede, F","|rule|Swagger Clause: Swagger is banned","|rule|Baton Pass Clause: Limit one Baton Passer, can't pass Spe and other stats simultaneously","|rule|Sleep Clause Mod: Limit one foe put to sleep","|rule|Species Clause: Limit one of each Pokémon","|rule|OHKO Clause: OHKO moves are banned","|rule|Moody Clause: Moody is banned","|rule|Evasion Moves Clause: Evasion moves are banned","|rule|Endless Battle Clause: Forcing endless battles is banned","|rule|HP Percentage Mod: HP is shown in percentages","|teampreview","|","|start","|switch|p1a: Manectric|Manectric, F|282/282","|switch|p2a: Latios|Latios, M|302/302","|turn|1","|","|detailschange|p1a: Manectric|Manectric-Mega, F","|-mega|p1a: Manectric|Manectric|Manectite","|-ability|p1a: Manectric|Intimidate","|-unboost|p2a: Latios|atk|1","|move|p2a: Latios|Psyshock|p1a: Manectric","|-damage|p1a: Manectric|44/282","|-damage|p2a: Latios|272/302|[from] item: Life Orb","|move|p1a: Manectric|Volt Switch|p2a: Latios","|-resisted|p2a: Latios","|-damage|p2a: Latios|218/302","|","|switch|p1a: Gliscor|Gliscor, M|354/354","|","|-status|p1a: Gliscor|tox|[from] item: Toxic Orb","|turn|2","|","|move|p2a: Latios|Draco Meteor|p1a: Gliscor","|-damage|p1a: Gliscor|0 fnt","|-unboost|p2a: Latios|spa|2","|-damage|p2a: Latios|188/302|[from] item: Life Orb","|faint|p1a: Gliscor","|","|","|switch|p1a: Heatran|Heatran, M|386/386","|turn|3","|","|switch|p2a: Gliscor|Gliscor, F|353/353","|move|p1a: Heatran|Lava Plume|p2a: Gliscor","|-damage|p2a: Gliscor|197/353","|","|-status|p2a: Gliscor|tox|[from] item: Toxic Orb","|turn|4","|","|switch|p1a: Conkeldurr|Conkeldurr, M|414/414","|move|p2a: Gliscor|Earthquake|p1a: Conkeldurr","|-damage|p1a: Conkeldurr|296/414","|","|-heal|p1a: Conkeldurr|321/414|[from] item: Leftovers","|-heal|p2a: Gliscor|241/353 tox|[from] ability: Poison Heal","|turn|5","|","|switch|p2a: Jirachi|Jirachi|341/341","|move|p1a: Conkeldurr|Ice Punch|p2a: Jirachi","|-resisted|p2a: Jirachi","|-damage|p2a: Jirachi|283/341","|","|-heal|p1a: Conkeldurr|346/414|[from] item: Leftovers","|turn|6","|","|move|p2a: Jirachi|Trick|p1a: Conkeldurr","|-activate|p2a: Jirachi|move: Trick|[of] p1a: Conkeldurr","|-item|p1a: Conkeldurr|Choice Scarf|[from] move: Trick","|-item|p2a: Jirachi|Leftovers|[from] move: Trick","|move|p1a: Conkeldurr|Drain Punch|p2a: Jirachi","|-damage|p2a: Jirachi|100/341","|-heal|p1a: Conkeldurr|414/414|[from] drain|[of] p2a: Jirachi","|","|-heal|p2a: Jirachi|121/341|[from] item: Leftovers","|turn|7","|","|move|p2a: Jirachi|U-turn|p1a: Conkeldurr","|-crit|p1a: Conkeldurr","|-resisted|p1a: Conkeldurr","|-damage|p1a: Conkeldurr|358/414","|","|switch|p2a: Scolipede|Scolipede, F|259/259","|move|p1a: Conkeldurr|Drain Punch|p2a: Scolipede","|-resisted|p2a: Scolipede","|-damage|p2a: Scolipede|206/259","|-heal|p1a: Conkeldurr|385/414|[from] drain|[of] p2a: Scolipede","|","|turn|8","|","|switch|p2a: Gliscor|Gliscor, F|241/353 tox","|switch|p1a: Heatran|Heatran, M|386/386","|","|-heal|p2a: Gliscor|285/353 tox|[from] ability: Poison Heal","|turn|9","|","|switch|p1a: Conkeldurr|Conkeldurr, M|385/414","|move|p2a: Gliscor|Earthquake|p1a: Conkeldurr","|-damage|p1a: Conkeldurr|267/414","|","|-heal|p2a: Gliscor|329/353 tox|[from] ability: Poison Heal","|turn|10","|","|switch|p2a: Jirachi|Jirachi|121/341","|move|p1a: Conkeldurr|Ice Punch|p2a: Jirachi","|-resisted|p2a: Jirachi","|-damage|p2a: Jirachi|55/341","|","|-heal|p2a: Jirachi|76/341|[from] item: Leftovers","|turn|11","|","|move|p2a: Jirachi|Iron Head|p1a: Conkeldurr","|-damage|p1a: Conkeldurr|143/414","|move|p1a: Conkeldurr|Ice Punch|p2a: Jirachi","|-resisted|p2a: Jirachi","|-damage|p2a: Jirachi|12/341","|","|-heal|p2a: Jirachi|33/341|[from] item: Leftovers","|turn|12","|","|switch|p1a: Gastrodon|Gastrodon, M|426/426","|move|p2a: Jirachi|Iron Head|p1a: Gastrodon","|-resisted|p1a: Gastrodon","|-damage|p1a: Gastrodon|351/426","|","|-heal|p2a: Jirachi|54/341|[from] item: Leftovers","|-heal|p1a: Gastrodon|377/426|[from] item: Leftovers","|turn|13","|","|move|p2a: Jirachi|U-turn|p1a: Gastrodon","|-damage|p1a: Gastrodon|281/426","|","|switch|p2a: Latios|Latios, M|188/302","|move|p1a: Gastrodon|Scald|p2a: Latios","|-resisted|p2a: Latios","|-damage|p2a: Latios|150/302","|","|-heal|p1a: Gastrodon|307/426|[from] item: Leftovers","|turn|14","|","|move|p1a: Gastrodon|Protect|p1a: Gastrodon","|-singleturn|p1a: Gastrodon|Protect","|move|p2a: Latios|Psyshock|p1a: Gastrodon","|-activate|p1a: Gastrodon|Protect","|","|-heal|p1a: Gastrodon|333/426|[from] item: Leftovers","|turn|15","|","|switch|p1a: Heatran|Heatran, M|386/386","|move|p2a: Latios|Psyshock|p1a: Heatran","|-resisted|p1a: Heatran","|-damage|p1a: Heatran|296/386","|-damage|p2a: Latios|120/302|[from] item: Life Orb","|","|-heal|p1a: Heatran|320/386|[from] item: Leftovers","|turn|16","|","|switch|p2a: Gliscor|Gliscor, F|329/353 tox","|move|p1a: Heatran|Lava Plume|p2a: Gliscor","|-damage|p2a: Gliscor|176/353 tox","|","|-heal|p1a: Heatran|344/386|[from] item: Leftovers","|-heal|p2a: Gliscor|220/353 tox|[from] ability: Poison Heal","|turn|17","|","|switch|p1a: Ferrothorn|Ferrothorn, F|352/352","|move|p2a: Gliscor|Stealth Rock|p1a: Ferrothorn","|-sidestart|p1: olalei|move: Stealth Rock","|","|-heal|p2a: Gliscor|264/353 tox|[from] ability: Poison Heal","|turn|18","|","|move|p2a: Gliscor|Taunt|p1a: Ferrothorn","|-start|p1a: Ferrothorn|move: Taunt","|cant|p1a: Ferrothorn|move: Taunt|Stealth Rock","|","|-heal|p2a: Gliscor|308/353 tox|[from] ability: Poison Heal","|turn|19","|","|switch|p2a: Gyarados|Gyarados, M|331/331","|-ability|p2a: Gyarados|Intimidate","|-unboost|p1a: Ferrothorn|atk|1","|move|p1a: Ferrothorn|Power Whip|p2a: Gyarados","|-damage|p2a: Gyarados|229/331","|","|turn|20","|","|switch|p2a: Jirachi|Jirachi|54/341","|move|p1a: Ferrothorn|Power Whip|p2a: Jirachi","|-resisted|p2a: Jirachi","|-damage|p2a: Jirachi|9/341","|","|-heal|p2a: Jirachi|30/341|[from] item: Leftovers","|-end|p1a: Ferrothorn|move: Taunt","|turn|21","|","|move|p2a: Jirachi|Healing Wish|p2a: Jirachi","|faint|p2a: Jirachi","|move|p1a: Ferrothorn|Stealth Rock|p2: Jirachi","|-sidestart|p2: ave exitium|move: Stealth Rock","|","|","|switch|p2a: Latios|Latios, M|120/302","|-heal|p2a: Latios|302/302|[from] move: Healing Wish","|-damage|p2a: Latios|265/302|[from] Stealth Rock","|turn|22","|","|move|p1a: Ferrothorn|Protect|p1a: Ferrothorn","|-singleturn|p1a: Ferrothorn|Protect","|move|p2a: Latios|Defog|p1a: Ferrothorn","|-activate|p1a: Ferrothorn|Protect","|","|turn|23","|","|move|p2a: Latios|Hidden Power|p1a: Ferrothorn","|-supereffective|p1a: Ferrothorn","|-damage|p1a: Ferrothorn|102/352","|-damage|p2a: Latios|235/302|[from] item: Life Orb","|move|p1a: Ferrothorn|Leech Seed|p2a: Latios","|-start|p2a: Latios|move: Leech Seed","|","|-heal|p1a: Ferrothorn|124/352|[from] item: Leftovers","|-damage|p2a: Latios|198/302|[from] Leech Seed|[of] p1a: Ferrothorn","|-heal|p1a: Ferrothorn|161/352|[silent]","|turn|24","|","|switch|p2a: Weavile|Weavile, M|281/281","|-damage|p2a: Weavile|211/281|[from] Stealth Rock","|move|p1a: Ferrothorn|Protect|p1a: Ferrothorn","|-fail|p1a: Ferrothorn","|","|-heal|p1a: Ferrothorn|183/352|[from] item: Leftovers","|turn|25","|","|move|p1a: Ferrothorn|Protect|p1a: Ferrothorn","|-singleturn|p1a: Ferrothorn|Protect","|move|p2a: Weavile|Knock Off|p1a: Ferrothorn","|-activate|p1a: Ferrothorn|Protect","|","|-heal|p1a: Ferrothorn|205/352|[from] item: Leftovers","|turn|26","|","|move|p2a: Weavile|Low Kick|p1a: Ferrothorn","|-supereffective|p1a: Ferrothorn","|-damage|p1a: Ferrothorn|0 fnt","|-damage|p2a: Weavile|176/281|[from] ability: Iron Barbs|[of] p1a: Ferrothorn","|-damage|p2a: Weavile|148/281|[from] item: Life Orb","|faint|p1a: Ferrothorn","|","|","|switch|p1a: Gastrodon|Gastrodon, M|333/426","|-damage|p1a: Gastrodon|307/426|[from] Stealth Rock","|turn|27","|","|move|p2a: Weavile|Knock Off|p1a: Gastrodon","|-damage|p1a: Gastrodon|38/426","|-enditem|p1a: Gastrodon|Leftovers|[from] move: Knock Off|[of] p2a: Weavile","|-damage|p2a: Weavile|120/281|[from] item: Life Orb","|move|p1a: Gastrodon|Scald|p2a: Weavile","|-damage|p2a: Weavile|21/281","|","|turn|28","|","|move|p1a: Gastrodon|Protect|p1a: Gastrodon","|-singleturn|p1a: Gastrodon|Protect","|move|p2a: Weavile|Icicle Crash|p1a: Gastrodon","|-activate|p1a: Gastrodon|Protect","|","|turn|29","|","|move|p2a: Weavile|Knock Off|p1a: Gastrodon","|-damage|p1a: Gastrodon|0 fnt","|-damage|p2a: Weavile|0 fnt|[from] item: Life Orb","|faint|p1a: Gastrodon","|faint|p2a: Weavile","|","|","|switch|p1a: Manectric|Manectric-Mega, F|44/282","|switch|p2a: Latios|Latios, M|198/302","|-damage|p1a: Manectric|9/282|[from] Stealth Rock","|-ability|p1a: Manectric|Intimidate","|-unboost|p2a: Latios|atk|1","|-damage|p2a: Latios|161/302|[from] Stealth Rock","|turn|30","|","|move|p1a: Manectric|Hidden Power|p2a: Latios","|-supereffective|p2a: Latios","|-damage|p2a: Latios|29/302","|move|p2a: Latios|Psyshock|p1a: Manectric","|-damage|p1a: Manectric|0 fnt","|-damage|p2a: Latios|0 fnt|[from] item: Life Orb","|faint|p1a: Manectric","|faint|p2a: Latios","|","|","|switch|p2a: Gliscor|Gliscor, F|308/353 tox","|switch|p1a: Conkeldurr|Conkeldurr, M|143/414","|-damage|p2a: Gliscor|264/353 tox|[from] Stealth Rock","|-damage|p1a: Conkeldurr|118/414|[from] Stealth Rock","|turn|31","|","|move|p2a: Gliscor|Earthquake|p1a: Conkeldurr","|-damage|p1a: Conkeldurr|1/414","|move|p1a: Conkeldurr|Ice Punch|p2a: Gliscor","|-supereffective|p2a: Gliscor","|-damage|p2a: Gliscor|0 fnt","|faint|p2a: Gliscor","|","|","|switch|p2a: Scolipede|Scolipede, F|206/259","|-damage|p2a: Scolipede|142/259|[from] Stealth Rock","|turn|32","|","|move|p2a: Scolipede|Poison Jab|p1a: Conkeldurr","|-damage|p1a: Conkeldurr|0 fnt","|-damage|p2a: Scolipede|117/259|[from] item: Life Orb","|faint|p1a: Conkeldurr","|","|-boost|p2a: Scolipede|spe|1|[from] ability: Speed Boost","|","|switch|p1a: Heatran|Heatran, M|344/386","|-damage|p1a: Heatran|296/386|[from] Stealth Rock","|turn|33","|","|move|p2a: Scolipede|Aqua Tail|p1a: Heatran","|-supereffective|p1a: Heatran","|-damage|p1a: Heatran|67/386","|-damage|p2a: Scolipede|92/259|[from] item: Life Orb","|move|p1a: Heatran|Roar|p2a: Scolipede","|drag|p2a: Gyarados|Gyarados, M|229/331","|-damage|p2a: Gyarados|147/331|[from] Stealth Rock","|-ability|p2a: Gyarados|Intimidate","|-unboost|p1a: Heatran|atk|1","|","|-heal|p1a: Heatran|91/386|[from] item: Leftovers","|turn|34","|","|move|p2a: Gyarados|Waterfall|p1a: Heatran","|-supereffective|p1a: Heatran","|-damage|p1a: Heatran|0 fnt","|faint|p1a: Heatran","|","|win|ave exitium"],"p1rating":{"entryid":7698477,"formatid":"ou","userid":"olalei","username":"olalei","r":1500,"rd":130,"sigma":0,"rpr":1459.8393856612,"rprd":122.8583080769,"rpsigma":0,"rptime":1439802000,"w":0,"l":1,"t":0,"gxe":45,"acre":1000,"lacre":1000,"oldacre":1000},"p2rating":{"entryid":7698478,"formatid":"ou","userid":"aveexitium","username":"ave exitium","r":1500,"rd":130,"sigma":0,"rpr":1540.1606143388,"rprd":122.8583080769,"rpsigma":0,"rptime":1439802000,"w":1,"l":0,"t":0,"gxe":55,"acre":1040,"lacre":1040,"oldacre":1000},"endType":"normal"}