{"seed":[43871,32353,63881,44837],"turns":28,"p1":"Tio_Red 1.0","p2":"D Cj","p1team":[{"name":"Gokuzaro","species":"infernape","item":"focussash","ability":"Blaze","moves":["flamethrower","nastyplot","hiddenpowerice","vacuumwave"],"nature":"Modest","evs":{"hp":4,"atk":0,"def":0,"spa":252,"spd":0,"spe":252},"gender":"M","shiny":true,"ivs":{"atk":30,"def":30,"hp":31,"spe":31,"spa":31,"spd":31}},{"name":"Sapinho","species":"swampert","item":"sitrusberry","ability":"Torrent","moves":["waterfall","stealthrock","yawn","endeavor"],"nature":"Serious","evs":{"hp":132,"atk":0,"def":188,"spa":0,"spd":188,"spe":0},"gender":"M","ivs":{"hp":31,"atk":31,"def":31,"spa":31,"spd":31,"spe":31}},{"name":"Giga Drill","species":"excadrill","item":"lifeorb","ability":"Mold Breaker","moves":["brickbreak","earthquake","ironhead","swordsdance"],"nature":"Jolly","evs":{"hp":4,"atk":252,"def":0,"spa":0,"spd":0,"spe":252},"gender":"M","ivs":{"hp":31,"atk":31,"def":31,"spa":31,"spd":31,"spe":31}},{"name":"Gosminha","species":"goodra","item":"leftovers","ability":"Sap Sipper","moves":["earthquake","powerwhip","secretpower","outrage"],"nature":"Adamant","evs":{"hp":4,"atk":252,"def":0,"spa":0,"spd":252,"spe":0},"gender":"F","shiny":true,"ivs":{"hp":31,"atk":31,"def":31,"spa":31,"spd":31,"spe":31}},{"name":"Scarlett","species":"scizor","item":"scizorite","ability":"Technician","moves":["swordsdance","bugbite","bulletpunch","roost"],"nature":"Jolly","evs":{"hp":0,"atk":252,"def":0,"spa":0,"spd":4,"spe":252},"gender":"M","ivs":{"hp":31,"atk":31,"def":31,"spa":31,"spd":31,"spe":31}},{"name":"Palhaça 1.0","species":"slowbro","item":"rockyhelmet","ability":"Regenerator","moves":["grassknot","scald","rest","sleeptalk"],"nature":"Modest","evs":{"hp":108,"atk":0,"def":252,"spa":148,"spd":0,"spe":0},"gender":"F","ivs":{"hp":31,"atk":31,"def":31,"spa":31,"spd":31,"spe":31}}],"p2team":[{"name":"Slowbro","species":"Slowbro","item":"slowbronite","ability":"Regenerator","moves":["calmmind","slackoff","psyshock","shadowball"],"nature":"Bold","evs":{"hp":248,"atk":0,"def":252,"spa":8,"spd":0,"spe":0},"shiny":true,"ivs":{"hp":31,"atk":31,"def":31,"spa":31,"spd":31,"spe":31}},{"name":"Excadrill","species":"Excadrill","item":"choicescarf","ability":"Mold Breaker","moves":["earthquake","ironhead","rockslide","xscissor"],"nature":"Jolly","evs":{"hp":0,"atk":252,"def":0,"spa":0,"spd":4,"spe":252},"ivs":{"hp":31,"atk":31,"def":31,"spa":31,"spd":31,"spe":31}},{"name":"Thundurus-Therian","species":"Thundurus-Therian","item":"choicespecs","ability":"Volt Absorb","moves":["thunderbolt","nastyplot","hiddenpowerice","voltswitch"],"nature":"Timid","evs":{"hp":0,"atk":0,"def":0,"spa":252,"spd":4,"spe":252},"ivs":{"hp":31,"atk":30,"def":30,"spa":31,"spd":31,"spe":31}},{"name":"Gengar","species":"Gengar","item":"blacksludge","ability":"Levitate","moves":["substitute","disable","sludgewave","shadowball"],"nature":"Timid","evs":{"hp":0,"atk":0,"def":0,"spa":252,"spd":4,"spe":252},"ivs":{"hp":31,"atk":31,"def":31,"spa":31,"spd":31,"spe":31}},{"name":"Talonflame","species":"Talonflame","item":"choiceband","ability":"Gale Wings","moves":["aerialace","bravebird","flareblitz","uturn"],"nature":"Jolly","evs":{"hp":144,"atk":108,"def":0,"spa":0,"spd":4,"spe":252},"ivs":{"hp":31,"atk":31,"def":31,"spa":31,"spd":31,"spe":31}},{"name":"Sylveon","species":"Sylveon","item":"leftovers","ability":"Pixilate","moves":["hypervoice","wish","protect","toxic"],"nature":"Calm","evs":{"hp":252,"atk":0,"def":0,"spa":4,"spd":252,"spe":0},"ivs":{"hp":31,"atk":31,"def":31,"spa":31,"spd":31,"spe":31}}],"log":["|player|p1|Tio_Red 1.0|163","|player|p2|D Cj|169","|gametype|singles","|gen|6","|tier|OU","|rated","|clearpoke","|poke|p1|Infernape, M, shiny","|poke|p1|Swampert, M","|poke|p1|Excadrill, M","|poke|p1|Goodra, F, shiny","|poke|p1|Scizor, M","|poke|p1|Slowbro, F","|poke|p2|Slowbro, F, shiny","|poke|p2|Excadrill, M","|poke|p2|Thundurus-Therian, M","|poke|p2|Gengar, F","|poke|p2|Talonflame, M","|poke|p2|Sylveon, F","|rule|Swagger Clause: Swagger is banned","|rule|Baton Pass Clause: Limit one Baton Passer, can't pass Spe and other stats simultaneously","|rule|Sleep Clause Mod: Limit one foe put to sleep","|rule|Species Clause: Limit one of each Pokémon","|rule|OHKO Clause: OHKO moves are banned","|rule|Moody Clause: Moody is banned","|rule|Evasion Moves Clause: Evasion moves are banned","|rule|Endless Battle Clause: Forcing endless battles is banned","|rule|HP Percentage Mod: HP is shown in percentages","|teampreview","|","|start","|switch|p1a: Sapinho|Swampert, M|374/374","|switch|p2a: Slowbro|Slowbro, F, shiny|393/393","|turn|1","|","|detailschange|p2a: Slowbro|Slowbro-Mega, F, shiny","|-mega|p2a: Slowbro|Slowbro|Slowbronite","|move|p1a: Sapinho|Stealth Rock|p2a: Slowbro","|-sidestart|p2: D Cj|move: Stealth Rock","|move|p2a: Slowbro|Calm Mind|p2a: Slowbro","|-boost|p2a: Slowbro|spa|1","|-boost|p2a: Slowbro|spd|1","|","|turn|2","|","|move|p1a: Sapinho|Yawn|p2a: Slowbro","|-start|p2a: Slowbro|move: Yawn|[of] p1a: Sapinho","|move|p2a: Slowbro|Psyshock|p1a: Sapinho","|-damage|p1a: Sapinho|217/374","|","|turn|3","|","|move|p1a: Sapinho|Yawn|p2a: Slowbro","|-fail|p2a: Slowbro","|move|p2a: Slowbro|Calm Mind|p2a: Slowbro","|-boost|p2a: Slowbro|spa|1","|-boost|p2a: Slowbro|spd|1","|","|-end|p2a: Slowbro|move: Yawn|[silent]","|-status|p2a: Slowbro|slp","|turn|4","|","|move|p1a: Sapinho|Endeavor|p2a: Slowbro","|-damage|p2a: Slowbro|217/393 slp","|cant|p2a: Slowbro|slp","|","|turn|5","|","|move|p1a: Sapinho|Waterfall|p2a: Slowbro","|-resisted|p2a: Slowbro","|-damage|p2a: Slowbro|193/393 slp","|cant|p2a: Slowbro|slp","|","|turn|6","|","|switch|p1a: Scarlett|Scizor, M|281/281","|-curestatus|p2a: Slowbro|slp","|move|p2a: Slowbro|Slack Off|p2a: Slowbro","|-heal|p2a: Slowbro|390/393","|","|turn|7","|","|detailschange|p1a: Scarlett|Scizor-Mega, M","|-mega|p1a: Scarlett|Scizor|Scizorite","|move|p1a: Scarlett|Bug Bite|p2a: Slowbro","|-supereffective|p2a: Slowbro","|-damage|p2a: Slowbro|226/393","|move|p2a: Slowbro|Shadow Ball|p1a: Scarlett","|-damage|p1a: Scarlett|134/281","|","|turn|8","|","|move|p1a: Scarlett|Bug Bite|p2a: Slowbro","|-supereffective|p2a: Slowbro","|-damage|p2a: Slowbro|64/393","|move|p2a: Slowbro|Slack Off|p2a: Slowbro","|-heal|p2a: Slowbro|261/393","|","|turn|9","|","|move|p1a: Scarlett|Swords Dance|p1a: Scarlett","|-boost|p1a: Scarlett|atk|2","|move|p2a: Slowbro|Shadow Ball|p1a: Scarlett","|-damage|p1a: Scarlett|0 fnt","|faint|p1a: Scarlett","|","|","|switch|p1a: Gosminha|Goodra, F, shiny|322/322","|turn|10","|","|move|p1a: Gosminha|Power Whip|p2a: Slowbro","|-supereffective|p2a: Slowbro","|-damage|p2a: Slowbro|139/393","|move|p2a: Slowbro|Psyshock|p1a: Gosminha","|-damage|p1a: Gosminha|4/322","|","|-heal|p1a: Gosminha|24/322|[from] item: Leftovers","|turn|11","|","|move|p1a: Gosminha|Outrage|p2a: Slowbro","|-damage|p2a: Slowbro|52/393","|move|p2a: Slowbro|Slack Off|p2a: Slowbro","|-heal|p2a: Slowbro|249/393","|","|-heal|p1a: Gosminha|44/322|[from] item: Leftovers","|turn|12","|","|move|p1a: Gosminha|Outrage|p2a: Slowbro|[from]lockedmove","|-damage|p2a: Slowbro|153/393","|-start|p1a: Gosminha|confusion|[fatigue]","|move|p2a: Slowbro|Calm Mind|p2a: Slowbro","|-boost|p2a: Slowbro|spa|1","|-boost|p2a: Slowbro|spd|1","|","|-heal|p1a: Gosminha|64/322|[from] item: Leftovers","|turn|13","|","|switch|p1a: Sapinho|Swampert, M|217/374","|move|p2a: Slowbro|Slack Off|p2a: Slowbro","|-heal|p2a: Slowbro|350/393","|","|turn|14","|","|move|p1a: Sapinho|Yawn|p2a: Slowbro","|-start|p2a: Slowbro|move: Yawn|[of] p1a: Sapinho","|move|p2a: Slowbro|Shadow Ball|p1a: Sapinho","|-damage|p1a: Sapinho|33/374","|-enditem|p1a: Sapinho|Sitrus Berry|[eat]","|-heal|p1a: Sapinho|126/374|[from] item: Sitrus Berry","|","|turn|15","|","|move|p1a: Sapinho|Endeavor|p2a: Slowbro","|-damage|p2a: Slowbro|126/393","|move|p2a: Slowbro|Calm Mind|p2a: Slowbro","|-boost|p2a: Slowbro|spa|1","|-boost|p2a: Slowbro|spd|1","|","|-end|p2a: Slowbro|move: Yawn|[silent]","|-status|p2a: Slowbro|slp","|turn|16","|","|switch|p1a: Giga Drill|Excadrill, M|362/362","|-ability|p1a: Giga Drill|Mold Breaker","|cant|p2a: Slowbro|slp","|","|turn|17","|","|move|p1a: Giga Drill|Iron Head|p2a: Slowbro","|-resisted|p2a: Slowbro","|-damage|p2a: Slowbro|83/393 slp","|-damage|p1a: Giga Drill|326/362|[from] item: Life Orb","|cant|p2a: Slowbro|slp","|","|turn|18","|","|move|p1a: Giga Drill|Swords Dance|p1a: Giga Drill","|-boost|p1a: Giga Drill|atk|2","|cant|p2a: Slowbro|slp","|","|turn|19","|","|move|p1a: Giga Drill|Iron Head|p2a: Slowbro","|-resisted|p2a: Slowbro","|-damage|p2a: Slowbro|0 fnt","|-damage|p1a: Giga Drill|290/362|[from] item: Life Orb","|faint|p2a: Slowbro","|","|","|switch|p2a: Excadrill|Excadrill, M|361/361","|-damage|p2a: Excadrill|350/361|[from] Stealth Rock","|-ability|p2a: Excadrill|Mold Breaker","|turn|20","|","|move|p2a: Excadrill|Earthquake|p1a: Giga Drill","|-supereffective|p1a: Giga Drill","|-damage|p1a: Giga Drill|0 fnt","|faint|p1a: Giga Drill","|","|","|switch|p1a: Sapinho|Swampert, M|126/374","|turn|21","|","|move|p2a: Excadrill|Earthquake|p1a: Sapinho","|-damage|p1a: Sapinho|0 fnt","|faint|p1a: Sapinho","|","|","|switch|p1a: Palhaça 1.0|Slowbro, F|358/358","|turn|22","|","|move|p2a: Excadrill|Earthquake|p1a: Palhaça 1.0","|-damage|p1a: Palhaça 1.0|211/358","|move|p1a: Palhaça 1.0|Scald|p2a: Excadrill","|-supereffective|p2a: Excadrill","|-damage|p2a: Excadrill|24/361","|","|turn|23","|","|move|p2a: Excadrill|Earthquake|p1a: Palhaça 1.0","|-damage|p1a: Palhaça 1.0|67/358","|move|p1a: Palhaça 1.0|Rest|p1a: Palhaça 1.0","|-status|p1a: Palhaça 1.0|slp","|-heal|p1a: Palhaça 1.0|358/358 slp|[silent]","|-status|p1a: Palhaça 1.0|slp|[from] move: Rest","|","|turn|24","|","|switch|p2a: Thundurus-Therian|Thundurus-Therian, M|299/299","|-damage|p2a: Thundurus-Therian|225/299|[from] Stealth Rock","|cant|p1a: Palhaça 1.0|slp","|move|p1a: Palhaça 1.0|Sleep Talk|p1a: Palhaça 1.0","|move|p1a: Palhaça 1.0|Scald|p2a: Thundurus-Therian|[from]Sleep Talk","|-damage|p2a: Thundurus-Therian|77/299","|","|turn|25","|","|move|p2a: Thundurus-Therian|Thunderbolt|p1a: Palhaça 1.0","|-supereffective|p1a: Palhaça 1.0","|-damage|p1a: Palhaça 1.0|0 fnt","|faint|p1a: Palhaça 1.0","|","|","|switch|p1a: Gosminha|Goodra, F, shiny|64/322","|turn|26","|","|move|p2a: Thundurus-Therian|Thunderbolt|p1a: Gosminha","|-resisted|p1a: Gosminha","|-damage|p1a: Gosminha|0 fnt","|faint|p1a: Gosminha","|","|","|switch|p1a: Gokuzaro|Infernape, M, shiny|294/294","|turn|27","|","|move|p2a: Thundurus-Therian|Thunderbolt|p1a: Gokuzaro","|-enditem|p1a: Gokuzaro|Focus Sash","|-damage|p1a: Gokuzaro|1/294","|move|p1a: Gokuzaro|Hidden Power|p2a: Thundurus-Therian","|-supereffective|p2a: Thundurus-Therian","|-damage|p2a: Thundurus-Therian|0 fnt","|faint|p2a: Thundurus-Therian","|","|","|switch|p2a: Talonflame|Talonflame, M|333/333","|-damage|p2a: Talonflame|167/333|[from] Stealth Rock","|turn|28","|","|move|p2a: Talonflame|Brave Bird|p1a: Gokuzaro","|-supereffective|p1a: Gokuzaro","|-damage|p1a: Gokuzaro|0 fnt","|-damage|p2a: Talonflame|166/333|[from] recoil|[of] p1a: Gokuzaro","|faint|p1a: Gokuzaro","|","|win|D Cj"],"p1rating":{"entryid":"7680348","serverid":"eos","formatid":"ou","userid":"tiored10","username":"Tio_Red 1.0","w":"7","l":4,"t":"0","gxe":56.6,"r":"1599.6030651173","rd":"90.252062421055","sigma":"0","rptime":"1439802000","rpr":1551.7239244675,"rprd":85.630925570667,"rpsigma":"0","acre":1072.1147419514,"lacre":1072.1147419514,"oldacre":"1102.4986170454"},"p2rating":{"entryid":"6509223","serverid":"eos","formatid":"ou","userid":"dcj","username":"D Cj","w":3,"l":"2","t":"0","gxe":54.6,"r":1493.9708937532,"rd":113.91758586264,"sigma":"0","rptime":1439802000,"rpr":1536.2254011201,"rprd":109.04685217137,"rpsigma":"0","acre":1070.2722391875,"lacre":1070.2722391875,"oldacre":"1026.4866395176"},"endType":"normal"}