{"seed":[14104,52471,14835,37689],"turns":28,"p1":"cutjk","p2":"ave exitium","p1team":[{"name":"Crawdaunt","species":"Crawdaunt","item":"focussash","ability":"Adaptability","moves":["crabhammer","aquajet","knockoff","dragondance"],"nature":"Adamant","evs":{"hp":4,"atk":252,"def":0,"spa":0,"spd":0,"spe":252},"ivs":{"hp":31,"atk":31,"def":31,"spa":31,"spd":31,"spe":31}},{"name":"Latias","species":"Latias","item":"lifeorb","ability":"Levitate","moves":["dracometeor","defog","psyshock","roost"],"nature":"Calm","evs":{"hp":4,"atk":0,"def":252,"spa":0,"spd":252,"spe":0},"ivs":{"hp":31,"atk":31,"def":31,"spa":31,"spd":31,"spe":31}},{"name":"Ditto","species":"Ditto","item":"choicescarf","ability":"Imposter","moves":["transform"],"nature":"Bold","evs":{"hp":4,"atk":252,"def":0,"spa":0,"spd":0,"spe":252},"ivs":{"hp":31,"atk":31,"def":31,"spa":31,"spd":31,"spe":31}},{"name":"Venusaur","species":"Venusaur","item":"venusaurite","ability":"Overgrow","moves":["gigadrain","sludgebomb","sleeppowder","synthesis"],"nature":"Modest","evs":{"hp":4,"atk":0,"def":252,"spa":0,"spd":252,"spe":0},"ivs":{"hp":31,"atk":31,"def":31,"spa":31,"spd":31,"spe":31}},{"name":"Landorus-Therian","species":"Landorus-Therian","item":"leftovers","ability":"Intimidate","moves":["earthquake","stealthrock","brickbreak","uturn"],"nature":"Serious","evs":{"hp":4,"atk":0,"def":252,"spa":0,"spd":252,"spe":0},"ivs":{"hp":31,"atk":31,"def":31,"spa":31,"spd":31,"spe":31}},{"name":"Heatran","species":"Heatran","item":"airballoon","ability":"Flash Fire","moves":["lavaplume","earthpower","flashcannon","willowisp"],"nature":"Modest","evs":{"hp":0,"atk":0,"def":252,"spa":252,"spd":0,"spe":0},"ivs":{"hp":31,"atk":31,"def":31,"spa":31,"spd":31,"spe":31}}],"p2team":[{"name":"Hippowdon","species":"Hippowdon","item":"leftovers","ability":"Sand Stream","moves":["stealthrock","slackoff","earthquake","stoneedge"],"nature":"Impish","evs":{"hp":248,"atk":0,"def":180,"spa":0,"spd":72,"spe":8},"ivs":{"hp":31,"atk":31,"def":31,"spa":31,"spd":31,"spe":31}},{"name":"Ferrothorn","species":"Ferrothorn","item":"leftovers","ability":"Iron Barbs","moves":["spikes","knockoff","powerwhip","leechseed"],"nature":"Relaxed","evs":{"hp":248,"atk":0,"def":20,"spa":0,"spd":240,"spe":0},"ivs":{"hp":31,"atk":31,"def":31,"spa":31,"spd":31,"spe":31}},{"name":"Latios","species":"Latios","item":"lifeorb","ability":"Levitate","moves":["roost","dracometeor","psyshock","hiddenpowerfire"],"nature":"Timid","evs":{"hp":0,"atk":0,"def":4,"spa":252,"spd":0,"spe":252},"ivs":{"hp":31,"atk":0,"def":31,"spa":30,"spd":31,"spe":30}},{"name":"Clefable","species":"Clefable","item":"leftovers","ability":"Magic Guard","moves":["calmmind","softboiled","moonblast","thunderwave"],"nature":"Calm","evs":{"hp":248,"atk":0,"def":144,"spa":0,"spd":108,"spe":8},"ivs":{"hp":31,"atk":31,"def":31,"spa":31,"spd":31,"spe":31}},{"name":"Heatran","species":"Heatran","item":"leftovers","ability":"Flash Fire","moves":["taunt","fireblast","flashcannon","earthpower"],"nature":"Timid","evs":{"hp":0,"atk":0,"def":0,"spa":252,"spd":4,"spe":252},"ivs":{"hp":31,"atk":0,"def":31,"spa":31,"spd":31,"spe":31}},{"name":"Alakazam","species":"Alakazam","item":"alakazite","ability":"Magic Guard","moves":["calmmind","psychic","focusblast","shadowball"],"nature":"Timid","evs":{"hp":0,"atk":0,"def":0,"spa":252,"spd":4,"spe":252},"ivs":{"hp":31,"atk":0,"def":31,"spa":31,"spd":31,"spe":31}}],"log":["|player|p1|cutjk|101","|player|p2|ave exitium|20","|gametype|singles","|gen|6","|tier|OU","|rated","|clearpoke","|poke|p1|Crawdaunt, F","|poke|p1|Latias, F","|poke|p1|Ditto","|poke|p1|Venusaur, M","|poke|p1|Landorus-Therian, M","|poke|p1|Heatran, F","|poke|p2|Hippowdon, F","|poke|p2|Ferrothorn, F","|poke|p2|Latios, M","|poke|p2|Clefable, M","|poke|p2|Heatran, F","|poke|p2|Alakazam, F","|rule|Swagger Clause: Swagger is banned","|rule|Baton Pass Clause: Limit one Baton Passer, can't pass Spe and other stats simultaneously","|rule|Sleep Clause Mod: Limit one foe put to sleep","|rule|Species Clause: Limit one of each Pokémon","|rule|OHKO Clause: OHKO moves are banned","|rule|Moody Clause: Moody is banned","|rule|Evasion Moves Clause: Evasion moves are banned","|rule|Endless Battle Clause: Forcing endless battles is banned","|rule|HP Percentage Mod: HP is shown in percentages","|teampreview","|","|start","|switch|p1a: Crawdaunt|Crawdaunt, F|268/268","|switch|p2a: Latios|Latios, M|301/301","|turn|1","|","|move|p2a: Latios|Draco Meteor|p1a: Crawdaunt","|-enditem|p1a: Crawdaunt|Focus Sash","|-damage|p1a: Crawdaunt|1/268","|-unboost|p2a: Latios|spa|2","|-damage|p2a: Latios|271/301|[from] item: Life Orb","|move|p1a: Crawdaunt|Dragon Dance|p1a: Crawdaunt","|-boost|p1a: Crawdaunt|atk|1","|-boost|p1a: Crawdaunt|spe|1","|","|turn|2","|","|switch|p2a: Hippowdon|Hippowdon, F|419/419","|-weather|Sandstorm","|move|p1a: Crawdaunt|Crabhammer|p2a: Hippowdon","|-supereffective|p2a: Hippowdon","|-damage|p2a: Hippowdon|0 fnt","|faint|p2a: Hippowdon","|","|-weather|Sandstorm|[upkeep]","|-damage|p1a: Crawdaunt|0 fnt|[from] sandstorm","|faint|p1a: Crawdaunt","|","|switch|p2a: Latios|Latios, M|271/301","|switch|p1a: Heatran|Heatran, F|323/323","|-item|p1a: Heatran|Air Balloon","|turn|3","|","|switch|p1a: Landorus-Therian|Landorus-Therian, M|320/320","|-ability|p1a: Landorus-Therian|Intimidate","|-unboost|p2a: Latios|atk|1","|move|p2a: Latios|Psyshock|p1a: Landorus-Therian","|-damage|p1a: Landorus-Therian|151/320","|-damage|p2a: Latios|241/301|[from] item: Life Orb","|","|-weather|Sandstorm|[upkeep]","|-damage|p2a: Latios|223/301|[from] sandstorm","|-heal|p1a: Landorus-Therian|171/320|[from] item: Leftovers","|turn|4","|","|switch|p2a: Ferrothorn|Ferrothorn, F|351/351","|move|p1a: Landorus-Therian|Stealth Rock|p2a: Ferrothorn","|-sidestart|p2: ave exitium|move: Stealth Rock","|","|-weather|Sandstorm|[upkeep]","|-heal|p1a: Landorus-Therian|191/320|[from] item: Leftovers","|turn|5","|","|switch|p1a: Heatran|Heatran, F|323/323","|-item|p1a: Heatran|Air Balloon","|move|p2a: Ferrothorn|Spikes|p1a: Heatran","|-sidestart|p1: cutjk|Spikes","|","|-weather|Sandstorm|[upkeep]","|turn|6","|","|switch|p2a: Latios|Latios, M|223/301","|-damage|p2a: Latios|186/301|[from] Stealth Rock","|move|p1a: Heatran|Lava Plume|p2a: Latios","|-resisted|p2a: Latios","|-damage|p2a: Latios|112/301","|-status|p2a: Latios|brn","|","|-weather|none","|-damage|p2a: Latios|75/301 brn|[from] brn","|turn|7","|","|move|p2a: Latios|Roost|p2a: Latios","|-heal|p2a: Latios|226/301 brn","|move|p1a: Heatran|Lava Plume|p2a: Latios","|-resisted|p2a: Latios","|-damage|p2a: Latios|153/301 brn","|","|-damage|p2a: Latios|116/301 brn|[from] brn","|turn|8","|","|move|p2a: Latios|Roost|p2a: Latios","|-heal|p2a: Latios|267/301 brn","|move|p1a: Heatran|Flash Cannon|p2a: Latios","|-damage|p2a: Latios|128/301 brn","|","|-damage|p2a: Latios|91/301 brn|[from] brn","|turn|9","|","|move|p2a: Latios|Psyshock|p1a: Heatran","|-resisted|p1a: Heatran","|-damage|p1a: Heatran|255/323","|-enditem|p1a: Heatran|Air Balloon","|-damage|p2a: Latios|61/301 brn|[from] item: Life Orb","|move|p1a: Heatran|Flash Cannon|p2a: Latios","|-damage|p2a: Latios|0 fnt","|faint|p2a: Latios","|","|","|switch|p2a: Heatran|Heatran, F|323/323","|-damage|p2a: Heatran|283/323|[from] Stealth Rock","|turn|10","|","|switch|p1a: Landorus-Therian|Landorus-Therian, M|191/320","|-ability|p1a: Landorus-Therian|Intimidate","|-unboost|p2a: Heatran|atk|1","|move|p2a: Heatran|Earth Power|p1a: Landorus-Therian","|-immune|p1a: Landorus-Therian|[msg]","|","|-heal|p2a: Heatran|303/323|[from] item: Leftovers","|-heal|p1a: Landorus-Therian|211/320|[from] item: Leftovers","|turn|11","|","|switch|p2a: Ferrothorn|Ferrothorn, F|351/351","|-damage|p2a: Ferrothorn|330/351|[from] Stealth Rock","|move|p1a: Landorus-Therian|Earthquake|p2a: Ferrothorn","|-damage|p2a: Ferrothorn|216/351","|","|-heal|p1a: Landorus-Therian|231/320|[from] item: Leftovers","|-heal|p2a: Ferrothorn|237/351|[from] item: Leftovers","|turn|12","|","|switch|p1a: Heatran|Heatran, F|255/323","|-damage|p1a: Heatran|215/323|[from] Spikes","|move|p2a: Ferrothorn|Leech Seed|p1a: Heatran","|-start|p1a: Heatran|move: Leech Seed","|","|-heal|p2a: Ferrothorn|258/351|[from] item: Leftovers","|-damage|p1a: Heatran|175/323|[from] Leech Seed|[of] p2a: Ferrothorn","|-heal|p2a: Ferrothorn|298/351|[silent]","|turn|13","|","|switch|p2a: Heatran|Heatran, F|303/323","|-damage|p2a: Heatran|263/323|[from] Stealth Rock","|move|p1a: Heatran|Lava Plume|p2a: Heatran","|-start|p2a: Heatran|ability: Flash Fire","|","|-heal|p2a: Heatran|283/323|[from] item: Leftovers","|-damage|p1a: Heatran|135/323|[from] Leech Seed|[of] p2a: Heatran","|-heal|p2a: Heatran|323/323|[silent]","|turn|14","|","|switch|p1a: Landorus-Therian|Landorus-Therian, M|231/320","|-ability|p1a: Landorus-Therian|Intimidate","|-unboost|p2a: Heatran|atk|1","|move|p2a: Heatran|Fire Blast|p1a: Landorus-Therian","|-damage|p1a: Landorus-Therian|0 fnt","|faint|p1a: Landorus-Therian","|","|","|switch|p1a: Ditto|Ditto|238/238","|-damage|p1a: Ditto|209/238|[from] Spikes","|-transform|p1a: Ditto|p2a: Heatran","|turn|15","|","|-end|p2a: Heatran|ability: Flash Fire|[silent]","|switch|p2a: Ferrothorn|Ferrothorn, F|298/351","|-damage|p2a: Ferrothorn|277/351|[from] Stealth Rock","|move|p1a: Ditto|Earth Power|p2a: Ferrothorn","|-damage|p2a: Ferrothorn|205/351","|","|-heal|p2a: Ferrothorn|226/351|[from] item: Leftovers","|turn|16","|","|switch|p1a: Latias|Latias, F|302/302","|move|p2a: Ferrothorn|Leech Seed|p1a: Latias","|-start|p1a: Latias|move: Leech Seed","|","|-heal|p2a: Ferrothorn|247/351|[from] item: Leftovers","|-damage|p1a: Latias|265/302|[from] Leech Seed|[of] p2a: Ferrothorn","|-heal|p2a: Ferrothorn|284/351|[silent]","|turn|17","|","|move|p1a: Latias|Defog|p2a: Ferrothorn","|-unboost|p2a: Ferrothorn|evasion|1","|-sideend|p2: ave exitium|Stealth Rock|[from] move: Defog|[of] p2a: Ferrothorn","|-sideend|p1: cutjk|Spikes|[from] move: Defog|[of] p1a: Latias","|move|p2a: Ferrothorn|Knock Off|p1a: Latias","|-crit|p1a: Latias","|-supereffective|p1a: Latias","|-damage|p1a: Latias|85/302","|-enditem|p1a: Latias|Life Orb|[from] move: Knock Off|[of] p2a: Ferrothorn","|","|-heal|p2a: Ferrothorn|305/351|[from] item: Leftovers","|-damage|p1a: Latias|48/302|[from] Leech Seed|[of] p2a: Ferrothorn","|-heal|p2a: Ferrothorn|342/351|[silent]","|turn|18","|","|switch|p1a: Heatran|Heatran, F|135/323","|move|p2a: Ferrothorn|Spikes|p1a: Heatran","|-sidestart|p1: cutjk|Spikes","|","|-heal|p2a: Ferrothorn|351/351|[from] item: Leftovers","|turn|19","|","|switch|p2a: Heatran|Heatran, F|323/323","|move|p1a: Heatran|Earth Power|p2a: Heatran","|-supereffective|p2a: Heatran","|-damage|p2a: Heatran|0 fnt","|faint|p2a: Heatran","|","|","|switch|p2a: Alakazam|Alakazam, F|251/251","|turn|20","|","|move|p2a: Alakazam|Focus Blast|p1a: Heatran|[miss]","|-miss|p2a: Alakazam|p1a: Heatran","|move|p1a: Heatran|Lava Plume|p2a: Alakazam","|-damage|p2a: Alakazam|100/251","|-status|p2a: Alakazam|brn","|","|turn|21","|","|move|p2a: Alakazam|Focus Blast|p1a: Heatran","|-crit|p1a: Heatran","|-supereffective|p1a: Heatran","|-damage|p1a: Heatran|0 fnt","|faint|p1a: Heatran","|","|","|switch|p1a: Latias|Latias, F|48/302","|turn|22","|","|move|p2a: Alakazam|Shadow Ball|p1a: Latias","|-supereffective|p1a: Latias","|-damage|p1a: Latias|0 fnt","|faint|p1a: Latias","|","|","|switch|p1a: Ditto|Ditto|209/238","|-damage|p1a: Ditto|180/238|[from] Spikes","|-transform|p1a: Ditto|p2a: Alakazam","|turn|23","|","|switch|p2a: Clefable|Clefable, M|393/393","|move|p1a: Ditto|Shadow Ball|p2a: Clefable","|-damage|p2a: Clefable|302/393","|","|-heal|p2a: Clefable|326/393|[from] item: Leftovers","|turn|24","|","|switch|p1a: Venusaur|Venusaur, M|302/302","|-damage|p1a: Venusaur|265/302|[from] Spikes","|move|p2a: Clefable|Thunder Wave|p1a: Venusaur","|-status|p1a: Venusaur|par","|","|-heal|p2a: Clefable|350/393|[from] item: Leftovers","|turn|25","|","|switch|p2a: Ferrothorn|Ferrothorn, F|351/351","|detailschange|p1a: Venusaur|Venusaur-Mega, M","|-mega|p1a: Venusaur|Venusaur|Venusaurite","|move|p1a: Venusaur|Sludge Bomb|p2a: Ferrothorn","|-immune|p2a: Ferrothorn|[msg]","|","|turn|26","|","|switch|p1a: Ditto|Ditto|180/238","|-damage|p1a: Ditto|151/238|[from] Spikes","|-transform|p1a: Ditto|p2a: Ferrothorn","|move|p2a: Ferrothorn|Spikes|p1a: Ditto","|-sidestart|p1: cutjk|Spikes","|","|turn|27","|","|move|p1a: Ditto|Leech Seed|p2a: Ferrothorn","|-immune|p2a: Ferrothorn|[msg]","|move|p2a: Ferrothorn|Spikes|p1a: Ditto","|-sidestart|p1: cutjk|Spikes","|","|turn|28","|","|win|ave exitium"],"p1rating":{"entryid":"7698702","serverid":"eos","formatid":"ou","userid":"cutjk","username":"cutjk","w":"1","l":2,"t":"0","gxe":45.8,"r":"1500","rd":"130","sigma":"0","rptime":"1439802000","rpr":1466.9108216389,"rprd":111.51861011339,"rpsigma":"0","acre":1013.2258544401,"lacre":1013.2258544401,"oldacre":"1026.2622468091"},"p2rating":{"entryid":"7698478","serverid":"eos","formatid":"ou","userid":"aveexitium","username":"ave exitium","w":3,"l":"4","t":"0","gxe":46.9,"r":"1500","rd":"130","sigma":"0","rptime":"1439802000","rpr":1475.5286111144,"rprd":95.903325256722,"rpsigma":"0","acre":1079.3627054842,"lacre":1079.3627054842,"oldacre":"1048.7995451732"},"endType":"forfeit"}