{"seed":[10493,61106,56031,2572],"turns":30,"p1":"Shipuriken","p2":"ChampInfernapeDay","p1team":[{"name":"Heatran","species":"Heatran","item":"choicespecs","ability":"Flash Fire","moves":["earthpower","flashcannon","lavaplume","hiddenpowerice"],"nature":"Modest","evs":{"hp":252,"atk":0,"def":4,"spa":0,"spd":0,"spe":252},"ivs":{"hp":31,"atk":30,"def":30,"spa":31,"spd":31,"spe":31},"shiny":true},{"name":"Shrooms","species":"amoonguss","item":"blacksludge","ability":"Regenerator","moves":["spore","gigadrain","sludgebomb","synthesis"],"nature":"Calm","evs":{"hp":252,"atk":0,"def":128,"spa":0,"spd":128,"spe":0},"ivs":{"hp":31,"atk":31,"def":31,"spa":31,"spd":31,"spe":31}},{"name":"Pearl","species":"sableye","item":"sablenite","ability":"Prankster","moves":["calmmind","recover","snarl","willowisp"],"nature":"Bold","evs":{"hp":252,"atk":0,"def":200,"spa":0,"spd":56,"spe":0},"shiny":true,"ivs":{"hp":31,"atk":31,"def":31,"spa":31,"spd":31,"spe":31}},{"name":"Gold Digger","species":"excadrill","item":"choicescarf","ability":"Mold Breaker","moves":["earthquake","rockslide","facade","ironhead"],"nature":"Adamant","evs":{"hp":4,"atk":252,"def":0,"spa":0,"spd":0,"spe":252},"shiny":true,"ivs":{"hp":31,"atk":31,"def":31,"spa":31,"spd":31,"spe":31}},{"name":"PinkDeath","species":"clefable","item":"leftovers","ability":"Unaware","moves":["calmmind","moonblast","flamethrower","moonlight"],"nature":"Bold","evs":{"hp":252,"atk":0,"def":252,"spa":0,"spd":4,"spe":0},"gender":"F","ivs":{"hp":31,"atk":31,"def":31,"spa":31,"spd":31,"spe":31}},{"name":"Rocky","species":"gliscor","item":"toxicorb","ability":"Poison Heal","moves":["roost","protect","knockoff","stealthrock"],"nature":"Impish","evs":{"hp":252,"atk":0,"def":100,"spa":0,"spd":156,"spe":0},"gender":"M","shiny":true,"ivs":{"hp":31,"atk":31,"def":31,"spa":31,"spd":31,"spe":31}}],"p2team":[{"name":"Pidgeot","species":"Pidgeot","item":"pidgeotite","ability":"Keen Eye","moves":["hurricane","heatwave","defog","hiddenpowerbug"],"nature":"Timid","evs":{"hp":0,"atk":0,"def":0,"spa":252,"spd":4,"spe":252},"ivs":{"hp":31,"atk":30,"def":30,"spa":31,"spd":30,"spe":31}},{"name":"Gengar","species":"Gengar","item":"colburberry","ability":"Levitate","moves":["destinybond","sludgebomb","shadowball","taunt"],"nature":"Timid","evs":{"hp":0,"atk":0,"def":0,"spa":252,"spd":4,"spe":252},"ivs":{"hp":31,"atk":31,"def":31,"spa":31,"spd":31,"spe":31}},{"name":"Infernape","species":"Infernape","item":"choicescarf","ability":"Blaze","moves":["flareblitz","closecombat","stoneedge","poisonjab"],"nature":"Jolly","evs":{"hp":0,"atk":252,"def":0,"spa":0,"spd":4,"spe":252},"ivs":{"hp":31,"atk":31,"def":31,"spa":31,"spd":31,"spe":31}},{"name":"Landorus-Therian","species":"Landorus-Therian","item":"choicescarf","ability":"Intimidate","moves":["earthquake","knockoff","uturn","stoneedge"],"nature":"Jolly","evs":{"hp":0,"atk":252,"def":0,"spa":0,"spd":4,"spe":252},"ivs":{"hp":31,"atk":31,"def":31,"spa":31,"spd":31,"spe":31}},{"name":"Ferrothorn","species":"Ferrothorn","item":"rockyhelmet","ability":"Iron Barbs","moves":["powerwhip","gyroball","leechseed","protect"],"nature":"Relaxed","evs":{"hp":248,"atk":8,"def":252,"spa":0,"spd":0,"spe":0},"ivs":{"hp":31,"atk":31,"def":31,"spa":31,"spd":31,"spe":0},"shiny":true},{"name":"Rotom-Wash","species":"Rotom-Wash","item":"chestoberry","ability":"Levitate","moves":["hydropump","willowisp","voltswitch","rest"],"nature":"Calm","evs":{"hp":248,"atk":0,"def":0,"spa":8,"spd":252,"spe":0},"shiny":true,"ivs":{"hp":31,"atk":31,"def":31,"spa":31,"spd":31,"spe":31}}],"log":["|player|p1|Shipuriken|284","|player|p2|ChampInfernapeDay|163","|gametype|singles","|gen|6","|tier|OU","|rated","|clearpoke","|poke|p1|Heatran, M, shiny","|poke|p1|Amoonguss, F","|poke|p1|Sableye, M, shiny","|poke|p1|Excadrill, M, shiny","|poke|p1|Clefable, F","|poke|p1|Gliscor, M, shiny","|poke|p2|Pidgeot, F","|poke|p2|Gengar, M","|poke|p2|Infernape, M","|poke|p2|Landorus-Therian, M","|poke|p2|Ferrothorn, F, shiny","|poke|p2|Rotom-Wash, shiny","|rule|Swagger Clause: Swagger is banned","|rule|Baton Pass Clause: Limit one Baton Passer, can't pass Spe and other stats simultaneously","|rule|Sleep Clause Mod: Limit one foe put to sleep","|rule|Species Clause: Limit one of each Pokémon","|rule|OHKO Clause: OHKO moves are banned","|rule|Moody Clause: Moody is banned","|rule|Evasion Moves Clause: Evasion moves are banned","|rule|Endless Battle Clause: Forcing endless battles is banned","|rule|HP Percentage Mod: HP is shown in percentages","|teampreview","|","|start","|switch|p1a: Pearl|Sableye, M, shiny|304/304","|switch|p2a: Gengar|Gengar, M|261/261","|turn|1","|","|switch|p1a: PinkDeath|Clefable, F|394/394","|move|p2a: Gengar|Taunt|p1a: PinkDeath","|-start|p1a: PinkDeath|move: Taunt","|","|turn|2","|","|move|p2a: Gengar|Sludge Bomb|p1a: PinkDeath","|-supereffective|p1a: PinkDeath","|-damage|p1a: PinkDeath|62/394","|move|p1a: PinkDeath|Moonblast|p2a: Gengar","|-resisted|p2a: Gengar","|-damage|p2a: Gengar|195/261","|","|-heal|p1a: PinkDeath|86/394|[from] item: Leftovers","|turn|3","|","|switch|p1a: Shrooms|Amoonguss, F|432/432","|move|p2a: Gengar|Sludge Bomb|p1a: Shrooms","|-damage|p1a: Shrooms|288/432","|","|-heal|p1a: Shrooms|315/432|[from] item: Black Sludge","|turn|4","|","|move|p2a: Gengar|Taunt|p1a: Shrooms","|-start|p1a: Shrooms|move: Taunt","|cant|p1a: Shrooms|move: Taunt|Spore","|","|-heal|p1a: Shrooms|342/432|[from] item: Black Sludge","|turn|5","|","|switch|p1a: Rocky|Gliscor, M, shiny|354/354","|move|p2a: Gengar|Shadow Ball|p1a: Rocky","|-damage|p1a: Rocky|203/354","|","|-status|p1a: Rocky|tox|[from] item: Toxic Orb","|turn|6","|","|move|p2a: Gengar|Shadow Ball|p1a: Rocky","|-damage|p1a: Rocky|49/354 tox","|move|p1a: Rocky|Knock Off|p2a: Gengar","|-supereffective|p2a: Gengar","|-enditem|p2a: Gengar|Colbur Berry|[eat]","|-damage|p2a: Gengar|80/261","|","|-heal|p1a: Rocky|93/354 tox|[from] ability: Poison Heal","|turn|7","|","|move|p1a: Rocky|Protect|p1a: Rocky","|-singleturn|p1a: Rocky|Protect","|move|p2a: Gengar|Destiny Bond|p2a: Gengar","|-singlemove|p2a: Gengar|Destiny Bond","|","|-heal|p1a: Rocky|137/354 tox|[from] ability: Poison Heal","|turn|8","|","|move|p2a: Gengar|Destiny Bond|p2a: Gengar","|-singlemove|p2a: Gengar|Destiny Bond","|move|p1a: Rocky|Roost|p1a: Rocky","|-heal|p1a: Rocky|314/354 tox","|","|-heal|p1a: Rocky|354/354 tox|[from] ability: Poison Heal","|turn|9","|","|switch|p1a: Shrooms|Amoonguss, F|432/432","|move|p2a: Gengar|Taunt|p1a: Shrooms","|-start|p1a: Shrooms|move: Taunt","|","|turn|10","|","|move|p2a: Gengar|Sludge Bomb|p1a: Shrooms","|-damage|p1a: Shrooms|276/432","|move|p1a: Shrooms|Sludge Bomb|p2a: Gengar","|-resisted|p2a: Gengar","|-damage|p2a: Gengar|52/261","|","|-heal|p1a: Shrooms|303/432|[from] item: Black Sludge","|turn|11","|","|move|p2a: Gengar|Destiny Bond|p2a: Gengar","|-singlemove|p2a: Gengar|Destiny Bond","|move|p1a: Shrooms|Giga Drain|p2a: Gengar","|-resisted|p2a: Gengar","|-damage|p2a: Gengar|1/261","|-heal|p1a: Shrooms|329/432|[from] drain|[of] p2a: Gengar","|","|-heal|p1a: Shrooms|356/432|[from] item: Black Sludge","|-end|p1a: Shrooms|move: Taunt","|turn|12","|","|switch|p1a: Pearl|Sableye, M, shiny|304/304","|move|p2a: Gengar|Destiny Bond|p2a: Gengar","|-singlemove|p2a: Gengar|Destiny Bond","|","|turn|13","|","|move|p2a: Gengar|Taunt|p1a: Pearl","|-start|p1a: Pearl|move: Taunt","|move|p1a: Pearl|Snarl|p2a: Gengar","|-crit|p2a: Gengar","|-supereffective|p2a: Gengar","|-damage|p2a: Gengar|0 fnt","|faint|p2a: Gengar","|","|","|switch|p2a: Pidgeot|Pidgeot, F|307/307","|turn|14","|","|switch|p1a: Gold Digger|Excadrill, M, shiny|362/362","|-ability|p1a: Gold Digger|Mold Breaker","|detailschange|p2a: Pidgeot|Pidgeot-Mega, F","|-mega|p2a: Pidgeot|Pidgeot|Pidgeotite","|move|p2a: Pidgeot|Hurricane|p1a: Gold Digger","|-crit|p1a: Gold Digger","|-resisted|p1a: Gold Digger","|-damage|p1a: Gold Digger|137/362","|","|turn|15","|","|move|p1a: Gold Digger|Rock Slide|p2a: Pidgeot","|-supereffective|p2a: Pidgeot","|-damage|p2a: Pidgeot|67/307","|move|p2a: Pidgeot|Heat Wave|p1a: Gold Digger","|-supereffective|p1a: Gold Digger","|-damage|p1a: Gold Digger|0 fnt","|faint|p1a: Gold Digger","|","|","|switch|p1a: Heatran|Heatran, M, shiny|386/386","|turn|16","|","|switch|p2a: Landorus-Therian|Landorus-Therian, M|319/319","|-ability|p2a: Landorus-Therian|Intimidate","|-unboost|p1a: Heatran|atk|1","|move|p1a: Heatran|Lava Plume|p2a: Landorus-Therian","|-damage|p2a: Landorus-Therian|73/319","|","|turn|17","|","|move|p2a: Landorus-Therian|Earthquake|p1a: Heatran","|-supereffective|p1a: Heatran","|-damage|p1a: Heatran|0 fnt","|faint|p1a: Heatran","|","|","|switch|p1a: Pearl|Sableye, M, shiny|304/304","|turn|18","|","|move|p1a: Pearl|Calm Mind|p1a: Pearl","|-boost|p1a: Pearl|spa|1","|-boost|p1a: Pearl|spd|1","|move|p2a: Landorus-Therian|Earthquake|p1a: Pearl","|-damage|p1a: Pearl|115/304","|","|turn|19","|","|move|p1a: Pearl|Recover|p1a: Pearl","|-heal|p1a: Pearl|267/304","|move|p2a: Landorus-Therian|Earthquake|p1a: Pearl","|-damage|p1a: Pearl|78/304","|","|turn|20","|","|move|p2a: Landorus-Therian|Earthquake|p1a: Pearl","|-damage|p1a: Pearl|0 fnt","|faint|p1a: Pearl","|","|","|switch|p1a: Rocky|Gliscor, M, shiny|354/354 tox","|turn|21","|","|switch|p2a: Rotom-Wash|Rotom-Wash, shiny|303/303","|move|p1a: Rocky|Knock Off|p2a: Rotom-Wash","|-damage|p2a: Rotom-Wash|228/303","|-enditem|p2a: Rotom-Wash|Chesto Berry|[from] move: Knock Off|[of] p1a: Rocky","|","|turn|22","|","|move|p1a: Rocky|Protect|p1a: Rocky","|-singleturn|p1a: Rocky|Protect","|move|p2a: Rotom-Wash|Will-O-Wisp|p1a: Rocky","|-activate|p1a: Rocky|Protect","|","|turn|23","|","|move|p1a: Rocky|Stealth Rock|p2a: Rotom-Wash","|-sidestart|p2: ChampInfernapeDay|move: Stealth Rock","|move|p2a: Rotom-Wash|Hydro Pump|p1a: Rocky","|-supereffective|p1a: Rocky","|-damage|p1a: Rocky|84/354 tox","|","|-heal|p1a: Rocky|128/354 tox|[from] ability: Poison Heal","|turn|24","|","|move|p1a: Rocky|Roost|p1a: Rocky","|-heal|p1a: Rocky|305/354 tox","|move|p2a: Rotom-Wash|Hydro Pump|p1a: Rocky","|-supereffective|p1a: Rocky","|-damage|p1a: Rocky|11/354 tox","|","|-heal|p1a: Rocky|55/354 tox|[from] ability: Poison Heal","|turn|25","|","|move|p1a: Rocky|Protect|p1a: Rocky","|-singleturn|p1a: Rocky|Protect","|move|p2a: Rotom-Wash|Hydro Pump|p1a: Rocky","|-activate|p1a: Rocky|Protect","|","|-heal|p1a: Rocky|99/354 tox|[from] ability: Poison Heal","|turn|26","|","|move|p1a: Rocky|Roost|p1a: Rocky","|-heal|p1a: Rocky|276/354 tox","|move|p2a: Rotom-Wash|Hydro Pump|p1a: Rocky","|-supereffective|p1a: Rocky","|-damage|p1a: Rocky|0 fnt","|faint|p1a: Rocky","|","|","|switch|p1a: Shrooms|Amoonguss, F|432/432","|turn|27","|","|move|p2a: Rotom-Wash|Will-O-Wisp|p1a: Shrooms","|-status|p1a: Shrooms|brn","|move|p1a: Shrooms|Sludge Bomb|p2a: Rotom-Wash","|-damage|p2a: Rotom-Wash|159/303","|","|-damage|p1a: Shrooms|378/432 brn|[from] brn","|turn|28","|","|move|p2a: Rotom-Wash|Volt Switch|p1a: Shrooms","|-resisted|p1a: Shrooms","|-damage|p1a: Shrooms|337/432 brn","|","|switch|p2a: Pidgeot|Pidgeot-Mega, F|67/307","|-damage|p2a: Pidgeot|0 fnt|[from] Stealth Rock","|faint|p2a: Pidgeot","|move|p1a: Shrooms|Giga Drain|p2: Pidgeot|[notarget]","|-notarget","|","|-heal|p1a: Shrooms|364/432 brn|[from] item: Black Sludge","|-damage|p1a: Shrooms|310/432 brn|[from] brn","|","|switch|p2a: Infernape|Infernape, M|293/293","|-damage|p2a: Infernape|257/293|[from] Stealth Rock","|turn|29","|","|move|p2a: Infernape|Flare Blitz|p1a: Shrooms","|-supereffective|p1a: Shrooms","|-damage|p1a: Shrooms|0 fnt","|-damage|p2a: Infernape|155/293|[from] recoil|[of] p1a: Shrooms","|faint|p1a: Shrooms","|","|","|switch|p1a: PinkDeath|Clefable, F|86/394","|turn|30","|","|move|p2a: Infernape|Flare Blitz|p1a: PinkDeath","|-damage|p1a: PinkDeath|0 fnt","|-damage|p2a: Infernape|127/293|[from] recoil|[of] p1a: PinkDeath","|faint|p1a: PinkDeath","|","|win|ChampInfernapeDay"],"p1rating":{"entryid":"7680411","serverid":"eos","formatid":"ou","userid":"shipuriken","username":"Shipuriken","w":"2","l":9,"t":"0","gxe":31.9,"r":"1305.4142728518","rd":"92.950126085844","sigma":"0","rptime":"1439802000","rpr":1353.3026667071,"rprd":86.777222428893,"rpsigma":"0","acre":1046.8845973107,"lacre":1046.8845973107,"oldacre":"1071.9138785726"},"p2rating":{"entryid":7697576,"formatid":"ou","userid":"champinfernapeday","username":"ChampInfernapeDay","r":1500,"rd":130,"sigma":0,"rpr":1521.6387117489,"rprd":124.07629083381,"rpsigma":0,"rptime":1439802000,"w":1,"l":0,"t":0,"gxe":52.7,"acre":1048.1631457839,"lacre":1048.1631457839,"oldacre":1000},"endType":"normal"}