{"seed":[33743,24447,36063,21535],"turns":28,"p1":"Shipuriken","p2":"MateoV8","p1team":[{"name":"Heatran","species":"Heatran","item":"choicespecs","ability":"Flash Fire","moves":["earthpower","flashcannon","lavaplume","hiddenpowerice"],"nature":"Modest","evs":{"hp":252,"atk":0,"def":4,"spa":0,"spd":0,"spe":252},"ivs":{"hp":31,"atk":30,"def":30,"spa":31,"spd":31,"spe":31},"shiny":true},{"name":"Shrooms","species":"amoonguss","item":"blacksludge","ability":"Regenerator","moves":["spore","gigadrain","sludgebomb","synthesis"],"nature":"Calm","evs":{"hp":252,"atk":0,"def":128,"spa":0,"spd":128,"spe":0},"ivs":{"hp":31,"atk":31,"def":31,"spa":31,"spd":31,"spe":31}},{"name":"Pearl","species":"sableye","item":"sablenite","ability":"Prankster","moves":["calmmind","recover","snarl","willowisp"],"nature":"Bold","evs":{"hp":252,"atk":0,"def":200,"spa":0,"spd":56,"spe":0},"shiny":true,"ivs":{"hp":31,"atk":31,"def":31,"spa":31,"spd":31,"spe":31}},{"name":"Gold Digger","species":"excadrill","item":"choicescarf","ability":"Mold Breaker","moves":["earthquake","rockslide","facade","ironhead"],"nature":"Adamant","evs":{"hp":4,"atk":252,"def":0,"spa":0,"spd":0,"spe":252},"shiny":true,"ivs":{"hp":31,"atk":31,"def":31,"spa":31,"spd":31,"spe":31}},{"name":"PinkDeath","species":"clefable","item":"leftovers","ability":"Unaware","moves":["calmmind","moonblast","flamethrower","moonlight"],"nature":"Bold","evs":{"hp":252,"atk":0,"def":252,"spa":0,"spd":4,"spe":0},"gender":"F","ivs":{"hp":31,"atk":31,"def":31,"spa":31,"spd":31,"spe":31}},{"name":"Rocky","species":"gliscor","item":"toxicorb","ability":"Poison Heal","moves":["roost","protect","knockoff","stealthrock"],"nature":"Impish","evs":{"hp":252,"atk":0,"def":100,"spa":0,"spd":156,"spe":0},"gender":"M","shiny":true,"ivs":{"hp":31,"atk":31,"def":31,"spa":31,"spd":31,"spe":31}}],"p2team":[{"name":"Saur","species":"venusaur","item":"venusaurite","ability":"Overgrow","moves":["solarbeam","powerwhip","leechseed","frenzyplant"],"nature":"Lax","evs":{"hp":248,"atk":8,"def":252,"spa":0,"spd":0,"spe":0},"gender":"M","ivs":{"hp":31,"atk":31,"def":31,"spa":31,"spd":31,"spe":31}},{"name":"Pika","species":"pikachu","item":"magnet","ability":"Static","moves":["thunder","thunderpunch","volttackle","electroball"],"nature":"Hasty","evs":{"hp":4,"atk":252,"def":0,"spa":0,"spd":0,"spe":252},"gender":"M","ivs":{"hp":31,"atk":31,"def":31,"spa":31,"spd":31,"spe":31}},{"name":"Poli","species":"poliwrath","item":"mysticwater","ability":"Water Absorb","moves":["focusblast","hydropump","dynamicpunch","surf"],"nature":"Rash","evs":{"hp":248,"atk":8,"def":0,"spa":252,"spd":0,"spe":0},"gender":"M","ivs":{"hp":31,"atk":31,"def":31,"spa":31,"spd":31,"spe":31}},{"name":"Vee","species":"espeon","item":"oddincense","ability":"Synchronize","moves":["psychic","zenheadbutt","facade","dazzlinggleam"],"nature":"Hasty","evs":{"hp":4,"atk":0,"def":0,"spa":252,"spd":0,"spe":252},"gender":"F","ivs":{"hp":31,"atk":31,"def":31,"spa":31,"spd":31,"spe":31}},{"name":"Snor","species":"snorlax","item":"laxincense","ability":"Immunity","moves":["dynamicpunch","bodyslam","earthquake","gigaimpact"],"nature":"Adamant","evs":{"hp":248,"atk":252,"def":0,"spa":0,"spd":8,"spe":0},"gender":"M","ivs":{"hp":31,"atk":31,"def":31,"spa":31,"spd":31,"spe":31}},{"name":"Gyara","species":"gyarados","item":"gyaradosite","ability":"Intimidate","moves":["hydropump","hyperbeam","outrage","dive"],"nature":"Lonely","evs":{"hp":248,"atk":252,"def":0,"spa":8,"spd":0,"spe":0},"gender":"M","ivs":{"hp":31,"atk":31,"def":31,"spa":31,"spd":31,"spe":31}}],"log":["|player|p1|Shipuriken|284","|player|p2|MateoV8|163","|gametype|singles","|gen|6","|tier|OU","|rated","|clearpoke","|poke|p1|Heatran, F, shiny","|poke|p1|Amoonguss, M","|poke|p1|Sableye, F, shiny","|poke|p1|Excadrill, F, shiny","|poke|p1|Clefable, F","|poke|p1|Gliscor, M, shiny","|poke|p2|Venusaur, M","|poke|p2|Pikachu, M","|poke|p2|Poliwrath, M","|poke|p2|Espeon, F","|poke|p2|Snorlax, M","|poke|p2|Gyarados, M","|rule|Swagger Clause: Swagger is banned","|rule|Baton Pass Clause: Limit one Baton Passer, can't pass Spe and other stats simultaneously","|rule|Sleep Clause Mod: Limit one foe put to sleep","|rule|Species Clause: Limit one of each Pokémon","|rule|OHKO Clause: OHKO moves are banned","|rule|Moody Clause: Moody is banned","|rule|Evasion Moves Clause: Evasion moves are banned","|rule|Endless Battle Clause: Forcing endless battles is banned","|rule|HP Percentage Mod: HP is shown in percentages","|teampreview","|","|start","|switch|p1a: Pearl|Sableye, F, shiny|304/304","|switch|p2a: Gyara|Gyarados, M|393/393","|-ability|p2a: Gyara|Intimidate","|-unboost|p1a: Pearl|atk|1","|turn|1","|","|detailschange|p2a: Gyara|Gyarados-Mega, M","|-mega|p2a: Gyara|Gyarados|Gyaradosite","|-ability|p2a: Gyara|Mold Breaker","|move|p1a: Pearl|Calm Mind|p1a: Pearl","|-boost|p1a: Pearl|spa|1","|-boost|p1a: Pearl|spd|1","|move|p2a: Gyara|Hydro Pump|p1a: Pearl","|-damage|p1a: Pearl|219/304","|","|turn|2","|","|move|p1a: Pearl|Calm Mind|p1a: Pearl","|-boost|p1a: Pearl|spa|1","|-boost|p1a: Pearl|spd|1","|move|p2a: Gyara|Hyper Beam|p1a: Pearl","|-immune|p1a: Pearl|[msg]","|","|turn|3","|","|move|p1a: Pearl|Calm Mind|p1a: Pearl","|-boost|p1a: Pearl|spa|1","|-boost|p1a: Pearl|spd|1","|move|p2a: Gyara|Outrage|p1a: Pearl","|-crit|p1a: Pearl","|-damage|p1a: Pearl|0 fnt","|faint|p1a: Pearl","|","|","|switch|p1a: PinkDeath|Clefable, F|394/394","|turn|4","|","|move|p2a: Gyara|Outrage|p1a: PinkDeath|[from]lockedmove","|-immune|p1a: PinkDeath|[msg]","|-start|p2a: Gyara|confusion|[fatigue]","|move|p1a: PinkDeath|Moonblast|p2a: Gyara","|-supereffective|p2a: Gyara","|-damage|p2a: Gyara|213/393","|-unboost|p2a: Gyara|spa|1","|","|turn|5","|","|switch|p2a: Snor|Snorlax, M|523/523","|move|p1a: PinkDeath|Moonblast|p2a: Snor","|-damage|p2a: Snor|432/523","|-unboost|p2a: Snor|spa|1","|","|turn|6","|","|switch|p1a: Rocky|Gliscor, M, shiny|354/354","|move|p2a: Snor|Body Slam|p1a: Rocky","|-damage|p1a: Rocky|255/354","|-status|p1a: Rocky|par","|","|turn|7","|","|switch|p2a: Pika|Pikachu, M|212/212","|move|p1a: Rocky|Stealth Rock|p2a: Pika","|-sidestart|p2: MateoV8|move: Stealth Rock","|","|turn|8","|","|switch|p1a: Gold Digger|Excadrill, F, shiny|362/362","|-ability|p1a: Gold Digger|Mold Breaker","|move|p2a: Pika|Volt Tackle|p1a: Gold Digger","|-immune|p1a: Gold Digger|[msg]","|","|turn|9","|","|switch|p2a: Gyara|Gyarados-Mega, M|213/393","|-damage|p2a: Gyara|164/393|[from] Stealth Rock","|-ability|p2a: Gyara|Mold Breaker","|move|p1a: Gold Digger|Earthquake|p2a: Gyara","|-damage|p2a: Gyara|0 fnt","|faint|p2a: Gyara","|","|","|switch|p2a: Snor|Snorlax, M|432/523","|-damage|p2a: Snor|367/523|[from] Stealth Rock","|turn|10","|","|move|p1a: Gold Digger|Earthquake|p2a: Snor","|-damage|p2a: Snor|87/523","|move|p2a: Snor|Body Slam|p1a: Gold Digger","|-resisted|p1a: Gold Digger","|-damage|p1a: Gold Digger|254/362","|-status|p1a: Gold Digger|par","|","|turn|11","|","|switch|p2a: Poli|Poliwrath, M|383/383","|-damage|p2a: Poli|360/383|[from] Stealth Rock","|cant|p1a: Gold Digger|par","|","|turn|12","|","|switch|p1a: Shrooms|Amoonguss, M|432/432","|move|p2a: Poli|Hydro Pump|p1a: Shrooms","|-resisted|p1a: Shrooms","|-damage|p1a: Shrooms|347/432","|","|-heal|p1a: Shrooms|374/432|[from] item: Black Sludge","|turn|13","|","|switch|p2a: Saur|Venusaur, M|363/363","|-damage|p2a: Saur|318/363|[from] Stealth Rock","|move|p1a: Shrooms|Giga Drain|p2a: Saur","|-crit|p2a: Saur","|-resisted|p2a: Saur","|-damage|p2a: Saur|288/363","|-heal|p1a: Shrooms|389/432|[from] drain|[of] p2a: Saur","|","|-heal|p1a: Shrooms|416/432|[from] item: Black Sludge","|turn|14","|","|move|p2a: Saur|Frenzy Plant|p1a: Shrooms","|-resisted|p1a: Shrooms","|-damage|p1a: Shrooms|378/432","|move|p1a: Shrooms|Sludge Bomb|p2a: Saur","|-damage|p2a: Saur|191/363","|","|-heal|p1a: Shrooms|405/432|[from] item: Black Sludge","|turn|15","|-mustrecharge|p2a: Saur","|-mustrecharge|p2a: Saur","|","|switch|p1a: Heatran|Heatran, F, shiny|386/386","|cant|p2a: Saur|recharge","|","|turn|16","|","|switch|p2a: Poli|Poliwrath, M|360/383","|-damage|p2a: Poli|337/383|[from] Stealth Rock","|move|p1a: Heatran|Flash Cannon|p2a: Poli","|-resisted|p2a: Poli","|-damage|p2a: Poli|220/383","|","|turn|17","|","|switch|p1a: Shrooms|Amoonguss, M|432/432","|move|p2a: Poli|Focus Blast|p1a: Shrooms","|-resisted|p1a: Shrooms","|-damage|p1a: Shrooms|363/432","|","|-heal|p1a: Shrooms|390/432|[from] item: Black Sludge","|turn|18","|","|move|p2a: Poli|Focus Blast|p1a: Shrooms","|-resisted|p1a: Shrooms","|-damage|p1a: Shrooms|323/432","|move|p1a: Shrooms|Giga Drain|p2a: Poli","|-supereffective|p2a: Poli","|-damage|p2a: Poli|32/383","|-heal|p1a: Shrooms|417/432|[from] drain|[of] p2a: Poli","|","|-heal|p1a: Shrooms|432/432|[from] item: Black Sludge","|turn|19","|","|switch|p2a: Snor|Snorlax, M|87/523","|-damage|p2a: Snor|22/523|[from] Stealth Rock","|move|p1a: Shrooms|Giga Drain|p2a: Snor","|-damage|p2a: Snor|0 fnt","|faint|p2a: Snor","|","|","|switch|p2a: Vee|Espeon, F|272/272","|-damage|p2a: Vee|238/272|[from] Stealth Rock","|turn|20","|","|switch|p1a: Rocky|Gliscor, M, shiny|255/354 par","|move|p2a: Vee|Zen Headbutt|p1a: Rocky","|-damage|p1a: Rocky|203/354 par","|","|turn|21","|","|move|p2a: Vee|Psychic|p1a: Rocky","|-damage|p1a: Rocky|7/354 par","|-unboost|p1a: Rocky|spd|1","|cant|p1a: Rocky|par","|","|turn|22","|","|move|p1a: Rocky|Protect|p1a: Rocky","|-singleturn|p1a: Rocky|Protect","|move|p2a: Vee|Dazzling Gleam|p1a: Rocky","|-activate|p1a: Rocky|Protect","|","|turn|23","|","|move|p2a: Vee|Dazzling Gleam|p1a: Rocky","|-damage|p1a: Rocky|0 fnt","|faint|p1a: Rocky","|","|","|switch|p1a: Heatran|Heatran, F, shiny|386/386","|turn|24","|","|move|p2a: Vee|Psychic|p1a: Heatran","|-resisted|p1a: Heatran","|-damage|p1a: Heatran|287/386","|move|p1a: Heatran|Lava Plume|p2a: Vee","|-damage|p2a: Vee|33/272","|","|turn|25","|","|move|p2a: Vee|Psychic|p1a: Heatran","|-resisted|p1a: Heatran","|-damage|p1a: Heatran|202/386","|move|p1a: Heatran|Lava Plume|p2a: Vee","|-damage|p2a: Vee|0 fnt","|faint|p2a: Vee","|","|","|switch|p2a: Poli|Poliwrath, M|32/383","|-damage|p2a: Poli|9/383|[from] Stealth Rock","|turn|26","|","|move|p1a: Heatran|Lava Plume|p2a: Poli","|-resisted|p2a: Poli","|-damage|p2a: Poli|0 fnt","|faint|p2a: Poli","|","|","|switch|p2a: Pika|Pikachu, M|212/212","|-damage|p2a: Pika|186/212|[from] Stealth Rock","|turn|27","|","|move|p2a: Pika|Electro Ball|p1a: Heatran","|-damage|p1a: Heatran|150/386","|move|p1a: Heatran|Lava Plume|p2a: Pika","|-crit|p2a: Pika","|-damage|p2a: Pika|0 fnt","|faint|p2a: Pika","|","|","|switch|p2a: Saur|Venusaur, M|191/363","|-damage|p2a: Saur|146/363|[from] Stealth Rock","|turn|28","|","|move|p1a: Heatran|Lava Plume|p2a: Saur","|-supereffective|p2a: Saur","|-damage|p2a: Saur|0 fnt","|faint|p2a: Saur","|","|win|Shipuriken"],"p1rating":{"entryid":"7680411","serverid":"eos","formatid":"ou","userid":"shipuriken","username":"Shipuriken","w":5,"l":"10","t":"0","gxe":39,"r":"1305.4142728518","rd":"92.950126085844","sigma":"0","rptime":"1439802000","rpr":1413.6636957437,"rprd":80.399941677218,"rpsigma":"0","acre":1107.6130342985,"lacre":1107.6130342985,"oldacre":"1087.3364418932"},"p2rating":{"entryid":7703261,"formatid":"ou","userid":"mateov8","username":"MateoV8","r":1500,"rd":130,"sigma":0,"rpr":1436.639679327,"rprd":124.07629083381,"rpsigma":0,"rptime":1439802000,"w":0,"l":1,"t":0,"gxe":42.1,"acre":1000,"lacre":1000,"oldacre":1000},"endType":"normal"}