{"seed":[23152,39372,62339,50308],"turns":20,"p1":"Tio_Red 1.0","p2":"cutjk","p1team":[{"name":"Gokuzaro","species":"infernape","item":"focussash","ability":"Blaze","moves":["flamethrower","nastyplot","hiddenpowerice","vacuumwave"],"nature":"Modest","evs":{"hp":4,"atk":0,"def":0,"spa":252,"spd":0,"spe":252},"gender":"M","shiny":true,"ivs":{"atk":30,"def":30,"hp":31,"spe":31,"spa":31,"spd":31}},{"name":"Sapinho","species":"swampert","item":"sitrusberry","ability":"Torrent","moves":["waterfall","stealthrock","yawn","endeavor"],"nature":"Serious","evs":{"hp":132,"atk":0,"def":188,"spa":0,"spd":188,"spe":0},"gender":"M","ivs":{"hp":31,"atk":31,"def":31,"spa":31,"spd":31,"spe":31}},{"name":"Giga Drill","species":"excadrill","item":"lifeorb","ability":"Mold Breaker","moves":["brickbreak","earthquake","ironhead","swordsdance"],"nature":"Jolly","evs":{"hp":4,"atk":252,"def":0,"spa":0,"spd":0,"spe":252},"gender":"M","ivs":{"hp":31,"atk":31,"def":31,"spa":31,"spd":31,"spe":31}},{"name":"Gosminha","species":"goodra","item":"leftovers","ability":"Sap Sipper","moves":["earthquake","powerwhip","secretpower","outrage"],"nature":"Adamant","evs":{"hp":4,"atk":252,"def":0,"spa":0,"spd":252,"spe":0},"gender":"F","shiny":true,"ivs":{"hp":31,"atk":31,"def":31,"spa":31,"spd":31,"spe":31}},{"name":"Scarlett","species":"scizor","item":"scizorite","ability":"Technician","moves":["swordsdance","bugbite","bulletpunch","roost"],"nature":"Jolly","evs":{"hp":0,"atk":252,"def":0,"spa":0,"spd":4,"spe":252},"gender":"M","ivs":{"hp":31,"atk":31,"def":31,"spa":31,"spd":31,"spe":31}},{"name":"Palhaça 1.0","species":"slowbro","item":"rockyhelmet","ability":"Regenerator","moves":["grassknot","scald","rest","sleeptalk"],"nature":"Modest","evs":{"hp":108,"atk":0,"def":252,"spa":148,"spd":0,"spe":0},"gender":"F","ivs":{"hp":31,"atk":31,"def":31,"spa":31,"spd":31,"spe":31}}],"p2team":[{"name":"Crawdaunt","species":"Crawdaunt","item":"focussash","ability":"Adaptability","moves":["crabhammer","aquajet","knockoff","dragondance"],"nature":"Adamant","evs":{"hp":4,"atk":252,"def":0,"spa":0,"spd":0,"spe":252},"ivs":{"hp":31,"atk":31,"def":31,"spa":31,"spd":31,"spe":31}},{"name":"Latias","species":"Latias","item":"lifeorb","ability":"Levitate","moves":["dracometeor","defog","psyshock","roost"],"nature":"Calm","evs":{"hp":4,"atk":0,"def":252,"spa":0,"spd":252,"spe":0},"ivs":{"hp":31,"atk":31,"def":31,"spa":31,"spd":31,"spe":31}},{"name":"Ditto","species":"Ditto","item":"choicescarf","ability":"Imposter","moves":["transform"],"nature":"Bold","evs":{"hp":4,"atk":252,"def":0,"spa":0,"spd":0,"spe":252},"ivs":{"hp":31,"atk":31,"def":31,"spa":31,"spd":31,"spe":31}},{"name":"Venusaur","species":"Venusaur","item":"venusaurite","ability":"Overgrow","moves":["gigadrain","sludgebomb","sleeppowder","synthesis"],"nature":"Modest","evs":{"hp":4,"atk":0,"def":252,"spa":0,"spd":252,"spe":0},"ivs":{"hp":31,"atk":31,"def":31,"spa":31,"spd":31,"spe":31}},{"name":"Landorus-Therian","species":"Landorus-Therian","item":"leftovers","ability":"Intimidate","moves":["earthquake","stealthrock","brickbreak","uturn"],"nature":"Serious","evs":{"hp":4,"atk":0,"def":252,"spa":0,"spd":252,"spe":0},"ivs":{"hp":31,"atk":31,"def":31,"spa":31,"spd":31,"spe":31}},{"name":"Heatran","species":"Heatran","item":"airballoon","ability":"Flash Fire","moves":["lavaplume","earthpower","flashcannon","willowisp"],"nature":"Modest","evs":{"hp":0,"atk":0,"def":252,"spa":252,"spd":0,"spe":0},"ivs":{"hp":31,"atk":31,"def":31,"spa":31,"spd":31,"spe":31}}],"log":["|player|p1|Tio_Red 1.0|163","|player|p2|cutjk|101","|gametype|singles","|gen|6","|tier|OU","|rated","|clearpoke","|poke|p1|Infernape, M, shiny","|poke|p1|Swampert, M","|poke|p1|Excadrill, M","|poke|p1|Goodra, F, shiny","|poke|p1|Scizor, M","|poke|p1|Slowbro, F","|poke|p2|Crawdaunt, M","|poke|p2|Latias, F","|poke|p2|Ditto","|poke|p2|Venusaur, M","|poke|p2|Landorus-Therian, M","|poke|p2|Heatran, M","|rule|Swagger Clause: Swagger is banned","|rule|Baton Pass Clause: Limit one Baton Passer, can't pass Spe and other stats simultaneously","|rule|Sleep Clause Mod: Limit one foe put to sleep","|rule|Species Clause: Limit one of each Pokémon","|rule|OHKO Clause: OHKO moves are banned","|rule|Moody Clause: Moody is banned","|rule|Evasion Moves Clause: Evasion moves are banned","|rule|Endless Battle Clause: Forcing endless battles is banned","|rule|HP Percentage Mod: HP is shown in percentages","|teampreview","|","|start","|switch|p1a: Sapinho|Swampert, M|374/374","|switch|p2a: Crawdaunt|Crawdaunt, M|268/268","|turn|1","|","|move|p2a: Crawdaunt|Dragon Dance|p2a: Crawdaunt","|-boost|p2a: Crawdaunt|atk|1","|-boost|p2a: Crawdaunt|spe|1","|move|p1a: Sapinho|Stealth Rock|p2a: Crawdaunt","|-sidestart|p2: cutjk|move: Stealth Rock","|","|turn|2","|","|move|p2a: Crawdaunt|Knock Off|p1a: Sapinho","|-damage|p1a: Sapinho|34/374","|-enditem|p1a: Sapinho|Sitrus Berry|[from] move: Knock Off|[of] p2a: Crawdaunt","|move|p1a: Sapinho|Yawn|p2a: Crawdaunt","|-start|p2a: Crawdaunt|move: Yawn|[of] p1a: Sapinho","|","|turn|3","|","|move|p2a: Crawdaunt|Knock Off|p1a: Sapinho","|-damage|p1a: Sapinho|0 fnt","|faint|p1a: Sapinho","|","|-end|p2a: Crawdaunt|move: Yawn|[silent]","|-status|p2a: Crawdaunt|slp","|","|switch|p1a: Scarlett|Scizor, M|281/281","|turn|4","|","|switch|p2a: Heatran|Heatran, M|323/323","|-damage|p2a: Heatran|283/323|[from] Stealth Rock","|-item|p2a: Heatran|Air Balloon","|detailschange|p1a: Scarlett|Scizor-Mega, M","|-mega|p1a: Scarlett|Scizor|Scizorite","|move|p1a: Scarlett|Swords Dance|p1a: Scarlett","|-boost|p1a: Scarlett|atk|2","|","|turn|5","|","|switch|p1a: Gosminha|Goodra, F, shiny|322/322","|move|p2a: Heatran|Lava Plume|p1a: Gosminha","|-resisted|p1a: Gosminha","|-damage|p1a: Gosminha|274/322","|","|-heal|p1a: Gosminha|294/322|[from] item: Leftovers","|turn|6","|","|move|p1a: Gosminha|Secret Power|p2a: Heatran","|-resisted|p2a: Heatran","|-damage|p2a: Heatran|255/323","|-enditem|p2a: Heatran|Air Balloon","|-status|p2a: Heatran|par","|move|p2a: Heatran|Will-O-Wisp|p1a: Gosminha|[miss]","|-miss|p2a: Heatran|p1a: Gosminha","|","|-heal|p1a: Gosminha|314/322|[from] item: Leftovers","|turn|7","|","|move|p1a: Gosminha|Earthquake|p2a: Heatran","|-supereffective|p2a: Heatran","|-damage|p2a: Heatran|0 fnt","|faint|p2a: Heatran","|","|-heal|p1a: Gosminha|322/322|[from] item: Leftovers","|","|switch|p2a: Latias|Latias, F|302/302","|-damage|p2a: Latias|265/302|[from] Stealth Rock","|turn|8","|","|move|p2a: Latias|Draco Meteor|p1a: Gosminha","|-supereffective|p1a: Gosminha","|-damage|p1a: Gosminha|57/322","|-unboost|p2a: Latias|spa|2","|-damage|p2a: Latias|235/302|[from] item: Life Orb","|move|p1a: Gosminha|Outrage|p2a: Latias","|-supereffective|p2a: Latias","|-damage|p2a: Latias|0 fnt","|faint|p2a: Latias","|","|-heal|p1a: Gosminha|77/322|[from] item: Leftovers","|","|switch|p2a: Ditto|Ditto|238/238","|-damage|p2a: Ditto|209/238|[from] Stealth Rock","|-transform|p2a: Ditto|p1a: Gosminha","|turn|9","|","|move|p2a: Ditto|Outrage|p1a: Gosminha","|-supereffective|p1a: Gosminha","|-damage|p1a: Gosminha|0 fnt","|faint|p1a: Gosminha","|","|","|switch|p1a: Palhaça 1.0|Slowbro, F|358/358","|turn|10","|","|move|p2a: Ditto|Outrage|p1a: Palhaça 1.0|[from]lockedmove","|-damage|p1a: Palhaça 1.0|205/358","|-damage|p2a: Ditto|170/238|[from] item: Rocky Helmet|[of] p1a: Palhaça 1.0","|move|p1a: Palhaça 1.0|Scald|p2a: Ditto","|-resisted|p2a: Ditto","|-damage|p2a: Ditto|134/238","|","|turn|11","|","|move|p2a: Ditto|Outrage|p1a: Palhaça 1.0|[from]lockedmove","|-damage|p1a: Palhaça 1.0|51/358","|-damage|p2a: Ditto|95/238|[from] item: Rocky Helmet|[of] p1a: Palhaça 1.0","|-start|p2a: Ditto|confusion|[fatigue]","|move|p1a: Palhaça 1.0|Rest|p1a: Palhaça 1.0","|-status|p1a: Palhaça 1.0|slp","|-heal|p1a: Palhaça 1.0|358/358 slp|[silent]","|-status|p1a: Palhaça 1.0|slp|[from] move: Rest","|","|turn|12","|","|switch|p2a: Venusaur|Venusaur, M|302/302","|-damage|p2a: Venusaur|265/302|[from] Stealth Rock","|cant|p1a: Palhaça 1.0|slp","|move|p1a: Palhaça 1.0|Sleep Talk|p1a: Palhaça 1.0","|move|p1a: Palhaça 1.0|Grass Knot|p2a: Venusaur|[from]Sleep Talk","|-resisted|p2a: Venusaur","|-damage|p2a: Venusaur|245/302","|","|turn|13","|","|switch|p1a: Scarlett|Scizor-Mega, M|281/281","|detailschange|p2a: Venusaur|Venusaur-Mega, M","|-mega|p2a: Venusaur|Venusaur|Venusaurite","|move|p2a: Venusaur|Giga Drain|p1a: Scarlett","|-resisted|p1a: Scarlett","|-damage|p1a: Scarlett|254/281","|-heal|p2a: Venusaur|259/302|[from] drain|[of] p1a: Scarlett","|","|turn|14","|","|switch|p2a: Landorus-Therian|Landorus-Therian, M|320/320","|-damage|p2a: Landorus-Therian|280/320|[from] Stealth Rock","|-ability|p2a: Landorus-Therian|Intimidate","|-unboost|p1a: Scarlett|atk|1","|move|p1a: Scarlett|Bug Bite|p2a: Landorus-Therian","|-resisted|p2a: Landorus-Therian","|-damage|p2a: Landorus-Therian|226/320","|","|-heal|p2a: Landorus-Therian|246/320|[from] item: Leftovers","|turn|15","|","|switch|p1a: Palhaça 1.0|Slowbro, F|358/358 slp","|move|p2a: Landorus-Therian|Earthquake|p1a: Palhaça 1.0","|-damage|p1a: Palhaça 1.0|234/358 slp","|","|-heal|p2a: Landorus-Therian|266/320|[from] item: Leftovers","|turn|16","|","|move|p2a: Landorus-Therian|U-turn|p1a: Palhaça 1.0","|-supereffective|p1a: Palhaça 1.0","|-damage|p1a: Palhaça 1.0|122/358 slp","|-damage|p2a: Landorus-Therian|213/320|[from] item: Rocky Helmet|[of] p1a: Palhaça 1.0","|","|switch|p2a: Venusaur|Venusaur-Mega, M|259/302","|-damage|p2a: Venusaur|222/302|[from] Stealth Rock","|cant|p1a: Palhaça 1.0|slp","|move|p1a: Palhaça 1.0|Sleep Talk|p1a: Palhaça 1.0","|move|p1a: Palhaça 1.0|Grass Knot|p2a: Venusaur|[from]Sleep Talk","|-resisted|p2a: Venusaur","|-damage|p2a: Venusaur|206/302","|","|turn|17","|","|switch|p1a: Scarlett|Scizor-Mega, M|254/281","|move|p2a: Venusaur|Synthesis|p2a: Venusaur","|-heal|p2a: Venusaur|302/302","|","|turn|18","|","|switch|p2a: Landorus-Therian|Landorus-Therian, M|213/320","|-damage|p2a: Landorus-Therian|173/320|[from] Stealth Rock","|-ability|p2a: Landorus-Therian|Intimidate","|-unboost|p1a: Scarlett|atk|1","|move|p1a: Scarlett|Swords Dance|p1a: Scarlett","|-boost|p1a: Scarlett|atk|2","|","|-heal|p2a: Landorus-Therian|193/320|[from] item: Leftovers","|turn|19","|","|move|p1a: Scarlett|Bullet Punch|p2a: Landorus-Therian","|-damage|p2a: Landorus-Therian|45/320","|move|p2a: Landorus-Therian|Earthquake|p1a: Scarlett","|-damage|p1a: Scarlett|134/281","|","|-heal|p2a: Landorus-Therian|65/320|[from] item: Leftovers","|turn|20","|","|win|cutjk"],"p1rating":{"entryid":"7680348","serverid":"eos","formatid":"ou","userid":"tiored10","username":"Tio_Red 1.0","w":"7","l":3,"t":"0","gxe":59.4,"r":"1599.6030651173","rd":"90.252062421055","sigma":"0","rptime":"1439802000","rpr":1573.7109917391,"rprd":87.918233353517,"rpsigma":"0","acre":1102.4986170454,"lacre":1102.4986170454,"oldacre":"1133.401027084"},"p2rating":{"entryid":"7698702","serverid":"eos","formatid":"ou","userid":"cutjk","username":"cutjk","w":3,"l":"2","t":"0","gxe":54.7,"r":"1500","rd":"130","sigma":"0","rptime":"1439802000","rpr":1537.1154790668,"rprd":102.81935861504,"rpsigma":"0","acre":1090.0065605394,"lacre":1090.0065605394,"oldacre":"1049.7955125611"},"endType":"forfeit"}