{"seed":[27192,57459,3632,61125],"turns":23,"p1":"Shipuriken","p2":"bdl~Artemy","p1team":[{"name":"Heatran","species":"Heatran","item":"choicespecs","ability":"Flash Fire","moves":["earthpower","flashcannon","lavaplume","hiddenpowerice"],"nature":"Modest","evs":{"hp":252,"atk":0,"def":4,"spa":0,"spd":0,"spe":252},"ivs":{"hp":31,"atk":30,"def":30,"spa":31,"spd":31,"spe":31},"shiny":true},{"name":"Shrooms","species":"amoonguss","item":"blacksludge","ability":"Regenerator","moves":["spore","gigadrain","sludgebomb","synthesis"],"nature":"Calm","evs":{"hp":252,"atk":0,"def":128,"spa":0,"spd":128,"spe":0},"ivs":{"hp":31,"atk":31,"def":31,"spa":31,"spd":31,"spe":31}},{"name":"Pearl","species":"sableye","item":"sablenite","ability":"Prankster","moves":["calmmind","recover","snarl","willowisp"],"nature":"Bold","evs":{"hp":252,"atk":0,"def":200,"spa":0,"spd":56,"spe":0},"shiny":true,"ivs":{"hp":31,"atk":31,"def":31,"spa":31,"spd":31,"spe":31}},{"name":"Gold Digger","species":"excadrill","item":"choicescarf","ability":"Mold Breaker","moves":["earthquake","rockslide","facade","ironhead"],"nature":"Adamant","evs":{"hp":4,"atk":252,"def":0,"spa":0,"spd":0,"spe":252},"shiny":true,"ivs":{"hp":31,"atk":31,"def":31,"spa":31,"spd":31,"spe":31}},{"name":"PinkDeath","species":"clefable","item":"leftovers","ability":"Unaware","moves":["calmmind","moonblast","flamethrower","moonlight"],"nature":"Bold","evs":{"hp":252,"atk":0,"def":252,"spa":0,"spd":4,"spe":0},"gender":"F","ivs":{"hp":31,"atk":31,"def":31,"spa":31,"spd":31,"spe":31}},{"name":"Rocky","species":"gliscor","item":"toxicorb","ability":"Poison Heal","moves":["roost","protect","knockoff","stealthrock"],"nature":"Impish","evs":{"hp":252,"atk":0,"def":100,"spa":0,"spd":156,"spe":0},"gender":"M","shiny":true,"ivs":{"hp":31,"atk":31,"def":31,"spa":31,"spd":31,"spe":31}}],"p2team":[{"name":"Scizor","species":"Scizor","item":"scizorite","ability":"Technician","moves":["bulletpunch","bugbite","roost","swordsdance"],"nature":"Adamant","evs":{"hp":248,"atk":252,"def":0,"spa":0,"spd":8,"spe":0},"gender":"M","ivs":{"hp":31,"atk":31,"def":31,"spa":0,"spd":31,"spe":31}},{"name":"Latias","species":"Latias","item":"leftovers","ability":"Levitate","moves":["thunderwave","defog","recover","psyshock"],"nature":"Timid","evs":{"hp":252,"atk":0,"def":0,"spa":4,"spd":0,"spe":252},"ivs":{"hp":31,"atk":0,"def":31,"spa":31,"spd":31,"spe":31}},{"name":"Manaphy","species":"Manaphy","item":"leftovers","ability":"Hydration","moves":["tailglow","scald","icebeam","energyball"],"nature":"Timid","evs":{"hp":0,"atk":0,"def":0,"spa":252,"spd":4,"spe":252},"ivs":{"hp":31,"atk":0,"def":31,"spa":31,"spd":31,"spe":31}},{"name":"Landorus-Therian","species":"Landorus-Therian","item":"choicescarf","ability":"Intimidate","moves":["earthquake","stoneedge","knockoff","uturn"],"nature":"Jolly","evs":{"hp":0,"atk":252,"def":0,"spa":0,"spd":4,"spe":252},"ivs":{"hp":31,"atk":31,"def":31,"spa":0,"spd":31,"spe":31}},{"name":"Talonflame","species":"Talonflame","item":"leftovers","ability":"Gale Wings","moves":["flareblitz","bravebird","roost","uturn"],"nature":"Jolly","evs":{"hp":0,"atk":252,"def":0,"spa":0,"spd":4,"spe":252},"gender":"M","ivs":{"hp":31,"atk":31,"def":31,"spa":0,"spd":31,"spe":31}},{"name":"Serperior","species":"Serperior","item":"leftovers","ability":"Contrary","moves":["substitute","leafstorm","hiddenpowerfire","dragonpulse"],"nature":"Timid","evs":{"hp":4,"atk":0,"def":0,"spa":252,"spd":0,"spe":252},"gender":"M","ivs":{"hp":31,"atk":30,"def":31,"spa":30,"spd":31,"spe":30}}],"log":["|player|p1|Shipuriken|284","|player|p2|bdl~Artemy|156","|gametype|singles","|gen|6","|tier|OU","|rated","|clearpoke","|poke|p1|Heatran, M, shiny","|poke|p1|Amoonguss, F","|poke|p1|Sableye, M, shiny","|poke|p1|Excadrill, F, shiny","|poke|p1|Clefable, F","|poke|p1|Gliscor, M, shiny","|poke|p2|Scizor, M","|poke|p2|Latias, F","|poke|p2|Manaphy","|poke|p2|Landorus-Therian, M","|poke|p2|Talonflame, M","|poke|p2|Serperior, M","|rule|Swagger Clause: Swagger is banned","|rule|Baton Pass Clause: Limit one Baton Passer, can't pass Spe and other stats simultaneously","|rule|Sleep Clause Mod: Limit one foe put to sleep","|rule|Species Clause: Limit one of each Pokémon","|rule|OHKO Clause: OHKO moves are banned","|rule|Moody Clause: Moody is banned","|rule|Evasion Moves Clause: Evasion moves are banned","|rule|Endless Battle Clause: Forcing endless battles is banned","|rule|HP Percentage Mod: HP is shown in percentages","|teampreview","|","|start","|switch|p1a: Pearl|Sableye, M, shiny|304/304","|switch|p2a: Landorus-Therian|Landorus-Therian, M|319/319","|-ability|p2a: Landorus-Therian|Intimidate","|-unboost|p1a: Pearl|atk|1","|turn|1","|","|move|p1a: Pearl|Will-O-Wisp|p2a: Landorus-Therian","|-status|p2a: Landorus-Therian|brn","|move|p2a: Landorus-Therian|Earthquake|p1a: Pearl","|-damage|p1a: Pearl|222/304","|","|-damage|p2a: Landorus-Therian|280/319 brn|[from] brn","|turn|2","|","|switch|p2a: Talonflame|Talonflame, M|297/297","|move|p1a: Pearl|Calm Mind|p1a: Pearl","|-boost|p1a: Pearl|spa|1","|-boost|p1a: Pearl|spd|1","|","|turn|3","|","|move|p2a: Talonflame|Brave Bird|p1a: Pearl","|-crit|p1a: Pearl","|-damage|p1a: Pearl|3/304","|-damage|p2a: Talonflame|225/297|[from] recoil|[of] p1a: Pearl","|move|p1a: Pearl|Recover|p1a: Pearl","|-heal|p1a: Pearl|155/304","|","|-heal|p2a: Talonflame|243/297|[from] item: Leftovers","|turn|4","|","|switch|p1a: PinkDeath|Clefable, F|394/394","|move|p2a: Talonflame|Brave Bird|p1a: PinkDeath","|-damage|p1a: PinkDeath|249/394","|-damage|p2a: Talonflame|195/297|[from] recoil|[of] p1a: PinkDeath","|","|-heal|p2a: Talonflame|213/297|[from] item: Leftovers","|-heal|p1a: PinkDeath|273/394|[from] item: Leftovers","|turn|5","|","|move|p2a: Talonflame|U-turn|p1a: PinkDeath","|-resisted|p1a: PinkDeath","|-damage|p1a: PinkDeath|245/394","|","|switch|p2a: Landorus-Therian|Landorus-Therian, M|280/319 brn","|-ability|p2a: Landorus-Therian|Intimidate","|-unboost|p1a: PinkDeath|atk|1","|move|p1a: PinkDeath|Moonblast|p2a: Landorus-Therian","|-damage|p2a: Landorus-Therian|157/319 brn","|","|-heal|p1a: PinkDeath|269/394|[from] item: Leftovers","|-damage|p2a: Landorus-Therian|118/319 brn|[from] brn","|turn|6","|","|move|p2a: Landorus-Therian|Knock Off|p1a: PinkDeath","|-resisted|p1a: PinkDeath","|-damage|p1a: PinkDeath|241/394","|-enditem|p1a: PinkDeath|Leftovers|[from] move: Knock Off|[of] p2a: Landorus-Therian","|move|p1a: PinkDeath|Moonblast|p2a: Landorus-Therian","|-crit|p2a: Landorus-Therian","|-damage|p2a: Landorus-Therian|0 fnt","|faint|p2a: Landorus-Therian","|","|","|switch|p2a: Manaphy|Manaphy|341/341","|turn|7","|","|switch|p1a: Shrooms|Amoonguss, F|432/432","|move|p2a: Manaphy|Tail Glow|p2a: Manaphy","|-boost|p2a: Manaphy|spa|3","|","|turn|8","|","|move|p2a: Manaphy|Ice Beam|p1a: Shrooms","|-supereffective|p1a: Shrooms","|-damage|p1a: Shrooms|20/432","|move|p1a: Shrooms|Giga Drain|p2a: Manaphy","|-supereffective|p2a: Manaphy","|-damage|p2a: Manaphy|185/341","|-heal|p1a: Shrooms|98/432|[from] drain|[of] p2a: Manaphy","|","|-heal|p2a: Manaphy|206/341|[from] item: Leftovers","|-heal|p1a: Shrooms|125/432|[from] item: Black Sludge","|turn|9","|","|switch|p1a: PinkDeath|Clefable, F|241/394","|move|p2a: Manaphy|Ice Beam|p1a: PinkDeath","|-damage|p1a: PinkDeath|147/394","|","|-heal|p2a: Manaphy|227/341|[from] item: Leftovers","|turn|10","|","|move|p2a: Manaphy|Tail Glow|p2a: Manaphy","|-boost|p2a: Manaphy|spa|3","|move|p1a: PinkDeath|Moonlight|p1a: PinkDeath","|-heal|p1a: PinkDeath|344/394","|","|-heal|p2a: Manaphy|248/341|[from] item: Leftovers","|turn|11","|","|move|p2a: Manaphy|Scald|p1a: PinkDeath","|-damage|p1a: PinkDeath|215/394","|move|p1a: PinkDeath|Moonblast|p2a: Manaphy","|-crit|p2a: Manaphy","|-damage|p2a: Manaphy|76/341","|-unboost|p2a: Manaphy|spa|1","|","|-heal|p2a: Manaphy|97/341|[from] item: Leftovers","|turn|12","|","|move|p2a: Manaphy|Scald|p1a: PinkDeath","|-damage|p1a: PinkDeath|94/394","|move|p1a: PinkDeath|Moonblast|p2a: Manaphy","|-damage|p2a: Manaphy|0 fnt","|faint|p2a: Manaphy","|","|","|switch|p2a: Serperior|Serperior, M|292/292","|turn|13","|","|move|p2a: Serperior|Leaf Storm|p1a: PinkDeath","|-damage|p1a: PinkDeath|0 fnt","|-boost|p2a: Serperior|spa|2","|faint|p1a: PinkDeath","|","|","|switch|p1a: Heatran|Heatran, M, shiny|386/386","|turn|14","|","|switch|p2a: Latias|Latias, F|364/364","|move|p1a: Heatran|Lava Plume|p2a: Latias","|-resisted|p2a: Latias","|-damage|p2a: Latias|292/364","|-status|p2a: Latias|brn","|","|-heal|p2a: Latias|314/364 brn|[from] item: Leftovers","|-damage|p2a: Latias|269/364 brn|[from] brn","|turn|15","|","|switch|p1a: Pearl|Sableye, M, shiny|155/304","|move|p2a: Latias|Thunder Wave|p1a: Pearl","|-status|p1a: Pearl|par","|","|-heal|p2a: Latias|291/364 brn|[from] item: Leftovers","|-damage|p2a: Latias|246/364 brn|[from] brn","|turn|16","|","|switch|p2a: Scizor|Scizor, M|343/343","|cant|p1a: Pearl|par","|","|turn|17","|","|switch|p1a: Heatran|Heatran, M, shiny|386/386","|detailschange|p2a: Scizor|Scizor-Mega, M","|-mega|p2a: Scizor|Scizor|Scizorite","|move|p2a: Scizor|Swords Dance|p2a: Scizor","|-boost|p2a: Scizor|atk|2","|","|turn|18","|","|move|p2a: Scizor|Bullet Punch|p1a: Heatran","|-resisted|p1a: Heatran","|-damage|p1a: Heatran|329/386","|move|p1a: Heatran|Lava Plume|p2a: Scizor","|-supereffective|p2a: Scizor","|-damage|p2a: Scizor|0 fnt","|faint|p2a: Scizor","|","|","|switch|p2a: Serperior|Serperior, M|292/292","|turn|19","|","|move|p2a: Serperior|Leaf Storm|p1a: Heatran","|-resisted|p1a: Heatran","|-damage|p1a: Heatran|294/386","|-boost|p2a: Serperior|spa|2","|move|p1a: Heatran|Lava Plume|p2a: Serperior","|-supereffective|p2a: Serperior","|-damage|p2a: Serperior|0 fnt","|faint|p2a: Serperior","|","|","|switch|p2a: Talonflame|Talonflame, M|213/297","|turn|20","|","|switch|p1a: Gold Digger|Excadrill, F, shiny|362/362","|-ability|p1a: Gold Digger|Mold Breaker","|move|p2a: Talonflame|Brave Bird|p1a: Gold Digger","|-resisted|p1a: Gold Digger","|-damage|p1a: Gold Digger|247/362","|-damage|p2a: Talonflame|175/297|[from] recoil|[of] p1a: Gold Digger","|","|-heal|p2a: Talonflame|193/297|[from] item: Leftovers","|turn|21","|","|move|p1a: Gold Digger|Rock Slide|p2a: Talonflame","|-supereffective|p2a: Talonflame","|-damage|p2a: Talonflame|0 fnt","|faint|p2a: Talonflame","|","|","|switch|p2a: Latias|Latias, F|246/364 brn","|turn|22","|","|switch|p1a: Pearl|Sableye, M, shiny|155/304 par","|move|p2a: Latias|Psyshock|p1a: Pearl","|-immune|p1a: Pearl|[msg]","|","|-heal|p2a: Latias|268/364 brn|[from] item: Leftovers","|-damage|p2a: Latias|223/364 brn|[from] brn","|turn|23","|","|win|Shipuriken"],"p1rating":{"entryid":"7680411","serverid":"eos","formatid":"ou","userid":"shipuriken","username":"Shipuriken","w":1,"l":"8","t":"0","gxe":30.3,"r":1305.4142728518,"rd":92.950126085844,"sigma":"0","rptime":1439802000,"rpr":1337.8099661012,"rprd":90.826564520502,"rpsigma":"0","acre":1040,"lacre":1040,"oldacre":"1000"},"p2rating":{"entryid":7692905,"formatid":"ou","userid":"bdlartemy","username":"bdl~Artemy","r":1500,"rd":130,"sigma":0,"rpr":1459.8393856612,"rprd":122.8583080769,"rpsigma":0,"rptime":1439802000,"w":0,"l":1,"t":0,"gxe":45,"acre":1000,"lacre":1000,"oldacre":1000},"endType":"forfeit"}