{"seed":[48965,52880,27108,38140],"turns":25,"p1":"Logic","p2":"inaryato","p1team":[{"name":"Manaphy","species":"Manaphy","item":"leftovers","ability":"Hydration","moves":["calmmind","raindance","rest","scald"],"nature":"Bold","evs":{"hp":240,"atk":0,"def":148,"spa":0,"spd":0,"spe":120},"ivs":{"hp":31,"atk":0,"def":31,"spa":31,"spd":31,"spe":31}},{"name":"Manectric","species":"Manectric","item":"manectite","ability":"Static","moves":["thunderbolt","hiddenpowerice","flamethrower","voltswitch"],"nature":"Timid","evs":{"hp":0,"atk":0,"def":0,"spa":252,"spd":4,"spe":252},"ivs":{"hp":31,"atk":30,"def":30,"spa":31,"spd":31,"spe":31}},{"name":"Latios","species":"Latios","item":"lifeorb","ability":"Levitate","moves":["dracometeor","psyshock","recover","defog"],"nature":"Timid","evs":{"hp":0,"atk":0,"def":0,"spa":252,"spd":4,"spe":252},"ivs":{"hp":29,"atk":0,"def":31,"spa":31,"spd":31,"spe":31}},{"name":"Ferrothorn","species":"Ferrothorn","item":"leftovers","ability":"Iron Barbs","moves":["stealthrock","leechseed","powerwhip","gyroball"],"nature":"Relaxed","evs":{"hp":252,"atk":0,"def":148,"spa":0,"spd":108,"spe":0},"ivs":{"hp":31,"atk":31,"def":31,"spa":31,"spd":31,"spe":0}},{"name":"Landorus-Therian","species":"Landorus-Therian","item":"leftovers","ability":"Intimidate","moves":["rockpolish","swordsdance","stoneedge","earthquake"],"nature":"Adamant","evs":{"hp":168,"atk":84,"def":0,"spa":0,"spd":24,"spe":232},"ivs":{"hp":31,"atk":31,"def":31,"spa":31,"spd":31,"spe":31}},{"name":"Clefable","species":"Clefable","item":"leftovers","ability":"Magic Guard","moves":["thunderwave","calmmind","moonblast","softboiled"],"nature":"Sassy","evs":{"hp":252,"atk":0,"def":188,"spa":0,"spd":68,"spe":0},"gender":"F","ivs":{"hp":31,"atk":31,"def":31,"spa":31,"spd":31,"spe":16}}],"p2team":[{"name":"Gardevoir","species":"Gardevoir","item":"gardevoirite","ability":"Synchronize","moves":["bodyslam","hypervoice","psychic","shadowball"],"nature":"Mild","evs":{"hp":108,"atk":148,"def":0,"spa":252,"spd":0,"spe":0},"ivs":{"hp":31,"atk":31,"def":31,"spa":31,"spd":31,"spe":31}},{"name":"Dragonite","species":"Dragonite","item":"weaknesspolicy","ability":"Multiscale","moves":["extremespeed","dragondance","waterfall","dragonclaw"],"nature":"Impish","evs":{"hp":0,"atk":112,"def":44,"spa":0,"spd":100,"spe":252},"ivs":{"hp":31,"atk":31,"def":31,"spa":31,"spd":31,"spe":31}},{"name":"Volcarona","species":"Volcarona","item":"focussash","ability":"Flame Body","moves":["bugbuzz","fierydance","quiverdance","gigadrain"],"nature":"Modest","evs":{"hp":0,"atk":0,"def":0,"spa":252,"spd":4,"spe":252},"ivs":{"hp":31,"atk":31,"def":31,"spa":31,"spd":31,"spe":31}},{"name":"Milotic","species":"Milotic","item":"lifeorb","ability":"Marvel Scale","moves":["recover","hydropump","blizzard","coil"],"nature":"Calm","evs":{"hp":248,"atk":0,"def":188,"spa":8,"spd":64,"spe":0},"ivs":{"hp":31,"atk":31,"def":31,"spa":31,"spd":31,"spe":31}},{"name":"Cradily","species":"Cradily","item":"weaknesspolicy","ability":"Storm Drain","moves":["ancientpower","gigadrain","recover","earthpower"],"nature":"Modest","evs":{"hp":156,"atk":0,"def":92,"spa":252,"spd":8,"spe":0},"ivs":{"hp":31,"atk":31,"def":31,"spa":31,"spd":31,"spe":31}},{"name":"Rhyperior","species":"Rhyperior","item":"leftovers","ability":"Solid Rock","moves":["stealthrock","earthquake","skullbash","dragontail"],"nature":"Adamant","evs":{"hp":252,"atk":252,"def":0,"spa":0,"spd":4,"spe":0},"ivs":{"hp":31,"atk":31,"def":31,"spa":31,"spd":31,"spe":31}}],"log":["|player|p1|Logic|logic.gif","|player|p2|inaryato|66","|gametype|singles","|gen|6","|tier|OU","|rated","|clearpoke","|poke|p1|Manaphy","|poke|p1|Manectric, M","|poke|p1|Latios, M","|poke|p1|Ferrothorn, M","|poke|p1|Landorus-Therian, M","|poke|p1|Clefable, F","|poke|p2|Gardevoir, M","|poke|p2|Dragonite, F","|poke|p2|Volcarona, F","|poke|p2|Milotic, M","|poke|p2|Cradily, F","|poke|p2|Rhyperior, F","|rule|Swagger Clause: Swagger is banned","|rule|Baton Pass Clause: Limit one Baton Passer, can't pass Spe and other stats simultaneously","|rule|Sleep Clause Mod: Limit one foe put to sleep","|rule|Species Clause: Limit one of each Pokémon","|rule|OHKO Clause: OHKO moves are banned","|rule|Moody Clause: Moody is banned","|rule|Evasion Moves Clause: Evasion moves are banned","|rule|Endless Battle Clause: Forcing endless battles is banned","|rule|HP Percentage Mod: HP is shown in percentages","|teampreview","|","|start","|switch|p1a: Manectric|Manectric, M|281/281","|switch|p2a: Volcarona|Volcarona, F|311/311","|turn|1","|","|detailschange|p1a: Manectric|Manectric-Mega, M","|-mega|p1a: Manectric|Manectric|Manectite","|-ability|p1a: Manectric|Intimidate","|-unboost|p2a: Volcarona|atk|1","|move|p1a: Manectric|Thunderbolt|p2a: Volcarona","|-crit|p2a: Volcarona","|-damage|p2a: Volcarona|86/311","|move|p2a: Volcarona|Quiver Dance|p2a: Volcarona","|-boost|p2a: Volcarona|spa|1","|-boost|p2a: Volcarona|spd|1","|-boost|p2a: Volcarona|spe|1","|","|turn|2","|","|switch|p1a: Latios|Latios, M|299/299","|move|p2a: Volcarona|Giga Drain|p1a: Latios","|-resisted|p1a: Latios","|-damage|p1a: Latios|227/299","|-heal|p2a: Volcarona|122/311|[from] drain|[of] p1a: Latios","|","|turn|3","|","|move|p2a: Volcarona|Bug Buzz|p1a: Latios","|-crit|p1a: Latios","|-supereffective|p1a: Latios","|-damage|p1a: Latios|0 fnt","|faint|p1a: Latios","|","|","|switch|p1a: Landorus-Therian|Landorus-Therian, M|361/361","|-ability|p1a: Landorus-Therian|Intimidate","|-unboost|p2a: Volcarona|atk|1","|turn|4","|","|switch|p2a: Milotic|Milotic, M|393/393","|move|p1a: Landorus-Therian|Stone Edge|p2a: Milotic","|-damage|p2a: Milotic|280/393","|","|turn|5","|","|switch|p1a: Ferrothorn|Ferrothorn, M|352/352","|move|p2a: Milotic|Coil|p2a: Milotic","|-boost|p2a: Milotic|atk|1","|-boost|p2a: Milotic|def|1","|-boost|p2a: Milotic|accuracy|1","|","|turn|6","|","|move|p2a: Milotic|Blizzard|p1a: Ferrothorn","|-damage|p1a: Ferrothorn|256/352","|-damage|p2a: Milotic|241/393|[from] item: Life Orb","|move|p1a: Ferrothorn|Stealth Rock|p2a: Milotic","|-sidestart|p2: inaryato|move: Stealth Rock","|","|-heal|p1a: Ferrothorn|278/352|[from] item: Leftovers","|turn|7","|","|move|p2a: Milotic|Coil|p2a: Milotic","|-boost|p2a: Milotic|atk|1","|-boost|p2a: Milotic|def|1","|-boost|p2a: Milotic|accuracy|1","|move|p1a: Ferrothorn|Leech Seed|p2a: Milotic|[miss]","|-miss|p1a: Ferrothorn|p2a: Milotic","|","|-heal|p1a: Ferrothorn|300/352|[from] item: Leftovers","|turn|8","|","|move|p2a: Milotic|Blizzard|p1a: Ferrothorn","|-damage|p1a: Ferrothorn|206/352","|-damage|p2a: Milotic|202/393|[from] item: Life Orb","|move|p1a: Ferrothorn|Leech Seed|p2a: Milotic","|-start|p2a: Milotic|move: Leech Seed","|","|-heal|p1a: Ferrothorn|228/352|[from] item: Leftovers","|-damage|p2a: Milotic|153/393|[from] Leech Seed|[of] p1a: Ferrothorn","|-heal|p1a: Ferrothorn|277/352|[silent]","|turn|9","|","|switch|p2a: Volcarona|Volcarona, F|122/311","|-damage|p2a: Volcarona|0 fnt|[from] Stealth Rock","|faint|p2a: Volcarona","|move|p1a: Ferrothorn|Power Whip|p2: Volcarona|[notarget]","|-notarget","|","|-heal|p1a: Ferrothorn|299/352|[from] item: Leftovers","|","|switch|p2a: Gardevoir|Gardevoir, M|304/304","|-damage|p2a: Gardevoir|266/304|[from] Stealth Rock","|turn|10","|","|switch|p1a: Clefable|Clefable, F|394/394","|detailschange|p2a: Gardevoir|Gardevoir-Mega, M","|-mega|p2a: Gardevoir|Gardevoir|Gardevoirite","|move|p2a: Gardevoir|Psychic|p1a: Clefable","|-damage|p1a: Clefable|202/394","|","|-heal|p1a: Clefable|226/394|[from] item: Leftovers","|turn|11","|","|move|p2a: Gardevoir|Psychic|p1a: Clefable","|-damage|p1a: Clefable|18/394","|-unboost|p1a: Clefable|spd|1","|move|p1a: Clefable|Thunder Wave|p2a: Gardevoir","|-status|p2a: Gardevoir|par","|","|-heal|p1a: Clefable|42/394|[from] item: Leftovers","|turn|12","|","|switch|p1a: Ferrothorn|Ferrothorn, M|299/352","|move|p2a: Gardevoir|Psychic|p1a: Ferrothorn","|-resisted|p1a: Ferrothorn","|-damage|p1a: Ferrothorn|210/352","|-unboost|p1a: Ferrothorn|spd|1","|","|-heal|p1a: Ferrothorn|232/352|[from] item: Leftovers","|turn|13","|","|move|p2a: Gardevoir|Shadow Ball|p1a: Ferrothorn","|-damage|p1a: Ferrothorn|78/352","|move|p1a: Ferrothorn|Gyro Ball|p2a: Gardevoir","|-supereffective|p2a: Gardevoir","|-damage|p2a: Gardevoir|144/304 par","|","|-heal|p1a: Ferrothorn|100/352|[from] item: Leftovers","|turn|14","|","|switch|p1a: Landorus-Therian|Landorus-Therian, M|361/361","|-ability|p1a: Landorus-Therian|Intimidate","|-unboost|p2a: Gardevoir|atk|1","|move|p2a: Gardevoir|Shadow Ball|p1a: Landorus-Therian","|-crit|p1a: Landorus-Therian","|-damage|p1a: Landorus-Therian|129/361","|-unboost|p1a: Landorus-Therian|spd|1","|","|-heal|p1a: Landorus-Therian|151/361|[from] item: Leftovers","|turn|15","|","|switch|p2a: Milotic|Milotic, M|153/393","|-damage|p2a: Milotic|104/393|[from] Stealth Rock","|move|p1a: Landorus-Therian|Earthquake|p2a: Milotic","|-damage|p2a: Milotic|0 fnt","|faint|p2a: Milotic","|","|-heal|p1a: Landorus-Therian|173/361|[from] item: Leftovers","|","|switch|p2a: Rhyperior|Rhyperior, F|434/434","|-damage|p2a: Rhyperior|407/434|[from] Stealth Rock","|turn|16","|","|move|p1a: Landorus-Therian|Earthquake|p2a: Rhyperior","|-crit|p2a: Rhyperior","|-supereffective|p2a: Rhyperior","|-damage|p2a: Rhyperior|64/434","|move|p2a: Rhyperior|Stealth Rock|p1a: Landorus-Therian","|-sidestart|p1: Logic|move: Stealth Rock","|","|-heal|p1a: Landorus-Therian|195/361|[from] item: Leftovers","|-heal|p2a: Rhyperior|91/434|[from] item: Leftovers","|turn|17","|","|move|p1a: Landorus-Therian|Earthquake|p2a: Rhyperior","|-crit|p2a: Rhyperior","|-supereffective|p2a: Rhyperior","|-damage|p2a: Rhyperior|0 fnt","|faint|p2a: Rhyperior","|","|-heal|p1a: Landorus-Therian|217/361|[from] item: Leftovers","|","|switch|p2a: Dragonite|Dragonite, F|323/323","|-damage|p2a: Dragonite|243/323|[from] Stealth Rock","|turn|18","|","|move|p1a: Landorus-Therian|Stone Edge|p2a: Dragonite|[miss]","|-miss|p1a: Landorus-Therian|p2a: Dragonite","|move|p2a: Dragonite|Waterfall|p1a: Landorus-Therian","|-supereffective|p1a: Landorus-Therian","|-damage|p1a: Landorus-Therian|15/361","|","|-heal|p1a: Landorus-Therian|37/361|[from] item: Leftovers","|turn|19","|","|move|p2a: Dragonite|Extreme Speed|p1a: Landorus-Therian","|-damage|p1a: Landorus-Therian|0 fnt","|faint|p1a: Landorus-Therian","|","|","|switch|p1a: Manectric|Manectric-Mega, M|281/281","|-damage|p1a: Manectric|246/281|[from] Stealth Rock","|-ability|p1a: Manectric|Intimidate","|-unboost|p2a: Dragonite|atk|1","|turn|20","|","|move|p1a: Manectric|Hidden Power|p2a: Dragonite","|-supereffective|p2a: Dragonite","|-damage|p2a: Dragonite|0 fnt","|faint|p2a: Dragonite","|","|","|switch|p2a: Gardevoir|Gardevoir-Mega, M|144/304 par","|-damage|p2a: Gardevoir|106/304 par|[from] Stealth Rock","|turn|21","|","|move|p1a: Manectric|Thunderbolt|p2a: Gardevoir","|-damage|p2a: Gardevoir|0 fnt","|faint|p2a: Gardevoir","|","|","|switch|p2a: Cradily|Cradily, F|352/352","|-damage|p2a: Cradily|308/352|[from] Stealth Rock","|turn|22","|","|move|p1a: Manectric|Flamethrower|p2a: Cradily","|-damage|p2a: Cradily|199/352","|move|p2a: Cradily|Ancient Power|p1a: Manectric","|-damage|p1a: Manectric|143/281","|","|turn|23","|","|move|p1a: Manectric|Flamethrower|p2a: Cradily","|-damage|p2a: Cradily|103/352","|move|p2a: Cradily|Earth Power|p1a: Manectric","|-supereffective|p1a: Manectric","|-damage|p1a: Manectric|0 fnt","|faint|p1a: Manectric","|","|","|switch|p1a: Ferrothorn|Ferrothorn, M|100/352","|-damage|p1a: Ferrothorn|78/352|[from] Stealth Rock","|turn|24","|","|move|p2a: Cradily|Recover|p2a: Cradily","|-heal|p2a: Cradily|279/352","|move|p1a: Ferrothorn|Gyro Ball|p2a: Cradily","|-supereffective|p2a: Cradily","|-damage|p2a: Cradily|127/352","|-enditem|p2a: Cradily|Weakness Policy","|-boost|p2a: Cradily|atk|2|[from] item: Weakness Policy","|-boost|p2a: Cradily|spa|2|[from] item: Weakness Policy","|","|-heal|p1a: Ferrothorn|100/352|[from] item: Leftovers","|turn|25","|","|move|p2a: Cradily|Ancient Power|p1a: Ferrothorn","|-resisted|p1a: Ferrothorn","|-damage|p1a: Ferrothorn|28/352","|move|p1a: Ferrothorn|Gyro Ball|p2a: Cradily","|-supereffective|p2a: Cradily","|-damage|p2a: Cradily|0 fnt","|faint|p2a: Cradily","|","|win|Logic"],"p1rating":{"entryid":"6797128","serverid":"eos","formatid":"ou","userid":"logic","username":"Logic","w":37,"l":"8","t":"0","gxe":76.8,"r":"1723.5845548425","rd":"62.417420653417","sigma":"0","rptime":"1439802000","rpr":1728.3276433872,"rprd":61.810544293482,"rpsigma":"0","acre":1282.4259432233,"lacre":1282.4259432233,"oldacre":"1273.8611542077"},"p2rating":{"entryid":7705630,"formatid":"ou","userid":"inaryato","username":"inaryato","r":1500,"rd":130,"sigma":0,"rpr":1480.7381819579,"rprd":124.36733380798,"rpsigma":0,"rptime":1439802000,"w":0,"l":1,"t":0,"gxe":47.6,"acre":1000,"lacre":1000,"oldacre":1000},"endType":"normal"}