{"seed":[43359,36440,34449,23457],"turns":74,"p1":"Logic","p2":"redcarrot","p1team":[{"name":"Manaphy","species":"Manaphy","item":"leftovers","ability":"Hydration","moves":["calmmind","raindance","rest","scald"],"nature":"Bold","evs":{"hp":240,"atk":0,"def":148,"spa":0,"spd":0,"spe":120},"ivs":{"hp":31,"atk":0,"def":31,"spa":31,"spd":31,"spe":31}},{"name":"Manectric","species":"Manectric","item":"manectite","ability":"Static","moves":["thunderbolt","hiddenpowerice","flamethrower","voltswitch"],"nature":"Timid","evs":{"hp":0,"atk":0,"def":0,"spa":252,"spd":4,"spe":252},"ivs":{"hp":31,"atk":30,"def":30,"spa":31,"spd":31,"spe":31}},{"name":"Latios","species":"Latios","item":"lifeorb","ability":"Levitate","moves":["dracometeor","psyshock","recover","defog"],"nature":"Timid","evs":{"hp":0,"atk":0,"def":0,"spa":252,"spd":4,"spe":252},"ivs":{"hp":29,"atk":0,"def":31,"spa":31,"spd":31,"spe":31}},{"name":"Ferrothorn","species":"Ferrothorn","item":"leftovers","ability":"Iron Barbs","moves":["stealthrock","leechseed","powerwhip","gyroball"],"nature":"Relaxed","evs":{"hp":252,"atk":0,"def":148,"spa":0,"spd":108,"spe":0},"ivs":{"hp":31,"atk":31,"def":31,"spa":31,"spd":31,"spe":0}},{"name":"Landorus-Therian","species":"Landorus-Therian","item":"leftovers","ability":"Intimidate","moves":["rockpolish","swordsdance","stoneedge","earthquake"],"nature":"Adamant","evs":{"hp":168,"atk":84,"def":0,"spa":0,"spd":24,"spe":232},"ivs":{"hp":31,"atk":31,"def":31,"spa":31,"spd":31,"spe":31}},{"name":"Clefable","species":"Clefable","item":"leftovers","ability":"Magic Guard","moves":["thunderwave","calmmind","moonblast","softboiled"],"nature":"Sassy","evs":{"hp":252,"atk":0,"def":188,"spa":0,"spd":68,"spe":0},"gender":"F","ivs":{"hp":31,"atk":31,"def":31,"spa":31,"spd":31,"spe":16}}],"p2team":[{"name":"Ferrothorn","species":"Ferrothorn","item":"shedshell","ability":"Iron Barbs","moves":["stealthrock","leechseed","protect","powerwhip"],"nature":"Relaxed","evs":{"hp":252,"atk":4,"def":252,"spa":0,"spd":0,"spe":0},"ivs":{"hp":31,"atk":31,"def":31,"spa":31,"spd":31,"spe":0}},{"name":"Heatran","species":"Heatran","item":"leftovers","ability":"Flash Fire","moves":["lavaplume","toxic","earthpower","taunt"],"nature":"Calm","evs":{"hp":248,"atk":0,"def":0,"spa":0,"spd":192,"spe":68},"ivs":{"hp":31,"atk":31,"def":31,"spa":31,"spd":31,"spe":31}},{"name":"Sableye","species":"Sableye","item":"sablenite","ability":"Prankster","moves":["calmmind","shadowball","recover","willowisp"],"nature":"Bold","evs":{"hp":252,"atk":0,"def":252,"spa":0,"spd":4,"spe":0},"ivs":{"hp":31,"atk":31,"def":31,"spa":31,"spd":31,"spe":31}},{"name":"Dugtrio","species":"Dugtrio","item":"choiceband","ability":"Arena Trap","moves":["earthquake","stoneedge","suckerpunch","reversal"],"nature":"Jolly","evs":{"hp":0,"atk":252,"def":4,"spa":0,"spd":0,"spe":252},"ivs":{"hp":31,"atk":31,"def":31,"spa":31,"spd":31,"spe":31}},{"name":"Gastrodon","species":"Gastrodon","item":"leftovers","ability":"Storm Drain","moves":["scald","earthquake","toxic","recover"],"nature":"Relaxed","evs":{"hp":252,"atk":0,"def":252,"spa":0,"spd":4,"spe":0},"ivs":{"hp":31,"atk":31,"def":31,"spa":31,"spd":31,"spe":31}},{"name":"Talonflame","species":"Talonflame","item":"sharpbeak","ability":"Gale Wings","moves":["bravebird","flareblitz","swordsdance","roost"],"nature":"Jolly","evs":{"hp":0,"atk":252,"def":4,"spa":0,"spd":0,"spe":252},"ivs":{"hp":31,"atk":31,"def":31,"spa":31,"spd":31,"spe":31}}],"log":["|player|p1|Logic|logic.gif","|player|p2|redcarrot|169","|gametype|singles","|gen|6","|tier|OU","|rated","|clearpoke","|poke|p1|Manaphy","|poke|p1|Manectric, F","|poke|p1|Latios, M","|poke|p1|Ferrothorn, M","|poke|p1|Landorus-Therian, M","|poke|p1|Clefable, F","|poke|p2|Ferrothorn, M","|poke|p2|Heatran, M","|poke|p2|Sableye, M","|poke|p2|Dugtrio, M","|poke|p2|Gastrodon, M","|poke|p2|Talonflame, M","|rule|Swagger Clause: Swagger is banned","|rule|Baton Pass Clause: Limit one Baton Passer, can't pass Spe and other stats simultaneously","|rule|Sleep Clause Mod: Limit one foe put to sleep","|rule|Species Clause: Limit one of each Pokémon","|rule|OHKO Clause: OHKO moves are banned","|rule|Moody Clause: Moody is banned","|rule|Evasion Moves Clause: Evasion moves are banned","|rule|Endless Battle Clause: Forcing endless battles is banned","|rule|HP Percentage Mod: HP is shown in percentages","|teampreview","|","|start","|switch|p1a: Manaphy|Manaphy|401/401","|switch|p2a: Sableye|Sableye, M|304/304","|turn|1","|","|detailschange|p2a: Sableye|Sableye-Mega, M","|-mega|p2a: Sableye|Sableye|Sablenite","|move|p2a: Sableye|Will-O-Wisp|p1a: Manaphy","|-status|p1a: Manaphy|brn","|move|p1a: Manaphy|Scald|p2a: Sableye","|-damage|p2a: Sableye|217/304","|-status|p2a: Sableye|brn","|","|-damage|p1a: Manaphy|351/401 brn|[from] brn","|-damage|p2a: Sableye|179/304 brn|[from] brn","|turn|2","|","|switch|p2a: Gastrodon|Gastrodon, M|426/426","|move|p1a: Manaphy|Rain Dance|p1a: Manaphy","|-weather|RainDance","|","|-weather|RainDance|[upkeep]","|-curestatus|p1a: Manaphy|brn","|-heal|p1a: Manaphy|376/401|[from] item: Leftovers","|turn|3","|","|switch|p1a: Ferrothorn|Ferrothorn, M|352/352","|move|p2a: Gastrodon|Scald|p1a: Ferrothorn","|-resisted|p1a: Ferrothorn","|-damage|p1a: Ferrothorn|298/352","|","|-weather|RainDance|[upkeep]","|-heal|p1a: Ferrothorn|320/352|[from] item: Leftovers","|turn|4","|","|switch|p2a: Sableye|Sableye-Mega, M|179/304 brn","|switch|p1a: Clefable|Clefable, F|394/394","|","|-weather|RainDance|[upkeep]","|-damage|p2a: Sableye|141/304 brn|[from] brn","|turn|5","|","|switch|p2a: Heatran|Heatran, M|385/385","|move|p1a: Clefable|Moonblast|p2a: Heatran","|-resisted|p2a: Heatran","|-damage|p2a: Heatran|365/385","|","|-weather|RainDance|[upkeep]","|-heal|p2a: Heatran|385/385|[from] item: Leftovers","|turn|6","|","|switch|p1a: Manaphy|Manaphy|376/401","|move|p2a: Heatran|Taunt|p1a: Manaphy","|-start|p1a: Manaphy|move: Taunt","|","|-weather|none","|-heal|p1a: Manaphy|401/401|[from] item: Leftovers","|turn|7","|","|switch|p1a: Ferrothorn|Ferrothorn, M|320/352","|switch|p2a: Gastrodon|Gastrodon, M|426/426","|","|-heal|p1a: Ferrothorn|342/352|[from] item: Leftovers","|turn|8","|","|switch|p2a: Sableye|Sableye-Mega, M|141/304 brn","|move|p1a: Ferrothorn|Power Whip|p2a: Sableye|[miss]","|-miss|p1a: Ferrothorn|p2a: Sableye","|","|-heal|p1a: Ferrothorn|352/352|[from] item: Leftovers","|-damage|p2a: Sableye|103/304 brn|[from] brn","|turn|9","|","|switch|p1a: Clefable|Clefable, F|394/394","|move|p2a: Sableye|Recover|p2a: Sableye","|-heal|p2a: Sableye|255/304 brn","|","|-damage|p2a: Sableye|217/304 brn|[from] brn","|turn|10","|","|switch|p2a: Talonflame|Talonflame, M|297/297","|move|p1a: Clefable|Calm Mind|p1a: Clefable","|-boost|p1a: Clefable|spa|1","|-boost|p1a: Clefable|spd|1","|","|turn|11","|","|move|p2a: Talonflame|Swords Dance|p2a: Talonflame","|-boost|p2a: Talonflame|atk|2","|move|p1a: Clefable|Thunder Wave|p2a: Talonflame","|-status|p2a: Talonflame|par","|","|turn|12","|","|switch|p1a: Manectric|Manectric, F|281/281","|cant|p2a: Talonflame|par","|","|turn|13","|","|switch|p2a: Gastrodon|Gastrodon, M|426/426","|detailschange|p1a: Manectric|Manectric-Mega, F","|-mega|p1a: Manectric|Manectric|Manectite","|-ability|p1a: Manectric|Intimidate","|-unboost|p2a: Gastrodon|atk|1","|move|p1a: Manectric|Hidden Power|p2a: Gastrodon","|-damage|p2a: Gastrodon|339/426","|","|-heal|p2a: Gastrodon|365/426|[from] item: Leftovers","|turn|14","|","|switch|p1a: Clefable|Clefable, F|394/394","|switch|p2a: Dugtrio|Dugtrio, M|211/211","|","|turn|15","|","|switch|p2a: Talonflame|Talonflame, M|297/297 par","|move|p1a: Clefable|Moonblast|p2a: Talonflame","|-resisted|p2a: Talonflame","|-damage|p2a: Talonflame|223/297 par","|","|turn|16","|","|switch|p1a: Manectric|Manectric-Mega, F|281/281","|-ability|p1a: Manectric|Intimidate","|-unboost|p2a: Talonflame|atk|1","|cant|p2a: Talonflame|par","|","|turn|17","|","|switch|p2a: Dugtrio|Dugtrio, M|211/211","|move|p1a: Manectric|Thunderbolt|p2a: Dugtrio","|-immune|p2a: Dugtrio|[msg]","|","|turn|18","|","|move|p1a: Manectric|Hidden Power|p2a: Dugtrio","|-crit|p2a: Dugtrio","|-supereffective|p2a: Dugtrio","|-damage|p2a: Dugtrio|0 fnt","|faint|p2a: Dugtrio","|","|","|switch|p2a: Gastrodon|Gastrodon, M|365/426","|turn|19","|","|switch|p1a: Clefable|Clefable, F|394/394","|move|p2a: Gastrodon|Toxic|p1a: Clefable","|-status|p1a: Clefable|tox","|","|-heal|p2a: Gastrodon|391/426|[from] item: Leftovers","|turn|20","|","|switch|p2a: Heatran|Heatran, M|385/385","|move|p1a: Clefable|Thunder Wave|p2a: Heatran","|-status|p2a: Heatran|par","|","|turn|21","|","|switch|p1a: Landorus-Therian|Landorus-Therian, M|361/361","|-ability|p1a: Landorus-Therian|Intimidate","|-unboost|p2a: Heatran|atk|1","|cant|p2a: Heatran|par","|","|turn|22","|","|switch|p2a: Ferrothorn|Ferrothorn, M|352/352","|move|p1a: Landorus-Therian|Earthquake|p2a: Ferrothorn","|-damage|p2a: Ferrothorn|235/352","|","|turn|23","|","|move|p1a: Landorus-Therian|Swords Dance|p1a: Landorus-Therian","|-boost|p1a: Landorus-Therian|atk|2","|move|p2a: Ferrothorn|Stealth Rock|p1a: Landorus-Therian","|-sidestart|p1: Logic|move: Stealth Rock","|","|turn|24","|","|move|p1a: Landorus-Therian|Swords Dance|p1a: Landorus-Therian","|-boost|p1a: Landorus-Therian|atk|2","|move|p2a: Ferrothorn|Leech Seed|p1a: Landorus-Therian","|-start|p1a: Landorus-Therian|move: Leech Seed","|","|-damage|p1a: Landorus-Therian|316/361|[from] Leech Seed|[of] p2a: Ferrothorn","|-heal|p2a: Ferrothorn|280/352|[silent]","|turn|25","|","|move|p2a: Ferrothorn|Protect|p2a: Ferrothorn","|-singleturn|p2a: Ferrothorn|Protect","|move|p1a: Landorus-Therian|Earthquake|p2a: Ferrothorn","|-activate|p2a: Ferrothorn|Protect","|","|-heal|p1a: Landorus-Therian|338/361|[from] item: Leftovers","|-damage|p1a: Landorus-Therian|293/361|[from] Leech Seed|[of] p2a: Ferrothorn","|-heal|p2a: Ferrothorn|325/352|[silent]","|turn|26","|","|move|p1a: Landorus-Therian|Stone Edge|p2a: Ferrothorn","|-resisted|p2a: Ferrothorn","|-damage|p2a: Ferrothorn|214/352","|move|p2a: Ferrothorn|Power Whip|p1a: Landorus-Therian|[miss]","|-miss|p2a: Ferrothorn|p1a: Landorus-Therian","|","|-heal|p1a: Landorus-Therian|315/361|[from] item: Leftovers","|-damage|p1a: Landorus-Therian|270/361|[from] Leech Seed|[of] p2a: Ferrothorn","|-heal|p2a: Ferrothorn|259/352|[silent]","|turn|27","|","|move|p1a: Landorus-Therian|Swords Dance|p1a: Landorus-Therian","|-boost|p1a: Landorus-Therian|atk|2","|move|p2a: Ferrothorn|Power Whip|p1a: Landorus-Therian","|-damage|p1a: Landorus-Therian|116/361","|","|-heal|p1a: Landorus-Therian|138/361|[from] item: Leftovers","|-damage|p1a: Landorus-Therian|93/361|[from] Leech Seed|[of] p2a: Ferrothorn","|-heal|p2a: Ferrothorn|304/352|[silent]","|turn|28","|","|move|p2a: Ferrothorn|Protect|p2a: Ferrothorn","|-singleturn|p2a: Ferrothorn|Protect","|move|p1a: Landorus-Therian|Earthquake|p2a: Ferrothorn","|-activate|p2a: Ferrothorn|Protect","|","|-heal|p1a: Landorus-Therian|115/361|[from] item: Leftovers","|-damage|p1a: Landorus-Therian|70/361|[from] Leech Seed|[of] p2a: Ferrothorn","|-heal|p2a: Ferrothorn|349/352|[silent]","|turn|29","|","|move|p1a: Landorus-Therian|Stone Edge|p2a: Ferrothorn|[miss]","|-miss|p1a: Landorus-Therian|p2a: Ferrothorn","|move|p2a: Ferrothorn|Power Whip|p1a: Landorus-Therian","|-damage|p1a: Landorus-Therian|0 fnt","|faint|p1a: Landorus-Therian","|","|","|switch|p1a: Manectric|Manectric-Mega, F|281/281","|-damage|p1a: Manectric|246/281|[from] Stealth Rock","|-ability|p1a: Manectric|Intimidate","|-unboost|p2a: Ferrothorn|atk|1","|turn|30","|","|switch|p1a: Ferrothorn|Ferrothorn, M|352/352","|-damage|p1a: Ferrothorn|330/352|[from] Stealth Rock","|switch|p2a: Gastrodon|Gastrodon, M|391/426","|","|-heal|p2a: Gastrodon|417/426|[from] item: Leftovers","|-heal|p1a: Ferrothorn|352/352|[from] item: Leftovers","|turn|31","|","|switch|p2a: Talonflame|Talonflame, M|223/297 par","|move|p1a: Ferrothorn|Power Whip|p2a: Talonflame","|-resisted|p2a: Talonflame","|-damage|p2a: Talonflame|178/297 par","|","|turn|32","|","|switch|p1a: Manaphy|Manaphy|401/401","|-damage|p1a: Manaphy|351/401|[from] Stealth Rock","|cant|p2a: Talonflame|par","|","|-heal|p1a: Manaphy|376/401|[from] item: Leftovers","|turn|33","|","|switch|p1a: Latios|Latios, M|299/299","|-damage|p1a: Latios|262/299|[from] Stealth Rock","|switch|p2a: Ferrothorn|Ferrothorn, M|349/352","|","|turn|34","|","|switch|p2a: Heatran|Heatran, M|385/385 par","|move|p1a: Latios|Defog|p2a: Heatran","|-unboost|p2a: Heatran|evasion|1","|-sideend|p1: Logic|Stealth Rock|[from] move: Defog|[of] p1a: Latios","|","|turn|35","|","|switch|p1a: Manaphy|Manaphy|376/401","|move|p2a: Heatran|Taunt|p1a: Manaphy","|-start|p1a: Manaphy|move: Taunt","|","|-heal|p1a: Manaphy|401/401|[from] item: Leftovers","|turn|36","|","|switch|p1a: Ferrothorn|Ferrothorn, M|352/352","|switch|p2a: Gastrodon|Gastrodon, M|417/426","|","|-heal|p2a: Gastrodon|426/426|[from] item: Leftovers","|turn|37","|","|switch|p2a: Sableye|Sableye-Mega, M|217/304 brn","|move|p1a: Ferrothorn|Stealth Rock|p2a: Sableye","|move|p2a: Sableye|Stealth Rock|p1a: Ferrothorn|[from]Magic Bounce","|-sidestart|p1: Logic|move: Stealth Rock","|","|-damage|p2a: Sableye|179/304 brn|[from] brn","|turn|38","|","|switch|p1a: Clefable|Clefable, F|394/394 tox","|move|p2a: Sableye|Recover|p2a: Sableye","|-heal|p2a: Sableye|304/304 brn","|","|-damage|p2a: Sableye|266/304 brn|[from] brn","|turn|39","|","|switch|p2a: Talonflame|Talonflame, M|178/297 par","|move|p1a: Clefable|Calm Mind|p1a: Clefable","|-boost|p1a: Clefable|spa|1","|-boost|p1a: Clefable|spd|1","|","|turn|40","|","|move|p1a: Clefable|Moonblast|p2a: Talonflame","|-resisted|p2a: Talonflame","|-damage|p2a: Talonflame|74/297 par","|-unboost|p2a: Talonflame|spa|1","|cant|p2a: Talonflame|par","|","|turn|41","|","|move|p2a: Talonflame|Roost|p2a: Talonflame","|-heal|p2a: Talonflame|223/297 par","|move|p1a: Clefable|Moonblast|p2a: Talonflame","|-resisted|p2a: Talonflame","|-damage|p2a: Talonflame|122/297 par","|-unboost|p2a: Talonflame|spa|1","|","|turn|42","|","|move|p2a: Talonflame|Roost|p2a: Talonflame","|-heal|p2a: Talonflame|271/297 par","|move|p1a: Clefable|Calm Mind|p1a: Clefable","|-boost|p1a: Clefable|spa|1","|-boost|p1a: Clefable|spd|1","|","|turn|43","|","|switch|p2a: Heatran|Heatran, M|385/385 par","|move|p1a: Clefable|Moonblast|p2a: Heatran","|-resisted|p2a: Heatran","|-damage|p2a: Heatran|349/385 par","|","|-heal|p2a: Heatran|373/385 par|[from] item: Leftovers","|turn|44","|","|switch|p1a: Ferrothorn|Ferrothorn, M|352/352","|-damage|p1a: Ferrothorn|330/352|[from] Stealth Rock","|move|p2a: Heatran|Taunt|p1a: Ferrothorn","|-start|p1a: Ferrothorn|move: Taunt","|","|-heal|p2a: Heatran|385/385 par|[from] item: Leftovers","|-heal|p1a: Ferrothorn|352/352|[from] item: Leftovers","|turn|45","|","|switch|p1a: Manaphy|Manaphy|401/401","|-damage|p1a: Manaphy|351/401|[from] Stealth Rock","|cant|p2a: Heatran|par","|","|-heal|p1a: Manaphy|376/401|[from] item: Leftovers","|turn|46","|","|switch|p2a: Gastrodon|Gastrodon, M|426/426","|move|p1a: Manaphy|Scald|p2a: Gastrodon","|-boost|p2a: Gastrodon|spa|1|[from] ability: Storm Drain","|","|-heal|p1a: Manaphy|401/401|[from] item: Leftovers","|turn|47","|","|switch|p1a: Clefable|Clefable, F|394/394 tox","|move|p2a: Gastrodon|Scald|p1a: Clefable","|-damage|p1a: Clefable|274/394 tox","|","|-heal|p1a: Clefable|298/394 tox|[from] item: Leftovers","|turn|48","|","|switch|p2a: Talonflame|Talonflame, M|271/297 par","|move|p1a: Clefable|Calm Mind|p1a: Clefable","|-boost|p1a: Clefable|spa|1","|-boost|p1a: Clefable|spd|1","|","|-heal|p1a: Clefable|322/394 tox|[from] item: Leftovers","|turn|49","|","|switch|p1a: Manectric|Manectric-Mega, F|246/281","|-damage|p1a: Manectric|211/281|[from] Stealth Rock","|-ability|p1a: Manectric|Intimidate","|-unboost|p2a: Talonflame|atk|1","|move|p2a: Talonflame|Swords Dance|p2a: Talonflame","|-boost|p2a: Talonflame|atk|2","|","|turn|50","|","|switch|p2a: Gastrodon|Gastrodon, M|426/426","|move|p1a: Manectric|Flamethrower|p2a: Gastrodon","|-resisted|p2a: Gastrodon","|-damage|p2a: Gastrodon|360/426","|-status|p2a: Gastrodon|brn","|","|-heal|p2a: Gastrodon|386/426 brn|[from] item: Leftovers","|-damage|p2a: Gastrodon|333/426 brn|[from] brn","|turn|51","|","|switch|p1a: Clefable|Clefable, F|322/394 tox","|move|p2a: Gastrodon|Scald|p1a: Clefable","|-damage|p1a: Clefable|246/394 tox","|","|-heal|p1a: Clefable|270/394 tox|[from] item: Leftovers","|-heal|p2a: Gastrodon|359/426 brn|[from] item: Leftovers","|-damage|p2a: Gastrodon|306/426 brn|[from] brn","|turn|52","|","|switch|p2a: Heatran|Heatran, M|385/385 par","|move|p1a: Clefable|Soft-Boiled|p1a: Clefable","|-heal|p1a: Clefable|394/394 tox","|","|turn|53","|","|switch|p1a: Latios|Latios, M|262/299","|-damage|p1a: Latios|225/299|[from] Stealth Rock","|cant|p2a: Heatran|par","|","|turn|54","|","|switch|p2a: Ferrothorn|Ferrothorn, M|349/352","|move|p1a: Latios|Defog|p2a: Ferrothorn","|-unboost|p2a: Ferrothorn|evasion|1","|-sideend|p1: Logic|Stealth Rock|[from] move: Defog|[of] p1a: Latios","|","|turn|55","|","|switch|p1a: Manectric|Manectric-Mega, F|211/281","|-ability|p1a: Manectric|Intimidate","|-unboost|p2a: Ferrothorn|atk|1","|move|p2a: Ferrothorn|Stealth Rock|p1a: Manectric","|-sidestart|p1: Logic|move: Stealth Rock","|","|turn|56","|","|switch|p2a: Heatran|Heatran, M|385/385 par","|move|p1a: Manectric|Hidden Power|p2a: Heatran","|-crit|p2a: Heatran","|-resisted|p2a: Heatran","|-damage|p2a: Heatran|365/385 par","|","|-heal|p2a: Heatran|385/385 par|[from] item: Leftovers","|turn|57","|","|switch|p2a: Gastrodon|Gastrodon, M|306/426 brn","|move|p1a: Manectric|Volt Switch|p2a: Gastrodon","|-immune|p2a: Gastrodon|[msg]","|","|-heal|p2a: Gastrodon|332/426 brn|[from] item: Leftovers","|-damage|p2a: Gastrodon|279/426 brn|[from] brn","|turn|58","|","|move|p1a: Manectric|Hidden Power|p2a: Gastrodon","|-damage|p2a: Gastrodon|187/426 brn","|move|p2a: Gastrodon|Recover|p2a: Gastrodon","|-heal|p2a: Gastrodon|400/426 brn","|","|-heal|p2a: Gastrodon|426/426 brn|[from] item: Leftovers","|-damage|p2a: Gastrodon|373/426 brn|[from] brn","|turn|59","|","|switch|p1a: Clefable|Clefable, F|394/394 tox","|move|p2a: Gastrodon|Toxic|p1a: Clefable","|-fail|p1a: Clefable|tox","|","|-heal|p2a: Gastrodon|399/426 brn|[from] item: Leftovers","|-damage|p2a: Gastrodon|346/426 brn|[from] brn","|turn|60","|","|switch|p1a: Manaphy|Manaphy|401/401","|-damage|p1a: Manaphy|351/401|[from] Stealth Rock","|switch|p2a: Heatran|Heatran, M|385/385 par","|","|-heal|p1a: Manaphy|376/401|[from] item: Leftovers","|turn|61","|","|switch|p1a: Ferrothorn|Ferrothorn, M|352/352","|-damage|p1a: Ferrothorn|330/352|[from] Stealth Rock","|switch|p2a: Gastrodon|Gastrodon, M|346/426 brn","|","|-heal|p2a: Gastrodon|372/426 brn|[from] item: Leftovers","|-heal|p1a: Ferrothorn|352/352|[from] item: Leftovers","|-damage|p2a: Gastrodon|319/426 brn|[from] brn","|turn|62","|","|switch|p2a: Sableye|Sableye-Mega, M|266/304 brn","|move|p1a: Ferrothorn|Power Whip|p2a: Sableye","|-damage|p2a: Sableye|181/304 brn","|","|-damage|p2a: Sableye|143/304 brn|[from] brn","|turn|63","|","|switch|p1a: Clefable|Clefable, F|394/394 tox","|move|p2a: Sableye|Recover|p2a: Sableye","|-heal|p2a: Sableye|295/304 brn","|","|-damage|p2a: Sableye|257/304 brn|[from] brn","|turn|64","|","|switch|p1a: Manaphy|Manaphy|376/401","|-damage|p1a: Manaphy|326/401|[from] Stealth Rock","|switch|p2a: Talonflame|Talonflame, M|271/297 par","|","|-heal|p1a: Manaphy|351/401|[from] item: Leftovers","|turn|65","|","|switch|p2a: Gastrodon|Gastrodon, M|319/426 brn","|move|p1a: Manaphy|Scald|p2a: Gastrodon","|-boost|p2a: Gastrodon|spa|1|[from] ability: Storm Drain","|","|-heal|p1a: Manaphy|376/401|[from] item: Leftovers","|-heal|p2a: Gastrodon|345/426 brn|[from] item: Leftovers","|-damage|p2a: Gastrodon|292/426 brn|[from] brn","|turn|66","|","|switch|p1a: Clefable|Clefable, F|394/394 tox","|move|p2a: Gastrodon|Recover|p2a: Gastrodon","|-heal|p2a: Gastrodon|426/426 brn","|","|-damage|p2a: Gastrodon|373/426 brn|[from] brn","|turn|67","|","|switch|p1a: Manaphy|Manaphy|376/401","|-damage|p1a: Manaphy|326/401|[from] Stealth Rock","|switch|p2a: Talonflame|Talonflame, M|271/297 par","|","|-heal|p1a: Manaphy|351/401|[from] item: Leftovers","|turn|68","|","|switch|p2a: Ferrothorn|Ferrothorn, M|349/352","|move|p1a: Manaphy|Calm Mind|p1a: Manaphy","|-boost|p1a: Manaphy|spa|1","|-boost|p1a: Manaphy|spd|1","|","|-heal|p1a: Manaphy|376/401|[from] item: Leftovers","|turn|69","|","|move|p1a: Manaphy|Scald|p2a: Ferrothorn","|-resisted|p2a: Ferrothorn","|-damage|p2a: Ferrothorn|292/352","|-status|p2a: Ferrothorn|brn","|move|p2a: Ferrothorn|Power Whip|p1a: Manaphy|[miss]","|-miss|p2a: Ferrothorn|p1a: Manaphy","|","|-heal|p1a: Manaphy|401/401|[from] item: Leftovers","|-damage|p2a: Ferrothorn|248/352 brn|[from] brn","|turn|70","|","|switch|p1a: Ferrothorn|Ferrothorn, M|352/352","|-damage|p1a: Ferrothorn|330/352|[from] Stealth Rock","|move|p2a: Ferrothorn|Leech Seed|p1a: Ferrothorn","|-immune|p1a: Ferrothorn|[msg]","|","|-heal|p1a: Ferrothorn|352/352|[from] item: Leftovers","|-damage|p2a: Ferrothorn|204/352 brn|[from] brn","|turn|71","|","|switch|p2a: Sableye|Sableye-Mega, M|257/304 brn","|move|p1a: Ferrothorn|Power Whip|p2a: Sableye","|-damage|p2a: Sableye|169/304 brn","|","|-damage|p2a: Sableye|131/304 brn|[from] brn","|turn|72","|","|switch|p1a: Manaphy|Manaphy|401/401","|-damage|p1a: Manaphy|351/401|[from] Stealth Rock","|move|p2a: Sableye|Recover|p2a: Sableye","|-heal|p2a: Sableye|283/304 brn","|","|-heal|p1a: Manaphy|376/401|[from] item: Leftovers","|-damage|p2a: Sableye|245/304 brn|[from] brn","|turn|73","|","|switch|p2a: Gastrodon|Gastrodon, M|373/426 brn","|move|p1a: Manaphy|Calm Mind|p1a: Manaphy","|-boost|p1a: Manaphy|spa|1","|-boost|p1a: Manaphy|spd|1","|","|-heal|p1a: Manaphy|401/401|[from] item: Leftovers","|-heal|p2a: Gastrodon|399/426 brn|[from] item: Leftovers","|-damage|p2a: Gastrodon|346/426 brn|[from] brn","|turn|74","|","|win|Logic"],"p1rating":{"entryid":"6797128","serverid":"eos","formatid":"ou","userid":"logic","username":"Logic","w":39,"l":"8","t":"0","gxe":77.7,"r":"1723.5845548425","rd":"62.417420653417","sigma":"0","rptime":"1439802000","rpr":1737.9945298383,"rprd":60.581647296656,"rpsigma":"0","acre":1303.566387364,"lacre":1303.566387364,"oldacre":"1293.8031538835"},"p2rating":{"entryid":"7680674","serverid":"eos","formatid":"ou","userid":"redcarrot","username":"redcarrot","w":"1","l":1,"t":"0","gxe":52.2,"r":"1537.2627421611","rd":"122.39039357981","sigma":"0","rptime":"1439802000","rpr":1517.2080074712,"rprd":117.14148060905,"rpsigma":"0","acre":1041.0865101374,"lacre":1041.0865101374,"oldacre":"1047.7913948046"},"endType":"forfeit"}