{"seed":[2290,49585,32143,29232],"turns":29,"p1":"Hzsshs","p2":"Zera Blanco","p1team":[{"name":"Charizard","species":"Charizard","item":"charizarditex","ability":"Blaze","moves":["dragondance","dragonclaw","earthquake","roost"],"nature":"Adamant","evs":{"hp":252,"atk":0,"def":0,"spa":0,"spd":4,"spe":252},"shiny":true,"ivs":{"hp":31,"atk":31,"def":31,"spa":31,"spd":31,"spe":31}},{"name":"Alakazam","species":"Alakazam","item":"focussash","ability":"Magic Guard","moves":["psychic","shadowball","energyball","dazzlinggleam"],"nature":"Timid","evs":{"hp":4,"atk":0,"def":0,"spa":252,"spd":0,"spe":252},"shiny":true,"ivs":{"hp":31,"atk":31,"def":31,"spa":31,"spd":31,"spe":31}},{"name":"Conkeldurr","species":"Conkeldurr","item":"assaultvest","ability":"Iron Fist","moves":["machpunch","drainpunch","icepunch","poisonjab"],"nature":"Adamant","evs":{"hp":248,"atk":252,"def":0,"spa":0,"spd":8,"spe":0},"shiny":true,"ivs":{"hp":31,"atk":31,"def":31,"spa":31,"spd":31,"spe":31}},{"name":"Heatran","species":"Heatran","item":"choicescarf","ability":"Flash Fire","moves":["overheat","fireblast","earthpower","flashcannon"],"nature":"Timid","evs":{"hp":4,"atk":0,"def":0,"spa":252,"spd":0,"spe":252},"shiny":true,"ivs":{"hp":31,"atk":31,"def":31,"spa":31,"spd":31,"spe":31}},{"name":"Blissey","species":"Blissey","item":"leftovers","ability":"Natural Cure","moves":["healbell","wish","protect","toxic"],"nature":"Bold","evs":{"hp":252,"atk":0,"def":252,"spa":0,"spd":4,"spe":0},"ivs":{"hp":31,"atk":31,"def":31,"spa":31,"spd":31,"spe":31}},{"name":"Hoopa-Unbound","species":"Hoopa-Unbound","item":"lifeorb","ability":"Magician","moves":["darkpulse","zenheadbutt","focusblast","knockoff"],"nature":"Hasty","evs":{"hp":4,"atk":0,"def":0,"spa":252,"spd":0,"spe":252},"ivs":{"hp":31,"atk":31,"def":31,"spa":31,"spd":31,"spe":31}}],"p2team":[{"name":"Metagross","species":"Metagross","item":"occaberry","ability":"Clear Body","moves":["stealthrock","meteormash","earthquake","explosion"],"nature":"Adamant","evs":{"hp":248,"atk":252,"def":0,"spa":0,"spd":8,"spe":0},"shiny":true,"ivs":{"hp":31,"atk":31,"def":31,"spa":31,"spd":31,"spe":31}},{"name":"Porygon-Z","species":"Porygon-Z","item":"expertbelt","ability":"Download","moves":["triattack","hiddenpowerfighting","darkpulse","icebeam"],"nature":"Modest","evs":{"hp":0,"atk":0,"def":4,"spa":252,"spd":0,"spe":252},"ivs":{"hp":31,"atk":31,"def":30,"spa":30,"spd":30,"spe":30}},{"name":"Scrafty","species":"Scrafty","item":"expertbelt","ability":"Moxie","moves":["dragondance","icepunch","highjumpkick","poisonjab"],"nature":"Serious","evs":{"hp":4,"atk":252,"def":0,"spa":0,"spd":0,"spe":252},"gender":"M","ivs":{"hp":31,"atk":31,"def":31,"spa":31,"spd":31,"spe":31}},{"name":"Magnezone","species":"Magnezone","item":"airballoon","ability":"Analytic","moves":["flashcannon","thunderbolt","thunderwave","hiddenpowerwater"],"nature":"Timid","evs":{"hp":40,"atk":0,"def":0,"spa":252,"spd":0,"spe":216},"ivs":{"hp":31,"atk":30,"def":30,"spa":30,"spd":31,"spe":31}},{"name":"Reuniclus","species":"Reuniclus","item":"lifeorb","ability":"Magic Guard","moves":["flashcannon","calmmind","energyball","psychic"],"nature":"Modest","evs":{"hp":252,"atk":0,"def":0,"spa":252,"spd":4,"spe":0},"ivs":{"hp":31,"atk":31,"def":31,"spa":31,"spd":31,"spe":31}},{"name":"Manectric","species":"Manectric","item":"manectite","ability":"Lightning Rod","moves":["thunderbolt","snarl","flamethrower","hiddenpowerice"],"nature":"Timid","evs":{"hp":0,"atk":0,"def":0,"spa":252,"spd":4,"spe":252},"ivs":{"hp":31,"atk":30,"def":30,"spa":31,"spd":31,"spe":31}}],"log":["|player|p1|Hzsshs|113","|player|p2|Zera Blanco|170","|gametype|singles","|gen|6","|tier|OU","|rated","|clearpoke","|poke|p1|Charizard, F, shiny","|poke|p1|Alakazam, M, shiny","|poke|p1|Conkeldurr, F, shiny","|poke|p1|Heatran, M, shiny","|poke|p1|Blissey, F","|poke|p1|Hoopa-Unbound","|poke|p2|Metagross, shiny","|poke|p2|Porygon-Z","|poke|p2|Scrafty, M","|poke|p2|Magnezone","|poke|p2|Reuniclus, F","|poke|p2|Manectric, F","|rule|Swagger Clause: Swagger is banned","|rule|Baton Pass Clause: Limit one Baton Passer, can't pass Spe and other stats simultaneously","|rule|Sleep Clause Mod: Limit one foe put to sleep","|rule|Species Clause: Limit one of each Pokémon","|rule|OHKO Clause: OHKO moves are banned","|rule|Moody Clause: Moody is banned","|rule|Evasion Moves Clause: Evasion moves are banned","|rule|Endless Battle Clause: Forcing endless battles is banned","|rule|HP Percentage Mod: HP is shown in percentages","|teampreview","|","|start","|switch|p1a: Charizard|Charizard, F, shiny|360/360","|switch|p2a: Magnezone|Magnezone|291/291","|-item|p2a: Magnezone|Air Balloon","|turn|1","|","|detailschange|p1a: Charizard|Charizard-Mega-X, F, shiny","|-mega|p1a: Charizard|Charizard|Charizardite X","|move|p1a: Charizard|Earthquake|p2a: Magnezone","|-immune|p2a: Magnezone|[msg]","|move|p2a: Magnezone|Thunder Wave|p1a: Charizard","|-status|p1a: Charizard|par","|","|turn|2","|","|move|p2a: Magnezone|Hidden Power|p1a: Charizard","|-crit|p1a: Charizard","|-damage|p1a: Charizard|245/360 par","|cant|p1a: Charizard|par","|","|turn|3","|","|move|p2a: Magnezone|Thunderbolt|p1a: Charizard","|-resisted|p1a: Charizard","|-damage|p1a: Charizard|158/360 par","|cant|p1a: Charizard|par","|","|turn|4","|","|move|p2a: Magnezone|Thunderbolt|p1a: Charizard","|-resisted|p1a: Charizard","|-damage|p1a: Charizard|68/360 par","|move|p1a: Charizard|Roost|p1a: Charizard","|-heal|p1a: Charizard|248/360 par","|","|turn|5","|","|move|p2a: Magnezone|Thunderbolt|p1a: Charizard","|-crit|p1a: Charizard","|-resisted|p1a: Charizard","|-damage|p1a: Charizard|113/360 par","|move|p1a: Charizard|Roost|p1a: Charizard","|-heal|p1a: Charizard|293/360 par","|","|turn|6","|","|move|p2a: Magnezone|Hidden Power|p1a: Charizard","|-damage|p1a: Charizard|204/360 par","|move|p1a: Charizard|Roost|p1a: Charizard","|-heal|p1a: Charizard|360/360 par","|","|turn|7","|","|move|p2a: Magnezone|Hidden Power|p1a: Charizard","|-crit|p1a: Charizard","|-damage|p1a: Charizard|239/360 par","|move|p1a: Charizard|Dragon Dance|p1a: Charizard","|-boost|p1a: Charizard|atk|1","|-boost|p1a: Charizard|spe|1","|","|turn|8","|","|move|p2a: Magnezone|Thunderbolt|p1a: Charizard","|-resisted|p1a: Charizard","|-damage|p1a: Charizard|148/360 par","|move|p1a: Charizard|Roost|p1a: Charizard","|-heal|p1a: Charizard|328/360 par","|","|turn|9","|","|move|p2a: Magnezone|Thunderbolt|p1a: Charizard","|-crit|p1a: Charizard","|-resisted|p1a: Charizard","|-damage|p1a: Charizard|199/360 par","|move|p1a: Charizard|Dragon Dance|p1a: Charizard","|-boost|p1a: Charizard|atk|1","|-boost|p1a: Charizard|spe|1","|","|turn|10","|","|move|p2a: Magnezone|Thunderbolt|p1a: Charizard","|-crit|p1a: Charizard","|-resisted|p1a: Charizard","|-damage|p1a: Charizard|58/360 par","|move|p1a: Charizard|Roost|p1a: Charizard","|-heal|p1a: Charizard|238/360 par","|","|turn|11","|","|move|p2a: Magnezone|Thunderbolt|p1a: Charizard","|-resisted|p1a: Charizard","|-damage|p1a: Charizard|150/360 par","|move|p1a: Charizard|Roost|p1a: Charizard","|-heal|p1a: Charizard|330/360 par","|","|turn|12","|","|switch|p2a: Metagross|Metagross, shiny|363/363","|move|p1a: Charizard|Dragon Dance|p1a: Charizard","|-boost|p1a: Charizard|atk|1","|-boost|p1a: Charizard|spe|1","|","|turn|13","|","|cant|p1a: Charizard|par","|move|p2a: Metagross|Earthquake|p1a: Charizard","|-supereffective|p1a: Charizard","|-damage|p1a: Charizard|96/360 par","|","|turn|14","|","|move|p1a: Charizard|Earthquake|p2a: Metagross","|-supereffective|p2a: Metagross","|-damage|p2a: Metagross|0 fnt","|faint|p2a: Metagross","|","|","|switch|p2a: Porygon-Z|Porygon-Z|311/311","|-boost|p2a: Porygon-Z|spa|1|[from] ability: Download","|turn|15","|","|move|p2a: Porygon-Z|Tri Attack|p1a: Charizard","|-crit|p1a: Charizard","|-damage|p1a: Charizard|0 fnt","|faint|p1a: Charizard","|","|","|switch|p1a: Blissey|Blissey, F|714/714","|turn|16","|","|move|p2a: Porygon-Z|Hidden Power|p1a: Blissey","|-supereffective|p1a: Blissey","|-damage|p1a: Blissey|510/714","|move|p1a: Blissey|Wish|p1a: Blissey","|","|-heal|p1a: Blissey|554/714|[from] item: Leftovers","|turn|17","|","|move|p2a: Porygon-Z|Tri Attack|p1a: Blissey","|-damage|p1a: Blissey|358/714","|move|p1a: Blissey|Toxic|p2a: Porygon-Z","|-status|p2a: Porygon-Z|tox","|","|-heal|p1a: Blissey|714/714|[from] move: Wish|[wisher] Blissey","|-damage|p2a: Porygon-Z|292/311 tox|[from] psn","|turn|18","|","|move|p1a: Blissey|Protect|p1a: Blissey","|-singleturn|p1a: Blissey|Protect","|move|p2a: Porygon-Z|Ice Beam|p1a: Blissey","|-activate|p1a: Blissey|Protect","|","|-damage|p2a: Porygon-Z|254/311 tox|[from] psn","|turn|19","|","|move|p2a: Porygon-Z|Tri Attack|p1a: Blissey","|-damage|p1a: Blissey|545/714","|move|p1a: Blissey|Wish|p1a: Blissey","|","|-heal|p1a: Blissey|589/714|[from] item: Leftovers","|-damage|p2a: Porygon-Z|197/311 tox|[from] psn","|turn|20","|","|move|p1a: Blissey|Protect|p1a: Blissey","|-singleturn|p1a: Blissey|Protect","|move|p2a: Porygon-Z|Tri Attack|p1a: Blissey","|-activate|p1a: Blissey|Protect","|","|-heal|p1a: Blissey|714/714|[from] move: Wish|[wisher] Blissey","|-damage|p2a: Porygon-Z|121/311 tox|[from] psn","|turn|21","|","|move|p2a: Porygon-Z|Tri Attack|p1a: Blissey","|-damage|p1a: Blissey|534/714","|move|p1a: Blissey|Wish|p1a: Blissey","|","|-heal|p1a: Blissey|578/714|[from] item: Leftovers","|-damage|p2a: Porygon-Z|26/311 tox|[from] psn","|turn|22","|","|move|p1a: Blissey|Protect|p1a: Blissey","|-singleturn|p1a: Blissey|Protect","|move|p2a: Porygon-Z|Tri Attack|p1a: Blissey","|-activate|p1a: Blissey|Protect","|","|-heal|p1a: Blissey|714/714|[from] move: Wish|[wisher] Blissey","|-damage|p2a: Porygon-Z|0 fnt|[from] psn","|faint|p2a: Porygon-Z","|","|switch|p2a: Reuniclus|Reuniclus, F|424/424","|turn|23","|","|switch|p1a: Hoopa-Unbound|Hoopa-Unbound|302/302","|move|p2a: Reuniclus|Calm Mind|p2a: Reuniclus","|-boost|p2a: Reuniclus|spa|1","|-boost|p2a: Reuniclus|spd|1","|","|turn|24","|","|move|p1a: Hoopa-Unbound|Knock Off|p2a: Reuniclus","|-supereffective|p2a: Reuniclus","|-damage|p2a: Reuniclus|0 fnt","|-enditem|p2a: Reuniclus|Life Orb|[from] move: Knock Off|[of] p1a: Hoopa-Unbound","|-damage|p1a: Hoopa-Unbound|272/302|[from] item: Life Orb","|faint|p2a: Reuniclus","|","|","|switch|p2a: Magnezone|Magnezone|291/291","|-item|p2a: Magnezone|Air Balloon","|turn|25","|","|move|p1a: Hoopa-Unbound|Focus Blast|p2a: Magnezone","|-supereffective|p2a: Magnezone","|-damage|p2a: Magnezone|0 fnt","|-enditem|p2a: Magnezone|Air Balloon","|-damage|p1a: Hoopa-Unbound|242/302|[from] item: Life Orb","|faint|p2a: Magnezone","|","|","|switch|p2a: Manectric|Manectric, F|281/281","|turn|26","|","|switch|p1a: Conkeldurr|Conkeldurr, F, shiny|413/413","|detailschange|p2a: Manectric|Manectric-Mega, F","|-mega|p2a: Manectric|Manectric|Manectite","|-ability|p2a: Manectric|Intimidate","|-unboost|p1a: Conkeldurr|atk|1","|move|p2a: Manectric|Snarl|p1a: Conkeldurr","|-resisted|p1a: Conkeldurr","|-damage|p1a: Conkeldurr|382/413","|-unboost|p1a: Conkeldurr|spa|1","|","|turn|27","|","|switch|p1a: Blissey|Blissey, F|714/714","|move|p2a: Manectric|Thunderbolt|p1a: Blissey","|-damage|p1a: Blissey|594/714","|","|-heal|p1a: Blissey|638/714|[from] item: Leftovers","|turn|28","|","|move|p2a: Manectric|Thunderbolt|p1a: Blissey","|-damage|p1a: Blissey|502/714","|move|p1a: Blissey|Toxic|p2a: Manectric","|-status|p2a: Manectric|tox","|","|-heal|p1a: Blissey|546/714|[from] item: Leftovers","|-damage|p2a: Manectric|264/281 tox|[from] psn","|turn|29","|","|win|Hzsshs"],"p1rating":{"entryid":"7697924","serverid":"eos","formatid":"ou","userid":"hzsshs","username":"Hzsshs","w":1,"l":"1","t":"0","gxe":46.9,"r":"1500","rd":"130","sigma":"0","rptime":"1439802000","rpr":1475.4936189391,"rprd":117.6168999504,"rpsigma":"0","acre":1041.6163321158,"lacre":1041.6163321158,"oldacre":"1000"},"p2rating":{"entryid":"7209129","serverid":"eos","formatid":"ou","userid":"zerablanco","username":"Zera Blanco","w":"3","l":8,"t":"0","gxe":36,"r":"1447.3264050426","rd":"103.04160722957","sigma":"0","rptime":"1439802000","rpr":1387.9587522164,"rprd":88.211895875978,"rpsigma":"0","acre":1001.450666534,"lacre":1001.450666534,"oldacre":"1014.0469311296"},"endType":"forfeit"}