{"seed":[44268,4039,23454,36164],"turns":19,"p1":"Hhdhdicns","p2":"ChampInfernapeDay","p1team":[{"name":"Manectric","species":"Manectric","item":"manectite","ability":"Lightning Rod","moves":["thunderbolt","voltswitch","flamethrower","hiddenpowerice"],"nature":"Timid","evs":{"hp":0,"atk":0,"def":4,"spa":252,"spd":0,"spe":252},"gender":"M","ivs":{"hp":29,"atk":0,"def":30,"spa":31,"spd":31,"spe":31}},{"name":"Landorus-Therian","species":"Landorus-Therian","item":"choicescarf","ability":"Intimidate","moves":["earthquake","uturn","stoneedge","superpower"],"nature":"Jolly","evs":{"hp":0,"atk":252,"def":4,"spa":0,"spd":0,"spe":252},"ivs":{"hp":31,"atk":31,"def":31,"spa":31,"spd":31,"spe":31}},{"name":"Crawdaunt","species":"Crawdaunt","item":"lifeorb","ability":"Adaptability","moves":["crabhammer","aquajet","knockoff","swordsdance"],"nature":"Adamant","evs":{"hp":0,"atk":252,"def":4,"spa":0,"spd":0,"spe":252},"gender":"M","ivs":{"hp":31,"atk":31,"def":31,"spa":31,"spd":31,"spe":31}},{"name":"Clefable","species":"Clefable","item":"leftovers","ability":"Magic Guard","moves":["moonblast","softboiled","healingwish","stealthrock"],"nature":"Bold","evs":{"hp":252,"atk":0,"def":252,"spa":0,"spd":4,"spe":0},"gender":"F","ivs":{"hp":31,"atk":0,"def":31,"spa":31,"spd":31,"spe":31}},{"name":"Latios","species":"Latios","item":"lifeorb","ability":"Levitate","moves":["dracometeor","psyshock","earthquake","defog"],"nature":"Naive","evs":{"hp":0,"atk":24,"def":0,"spa":232,"spd":0,"spe":252},"ivs":{"hp":29,"atk":31,"def":31,"spa":31,"spd":31,"spe":31}},{"name":"Lucario","species":"Lucario","item":"lifeorb","ability":"Inner Focus","moves":["closecombat","irontail","extremespeed","swordsdance"],"nature":"Adamant","evs":{"hp":0,"atk":252,"def":4,"spa":0,"spd":0,"spe":252},"gender":"M","ivs":{"hp":31,"atk":31,"def":31,"spa":31,"spd":31,"spe":31}}],"p2team":[{"name":"Pidgeot","species":"Pidgeot","item":"pidgeotite","ability":"Keen Eye","moves":["hurricane","heatwave","defog","hiddenpowerbug"],"nature":"Timid","evs":{"hp":0,"atk":0,"def":0,"spa":252,"spd":4,"spe":252},"ivs":{"hp":31,"atk":30,"def":30,"spa":31,"spd":30,"spe":31}},{"name":"Gengar","species":"Gengar","item":"colburberry","ability":"Levitate","moves":["destinybond","sludgebomb","shadowball","taunt"],"nature":"Timid","evs":{"hp":0,"atk":0,"def":0,"spa":252,"spd":4,"spe":252},"ivs":{"hp":31,"atk":31,"def":31,"spa":31,"spd":31,"spe":31}},{"name":"Infernape","species":"Infernape","item":"choicescarf","ability":"Blaze","moves":["flareblitz","closecombat","stoneedge","poisonjab"],"nature":"Jolly","evs":{"hp":0,"atk":252,"def":0,"spa":0,"spd":4,"spe":252},"ivs":{"hp":31,"atk":31,"def":31,"spa":31,"spd":31,"spe":31}},{"name":"Landorus-Therian","species":"Landorus-Therian","item":"choicescarf","ability":"Intimidate","moves":["earthquake","knockoff","uturn","stoneedge"],"nature":"Jolly","evs":{"hp":0,"atk":252,"def":0,"spa":0,"spd":4,"spe":252},"ivs":{"hp":31,"atk":31,"def":31,"spa":31,"spd":31,"spe":31}},{"name":"Ferrothorn","species":"Ferrothorn","item":"rockyhelmet","ability":"Iron Barbs","moves":["powerwhip","gyroball","leechseed","protect"],"nature":"Relaxed","evs":{"hp":248,"atk":8,"def":252,"spa":0,"spd":0,"spe":0},"ivs":{"hp":31,"atk":31,"def":31,"spa":31,"spd":31,"spe":0},"shiny":true},{"name":"Rotom-Wash","species":"Rotom-Wash","item":"chestoberry","ability":"Levitate","moves":["hydropump","willowisp","voltswitch","rest"],"nature":"Calm","evs":{"hp":248,"atk":0,"def":0,"spa":8,"spd":252,"spe":0},"shiny":true,"ivs":{"hp":31,"atk":31,"def":31,"spa":31,"spd":31,"spe":31}}],"log":["|player|p1|Hhdhdicns|80","|player|p2|ChampInfernapeDay|163","|gametype|singles","|gen|6","|tier|OU","|rated","|clearpoke","|poke|p1|Manectric, M","|poke|p1|Landorus-Therian, M","|poke|p1|Crawdaunt, M","|poke|p1|Clefable, F","|poke|p1|Latios, M","|poke|p1|Lucario, M","|poke|p2|Pidgeot, M","|poke|p2|Gengar, M","|poke|p2|Infernape, F","|poke|p2|Landorus-Therian, M","|poke|p2|Ferrothorn, M, shiny","|poke|p2|Rotom-Wash, shiny","|rule|Swagger Clause: Swagger is banned","|rule|Baton Pass Clause: Limit one Baton Passer, can't pass Spe and other stats simultaneously","|rule|Sleep Clause Mod: Limit one foe put to sleep","|rule|Species Clause: Limit one of each Pokémon","|rule|OHKO Clause: OHKO moves are banned","|rule|Moody Clause: Moody is banned","|rule|Evasion Moves Clause: Evasion moves are banned","|rule|Endless Battle Clause: Forcing endless battles is banned","|rule|HP Percentage Mod: HP is shown in percentages","|teampreview","|","|start","|switch|p1a: Manectric|Manectric, M|279/279","|switch|p2a: Gengar|Gengar, M|261/261","|turn|1","|","|detailschange|p1a: Manectric|Manectric-Mega, M","|-mega|p1a: Manectric|Manectric|Manectite","|-ability|p1a: Manectric|Intimidate","|-unboost|p2a: Gengar|atk|1","|move|p2a: Gengar|Taunt|p1a: Manectric","|-start|p1a: Manectric|move: Taunt","|move|p1a: Manectric|Volt Switch|p2a: Gengar","|-damage|p2a: Gengar|104/261","|","|switch|p1a: Crawdaunt|Crawdaunt, M|267/267","|","|turn|2","|","|move|p1a: Crawdaunt|Aqua Jet|p2a: Gengar","|-damage|p2a: Gengar|0 fnt","|-damage|p1a: Crawdaunt|241/267|[from] item: Life Orb","|faint|p2a: Gengar","|","|","|switch|p2a: Ferrothorn|Ferrothorn, M, shiny|351/351","|turn|3","|","|switch|p1a: Manectric|Manectric-Mega, M|279/279","|-ability|p1a: Manectric|Intimidate","|-unboost|p2a: Ferrothorn|atk|1","|move|p2a: Ferrothorn|Leech Seed|p1a: Manectric","|-start|p1a: Manectric|move: Leech Seed","|","|-damage|p1a: Manectric|245/279|[from] Leech Seed|[of] p2a: Ferrothorn","|turn|4","|","|switch|p1a: Lucario|Lucario, M|281/281","|move|p2a: Ferrothorn|Protect|p2a: Ferrothorn","|-fail|p2a: Ferrothorn","|","|turn|5","|","|move|p1a: Lucario|Close Combat|p2a: Ferrothorn","|-supereffective|p2a: Ferrothorn","|-damage|p2a: Ferrothorn|52/351","|-damage|p1a: Lucario|246/281|[from] ability: Iron Barbs|[of] p2a: Ferrothorn","|-damage|p1a: Lucario|200/281|[from] item: Rocky Helmet|[of] p2a: Ferrothorn","|-unboost|p1a: Lucario|def|1","|-unboost|p1a: Lucario|spd|1","|-damage|p1a: Lucario|172/281|[from] item: Life Orb","|move|p2a: Ferrothorn|Leech Seed|p1a: Lucario","|-start|p1a: Lucario|move: Leech Seed","|","|-damage|p1a: Lucario|137/281|[from] Leech Seed|[of] p2a: Ferrothorn","|-heal|p2a: Ferrothorn|87/351|[silent]","|turn|6","|","|switch|p1a: Manectric|Manectric-Mega, M|245/279","|-ability|p1a: Manectric|Intimidate","|-unboost|p2a: Ferrothorn|atk|1","|move|p2a: Ferrothorn|Protect|p2a: Ferrothorn","|-fail|p2a: Ferrothorn","|","|turn|7","|","|switch|p2a: Landorus-Therian|Landorus-Therian, M|319/319","|-ability|p2a: Landorus-Therian|Intimidate","|-unboost|p1a: Manectric|atk|1","|move|p1a: Manectric|Flamethrower|p2a: Landorus-Therian","|-damage|p2a: Landorus-Therian|179/319","|","|turn|8","|","|switch|p1a: Clefable|Clefable, F|394/394","|move|p2a: Landorus-Therian|Knock Off|p1a: Clefable","|-resisted|p1a: Clefable","|-damage|p1a: Clefable|340/394","|-enditem|p1a: Clefable|Leftovers|[from] move: Knock Off|[of] p2a: Landorus-Therian","|","|turn|9","|","|switch|p2a: Ferrothorn|Ferrothorn, M, shiny|87/351","|move|p1a: Clefable|Stealth Rock|p2a: Ferrothorn","|-sidestart|p2: ChampInfernapeDay|move: Stealth Rock","|","|turn|10","|","|switch|p1a: Crawdaunt|Crawdaunt, M|241/267","|move|p2a: Ferrothorn|Leech Seed|p1a: Crawdaunt","|-start|p1a: Crawdaunt|move: Leech Seed","|","|-damage|p1a: Crawdaunt|208/267|[from] Leech Seed|[of] p2a: Ferrothorn","|-heal|p2a: Ferrothorn|120/351|[silent]","|turn|11","|","|move|p1a: Crawdaunt|Knock Off|p2a: Ferrothorn","|-damage|p2a: Ferrothorn|0 fnt","|-damage|p1a: Crawdaunt|175/267|[from] ability: Iron Barbs|[of] p2a: Ferrothorn","|-damage|p1a: Crawdaunt|131/267|[from] item: Rocky Helmet|[of] p2a: Ferrothorn","|-enditem|p2a: Ferrothorn|Rocky Helmet|[from] move: Knock Off|[of] p1a: Crawdaunt","|-damage|p1a: Crawdaunt|105/267|[from] item: Life Orb","|faint|p2a: Ferrothorn","|","|","|switch|p2a: Rotom-Wash|Rotom-Wash, shiny|303/303","|-damage|p2a: Rotom-Wash|266/303|[from] Stealth Rock","|turn|12","|","|move|p1a: Crawdaunt|Knock Off|p2a: Rotom-Wash","|-damage|p2a: Rotom-Wash|0 fnt","|-enditem|p2a: Rotom-Wash|Chesto Berry|[from] move: Knock Off|[of] p1a: Crawdaunt","|-damage|p1a: Crawdaunt|79/267|[from] item: Life Orb","|faint|p2a: Rotom-Wash","|","|","|switch|p2a: Infernape|Infernape, F|293/293","|-damage|p2a: Infernape|257/293|[from] Stealth Rock","|turn|13","|","|move|p1a: Crawdaunt|Aqua Jet|p2a: Infernape","|-supereffective|p2a: Infernape","|-damage|p2a: Infernape|0 fnt","|-damage|p1a: Crawdaunt|53/267|[from] item: Life Orb","|faint|p2a: Infernape","|","|","|switch|p2a: Pidgeot|Pidgeot, M|307/307","|-damage|p2a: Pidgeot|231/307|[from] Stealth Rock","|turn|14","|","|detailschange|p2a: Pidgeot|Pidgeot-Mega, M","|-mega|p2a: Pidgeot|Pidgeot|Pidgeotite","|move|p1a: Crawdaunt|Aqua Jet|p2a: Pidgeot","|-damage|p2a: Pidgeot|70/307","|-damage|p1a: Crawdaunt|27/267|[from] item: Life Orb","|move|p2a: Pidgeot|Hurricane|p1a: Crawdaunt","|-damage|p1a: Crawdaunt|0 fnt","|faint|p1a: Crawdaunt","|","|","|switch|p1a: Manectric|Manectric-Mega, M|245/279","|-ability|p1a: Manectric|Intimidate","|-unboost|p2a: Pidgeot|atk|1","|turn|15","|","|move|p1a: Manectric|Hidden Power|p2a: Pidgeot","|-supereffective|p2a: Pidgeot","|-damage|p2a: Pidgeot|0 fnt","|faint|p2a: Pidgeot","|","|","|switch|p2a: Landorus-Therian|Landorus-Therian, M|179/319","|-damage|p2a: Landorus-Therian|140/319|[from] Stealth Rock","|-ability|p2a: Landorus-Therian|Intimidate","|-unboost|p1a: Manectric|atk|1","|turn|16","|","|switch|p1a: Landorus-Therian|Landorus-Therian, M|319/319","|-ability|p1a: Landorus-Therian|Intimidate","|-unboost|p2a: Landorus-Therian|atk|1","|move|p2a: Landorus-Therian|Stone Edge|p1a: Landorus-Therian","|-crit|p1a: Landorus-Therian","|-damage|p1a: Landorus-Therian|119/319","|","|turn|17","|","|switch|p1a: Clefable|Clefable, F|340/394","|move|p2a: Landorus-Therian|Stone Edge|p1a: Clefable|[miss]","|-miss|p2a: Landorus-Therian|p1a: Clefable","|","|turn|18","|","|move|p2a: Landorus-Therian|Stone Edge|p1a: Clefable","|-damage|p1a: Clefable|264/394","|move|p1a: Clefable|Moonblast|p2a: Landorus-Therian","|-damage|p2a: Landorus-Therian|10/319","|-unboost|p2a: Landorus-Therian|spa|1","|","|turn|19","|","|win|Hhdhdicns"],"p1rating":{"entryid":7697712,"formatid":"ou","userid":"hhdhdicns","username":"Hhdhdicns","r":1500,"rd":130,"sigma":0,"rpr":1540.1606143388,"rprd":122.8583080769,"rpsigma":0,"rptime":1439802000,"w":1,"l":0,"t":0,"gxe":55,"acre":1045.5097390217,"lacre":1045.5097390217,"oldacre":1000},"p2rating":{"entryid":"7697576","serverid":"eos","formatid":"ou","userid":"champinfernapeday","username":"ChampInfernapeDay","w":"1","l":1,"t":"0","gxe":47.8,"r":"1500","rd":"130","sigma":"0","rptime":"1439802000","rpr":1482.5767161985,"rprd":117.82197217831,"rpsigma":"0","acre":1028.5661152969,"lacre":1028.5661152969,"oldacre":"1048.1631457839"},"endType":"forfeit"}