{"seed":[32894,54155,55422,13497],"turns":25,"p1":"ave exitium","p2":"fritolino","p1team":[{"name":"Latios","species":"Latios","item":"lifeorb","ability":"Levitate","moves":["defog","dracometeor","psyshock","thunder"],"nature":"Timid","evs":{"hp":0,"atk":0,"def":0,"spa":252,"spd":4,"spe":252},"ivs":{"hp":31,"atk":0,"def":31,"spa":31,"spd":31,"spe":31}},{"name":"Landorus-Therian","species":"Landorus-Therian","item":"lumberry","ability":"Intimidate","moves":["stealthrock","swordsdance","earthquake","stoneedge"],"nature":"Jolly","evs":{"hp":0,"atk":252,"def":4,"spa":0,"spd":0,"spe":252},"ivs":{"hp":31,"atk":31,"def":31,"spa":31,"spd":31,"spe":31}},{"name":"Charizard","species":"Charizard","item":"charizarditex","ability":"Blaze","moves":["dragondance","roost","flareblitz","dragonclaw"],"nature":"Jolly","evs":{"hp":0,"atk":252,"def":0,"spa":0,"spd":4,"spe":252},"ivs":{"hp":31,"atk":31,"def":31,"spa":31,"spd":31,"spe":31}},{"name":"Weavile","species":"Weavile","item":"lifeorb","ability":"Pickpocket","moves":["iciclecrash","knockoff","iceshard","lowkick"],"nature":"Jolly","evs":{"hp":0,"atk":252,"def":0,"spa":0,"spd":4,"spe":252},"ivs":{"hp":31,"atk":31,"def":31,"spa":31,"spd":31,"spe":31}},{"name":"Jirachi","species":"Jirachi","item":"choicescarf","ability":"Serene Grace","moves":["ironhead","uturn","trick","healingwish"],"nature":"Jolly","evs":{"hp":0,"atk":252,"def":0,"spa":0,"spd":4,"spe":252},"ivs":{"hp":31,"atk":31,"def":31,"spa":31,"spd":31,"spe":31}},{"name":"Diggersby","species":"Diggersby","item":"focussash","ability":"Huge Power","moves":["swordsdance","earthquake","return","quickattack"],"nature":"Jolly","evs":{"hp":0,"atk":252,"def":0,"spa":0,"spd":4,"spe":252},"ivs":{"hp":31,"atk":31,"def":31,"spa":31,"spd":31,"spe":31}}],"p2team":[{"name":"Diancie","species":"Diancie","item":"diancite","ability":"Clear Body","moves":["moonblast","diamondstorm","rockpolish","earthpower"],"nature":"Mild","evs":{"hp":0,"atk":76,"def":0,"spa":252,"spd":0,"spe":180},"ivs":{"hp":31,"atk":31,"def":31,"spa":31,"spd":31,"spe":31}},{"name":"Starmie","species":"Starmie","item":"lifeorb","ability":"Analytic","moves":["hydropump","rapidspin","thunderbolt","icebeam"],"nature":"Timid","evs":{"hp":0,"atk":0,"def":0,"spa":252,"spd":4,"spe":252},"ivs":{"hp":31,"atk":0,"def":31,"spa":31,"spd":31,"spe":31}},{"name":"Magnezone","species":"Magnezone","item":"choicespecs","ability":"Magnet Pull","moves":["voltswitch","thunderbolt","flashcannon","hiddenpowerfire"],"nature":"Modest","evs":{"hp":132,"atk":0,"def":0,"spa":252,"spd":0,"spe":124},"ivs":{"hp":31,"atk":30,"def":31,"spa":30,"spd":31,"spe":30}},{"name":"Alakazam","species":"Alakazam","item":"lifeorb","ability":"Magic Guard","moves":["psychic","shadowball","focusblast","knockoff"],"nature":"Timid","evs":{"hp":0,"atk":0,"def":0,"spa":252,"spd":4,"spe":252},"ivs":{"hp":31,"atk":0,"def":31,"spa":31,"spd":31,"spe":31}},{"name":"Garchomp","species":"Garchomp","item":"focussash","ability":"Rough Skin","moves":["stealthrock","swordsdance","outrage","earthquake"],"nature":"Jolly","evs":{"hp":88,"atk":252,"def":0,"spa":0,"spd":168,"spe":0},"ivs":{"hp":31,"atk":31,"def":31,"spa":31,"spd":31,"spe":31}},{"name":"Talonflame","species":"Talonflame","item":"leftovers","ability":"Gale Wings","moves":["willowisp","swordsdance","bravebird","roost"],"nature":"Adamant","evs":{"hp":80,"atk":252,"def":0,"spa":0,"spd":176,"spe":0},"ivs":{"hp":31,"atk":31,"def":31,"spa":31,"spd":31,"spe":31}}],"log":["|player|p1|ave exitium|20","|player|p2|fritolino|2","|gametype|singles","|gen|6","|tier|OU","|rated","|clearpoke","|poke|p1|Latios, M","|poke|p1|Landorus-Therian, M","|poke|p1|Charizard, F","|poke|p1|Weavile, M","|poke|p1|Jirachi","|poke|p1|Diggersby, F","|poke|p2|Diancie","|poke|p2|Starmie","|poke|p2|Magnezone","|poke|p2|Alakazam, F","|poke|p2|Garchomp, M","|poke|p2|Talonflame, F","|rule|Swagger Clause: Swagger is banned","|rule|Baton Pass Clause: Limit one Baton Passer, can't pass Spe and other stats simultaneously","|rule|Sleep Clause Mod: Limit one foe put to sleep","|rule|Species Clause: Limit one of each Pokémon","|rule|OHKO Clause: OHKO moves are banned","|rule|Moody Clause: Moody is banned","|rule|Evasion Moves Clause: Evasion moves are banned","|rule|Endless Battle Clause: Forcing endless battles is banned","|rule|HP Percentage Mod: HP is shown in percentages","|teampreview","|","|start","|switch|p1a: Diggersby|Diggersby, F|311/311","|switch|p2a: Garchomp|Garchomp, M|379/379","|turn|1","|","|move|p1a: Diggersby|Earthquake|p2a: Garchomp","|-damage|p2a: Garchomp|174/379","|move|p2a: Garchomp|Stealth Rock|p1a: Diggersby","|-sidestart|p1: ave exitium|move: Stealth Rock","|","|turn|2","|","|switch|p2a: Talonflame|Talonflame, F|317/317","|move|p1a: Diggersby|Earthquake|p2a: Talonflame","|-immune|p2a: Talonflame|[msg]","|","|turn|3","|","|move|p2a: Talonflame|Will-O-Wisp|p1a: Diggersby","|-status|p1a: Diggersby|brn","|move|p1a: Diggersby|Return|p2a: Talonflame","|-damage|p2a: Talonflame|166/317","|","|-heal|p2a: Talonflame|185/317|[from] item: Leftovers","|-damage|p1a: Diggersby|273/311 brn|[from] brn","|turn|4","|","|move|p2a: Talonflame|Roost|p2a: Talonflame","|-heal|p2a: Talonflame|317/317","|move|p1a: Diggersby|Return|p2a: Talonflame","|-damage|p2a: Talonflame|187/317","|","|-heal|p2a: Talonflame|206/317|[from] item: Leftovers","|-damage|p1a: Diggersby|235/311 brn|[from] brn","|turn|5","|","|switch|p2a: Diancie|Diancie|241/241","|move|p1a: Diggersby|Return|p2a: Diancie","|-resisted|p2a: Diancie","|-damage|p2a: Diancie|199/241","|","|-damage|p1a: Diggersby|197/311 brn|[from] brn","|turn|6","|","|switch|p2a: Talonflame|Talonflame, F|206/317","|move|p1a: Diggersby|Earthquake|p2a: Talonflame","|-immune|p2a: Talonflame|[msg]","|","|-heal|p2a: Talonflame|225/317|[from] item: Leftovers","|-damage|p1a: Diggersby|159/311 brn|[from] brn","|turn|7","|","|move|p2a: Talonflame|Roost|p2a: Talonflame","|-heal|p2a: Talonflame|317/317","|move|p1a: Diggersby|Earthquake|p2a: Talonflame","|-supereffective|p2a: Talonflame","|-damage|p2a: Talonflame|23/317","|","|-heal|p2a: Talonflame|42/317|[from] item: Leftovers","|-damage|p1a: Diggersby|121/311 brn|[from] brn","|turn|8","|","|move|p2a: Talonflame|Swords Dance|p2a: Talonflame","|-boost|p2a: Talonflame|atk|2","|move|p1a: Diggersby|Earthquake|p2a: Talonflame","|-immune|p2a: Talonflame|[msg]","|","|-heal|p2a: Talonflame|61/317|[from] item: Leftovers","|-damage|p1a: Diggersby|83/311 brn|[from] brn","|turn|9","|","|move|p2a: Talonflame|Roost|p2a: Talonflame","|-heal|p2a: Talonflame|220/317","|move|p1a: Diggersby|Return|p2a: Talonflame","|-damage|p2a: Talonflame|73/317","|","|-heal|p2a: Talonflame|92/317|[from] item: Leftovers","|-damage|p1a: Diggersby|45/311 brn|[from] brn","|turn|10","|","|move|p2a: Talonflame|Brave Bird|p1a: Diggersby","|-damage|p1a: Diggersby|0 fnt","|-damage|p2a: Talonflame|77/317|[from] recoil|[of] p1a: Diggersby","|faint|p1a: Diggersby","|","|-heal|p2a: Talonflame|96/317|[from] item: Leftovers","|","|switch|p1a: Jirachi|Jirachi|341/341","|-damage|p1a: Jirachi|320/341|[from] Stealth Rock","|turn|11","|","|move|p1a: Jirachi|Trick|p2a: Talonflame","|-activate|p1a: Jirachi|move: Trick|[of] p2a: Talonflame","|-item|p2a: Talonflame|Choice Scarf|[from] move: Trick","|-item|p1a: Jirachi|Leftovers|[from] move: Trick","|move|p2a: Talonflame|Will-O-Wisp|p1a: Jirachi","|-status|p1a: Jirachi|brn","|","|-heal|p1a: Jirachi|341/341 brn|[from] item: Leftovers","|-damage|p1a: Jirachi|299/341 brn|[from] brn","|turn|12","|","|switch|p2a: Garchomp|Garchomp, M|174/379","|switch|p1a: Latios|Latios, M|301/301","|-damage|p1a: Latios|264/301|[from] Stealth Rock","|","|turn|13","|","|switch|p2a: Diancie|Diancie|199/241","|move|p1a: Latios|Defog|p2a: Diancie","|-fail|p2a: Diancie|unboost|[from] ability: Clear Body|[of] p2a: Diancie","|-sideend|p1: ave exitium|Stealth Rock|[from] move: Defog|[of] p1a: Latios","|","|turn|14","|","|detailschange|p2a: Diancie|Diancie-Mega","|-mega|p2a: Diancie|Diancie|Diancite","|move|p1a: Latios|Psyshock|p2a: Diancie","|-damage|p2a: Diancie|14/241","|-damage|p1a: Latios|234/301|[from] item: Life Orb","|move|p2a: Diancie|Rock Polish|p2a: Diancie","|-boost|p2a: Diancie|spe|2","|","|turn|15","|","|move|p2a: Diancie|Moonblast|p1a: Latios","|-crit|p1a: Latios","|-supereffective|p1a: Latios","|-damage|p1a: Latios|0 fnt","|faint|p1a: Latios","|","|","|switch|p1a: Weavile|Weavile, M|281/281","|turn|16","|","|switch|p2a: Starmie|Starmie|261/261","|move|p1a: Weavile|Ice Shard|p2a: Starmie","|-resisted|p2a: Starmie","|-damage|p2a: Starmie|214/261","|-damage|p1a: Weavile|253/281|[from] item: Life Orb","|","|turn|17","|","|switch|p2a: Garchomp|Garchomp, M|174/379","|move|p1a: Weavile|Knock Off|p2a: Garchomp","|-damage|p2a: Garchomp|0 fnt","|-damage|p1a: Weavile|218/281|[from] ability: Rough Skin|[of] p2a: Garchomp","|-enditem|p2a: Garchomp|Focus Sash|[from] move: Knock Off|[of] p1a: Weavile","|-damage|p1a: Weavile|190/281|[from] item: Life Orb","|faint|p2a: Garchomp","|","|","|switch|p2a: Talonflame|Talonflame, F|96/317","|turn|18","|","|switch|p1a: Landorus-Therian|Landorus-Therian, M|319/319","|-ability|p1a: Landorus-Therian|Intimidate","|-unboost|p2a: Talonflame|atk|1","|move|p2a: Talonflame|Will-O-Wisp|p1a: Landorus-Therian","|-status|p1a: Landorus-Therian|brn","|-enditem|p1a: Landorus-Therian|Lum Berry|[eat]","|-curestatus|p1a: Landorus-Therian|brn","|","|turn|19","|","|move|p2a: Talonflame|Will-O-Wisp|p1a: Landorus-Therian","|-status|p1a: Landorus-Therian|brn","|move|p1a: Landorus-Therian|Earthquake|p2a: Talonflame","|-immune|p2a: Talonflame|[msg]","|","|-damage|p1a: Landorus-Therian|280/319 brn|[from] brn","|turn|20","|","|switch|p2a: Starmie|Starmie|214/261","|move|p1a: Landorus-Therian|Earthquake|p2a: Starmie","|-damage|p2a: Starmie|103/261","|","|-damage|p1a: Landorus-Therian|241/319 brn|[from] brn","|turn|21","|","|switch|p1a: Jirachi|Jirachi|299/341 brn","|move|p2a: Starmie|Hydro Pump|p1a: Jirachi","|-crit|p1a: Jirachi","|-damage|p1a: Jirachi|0 fnt","|-damage|p2a: Starmie|77/261|[from] item: Life Orb","|faint|p1a: Jirachi","|","|","|switch|p1a: Weavile|Weavile, M|190/281","|turn|22","|","|switch|p2a: Magnezone|Magnezone|314/314","|move|p1a: Weavile|Knock Off|p2a: Magnezone","|-damage|p2a: Magnezone|118/314","|-enditem|p2a: Magnezone|Choice Specs|[from] move: Knock Off|[of] p1a: Weavile","|-damage|p1a: Weavile|162/281|[from] item: Life Orb","|","|turn|23","|","|move|p1a: Weavile|Knock Off|p2a: Magnezone","|-damage|p2a: Magnezone|1/314","|-damage|p1a: Weavile|134/281|[from] item: Life Orb","|move|p2a: Magnezone|Volt Switch|p1a: Weavile","|-damage|p1a: Weavile|0 fnt","|faint|p1a: Weavile","|","|switch|p2a: Talonflame|Talonflame, F|96/317","|","|","|switch|p1a: Charizard|Charizard, F|297/297","|turn|24","|","|detailschange|p1a: Charizard|Charizard-Mega-X, F","|-mega|p1a: Charizard|Charizard|Charizardite X","|move|p2a: Talonflame|Brave Bird|p1a: Charizard","|-damage|p1a: Charizard|147/297","|-damage|p2a: Talonflame|46/317|[from] recoil|[of] p1a: Charizard","|move|p1a: Charizard|Dragon Dance|p1a: Charizard","|-boost|p1a: Charizard|atk|1","|-boost|p1a: Charizard|spe|1","|","|turn|25","|","|move|p2a: Talonflame|Brave Bird|p1a: Charizard","|-damage|p1a: Charizard|0 fnt","|-damage|p2a: Talonflame|0 fnt|[from] recoil|[of] p1a: Charizard","|faint|p1a: Charizard","|faint|p2a: Talonflame","|","|","|win|fritolino"],"p1rating":{"entryid":"7698478","serverid":"eos","formatid":"ou","userid":"aveexitium","username":"ave exitium","w":"1","l":4,"t":"0","gxe":39.4,"r":"1500","rd":"130","sigma":"0","rptime":"1439802000","rpr":1415.5944921693,"rprd":102.83219891053,"rpsigma":"0","acre":1000,"lacre":1000,"oldacre":"1000"},"p2rating":{"entryid":"7698402","serverid":"eos","formatid":"ou","userid":"fritolino","username":"fritolino","w":3,"l":"0","t":"0","gxe":62.3,"r":"1500","rd":"130","sigma":"0","rptime":"1439802000","rpr":1599.2675350834,"rprd":111.51861011339,"rpsigma":"0","acre":1101.473082691,"lacre":1101.473082691,"oldacre":"1079.7631124916"},"endType":"forfeit"}