{"seed":[58378,23727,59108,53819],"turns":32,"p1":"Logic","p2":"dont wanna b slow","p1team":[{"name":"Manaphy","species":"Manaphy","item":"leftovers","ability":"Hydration","moves":["calmmind","raindance","rest","scald"],"nature":"Bold","evs":{"hp":240,"atk":0,"def":148,"spa":0,"spd":0,"spe":120},"ivs":{"hp":31,"atk":0,"def":31,"spa":31,"spd":31,"spe":31}},{"name":"Manectric","species":"Manectric","item":"manectite","ability":"Static","moves":["thunderbolt","hiddenpowerice","flamethrower","voltswitch"],"nature":"Timid","evs":{"hp":0,"atk":0,"def":0,"spa":252,"spd":4,"spe":252},"ivs":{"hp":31,"atk":30,"def":30,"spa":31,"spd":31,"spe":31}},{"name":"Latios","species":"Latios","item":"lifeorb","ability":"Levitate","moves":["dracometeor","psyshock","recover","defog"],"nature":"Timid","evs":{"hp":0,"atk":0,"def":0,"spa":252,"spd":4,"spe":252},"ivs":{"hp":29,"atk":0,"def":31,"spa":31,"spd":31,"spe":31}},{"name":"Ferrothorn","species":"Ferrothorn","item":"leftovers","ability":"Iron Barbs","moves":["stealthrock","leechseed","powerwhip","gyroball"],"nature":"Relaxed","evs":{"hp":252,"atk":0,"def":148,"spa":0,"spd":108,"spe":0},"ivs":{"hp":31,"atk":31,"def":31,"spa":31,"spd":31,"spe":0}},{"name":"Landorus-Therian","species":"Landorus-Therian","item":"leftovers","ability":"Intimidate","moves":["rockpolish","swordsdance","stoneedge","earthquake"],"nature":"Adamant","evs":{"hp":168,"atk":84,"def":0,"spa":0,"spd":24,"spe":232},"ivs":{"hp":31,"atk":31,"def":31,"spa":31,"spd":31,"spe":31}},{"name":"Clefable","species":"Clefable","item":"leftovers","ability":"Magic Guard","moves":["thunderwave","calmmind","moonblast","softboiled"],"nature":"Sassy","evs":{"hp":252,"atk":0,"def":188,"spa":0,"spd":68,"spe":0},"gender":"F","ivs":{"hp":31,"atk":31,"def":31,"spa":31,"spd":31,"spe":16}}],"p2team":[{"name":"Skarmory","species":"Skarmory","item":"custapberry","ability":"Sturdy","moves":["spikes","stealthrock","taunt","ironhead"],"nature":"Jolly","evs":{"hp":4,"atk":108,"def":0,"spa":0,"spd":144,"spe":252},"ivs":{"hp":31,"atk":31,"def":31,"spa":31,"spd":31,"spe":31}},{"name":"Alakazam","species":"Alakazam","item":"lifeorb","ability":"Magic Guard","moves":["psychic","focusblast","shadowball","hiddenpowerfire"],"nature":"Timid","evs":{"hp":0,"atk":0,"def":0,"spa":252,"spd":4,"spe":252},"ivs":{"hp":31,"atk":2,"def":31,"spa":30,"spd":31,"spe":30}},{"name":"Weavile","species":"Weavile","item":"lifeorb","ability":"Pickpocket","moves":["knockoff","iciclecrash","iceshard","pursuit"],"nature":"Jolly","evs":{"hp":0,"atk":252,"def":0,"spa":0,"spd":4,"spe":252},"ivs":{"hp":29,"atk":31,"def":31,"spa":31,"spd":31,"spe":31}},{"name":"Landorus-Therian","species":"Landorus-Therian","item":"choicescarf","ability":"Intimidate","moves":["uturn","earthquake","stoneedge","knockoff"],"nature":"Jolly","evs":{"hp":0,"atk":252,"def":4,"spa":0,"spd":0,"spe":252},"ivs":{"hp":31,"atk":31,"def":31,"spa":31,"spd":31,"spe":31}},{"name":"Altaria","species":"Altaria","item":"altarianite","ability":"Natural Cure","moves":["dragondance","roost","return","refresh"],"nature":"Jolly","evs":{"hp":240,"atk":0,"def":16,"spa":0,"spd":0,"spe":252},"ivs":{"hp":31,"atk":31,"def":31,"spa":31,"spd":31,"spe":31}},{"name":"Manaphy","species":"Manaphy","item":"salacberry","ability":"Hydration","moves":["tailglow","scald","icebeam","substitute"],"nature":"Timid","evs":{"hp":28,"atk":0,"def":0,"spa":224,"spd":4,"spe":252},"ivs":{"hp":31,"atk":0,"def":31,"spa":31,"spd":31,"spe":31}}],"log":["|player|p1|Logic|logic.gif","|player|p2|dont wanna b slow|20","|gametype|singles","|gen|6","|tier|OU","|rated","|clearpoke","|poke|p1|Manaphy","|poke|p1|Manectric, M","|poke|p1|Latios, M","|poke|p1|Ferrothorn, F","|poke|p1|Landorus-Therian, M","|poke|p1|Clefable, F","|poke|p2|Skarmory, M","|poke|p2|Alakazam, M","|poke|p2|Weavile, M","|poke|p2|Landorus-Therian, M","|poke|p2|Altaria, M","|poke|p2|Manaphy","|rule|Swagger Clause: Swagger is banned","|rule|Baton Pass Clause: Limit one Baton Passer, can't pass Spe and other stats simultaneously","|rule|Sleep Clause Mod: Limit one foe put to sleep","|rule|Species Clause: Limit one of each Pokémon","|rule|OHKO Clause: OHKO moves are banned","|rule|Moody Clause: Moody is banned","|rule|Evasion Moves Clause: Evasion moves are banned","|rule|Endless Battle Clause: Forcing endless battles is banned","|rule|HP Percentage Mod: HP is shown in percentages","|teampreview","|","|start","|switch|p1a: Manectric|Manectric, M|281/281","|switch|p2a: Skarmory|Skarmory, M|272/272","|turn|1","|","|detailschange|p1a: Manectric|Manectric-Mega, M","|-mega|p1a: Manectric|Manectric|Manectite","|-ability|p1a: Manectric|Intimidate","|-unboost|p2a: Skarmory|atk|1","|move|p1a: Manectric|Flamethrower|p2a: Skarmory","|-supereffective|p2a: Skarmory","|-damage|p2a: Skarmory|14/272","|move|p2a: Skarmory|Stealth Rock|p1a: Manectric","|-sidestart|p1: Logic|move: Stealth Rock","|","|turn|2","|-enditem|p2a: Skarmory|Custap Berry|[eat]","|-activate|p2a: Skarmory|Custap Berry","|","|move|p2a: Skarmory|Spikes|p1a: Manectric","|-sidestart|p1: Logic|Spikes","|move|p1a: Manectric|Flamethrower|p2a: Skarmory","|-supereffective|p2a: Skarmory","|-damage|p2a: Skarmory|0 fnt","|faint|p2a: Skarmory","|","|","|switch|p2a: Alakazam|Alakazam, M|251/251","|turn|3","|","|move|p1a: Manectric|Thunderbolt|p2a: Alakazam","|-damage|p2a: Alakazam|85/251","|move|p2a: Alakazam|Psychic|p1a: Manectric","|-damage|p1a: Manectric|18/281","|","|turn|4","|","|switch|p2a: Landorus-Therian|Landorus-Therian, M|319/319","|-ability|p2a: Landorus-Therian|Intimidate","|-unboost|p1a: Manectric|atk|1","|move|p1a: Manectric|Flamethrower|p2a: Landorus-Therian","|-damage|p2a: Landorus-Therian|188/319","|","|turn|5","|","|switch|p1a: Landorus-Therian|Landorus-Therian, M|361/361","|-damage|p1a: Landorus-Therian|316/361|[from] Stealth Rock","|-ability|p1a: Landorus-Therian|Intimidate","|-unboost|p2a: Landorus-Therian|atk|1","|move|p2a: Landorus-Therian|U-turn|p1a: Landorus-Therian","|-resisted|p1a: Landorus-Therian","|-damage|p1a: Landorus-Therian|280/361","|","|switch|p2a: Weavile|Weavile, M|279/279","|","|-heal|p1a: Landorus-Therian|302/361|[from] item: Leftovers","|turn|6","|","|switch|p1a: Ferrothorn|Ferrothorn, F|352/352","|-damage|p1a: Ferrothorn|308/352|[from] Spikes","|-damage|p1a: Ferrothorn|286/352|[from] Stealth Rock","|move|p2a: Weavile|Icicle Crash|p1a: Ferrothorn","|-damage|p1a: Ferrothorn|156/352","|-damage|p2a: Weavile|252/279|[from] item: Life Orb","|","|-heal|p1a: Ferrothorn|178/352|[from] item: Leftovers","|turn|7","|","|move|p2a: Weavile|Knock Off|p1a: Ferrothorn","|-damage|p1a: Ferrothorn|49/352","|-damage|p2a: Weavile|218/279|[from] ability: Iron Barbs|[of] p1a: Ferrothorn","|-enditem|p1a: Ferrothorn|Leftovers|[from] move: Knock Off|[of] p2a: Weavile","|-damage|p2a: Weavile|191/279|[from] item: Life Orb","|move|p1a: Ferrothorn|Gyro Ball|p2a: Weavile","|-supereffective|p2a: Weavile","|-damage|p2a: Weavile|0 fnt","|faint|p2a: Weavile","|","|","|switch|p2a: Alakazam|Alakazam, M|85/251","|turn|8","|","|move|p2a: Alakazam|Psychic|p1a: Ferrothorn","|-resisted|p1a: Ferrothorn","|-damage|p1a: Ferrothorn|0 fnt","|faint|p1a: Ferrothorn","|","|","|switch|p1a: Clefable|Clefable, F|394/394","|turn|9","|","|move|p2a: Alakazam|Psychic|p1a: Clefable","|-damage|p1a: Clefable|198/394","|move|p1a: Clefable|Thunder Wave|p2a: Alakazam","|-status|p2a: Alakazam|par","|","|-heal|p1a: Clefable|222/394|[from] item: Leftovers","|turn|10","|","|switch|p2a: Manaphy|Manaphy|348/348","|move|p1a: Clefable|Calm Mind|p1a: Clefable","|-boost|p1a: Clefable|spa|1","|-boost|p1a: Clefable|spd|1","|","|-heal|p1a: Clefable|246/394|[from] item: Leftovers","|turn|11","|","|move|p2a: Manaphy|Substitute|p2a: Manaphy","|-start|p2a: Manaphy|Substitute","|-damage|p2a: Manaphy|261/348","|move|p1a: Clefable|Thunder Wave|p2a: Manaphy","|-fail|p2a: Manaphy","|","|-heal|p1a: Clefable|270/394|[from] item: Leftovers","|turn|12","|","|move|p2a: Manaphy|Tail Glow|p2a: Manaphy","|-boost|p2a: Manaphy|spa|3","|move|p1a: Clefable|Moonblast|p2a: Manaphy","|-end|p2a: Manaphy|Substitute","|","|-heal|p1a: Clefable|294/394|[from] item: Leftovers","|turn|13","|","|move|p2a: Manaphy|Scald|p1a: Clefable","|-crit|p1a: Clefable","|-damage|p1a: Clefable|0 fnt","|faint|p1a: Clefable","|","|","|switch|p1a: Latios|Latios, M|299/299","|-damage|p1a: Latios|262/299|[from] Stealth Rock","|turn|14","|","|switch|p2a: Alakazam|Alakazam, M|85/251 par","|move|p1a: Latios|Defog|p2a: Alakazam","|-unboost|p2a: Alakazam|evasion|1","|-sideend|p1: Logic|Spikes|[from] move: Defog|[of] p1a: Latios","|-sideend|p1: Logic|Stealth Rock|[from] move: Defog|[of] p1a: Latios","|","|turn|15","|","|move|p1a: Latios|Psyshock|p2a: Alakazam","|-resisted|p2a: Alakazam","|-damage|p2a: Alakazam|0 fnt","|-damage|p1a: Latios|233/299|[from] item: Life Orb","|faint|p2a: Alakazam","|","|","|switch|p2a: Landorus-Therian|Landorus-Therian, M|188/319","|-ability|p2a: Landorus-Therian|Intimidate","|-unboost|p1a: Latios|atk|1","|turn|16","|","|switch|p1a: Landorus-Therian|Landorus-Therian, M|302/361","|-ability|p1a: Landorus-Therian|Intimidate","|-unboost|p2a: Landorus-Therian|atk|1","|move|p2a: Landorus-Therian|Knock Off|p1a: Landorus-Therian","|-damage|p1a: Landorus-Therian|213/361","|-enditem|p1a: Landorus-Therian|Leftovers|[from] move: Knock Off|[of] p2a: Landorus-Therian","|","|turn|17","|","|switch|p2a: Manaphy|Manaphy|261/348","|move|p1a: Landorus-Therian|Earthquake|p2a: Manaphy","|-damage|p2a: Manaphy|60/348","|-enditem|p2a: Manaphy|Salac Berry|[eat]","|-boost|p2a: Manaphy|spe|1|[from] item: Salac Berry","|","|turn|18","|","|switch|p1a: Manaphy|Manaphy|401/401","|move|p2a: Manaphy|Ice Beam|p1a: Manaphy","|-resisted|p1a: Manaphy","|-damage|p1a: Manaphy|356/401","|","|-heal|p1a: Manaphy|381/401|[from] item: Leftovers","|turn|19","|","|move|p2a: Manaphy|Scald|p1a: Manaphy","|-resisted|p1a: Manaphy","|-damage|p1a: Manaphy|319/401","|move|p1a: Manaphy|Scald|p2a: Manaphy","|-resisted|p2a: Manaphy","|-damage|p2a: Manaphy|12/348","|","|-heal|p1a: Manaphy|344/401|[from] item: Leftovers","|turn|20","|","|move|p2a: Manaphy|Scald|p1a: Manaphy","|-resisted|p1a: Manaphy","|-damage|p1a: Manaphy|282/401","|move|p1a: Manaphy|Scald|p2a: Manaphy","|-resisted|p2a: Manaphy","|-damage|p2a: Manaphy|0 fnt","|faint|p2a: Manaphy","|","|-heal|p1a: Manaphy|307/401|[from] item: Leftovers","|","|switch|p2a: Altaria|Altaria, M|351/351","|turn|21","|","|detailschange|p2a: Altaria|Altaria-Mega, M","|-mega|p2a: Altaria|Altaria|Altarianite","|move|p2a: Altaria|Dragon Dance|p2a: Altaria","|-boost|p2a: Altaria|atk|1","|-boost|p2a: Altaria|spe|1","|move|p1a: Manaphy|Scald|p2a: Altaria","|-resisted|p2a: Altaria","|-damage|p2a: Altaria|308/351","|","|-heal|p1a: Manaphy|332/401|[from] item: Leftovers","|turn|22","|","|move|p2a: Altaria|Dragon Dance|p2a: Altaria","|-boost|p2a: Altaria|atk|1","|-boost|p2a: Altaria|spe|1","|move|p1a: Manaphy|Scald|p2a: Altaria","|-resisted|p2a: Altaria","|-damage|p2a: Altaria|261/351","|","|-heal|p1a: Manaphy|357/401|[from] item: Leftovers","|turn|23","|","|move|p2a: Altaria|Return|p1a: Manaphy","|-damage|p1a: Manaphy|84/401","|move|p1a: Manaphy|Scald|p2a: Altaria","|-resisted|p2a: Altaria","|-damage|p2a: Altaria|219/351","|-status|p2a: Altaria|brn","|","|-heal|p1a: Manaphy|109/401|[from] item: Leftovers","|-damage|p2a: Altaria|176/351 brn|[from] brn","|turn|24","|","|move|p2a: Altaria|Refresh|p2a: Altaria","|-curestatus|p2a: Altaria|brn","|move|p1a: Manaphy|Scald|p2a: Altaria","|-resisted|p2a: Altaria","|-damage|p2a: Altaria|130/351","|","|-heal|p1a: Manaphy|134/401|[from] item: Leftovers","|turn|25","|","|switch|p1a: Manectric|Manectric-Mega, M|18/281","|-ability|p1a: Manectric|Intimidate","|-unboost|p2a: Altaria|atk|1","|move|p2a: Altaria|Roost|p2a: Altaria","|-heal|p2a: Altaria|306/351","|","|turn|26","|","|move|p2a: Altaria|Return|p1a: Manectric","|-damage|p1a: Manectric|0 fnt","|faint|p1a: Manectric","|","|","|switch|p1a: Landorus-Therian|Landorus-Therian, M|213/361","|-ability|p1a: Landorus-Therian|Intimidate","|-unboost|p2a: Altaria|atk|1","|turn|27","|","|move|p2a: Altaria|Return|p1a: Landorus-Therian","|-damage|p1a: Landorus-Therian|32/361","|move|p1a: Landorus-Therian|Earthquake|p2a: Altaria","|-damage|p2a: Altaria|123/351","|","|turn|28","|","|switch|p1a: Latios|Latios, M|233/299","|move|p2a: Altaria|Roost|p2a: Altaria","|-heal|p2a: Altaria|299/351","|","|turn|29","|","|move|p2a: Altaria|Return|p1a: Latios","|-supereffective|p1a: Latios","|-damage|p1a: Latios|0 fnt","|faint|p1a: Latios","|","|","|switch|p1a: Landorus-Therian|Landorus-Therian, M|32/361","|-ability|p1a: Landorus-Therian|Intimidate","|-unboost|p2a: Altaria|atk|1","|turn|30","|","|move|p2a: Altaria|Return|p1a: Landorus-Therian","|-damage|p1a: Landorus-Therian|0 fnt","|faint|p1a: Landorus-Therian","|","|","|switch|p1a: Manaphy|Manaphy|134/401","|turn|31","|","|move|p2a: Altaria|Return|p1a: Manaphy","|-damage|p1a: Manaphy|41/401","|move|p1a: Manaphy|Rain Dance|p1a: Manaphy","|-weather|RainDance","|","|-weather|RainDance|[upkeep]","|-heal|p1a: Manaphy|66/401|[from] item: Leftovers","|turn|32","|","|move|p2a: Altaria|Return|p1a: Manaphy","|-damage|p1a: Manaphy|0 fnt","|faint|p1a: Manaphy","|","|win|dont wanna b slow"],"p1rating":{"entryid":2182,"formatid":"ou","userid":"logic","username":"Logic","r":1500,"rd":130,"sigma":0,"rpr":1459.8393856612,"rprd":122.8583080769,"rpsigma":0,"rptime":1439802000,"w":0,"l":1,"t":0,"gxe":45,"acre":1000,"lacre":1000,"oldacre":1000},"p2rating":{"entryid":2183,"formatid":"ou","userid":"dontwannabslow","username":"dont wanna b slow","r":1500,"rd":130,"sigma":0,"rpr":1540.1606143388,"rprd":122.8583080769,"rpsigma":0,"rptime":1439802000,"w":1,"l":0,"t":0,"gxe":55,"acre":1040,"lacre":1040,"oldacre":1000},"endType":"normal"}