{"seed":[12382,29883,9559,26499],"turns":52,"p1":"cutjk","p2":"Momomkndhsh","p1team":[{"name":"Crawdaunt","species":"Crawdaunt","item":"focussash","ability":"Adaptability","moves":["crabhammer","aquajet","knockoff","dragondance"],"nature":"Adamant","evs":{"hp":4,"atk":252,"def":0,"spa":0,"spd":0,"spe":252},"ivs":{"hp":31,"atk":31,"def":31,"spa":31,"spd":31,"spe":31}},{"name":"Latias","species":"Latias","item":"lifeorb","ability":"Levitate","moves":["dracometeor","defog","psyshock","roost"],"nature":"Calm","evs":{"hp":4,"atk":0,"def":252,"spa":0,"spd":252,"spe":0},"ivs":{"hp":31,"atk":31,"def":31,"spa":31,"spd":31,"spe":31}},{"name":"Ditto","species":"Ditto","item":"choicescarf","ability":"Imposter","moves":["transform"],"nature":"Bold","evs":{"hp":4,"atk":252,"def":0,"spa":0,"spd":0,"spe":252},"ivs":{"hp":31,"atk":31,"def":31,"spa":31,"spd":31,"spe":31}},{"name":"Venusaur","species":"Venusaur","item":"venusaurite","ability":"Overgrow","moves":["gigadrain","sludgebomb","sleeppowder","synthesis"],"nature":"Modest","evs":{"hp":4,"atk":0,"def":252,"spa":0,"spd":252,"spe":0},"ivs":{"hp":31,"atk":31,"def":31,"spa":31,"spd":31,"spe":31}},{"name":"Landorus-Therian","species":"Landorus-Therian","item":"leftovers","ability":"Intimidate","moves":["earthquake","stealthrock","brickbreak","uturn"],"nature":"Serious","evs":{"hp":4,"atk":0,"def":252,"spa":0,"spd":252,"spe":0},"ivs":{"hp":31,"atk":31,"def":31,"spa":31,"spd":31,"spe":31}},{"name":"Heatran","species":"Heatran","item":"airballoon","ability":"Flash Fire","moves":["lavaplume","earthpower","flashcannon","willowisp"],"nature":"Modest","evs":{"hp":0,"atk":0,"def":252,"spa":252,"spd":0,"spe":0},"ivs":{"hp":31,"atk":31,"def":31,"spa":31,"spd":31,"spe":31}}],"p2team":[{"name":"Charizard","species":"Charizard","item":"charizarditex","ability":"Blaze","moves":["dragondance","dragonclaw","earthquake","roost"],"nature":"Adamant","evs":{"hp":252,"atk":0,"def":0,"spa":0,"spd":4,"spe":252},"shiny":true,"ivs":{"hp":31,"atk":31,"def":31,"spa":31,"spd":31,"spe":31}},{"name":"Alakazam","species":"Alakazam","item":"focussash","ability":"Magic Guard","moves":["psychic","shadowball","energyball","dazzlinggleam"],"nature":"Timid","evs":{"hp":4,"atk":0,"def":0,"spa":252,"spd":0,"spe":252},"shiny":true,"ivs":{"hp":31,"atk":31,"def":31,"spa":31,"spd":31,"spe":31}},{"name":"Conkeldurr","species":"Conkeldurr","item":"assaultvest","ability":"Iron Fist","moves":["machpunch","drainpunch","icepunch","poisonjab"],"nature":"Adamant","evs":{"hp":248,"atk":252,"def":0,"spa":0,"spd":8,"spe":0},"shiny":true,"ivs":{"hp":31,"atk":31,"def":31,"spa":31,"spd":31,"spe":31}},{"name":"Heatran","species":"Heatran","item":"choicescarf","ability":"Flash Fire","moves":["overheat","fireblast","earthpower","flashcannon"],"nature":"Timid","evs":{"hp":4,"atk":0,"def":0,"spa":252,"spd":0,"spe":252},"shiny":true,"ivs":{"hp":31,"atk":31,"def":31,"spa":31,"spd":31,"spe":31}},{"name":"Blissey","species":"Blissey","item":"leftovers","ability":"Natural Cure","moves":["healbell","wish","protect","toxic"],"nature":"Bold","evs":{"hp":252,"atk":0,"def":252,"spa":0,"spd":4,"spe":0},"ivs":{"hp":31,"atk":31,"def":31,"spa":31,"spd":31,"spe":31}},{"name":"Hoopa-Unbound","species":"Hoopa-Unbound","item":"lifeorb","ability":"Magician","moves":["darkpulse","zenheadbutt","focusblast","knockoff"],"nature":"Hasty","evs":{"hp":4,"atk":0,"def":0,"spa":252,"spd":0,"spe":252},"ivs":{"hp":31,"atk":31,"def":31,"spa":31,"spd":31,"spe":31}}],"log":["|player|p1|cutjk|101","|player|p2|Momomkndhsh|113","|gametype|singles","|gen|6","|tier|OU","|rated","|clearpoke","|poke|p1|Crawdaunt, F","|poke|p1|Latias, F","|poke|p1|Ditto","|poke|p1|Venusaur, M","|poke|p1|Landorus-Therian, M","|poke|p1|Heatran, M","|poke|p2|Charizard, F, shiny","|poke|p2|Alakazam, F, shiny","|poke|p2|Conkeldurr, M, shiny","|poke|p2|Heatran, F, shiny","|poke|p2|Blissey, F","|poke|p2|Hoopa-Unbound","|rule|Swagger Clause: Swagger is banned","|rule|Baton Pass Clause: Limit one Baton Passer, can't pass Spe and other stats simultaneously","|rule|Sleep Clause Mod: Limit one foe put to sleep","|rule|Species Clause: Limit one of each Pokémon","|rule|OHKO Clause: OHKO moves are banned","|rule|Moody Clause: Moody is banned","|rule|Evasion Moves Clause: Evasion moves are banned","|rule|Endless Battle Clause: Forcing endless battles is banned","|rule|HP Percentage Mod: HP is shown in percentages","|teampreview","|","|start","|switch|p1a: Crawdaunt|Crawdaunt, F|268/268","|switch|p2a: Charizard|Charizard, F, shiny|360/360","|turn|1","|","|detailschange|p2a: Charizard|Charizard-Mega-X, F, shiny","|-mega|p2a: Charizard|Charizard|Charizardite X","|move|p2a: Charizard|Dragon Claw|p1a: Crawdaunt","|-damage|p1a: Crawdaunt|69/268","|move|p1a: Crawdaunt|Dragon Dance|p1a: Crawdaunt","|-boost|p1a: Crawdaunt|atk|1","|-boost|p1a: Crawdaunt|spe|1","|","|turn|2","|","|move|p1a: Crawdaunt|Crabhammer|p2a: Charizard","|-damage|p2a: Charizard|24/360","|move|p2a: Charizard|Roost|p2a: Charizard","|-heal|p2a: Charizard|204/360","|","|turn|3","|","|switch|p2a: Conkeldurr|Conkeldurr, M, shiny|413/413","|move|p1a: Crawdaunt|Crabhammer|p2a: Conkeldurr","|-damage|p2a: Conkeldurr|0 fnt","|faint|p2a: Conkeldurr","|","|","|switch|p2a: Heatran|Heatran, F, shiny|324/324","|turn|4","|","|move|p2a: Heatran|Flash Cannon|p1a: Crawdaunt","|-resisted|p1a: Crawdaunt","|-damage|p1a: Crawdaunt|0 fnt","|faint|p1a: Crawdaunt","|","|","|switch|p1a: Heatran|Heatran, M|323/323","|-item|p1a: Heatran|Air Balloon","|turn|5","|","|switch|p2a: Hoopa-Unbound|Hoopa-Unbound|302/302","|move|p1a: Heatran|Earth Power|p2a: Hoopa-Unbound","|-damage|p2a: Hoopa-Unbound|208/302","|","|turn|6","|","|move|p2a: Hoopa-Unbound|Focus Blast|p1a: Heatran|[miss]","|-miss|p2a: Hoopa-Unbound|p1a: Heatran","|move|p1a: Heatran|Will-O-Wisp|p2a: Hoopa-Unbound","|-status|p2a: Hoopa-Unbound|brn","|","|-damage|p2a: Hoopa-Unbound|171/302 brn|[from] brn","|turn|7","|","|switch|p1a: Landorus-Therian|Landorus-Therian, M|320/320","|-ability|p1a: Landorus-Therian|Intimidate","|-unboost|p2a: Hoopa-Unbound|atk|1","|move|p2a: Hoopa-Unbound|Focus Blast|p1a: Landorus-Therian","|-resisted|p1a: Landorus-Therian","|-damage|p1a: Landorus-Therian|217/320","|-damage|p2a: Hoopa-Unbound|141/302 brn|[from] item: Life Orb","|","|-heal|p1a: Landorus-Therian|237/320|[from] item: Leftovers","|-damage|p2a: Hoopa-Unbound|104/302 brn|[from] brn","|turn|8","|","|move|p2a: Hoopa-Unbound|Dark Pulse|p1a: Landorus-Therian","|-damage|p1a: Landorus-Therian|38/320","|-damage|p2a: Hoopa-Unbound|74/302 brn|[from] item: Life Orb","|move|p1a: Landorus-Therian|Earthquake|p2a: Hoopa-Unbound","|-damage|p2a: Hoopa-Unbound|0 fnt","|faint|p2a: Hoopa-Unbound","|","|-heal|p1a: Landorus-Therian|58/320|[from] item: Leftovers","|","|switch|p2a: Heatran|Heatran, F, shiny|324/324","|turn|9","|","|switch|p1a: Heatran|Heatran, M|323/323","|-item|p1a: Heatran|Air Balloon","|move|p2a: Heatran|Flash Cannon|p1a: Heatran","|-resisted|p1a: Heatran","|-damage|p1a: Heatran|287/323","|-enditem|p1a: Heatran|Air Balloon","|","|turn|10","|","|switch|p2a: Blissey|Blissey, F|714/714","|move|p1a: Heatran|Earth Power|p2a: Blissey","|-damage|p2a: Blissey|625/714","|","|-heal|p2a: Blissey|669/714|[from] item: Leftovers","|turn|11","|","|switch|p1a: Ditto|Ditto|238/238","|-transform|p1a: Ditto|p2a: Blissey","|move|p2a: Blissey|Wish|p2a: Blissey","|","|-heal|p2a: Blissey|713/714|[from] item: Leftovers","|turn|12","|","|switch|p1a: Heatran|Heatran, M|287/323","|move|p2a: Blissey|Toxic|p1a: Heatran","|-immune|p1a: Heatran|[msg]","|","|-heal|p2a: Blissey|714/714|[from] move: Wish|[wisher] Blissey","|turn|13","|","|move|p1a: Heatran|Earth Power|p2a: Blissey","|-damage|p2a: Blissey|628/714","|move|p2a: Blissey|Wish|p2a: Blissey","|","|-heal|p2a: Blissey|672/714|[from] item: Leftovers","|turn|14","|","|switch|p2a: Charizard|Charizard-Mega-X, F, shiny|204/360","|move|p1a: Heatran|Earth Power|p2a: Charizard","|-supereffective|p2a: Charizard","|-damage|p2a: Charizard|0 fnt","|faint|p2a: Charizard","|","|","|switch|p2a: Heatran|Heatran, F, shiny|324/324","|turn|15","|","|switch|p1a: Landorus-Therian|Landorus-Therian, M|58/320","|-ability|p1a: Landorus-Therian|Intimidate","|-unboost|p2a: Heatran|atk|1","|move|p2a: Heatran|Earth Power|p1a: Landorus-Therian","|-immune|p1a: Landorus-Therian|[msg]","|","|-heal|p1a: Landorus-Therian|78/320|[from] item: Leftovers","|turn|16","|","|switch|p2a: Blissey|Blissey, F|672/714","|move|p1a: Landorus-Therian|Stealth Rock|p2a: Blissey","|-sidestart|p2: Momomkndhsh|move: Stealth Rock","|","|-heal|p1a: Landorus-Therian|98/320|[from] item: Leftovers","|-heal|p2a: Blissey|714/714|[from] item: Leftovers","|turn|17","|","|move|p1a: Landorus-Therian|Brick Break|p2a: Blissey","|-supereffective|p2a: Blissey","|-damage|p2a: Blissey|400/714","|move|p2a: Blissey|Toxic|p1a: Landorus-Therian","|-status|p1a: Landorus-Therian|tox","|","|-heal|p1a: Landorus-Therian|118/320 tox|[from] item: Leftovers","|-heal|p2a: Blissey|444/714|[from] item: Leftovers","|-damage|p1a: Landorus-Therian|98/320 tox|[from] psn","|turn|18","|","|switch|p1a: Ditto|Ditto|238/238","|-transform|p1a: Ditto|p2a: Blissey","|move|p2a: Blissey|Protect|p2a: Blissey","|-fail|p2a: Blissey","|","|-heal|p2a: Blissey|488/714|[from] item: Leftovers","|turn|19","|","|move|p1a: Ditto|Wish|p1a: Ditto","|move|p2a: Blissey|Wish|p2a: Blissey","|","|-heal|p2a: Blissey|532/714|[from] item: Leftovers","|turn|20","|","|switch|p1a: Landorus-Therian|Landorus-Therian, M|98/320 tox","|-ability|p1a: Landorus-Therian|Intimidate","|-unboost|p2a: Blissey|atk|1","|move|p2a: Blissey|Toxic|p1a: Landorus-Therian","|-fail|p1a: Landorus-Therian|tox","|","|-heal|p2a: Blissey|714/714|[from] move: Wish|[wisher] Blissey","|-heal|p1a: Landorus-Therian|217/320 tox|[from] move: Wish|[wisher] Ditto","|-heal|p1a: Landorus-Therian|237/320 tox|[from] item: Leftovers","|-damage|p1a: Landorus-Therian|217/320 tox|[from] psn","|turn|21","|","|move|p1a: Landorus-Therian|Brick Break|p2a: Blissey","|-supereffective|p2a: Blissey","|-damage|p2a: Blissey|420/714","|move|p2a: Blissey|Wish|p2a: Blissey","|","|-heal|p1a: Landorus-Therian|237/320 tox|[from] item: Leftovers","|-heal|p2a: Blissey|464/714|[from] item: Leftovers","|-damage|p1a: Landorus-Therian|197/320 tox|[from] psn","|turn|22","|","|move|p2a: Blissey|Protect|p2a: Blissey","|-singleturn|p2a: Blissey|Protect","|move|p1a: Landorus-Therian|Brick Break|p2a: Blissey","|-activate|p2a: Blissey|Protect","|","|-heal|p2a: Blissey|714/714|[from] move: Wish|[wisher] Blissey","|-heal|p1a: Landorus-Therian|217/320 tox|[from] item: Leftovers","|-damage|p1a: Landorus-Therian|157/320 tox|[from] psn","|turn|23","|","|switch|p1a: Ditto|Ditto|238/238","|-transform|p1a: Ditto|p2a: Blissey","|move|p2a: Blissey|Wish|p2a: Blissey","|","|turn|24","|","|move|p1a: Ditto|Heal Bell|p1a: Ditto","|-cureteam|p1a: Ditto|[from] move: HealBell","|move|p2a: Blissey|Toxic|p1a: Ditto","|-status|p1a: Ditto|tox","|","|-damage|p1a: Ditto|224/238 tox|[from] psn","|turn|25","|","|move|p1a: Ditto|Heal Bell|p1a: Ditto","|-cureteam|p1a: Ditto|[from] move: HealBell","|move|p2a: Blissey|Toxic|p1a: Ditto","|-status|p1a: Ditto|tox","|","|-damage|p1a: Ditto|210/238 tox|[from] psn","|turn|26","|","|move|p1a: Ditto|Heal Bell|p1a: Ditto","|-cureteam|p1a: Ditto|[from] move: HealBell","|move|p2a: Blissey|Wish|p2a: Blissey","|","|turn|27","|","|switch|p1a: Venusaur|Venusaur, M|302/302","|move|p2a: Blissey|Toxic|p1a: Venusaur","|-immune|p1a: Venusaur|[msg]","|","|turn|28","|","|detailschange|p1a: Venusaur|Venusaur-Mega, M","|-mega|p1a: Venusaur|Venusaur|Venusaurite","|move|p1a: Venusaur|Sludge Bomb|p2a: Blissey","|-damage|p2a: Blissey|617/714","|-status|p2a: Blissey|psn","|move|p2a: Blissey|Wish|p2a: Blissey","|","|-heal|p2a: Blissey|661/714 psn|[from] item: Leftovers","|-damage|p2a: Blissey|572/714 psn|[from] psn","|turn|29","|","|switch|p2a: Heatran|Heatran, F, shiny|324/324","|-damage|p2a: Heatran|284/324|[from] Stealth Rock","|move|p1a: Venusaur|Sludge Bomb|p2a: Heatran","|-immune|p2a: Heatran|[msg]","|","|-heal|p2a: Heatran|324/324|[from] move: Wish|[wisher] Blissey","|turn|30","|","|switch|p1a: Landorus-Therian|Landorus-Therian, M|157/320","|-ability|p1a: Landorus-Therian|Intimidate","|-unboost|p2a: Heatran|atk|1","|move|p2a: Heatran|Earth Power|p1a: Landorus-Therian","|-immune|p1a: Landorus-Therian|[msg]","|","|-heal|p1a: Landorus-Therian|177/320|[from] item: Leftovers","|turn|31","|","|switch|p2a: Blissey|Blissey, F|572/714","|-damage|p2a: Blissey|483/714|[from] Stealth Rock","|move|p1a: Landorus-Therian|Brick Break|p2a: Blissey","|-crit|p2a: Blissey","|-supereffective|p2a: Blissey","|-damage|p2a: Blissey|17/714","|","|-heal|p1a: Landorus-Therian|197/320|[from] item: Leftovers","|-heal|p2a: Blissey|61/714|[from] item: Leftovers","|turn|32","|","|switch|p1a: Venusaur|Venusaur-Mega, M|302/302","|move|p2a: Blissey|Protect|p2a: Blissey","|-fail|p2a: Blissey","|","|-heal|p2a: Blissey|105/714|[from] item: Leftovers","|turn|33","|","|move|p1a: Venusaur|Giga Drain|p2a: Blissey","|-damage|p2a: Blissey|11/714","|move|p2a: Blissey|Wish|p2a: Blissey","|","|-heal|p2a: Blissey|55/714|[from] item: Leftovers","|turn|34","|","|move|p2a: Blissey|Protect|p2a: Blissey","|-singleturn|p2a: Blissey|Protect","|move|p1a: Venusaur|Sludge Bomb|p2a: Blissey","|-activate|p2a: Blissey|Protect","|","|-heal|p2a: Blissey|412/714|[from] move: Wish|[wisher] Blissey","|-heal|p2a: Blissey|456/714|[from] item: Leftovers","|turn|35","|","|move|p1a: Venusaur|Sleep Powder|p2a: Blissey","|-status|p2a: Blissey|slp","|cant|p2a: Blissey|slp","|","|-heal|p2a: Blissey|500/714 slp|[from] item: Leftovers","|turn|36","|","|switch|p1a: Heatran|Heatran, M|287/323","|switch|p2a: Heatran|Heatran, F, shiny|324/324","|-damage|p2a: Heatran|284/324|[from] Stealth Rock","|","|turn|37","|","|switch|p1a: Landorus-Therian|Landorus-Therian, M|197/320","|-ability|p1a: Landorus-Therian|Intimidate","|-unboost|p2a: Heatran|atk|1","|move|p2a: Heatran|Overheat|p1a: Landorus-Therian","|-damage|p1a: Landorus-Therian|1/320","|-unboost|p2a: Heatran|spa|2","|","|-heal|p1a: Landorus-Therian|21/320|[from] item: Leftovers","|turn|38","|","|move|p2a: Heatran|Overheat|p1a: Landorus-Therian","|-damage|p1a: Landorus-Therian|0 fnt","|-unboost|p2a: Heatran|spa|2","|faint|p1a: Landorus-Therian","|","|","|switch|p1a: Heatran|Heatran, M|287/323","|turn|39","|","|switch|p2a: Blissey|Blissey, F|500/714","|-damage|p2a: Blissey|411/714|[from] Stealth Rock","|move|p1a: Heatran|Earth Power|p2a: Blissey","|-damage|p2a: Blissey|319/714","|-unboost|p2a: Blissey|spd|1","|","|-heal|p2a: Blissey|363/714|[from] item: Leftovers","|turn|40","|","|move|p2a: Blissey|Protect|p2a: Blissey","|-singleturn|p2a: Blissey|Protect","|move|p1a: Heatran|Will-O-Wisp|p2a: Blissey","|-activate|p2a: Blissey|Protect","|","|-heal|p2a: Blissey|407/714|[from] item: Leftovers","|turn|41","|","|move|p1a: Heatran|Earth Power|p2a: Blissey","|-damage|p2a: Blissey|271/714","|move|p2a: Blissey|Wish|p2a: Blissey","|","|-heal|p2a: Blissey|315/714|[from] item: Leftovers","|turn|42","|","|move|p2a: Blissey|Protect|p2a: Blissey","|-singleturn|p2a: Blissey|Protect","|move|p1a: Heatran|Will-O-Wisp|p2a: Blissey","|-activate|p2a: Blissey|Protect","|","|-heal|p2a: Blissey|672/714|[from] move: Wish|[wisher] Blissey","|-heal|p2a: Blissey|714/714|[from] item: Leftovers","|turn|43","|","|switch|p2a: Heatran|Heatran, F, shiny|284/324","|-damage|p2a: Heatran|244/324|[from] Stealth Rock","|move|p1a: Heatran|Earth Power|p2a: Heatran","|-supereffective|p2a: Heatran","|-damage|p2a: Heatran|0 fnt","|faint|p2a: Heatran","|","|","|switch|p2a: Alakazam|Alakazam, F, shiny|252/252","|turn|44","|","|move|p2a: Alakazam|Shadow Ball|p1a: Heatran","|-damage|p1a: Heatran|188/323","|move|p1a: Heatran|Lava Plume|p2a: Alakazam","|-damage|p2a: Alakazam|74/252","|","|turn|45","|","|move|p2a: Alakazam|Shadow Ball|p1a: Heatran","|-damage|p1a: Heatran|89/323","|move|p1a: Heatran|Lava Plume|p2a: Alakazam","|-damage|p2a: Alakazam|0 fnt","|faint|p2a: Alakazam","|","|","|switch|p2a: Blissey|Blissey, F|714/714","|-damage|p2a: Blissey|625/714|[from] Stealth Rock","|turn|46","|","|move|p1a: Heatran|Flash Cannon|p2a: Blissey","|-damage|p2a: Blissey|507/714","|-unboost|p2a: Blissey|spd|1","|move|p2a: Blissey|Heal Bell|p2a: Blissey","|-cureteam|p2a: Blissey|[from] move: HealBell","|","|-heal|p2a: Blissey|551/714|[from] item: Leftovers","|turn|47","|","|move|p1a: Heatran|Lava Plume|p2a: Blissey","|-damage|p2a: Blissey|383/714","|move|p2a: Blissey|Heal Bell|p2a: Blissey","|-cureteam|p2a: Blissey|[from] move: HealBell","|","|-heal|p2a: Blissey|427/714|[from] item: Leftovers","|turn|48","|","|move|p1a: Heatran|Lava Plume|p2a: Blissey","|-damage|p2a: Blissey|261/714","|move|p2a: Blissey|Heal Bell|p2a: Blissey","|-cureteam|p2a: Blissey|[from] move: HealBell","|","|-heal|p2a: Blissey|305/714|[from] item: Leftovers","|turn|49","|","|move|p2a: Blissey|Protect|p2a: Blissey","|-singleturn|p2a: Blissey|Protect","|move|p1a: Heatran|Lava Plume|p2a: Blissey","|-activate|p2a: Blissey|Protect","|","|-heal|p2a: Blissey|349/714|[from] item: Leftovers","|turn|50","|","|move|p1a: Heatran|Lava Plume|p2a: Blissey","|-damage|p2a: Blissey|168/714","|move|p2a: Blissey|Heal Bell|p2a: Blissey","|-cureteam|p2a: Blissey|[from] move: HealBell","|","|-heal|p2a: Blissey|212/714|[from] item: Leftovers","|turn|51","|","|move|p1a: Heatran|Lava Plume|p2a: Blissey","|-damage|p2a: Blissey|19/714","|move|p2a: Blissey|Toxic|p1a: Heatran","|-immune|p1a: Heatran|[msg]","|","|-heal|p2a: Blissey|63/714|[from] item: Leftovers","|turn|52","|","|move|p1a: Heatran|Lava Plume|p2a: Blissey","|-damage|p2a: Blissey|0 fnt","|faint|p2a: Blissey","|","|win|cutjk"],"p1rating":{"entryid":"7698702","serverid":"eos","formatid":"ou","userid":"cutjk","username":"cutjk","w":2,"l":"2","t":"0","gxe":50,"r":"1500","rd":"130","sigma":"0","rptime":"1439802000","rpr":1500,"rprd":106.91164920561,"rpsigma":"0","acre":1049.7955125611,"lacre":1049.7955125611,"oldacre":"1013.2258544401"},"p2rating":{"entryid":7699235,"formatid":"ou","userid":"momomkndhsh","username":"Momomkndhsh","r":1500,"rd":130,"sigma":0,"rpr":1459.8393856612,"rprd":122.8583080769,"rpsigma":0,"rptime":1439802000,"w":0,"l":1,"t":0,"gxe":45,"acre":1000,"lacre":1000,"oldacre":1000},"endType":"normal"}