{"seed":[35543,43956,9610,3209],"turns":20,"p1":"AbstractBattler101","p2":"mikero334","p1team":[{"name":"Throh","moves":["circlethrow","rest","icepunch","sleeptalk"],"ability":"Mold Breaker","evs":{"hp":85,"atk":85,"def":85,"spa":85,"spd":85,"spe":85},"ivs":{"hp":31,"atk":31,"def":31,"spa":31,"spd":31,"spe":31},"item":"Leftovers","level":82,"shiny":false},{"name":"Lapras","moves":["healbell","hydropump","thunderbolt","substitute"],"ability":"Water Absorb","evs":{"hp":85,"atk":85,"def":85,"spa":85,"spd":85,"spe":85},"ivs":{"hp":31,"atk":31,"def":31,"spa":31,"spd":31,"spe":31},"item":"Leftovers","level":83,"shiny":false},{"name":"Carracosta","moves":["waterfall","earthquake","shellsmash","stoneedge"],"ability":"Sturdy","evs":{"hp":85,"atk":85,"def":85,"spa":85,"spd":85,"spe":85},"ivs":{"hp":31,"atk":31,"def":31,"spa":31,"spd":31,"spe":31},"item":"White Herb","level":83,"shiny":false},{"name":"Cryogonal","moves":["toxic","freezedry","recover","haze"],"ability":"Levitate","evs":{"hp":85,"atk":85,"def":85,"spa":85,"spd":85,"spe":85},"ivs":{"hp":31,"atk":31,"def":31,"spa":31,"spd":31,"spe":31},"item":"Leftovers","level":81,"shiny":false},{"name":"Golem","moves":["suckerpunch","rockblast","earthquake","toxic"],"ability":"Sturdy","evs":{"hp":85,"atk":85,"def":85,"spa":85,"spd":85,"spe":85},"ivs":{"hp":31,"atk":31,"def":31,"spa":31,"spd":31,"spe":31},"item":"Air Balloon","level":83,"shiny":false},{"name":"Mismagius","moves":["nastyplot","shadowball","destinybond","thunderbolt"],"ability":"Levitate","evs":{"hp":85,"atk":85,"def":85,"spa":85,"spd":85,"spe":85},"ivs":{"hp":31,"atk":31,"def":31,"spa":31,"spd":31,"spe":31},"item":"Leftovers","level":81,"shiny":false}],"p2team":[{"name":"Mesprit","moves":["hiddenpowerfire","energyball","healingwish","psychic"],"ability":"Levitate","evs":{"hp":85,"atk":85,"def":85,"spa":85,"spd":85,"spe":85},"ivs":{"hp":31,"atk":30,"def":31,"spa":30,"spd":31,"spe":30},"item":"Leftovers","level":81,"shiny":false},{"name":"Shuckle","moves":["encore","toxic","infestation","knockoff"],"ability":"Sturdy","evs":{"hp":85,"atk":85,"def":85,"spa":85,"spd":85,"spe":85},"ivs":{"hp":31,"atk":31,"def":31,"spa":31,"spd":31,"spe":31},"item":"Leftovers","level":78,"shiny":false},{"name":"Absol","moves":["swordsdance","superpower","playrough","suckerpunch"],"ability":"Justified","evs":{"hp":85,"atk":85,"def":85,"spa":85,"spd":85,"spe":85},"ivs":{"hp":31,"atk":31,"def":31,"spa":31,"spd":31,"spe":31},"item":"Absolite","level":77,"shiny":false},{"name":"Diancie","moves":["stealthrock","reflect","moonblast","diamondstorm"],"ability":"Clear Body","evs":{"hp":85,"atk":85,"def":85,"spa":85,"spd":85,"spe":85},"ivs":{"hp":31,"atk":31,"def":31,"spa":31,"spd":31,"spe":31},"item":"Light Clay","level":77,"shiny":false},{"name":"Roserade","moves":["hiddenpowerfire","sleeppowder","toxicspikes","sludgebomb"],"ability":"Technician","evs":{"hp":85,"atk":85,"def":85,"spa":85,"spd":85,"spe":85},"ivs":{"hp":31,"atk":30,"def":31,"spa":30,"spd":31,"spe":30},"item":"Black Sludge","level":77,"shiny":false},{"name":"Latias","moves":["thunderbolt","dracometeor","healingwish","defog"],"ability":"Levitate","evs":{"hp":85,"atk":85,"def":85,"spa":85,"spd":85,"spe":85},"ivs":{"hp":31,"atk":31,"def":31,"spa":31,"spd":31,"spe":31},"item":"Leftovers","level":75,"shiny":false}],"log":["|player|p1|AbstractBattler101|238","|player|p2|mikero334|102","|gametype|singles","|gen|6","|tier|Random Battle","|rated","|rule|Sleep Clause Mod: Limit one foe put to sleep","|rule|HP Percentage Mod: HP is shown in percentages","|","|start","|switch|p1a: Throh|Throh, L82, M|331/331","|switch|p2a: Mesprit|Mesprit, L81|262/262","|-ability|p1a: Throh|Mold Breaker","|turn|1","|","|move|p2a: Mesprit|Psychic|p1a: Throh","|-supereffective|p1a: Throh","|-damage|p1a: Throh|139/331","|move|p1a: Throh|Ice Punch|p2a: Mesprit","|-damage|p2a: Mesprit|211/262","|","|-heal|p2a: Mesprit|227/262|[from] item: Leftovers","|-heal|p1a: Throh|159/331|[from] item: Leftovers","|turn|2","|","|move|p2a: Mesprit|Psychic|p1a: Throh","|-crit|p1a: Throh","|-supereffective|p1a: Throh","|-damage|p1a: Throh|0 fnt","|faint|p1a: Throh","|","|-heal|p2a: Mesprit|243/262|[from] item: Leftovers","|","|switch|p1a: Mismagius|Mismagius, L81, M|230/230","|turn|3","|","|switch|p2a: Absol|Absol, L77, M|227/227","|move|p1a: Mismagius|Nasty Plot|p1a: Mismagius","|-boost|p1a: Mismagius|spa|2","|","|turn|4","|","|detailschange|p2a: Absol|Absol-Mega, L77, M","|-mega|p2a: Absol|Absol|Absolite","|move|p1a: Mismagius|Thunderbolt|p2a: Absol","|-damage|p2a: Absol|42/227","|move|p2a: Absol|Swords Dance|p2a: Absol","|-boost|p2a: Absol|atk|2","|","|turn|5","|","|move|p2a: Absol|Play Rough|p1a: Mismagius","|-crit|p1a: Mismagius","|-damage|p1a: Mismagius|0 fnt","|faint|p1a: Mismagius","|","|","|switch|p1a: Carracosta|Carracosta, L83, M|259/259","|turn|6","|","|switch|p1a: Cryogonal|Cryogonal, L81|246/246","|move|p2a: Absol|Superpower|p1a: Cryogonal","|-supereffective|p1a: Cryogonal","|-damage|p1a: Cryogonal|0 fnt","|-unboost|p2a: Absol|atk|1","|-unboost|p2a: Absol|def|1","|faint|p1a: Cryogonal","|","|","|switch|p1a: Golem|Golem, L83, M|268/268","|-item|p1a: Golem|Air Balloon","|turn|7","|","|move|p1a: Golem|Sucker Punch|p2a: Absol","|-resisted|p2a: Absol","|-damage|p2a: Absol|0 fnt","|faint|p2a: Absol","|","|","|switch|p2a: Roserade|Roserade, L77, F|219/219","|turn|8","|","|move|p1a: Golem|Sucker Punch|p2a: Roserade","|-fail|p1a: Golem","|move|p2a: Roserade|Toxic Spikes|p1a: Golem","|-sidestart|p1: AbstractBattler101|move: Toxic Spikes","|","|turn|9","|","|move|p2a: Roserade|Toxic Spikes|p1a: Golem","|-sidestart|p1: AbstractBattler101|move: Toxic Spikes","|move|p1a: Golem|Rock Blast|p2a: Roserade","|-damage|p2a: Roserade|179/219","|-damage|p2a: Roserade|136/219","|-damage|p2a: Roserade|96/219","|-damage|p2a: Roserade|51/219","|-damage|p2a: Roserade|9/219","|-hitcount|p2a: Roserade|5","|","|-heal|p2a: Roserade|22/219|[from] item: Black Sludge","|turn|10","|","|move|p1a: Golem|Sucker Punch|p2a: Roserade","|-damage|p2a: Roserade|0 fnt","|faint|p2a: Roserade","|","|","|switch|p2a: Mesprit|Mesprit, L81|243/262","|turn|11","|","|move|p1a: Golem|Sucker Punch|p2a: Mesprit","|-supereffective|p2a: Mesprit","|-damage|p2a: Mesprit|123/262","|move|p2a: Mesprit|Energy Ball|p1a: Golem","|-supereffective|p1a: Golem","|-activate|p1a: Golem|Sturdy","|-damage|p1a: Golem|1/268","|-enditem|p1a: Golem|Air Balloon","|","|-heal|p2a: Mesprit|139/262|[from] item: Leftovers","|turn|12","|","|move|p1a: Golem|Sucker Punch|p2a: Mesprit","|-fail|p1a: Golem","|move|p2a: Mesprit|Healing Wish|p2a: Mesprit","|faint|p2a: Mesprit","|","|","|switch|p2a: Diancie|Diancie, L77|204/204","|-heal|p2a: Diancie|204/204|[from] move: Healing Wish","|turn|13","|","|move|p2a: Diancie|Moonblast|p1a: Golem","|-damage|p1a: Golem|0 fnt","|faint|p1a: Golem","|","|","|switch|p1a: Lapras|Lapras, L83, F|351/351","|-status|p1a: Lapras|tox","|turn|14","|","|switch|p2a: Latias|Latias, L75, F|244/244","|move|p1a: Lapras|Hydro Pump|p2a: Latias","|-resisted|p2a: Latias","|-damage|p2a: Latias|203/244","|","|-heal|p2a: Latias|218/244|[from] item: Leftovers","|-damage|p1a: Lapras|330/351 tox|[from] psn","|turn|15","|","|move|p2a: Latias|Thunderbolt|p1a: Lapras","|-supereffective|p1a: Lapras","|-damage|p1a: Lapras|228/351 tox","|move|p1a: Lapras|Heal Bell|p1a: Lapras","|-cureteam|p1a: Lapras|[from] move: HealBell","|","|-heal|p2a: Latias|233/244|[from] item: Leftovers","|-heal|p1a: Lapras|249/351|[from] item: Leftovers","|turn|16","|","|move|p2a: Latias|Thunderbolt|p1a: Lapras","|-supereffective|p1a: Lapras","|-damage|p1a: Lapras|139/351","|move|p1a: Lapras|Hydro Pump|p2a: Latias","|-resisted|p2a: Latias","|-damage|p2a: Latias|188/244","|","|-heal|p2a: Latias|203/244|[from] item: Leftovers","|-heal|p1a: Lapras|160/351|[from] item: Leftovers","|turn|17","|","|move|p2a: Latias|Thunderbolt|p1a: Lapras","|-supereffective|p1a: Lapras","|-damage|p1a: Lapras|56/351","|move|p1a: Lapras|Thunderbolt|p2a: Latias","|-resisted|p2a: Latias","|-damage|p2a: Latias|178/244","|","|-heal|p2a: Latias|193/244|[from] item: Leftovers","|-heal|p1a: Lapras|77/351|[from] item: Leftovers","|turn|18","|","|move|p2a: Latias|Thunderbolt|p1a: Lapras","|-supereffective|p1a: Lapras","|-damage|p1a: Lapras|0 fnt","|faint|p1a: Lapras","|","|-heal|p2a: Latias|208/244|[from] item: Leftovers","|","|switch|p1a: Carracosta|Carracosta, L83, M|259/259","|-status|p1a: Carracosta|tox","|turn|19","|","|move|p2a: Latias|Draco Meteor|p1a: Carracosta","|-damage|p1a: Carracosta|93/259 tox","|-unboost|p2a: Latias|spa|2","|move|p1a: Carracosta|Shell Smash|p1a: Carracosta","|-boost|p1a: Carracosta|atk|2","|-boost|p1a: Carracosta|spa|2","|-boost|p1a: Carracosta|spe|2","|-unboost|p1a: Carracosta|def|1","|-unboost|p1a: Carracosta|spd|1","|-enditem|p1a: Carracosta|White Herb","|-restoreboost|p1a: Carracosta|[silent]","|","|-heal|p2a: Latias|223/244|[from] item: Leftovers","|-damage|p1a: Carracosta|77/259 tox|[from] psn","|turn|20","|","|move|p2a: Latias|Draco Meteor|p1a: Carracosta","|-damage|p1a: Carracosta|0 fnt","|-unboost|p2a: Latias|spa|2","|faint|p1a: Carracosta","|","|win|mikero334"],"p1rating":{"entryid":7090226,"formatid":"randombattle","userid":"abstractbattler101","username":"AbstractBattler101","r":1500,"rd":130,"sigma":0,"rpr":1459.8393856612,"rprd":122.8583080769,"rpsigma":0,"rptime":1437555600,"w":0,"l":1,"t":0,"gxe":45,"acre":1000,"lacre":1000,"oldacre":1000},"p2rating":{"entryid":7090227,"formatid":"randombattle","userid":"mikero334","username":"mikero334","r":1500,"rd":130,"sigma":0,"rpr":1540.1606143388,"rprd":122.8583080769,"rpsigma":0,"rptime":1437555600,"w":1,"l":0,"t":0,"gxe":55,"acre":1040,"lacre":1040,"oldacre":1000},"endType":"normal"}