{"seed":[37468,4489,52408,40603],"turns":28,"p1":"GTX Jerkasaur","p2":"kuyikih","p1team":[{"name":"Castform","moves":["hurricane","raindance","thunder","weatherball"],"ability":"Forecast","evs":{"hp":85,"atk":85,"def":85,"spa":85,"spd":85,"spe":85},"ivs":{"hp":31,"atk":31,"def":31,"spa":31,"spd":31,"spe":31},"item":"Damp Rock","level":83,"shiny":false},{"name":"Gengar","moves":["disable","destinybond","taunt","sludgewave"],"ability":"Levitate","evs":{"hp":85,"atk":85,"def":85,"spa":85,"spd":85,"spe":85},"ivs":{"hp":31,"atk":31,"def":31,"spa":31,"spd":31,"spe":31},"item":"Gengarite","level":73,"shiny":false},{"name":"Toxicroak","moves":["swordsdance","drainpunch","icepunch","substitute"],"ability":"Dry Skin","evs":{"hp":85,"atk":85,"def":85,"spa":85,"spd":85,"spe":85},"ivs":{"hp":31,"atk":31,"def":31,"spa":31,"spd":31,"spe":31},"item":"Black Sludge","level":77,"shiny":false},{"name":"Gyarados","moves":["dragondance","dragontail","waterfall","stoneedge"],"ability":"Intimidate","evs":{"hp":85,"atk":85,"def":85,"spa":85,"spd":85,"spe":85},"ivs":{"hp":31,"atk":31,"def":31,"spa":31,"spd":31,"spe":31},"item":"Leftovers","level":75,"shiny":false},{"name":"Butterfree","moves":["bugbuzz","roost","sleeppowder","psychic"],"ability":"Tinted Lens","evs":{"hp":85,"atk":85,"def":85,"spa":85,"spd":85,"spe":85},"ivs":{"hp":31,"atk":31,"def":31,"spa":31,"spd":31,"spe":31},"item":"Leftovers","level":83,"shiny":false},{"name":"Electivire","moves":["voltswitch","icepunch","earthquake","flamethrower"],"ability":"Motor Drive","evs":{"hp":85,"atk":85,"def":85,"spa":85,"spd":85,"spe":85},"ivs":{"hp":31,"atk":31,"def":31,"spa":31,"spd":31,"spe":31},"item":"Expert Belt","level":81,"shiny":false}],"p2team":[{"name":"Magcargo","moves":["fireblast","recover","earthpower","hiddenpowergrass"],"ability":"Flame Body","evs":{"hp":85,"atk":85,"def":85,"spa":85,"spd":85,"spe":85},"ivs":{"hp":31,"atk":30,"def":31,"spa":30,"spd":31,"spe":31},"item":"Air Balloon","level":83,"shiny":false},{"name":"Absol","moves":["swordsdance","suckerpunch","playrough","superpower"],"ability":"Justified","evs":{"hp":85,"atk":85,"def":85,"spa":85,"spd":85,"spe":85},"ivs":{"hp":31,"atk":31,"def":31,"spa":31,"spd":31,"spe":31},"item":"Absolite","level":77,"shiny":false},{"name":"Cherrim","moves":["energyball","sunnyday","synthesis","weatherball"],"ability":"Flower Gift","evs":{"hp":85,"atk":85,"def":85,"spa":85,"spd":85,"spe":85},"ivs":{"hp":31,"atk":31,"def":31,"spa":31,"spd":31,"spe":31},"item":"Heat Rock","level":83,"shiny":false},{"name":"Medicham","moves":["zenheadbutt","highjumpkick","bulletpunch","icepunch"],"ability":"Pure Power","evs":{"hp":85,"atk":85,"def":85,"spa":85,"spd":85,"spe":85},"ivs":{"hp":31,"atk":31,"def":31,"spa":31,"spd":31,"spe":31},"item":"Choice Band","level":79,"shiny":false},{"name":"Venusaur","moves":["gigadrain","leechseed","sleeppowder","substitute"],"ability":"Overgrow","evs":{"hp":85,"atk":85,"def":85,"spa":85,"spd":85,"spe":85},"ivs":{"hp":31,"atk":31,"def":31,"spa":31,"spd":31,"spe":31},"item":"Black Sludge","level":79,"shiny":false},{"name":"Raikou","moves":["calmmind","extrasensory","substitute","thunderbolt"],"ability":"Volt Absorb","evs":{"hp":85,"atk":85,"def":85,"spa":85,"spd":85,"spe":85},"ivs":{"hp":31,"atk":31,"def":31,"spa":31,"spd":31,"spe":31},"item":"Leftovers","level":75,"shiny":false}],"log":["|player|p1|GTX Jerkasaur|102","|player|p2|kuyikih|169","|gametype|singles","|gen|6","|tier|Random Battle","|rated","|rule|Sleep Clause Mod: Limit one foe put to sleep","|rule|HP Percentage Mod: HP is shown in percentages","|","|start","|switch|p1a: Castform|Castform, L83, M|252/252","|switch|p2a: Magcargo|Magcargo, L83, F|219/219","|-item|p2a: Magcargo|Air Balloon","|turn|1","|","|move|p1a: Castform|Rain Dance|p1a: Castform","|-weather|RainDance","|-formechange|p1a: Castform|Castform-Rainy|[msg]","|move|p2a: Magcargo|Fire Blast|p1a: Castform","|-resisted|p1a: Castform","|-damage|p1a: Castform|221/252","|","|-weather|RainDance|[upkeep]","|turn|2","|","|move|p1a: Castform|Thunder|p2a: Magcargo","|-damage|p2a: Magcargo|150/219","|-enditem|p2a: Magcargo|Air Balloon","|-status|p2a: Magcargo|par","|move|p2a: Magcargo|Hidden Power|p1a: Castform","|-supereffective|p1a: Castform","|-damage|p1a: Castform|127/252","|","|-weather|RainDance|[upkeep]","|turn|3","|","|move|p1a: Castform|Hurricane|p2a: Magcargo","|-resisted|p2a: Magcargo","|-damage|p2a: Magcargo|117/219 par","|move|p2a: Magcargo|Hidden Power|p1a: Castform","|-supereffective|p1a: Castform","|-damage|p1a: Castform|47/252","|","|-weather|RainDance|[upkeep]","|turn|4","|","|move|p1a: Castform|Weather Ball|p2a: Magcargo","|-supereffective|p2a: Magcargo","|-damage|p2a: Magcargo|0 fnt","|faint|p2a: Magcargo","|","|-weather|RainDance|[upkeep]","|","|switch|p2a: Raikou|Raikou, L75|259/259","|turn|5","|","|switch|p1a: Electivire|Electivire, L81, F|254/254","|move|p2a: Raikou|Thunderbolt|p1a: Electivire","|-boost|p1a: Electivire|spe|1|[from] ability: Motor Drive","|","|-weather|RainDance|[upkeep]","|turn|6","|","|switch|p2a: Cherrim|Cherrim, L83, M|252/252","|move|p1a: Electivire|Earthquake|p2a: Cherrim","|-resisted|p2a: Cherrim","|-damage|p2a: Cherrim|201/252","|","|-weather|RainDance|[upkeep]","|turn|7","|","|move|p1a: Electivire|Ice Punch|p2a: Cherrim","|-supereffective|p2a: Cherrim","|-damage|p2a: Cherrim|40/252","|move|p2a: Cherrim|Energy Ball|p1a: Electivire","|-damage|p1a: Electivire|160/254","|","|-weather|RainDance|[upkeep]","|turn|8","|","|move|p1a: Electivire|Ice Punch|p2a: Cherrim","|-supereffective|p2a: Cherrim","|-damage|p2a: Cherrim|0 fnt","|faint|p2a: Cherrim","|","|-weather|none","|","|switch|p2a: Absol|Absol, L77, M|227/227","|turn|9","|","|move|p2a: Absol|Sucker Punch|p1a: Electivire","|-damage|p1a: Electivire|55/254","|move|p1a: Electivire|Volt Switch|p2a: Absol","|-damage|p2a: Absol|128/227","|","|switch|p1a: Butterfree|Butterfree, L83, F|235/235","|","|turn|10","|","|move|p1a: Butterfree|Sleep Powder|p2a: Absol|[miss]","|-miss|p1a: Butterfree|p2a: Absol","|move|p2a: Absol|Swords Dance|p2a: Absol","|-boost|p2a: Absol|atk|2","|","|turn|11","|","|move|p1a: Butterfree|Sleep Powder|p2a: Absol|[miss]","|-miss|p1a: Butterfree|p2a: Absol","|move|p2a: Absol|Swords Dance|p2a: Absol","|-boost|p2a: Absol|atk|2","|","|turn|12","|","|switch|p2a: Raikou|Raikou, L75|259/259","|move|p1a: Butterfree|Sleep Powder|p2a: Raikou|[miss]","|-miss|p1a: Butterfree|p2a: Raikou","|","|turn|13","|","|switch|p1a: Electivire|Electivire, L81, F|55/254","|move|p2a: Raikou|Thunderbolt|p1a: Electivire","|-boost|p1a: Electivire|spe|1|[from] ability: Motor Drive","|","|turn|14","|","|move|p1a: Electivire|Earthquake|p2a: Raikou","|-supereffective|p2a: Raikou","|-damage|p2a: Raikou|38/259","|move|p2a: Raikou|Substitute|p2a: Raikou","|-fail|p2a: Raikou|move: Substitute|[weak]","|","|-heal|p2a: Raikou|54/259|[from] item: Leftovers","|turn|15","|","|move|p1a: Electivire|Earthquake|p2a: Raikou","|-supereffective|p2a: Raikou","|-damage|p2a: Raikou|0 fnt","|faint|p2a: Raikou","|","|","|switch|p2a: Venusaur|Venusaur, L79, M|256/256","|turn|16","|","|move|p1a: Electivire|Ice Punch|p2a: Venusaur","|-supereffective|p2a: Venusaur","|-damage|p2a: Venusaur|98/256","|move|p2a: Venusaur|Giga Drain|p1a: Electivire","|-damage|p1a: Electivire|0 fnt","|-heal|p2a: Venusaur|126/256|[from] drain|[of] p1a: Electivire","|faint|p1a: Electivire","|","|-heal|p2a: Venusaur|142/256|[from] item: Black Sludge","|","|switch|p1a: Castform|Castform, L83, M|47/252","|turn|17","|","|move|p2a: Venusaur|Giga Drain|p1a: Castform","|-damage|p1a: Castform|0 fnt","|-heal|p2a: Venusaur|166/256|[from] drain|[of] p1a: Castform","|faint|p1a: Castform","|","|-heal|p2a: Venusaur|182/256|[from] item: Black Sludge","|","|switch|p1a: Butterfree|Butterfree, L83, F|235/235","|turn|18","|","|move|p2a: Venusaur|Giga Drain|p1a: Butterfree","|-resisted|p1a: Butterfree","|-damage|p1a: Butterfree|216/235","|-heal|p2a: Venusaur|192/256|[from] drain|[of] p1a: Butterfree","|move|p1a: Butterfree|Psychic|p2a: Venusaur","|-supereffective|p2a: Venusaur","|-damage|p2a: Venusaur|76/256","|","|-heal|p2a: Venusaur|92/256|[from] item: Black Sludge","|-heal|p1a: Butterfree|230/235|[from] item: Leftovers","|turn|19","|","|switch|p2a: Medicham|Medicham, L79, M|224/224","|move|p1a: Butterfree|Psychic|p2a: Medicham","|-damage|p2a: Medicham|150/224","|","|-heal|p1a: Butterfree|235/235|[from] item: Leftovers","|turn|20","|","|switch|p1a: Gyarados|Gyarados, L75, M|266/266","|-ability|p1a: Gyarados|Intimidate","|-unboost|p2a: Medicham|atk|1","|move|p2a: Medicham|Zen Headbutt|p1a: Gyarados","|-damage|p1a: Gyarados|143/266","|","|-heal|p1a: Gyarados|159/266|[from] item: Leftovers","|turn|21","|","|switch|p2a: Venusaur|Venusaur, L79, M|92/256","|move|p1a: Gyarados|Waterfall|p2a: Venusaur","|-resisted|p2a: Venusaur","|-damage|p2a: Venusaur|44/256","|","|-heal|p2a: Venusaur|60/256|[from] item: Black Sludge","|-heal|p1a: Gyarados|175/266|[from] item: Leftovers","|turn|22","|","|move|p2a: Venusaur|Giga Drain|p1a: Gyarados","|-damage|p1a: Gyarados|67/266","|-heal|p2a: Venusaur|114/256|[from] drain|[of] p1a: Gyarados","|move|p1a: Gyarados|Stone Edge|p2a: Venusaur","|-damage|p2a: Venusaur|29/256","|","|-heal|p2a: Venusaur|45/256|[from] item: Black Sludge","|-heal|p1a: Gyarados|83/266|[from] item: Leftovers","|turn|23","|","|switch|p1a: Butterfree|Butterfree, L83, F|235/235","|move|p2a: Venusaur|Giga Drain|p1a: Butterfree","|-resisted|p1a: Butterfree","|-damage|p1a: Butterfree|208/235","|-heal|p2a: Venusaur|59/256|[from] drain|[of] p1a: Butterfree","|","|-heal|p2a: Venusaur|75/256|[from] item: Black Sludge","|-heal|p1a: Butterfree|222/235|[from] item: Leftovers","|turn|24","|","|switch|p2a: Absol|Absol, L77, M|128/227","|move|p1a: Butterfree|Bug Buzz|p2a: Absol","|-supereffective|p2a: Absol","|-damage|p2a: Absol|0 fnt","|faint|p2a: Absol","|","|-heal|p1a: Butterfree|235/235|[from] item: Leftovers","|","|switch|p2a: Medicham|Medicham, L79, M|150/224","|turn|25","|","|move|p2a: Medicham|Zen Headbutt|p1a: Butterfree","|-damage|p1a: Butterfree|18/235","|move|p1a: Butterfree|Sleep Powder|p2a: Medicham|[miss]","|-miss|p1a: Butterfree|p2a: Medicham","|","|-heal|p1a: Butterfree|32/235|[from] item: Leftovers","|turn|26","|","|move|p2a: Medicham|Zen Headbutt|p1a: Butterfree","|-damage|p1a: Butterfree|0 fnt","|faint|p1a: Butterfree","|","|","|switch|p1a: Gengar|Gengar, L73, M|208/208","|turn|27","|","|detailschange|p1a: Gengar|Gengar-Mega, L73, M","|-mega|p1a: Gengar|Gengar|Gengarite","|move|p1a: Gengar|Destiny Bond|p1a: Gengar","|-singlemove|p1a: Gengar|Destiny Bond","|move|p2a: Medicham|Zen Headbutt|p1a: Gengar","|-supereffective|p1a: Gengar","|-damage|p1a: Gengar|0 fnt","|faint|p1a: Gengar","|-activate|p1a: Gengar|Destiny Bond","|faint|p2a: Medicham","|","|","|switch|p1a: Toxicroak|Toxicroak, L77, F|254/254","|switch|p2a: Venusaur|Venusaur, L79, M|75/256","|turn|28","|","|move|p1a: Toxicroak|Ice Punch|p2a: Venusaur","|-supereffective|p2a: Venusaur","|-damage|p2a: Venusaur|0 fnt","|faint|p2a: Venusaur","|","|win|GTX Jerkasaur"],"p1rating":{"entryid":7452672,"formatid":"randombattle","userid":"gtxjerkasaur","username":"GTX Jerkasaur","r":1500,"rd":130,"sigma":0,"rpr":1540.1606143388,"rprd":122.8583080769,"rpsigma":0,"rptime":1438851600,"w":1,"l":0,"t":0,"gxe":55,"acre":1040,"lacre":1040,"oldacre":1000},"p2rating":{"entryid":7452673,"formatid":"randombattle","userid":"kuyikih","username":"kuyikih","r":1500,"rd":130,"sigma":0,"rpr":1459.8393856612,"rprd":122.8583080769,"rpsigma":0,"rptime":1438851600,"w":0,"l":1,"t":0,"gxe":45,"acre":1000,"lacre":1000,"oldacre":1000},"endType":"normal"}