{"seed":[61250,4756,22730,44984],"turns":21,"p1":"Makotinho","p2":"CodyTasche","p1team":[{"name":"Pinsir","moves":["quickattack","closecombat","swordsdance","return"],"ability":"Moxie","evs":{"hp":81,"atk":89,"def":85,"spa":85,"spd":85,"spe":85},"ivs":{"hp":31,"atk":31,"def":31,"spa":31,"spd":31,"spe":31},"item":"Pinsirite","level":76,"shiny":false},{"name":"Cresselia","moves":["psychic","thunderwave","moonblast","substitute"],"ability":"Levitate","evs":{"hp":85,"atk":85,"def":85,"spa":85,"spd":85,"spe":85},"ivs":{"hp":31,"atk":31,"def":31,"spa":31,"spd":31,"spe":31},"item":"Leftovers","level":77,"shiny":false},{"name":"Shiftry","moves":["swordsdance","suckerpunch","knockoff","lowkick"],"ability":"Early Bird","evs":{"hp":85,"atk":85,"def":85,"spa":85,"spd":85,"spe":85},"ivs":{"hp":31,"atk":31,"def":31,"spa":31,"spd":31,"spe":31},"item":"Life Orb","level":81,"shiny":false},{"name":"Liepard","moves":["suckerpunch","darkpulse","uturn","copycat"],"ability":"Prankster","evs":{"hp":85,"atk":85,"def":85,"spa":85,"spd":85,"spe":85},"ivs":{"hp":31,"atk":31,"def":31,"spa":31,"spd":31,"spe":31},"item":"Life Orb","level":81,"shiny":false},{"name":"Gourgeist","moves":["leechseed","synthesis","substitute","shadowsneak"],"ability":"Insomnia","evs":{"hp":85,"atk":85,"def":85,"spa":85,"spd":85,"spe":85},"ivs":{"hp":31,"atk":31,"def":31,"spa":31,"spd":31,"spe":31},"item":"Leftovers","level":83,"shiny":false},{"name":"Manaphy","moves":["surf","psychic","icebeam","tailglow"],"ability":"Hydration","evs":{"hp":85,"atk":85,"def":85,"spa":85,"spd":85,"spe":85},"ivs":{"hp":31,"atk":31,"def":31,"spa":31,"spd":31,"spe":31},"item":"Leftovers","level":75,"shiny":false}],"p2team":[{"name":"Seaking","moves":["scald","megahorn","drillrun","icebeam"],"ability":"Lightning Rod","evs":{"hp":85,"atk":85,"def":85,"spa":85,"spd":85,"spe":85},"ivs":{"hp":31,"atk":31,"def":31,"spa":31,"spd":31,"spe":31},"item":"Expert Belt","level":83,"shiny":false},{"name":"Barbaracle","moves":["shellsmash","stoneedge","crosschop","earthquake"],"ability":"Tough Claws","evs":{"hp":85,"atk":85,"def":85,"spa":85,"spd":85,"spe":85},"ivs":{"hp":31,"atk":31,"def":31,"spa":31,"spd":31,"spe":31},"item":"White Herb","level":83,"shiny":false},{"name":"Vivillon","moves":["sleeppowder","bugbuzz","quiverdance","hurricane"],"ability":"Compound Eyes","evs":{"hp":81,"atk":85,"def":85,"spa":89,"spd":85,"spe":85},"ivs":{"hp":31,"atk":31,"def":31,"spa":31,"spd":31,"spe":31},"item":"Leftovers","level":81,"shiny":false},{"name":"Galvantula","moves":["bugbuzz","gigadrain","stickyweb","hiddenpowerice"],"ability":"Swarm","evs":{"hp":85,"atk":85,"def":85,"spa":85,"spd":85,"spe":85},"ivs":{"hp":31,"atk":30,"def":30,"spa":31,"spd":31,"spe":31},"item":"Life Orb","level":77,"shiny":false},{"name":"Furfrou","moves":["uturn","cottonguard","return","suckerpunch"],"ability":"Fur Coat","evs":{"hp":85,"atk":85,"def":85,"spa":85,"spd":85,"spe":85},"ivs":{"hp":31,"atk":31,"def":31,"spa":31,"spd":31,"spe":31},"item":"Life Orb","level":83,"shiny":false},{"name":"Celebi","moves":["thunderwave","healbell","earthpower","psychic"],"ability":"Natural Cure","evs":{"hp":85,"atk":85,"def":85,"spa":85,"spd":85,"spe":85},"ivs":{"hp":31,"atk":31,"def":31,"spa":31,"spd":31,"spe":31},"item":"Leftovers","level":75,"shiny":false}],"log":["|player|p1|Makotinho|163","|player|p2|CodyTasche|29","|gametype|singles","|gen|6","|tier|Random Battle","|rated","|rule|Sleep Clause Mod: Limit one foe put to sleep","|rule|HP Percentage Mod: HP is shown in percentages","|","|start","|switch|p1a: Pinsir|Pinsir, L76, F|223/223","|switch|p2a: Seaking|Seaking, L83, F|268/268","|turn|1","|","|detailschange|p1a: Pinsir|Pinsir-Mega, L76, F","|-mega|p1a: Pinsir|Pinsir|Pinsirite","|move|p1a: Pinsir|Swords Dance|p1a: Pinsir","|-boost|p1a: Pinsir|atk|2","|move|p2a: Seaking|Ice Beam|p1a: Pinsir","|-supereffective|p1a: Pinsir","|-damage|p1a: Pinsir|105/223","|","|turn|2","|","|move|p1a: Pinsir|Close Combat|p2a: Seaking","|-damage|p2a: Seaking|28/268","|-unboost|p1a: Pinsir|def|1","|-unboost|p1a: Pinsir|spd|1","|move|p2a: Seaking|Ice Beam|p1a: Pinsir","|-supereffective|p1a: Pinsir","|-damage|p1a: Pinsir|0 fnt","|faint|p1a: Pinsir","|","|","|switch|p1a: Shiftry|Shiftry, L81, F|278/278","|turn|3","|","|move|p1a: Shiftry|Sucker Punch|p2a: Seaking","|-damage|p2a: Seaking|0 fnt","|-damage|p1a: Shiftry|251/278|[from] item: Life Orb","|faint|p2a: Seaking","|","|","|switch|p2a: Galvantula|Galvantula, L77, F|234/234","|turn|4","|","|move|p2a: Galvantula|Sticky Web|p1a: Shiftry","|-sidestart|p1: Makotinho|move: Sticky Web","|move|p1a: Shiftry|Low Kick|p2a: Galvantula","|-resisted|p2a: Galvantula","|-damage|p2a: Galvantula|207/234","|-damage|p1a: Shiftry|224/278|[from] item: Life Orb","|","|turn|5","|","|move|p2a: Galvantula|Bug Buzz|p1a: Shiftry","|-supereffective|p1a: Shiftry","|-damage|p1a: Shiftry|0 fnt","|-damage|p2a: Galvantula|184/234|[from] item: Life Orb","|faint|p1a: Shiftry","|","|","|switch|p1a: Gourgeist|Gourgeist, L83, F|244/244","|-activate|p1a: Gourgeist|move: Sticky Web","|-unboost|p1a: Gourgeist|spe|1","|turn|6","|","|move|p1a: Gourgeist|Shadow Sneak|p2a: Galvantula","|-damage|p2a: Galvantula|130/234","|move|p2a: Galvantula|Bug Buzz|p1a: Gourgeist","|-damage|p1a: Gourgeist|131/244","|-damage|p2a: Galvantula|107/234|[from] item: Life Orb","|","|-heal|p1a: Gourgeist|146/244|[from] item: Leftovers","|turn|7","|","|move|p1a: Gourgeist|Shadow Sneak|p2a: Galvantula","|-damage|p2a: Galvantula|50/234","|move|p2a: Galvantula|Hidden Power|p1a: Gourgeist","|-supereffective|p1a: Gourgeist","|-damage|p1a: Gourgeist|34/244","|-damage|p2a: Galvantula|27/234|[from] item: Life Orb","|","|-heal|p1a: Gourgeist|49/244|[from] item: Leftovers","|turn|8","|","|switch|p2a: Furfrou|Furfrou, L83, M|260/260","|move|p1a: Gourgeist|Shadow Sneak|p2a: Furfrou","|-immune|p2a: Furfrou|[msg]","|","|-heal|p1a: Gourgeist|64/244|[from] item: Leftovers","|turn|9","|","|move|p2a: Furfrou|Cotton Guard|p2a: Furfrou","|-boost|p2a: Furfrou|def|3","|move|p1a: Gourgeist|Synthesis|p1a: Gourgeist","|-heal|p1a: Gourgeist|186/244","|","|-heal|p1a: Gourgeist|201/244|[from] item: Leftovers","|turn|10","|","|switch|p1a: Cresselia|Cresselia, L77, F|311/311","|move|p2a: Furfrou|Sucker Punch|p1a: Cresselia","|-fail|p2a: Furfrou","|","|turn|11","|","|move|p2a: Furfrou|Return|p1a: Cresselia","|-damage|p1a: Cresselia|202/311","|-damage|p2a: Furfrou|234/260|[from] item: Life Orb","|move|p1a: Cresselia|Psychic|p2a: Furfrou","|-damage|p2a: Furfrou|168/260","|","|-heal|p1a: Cresselia|221/311|[from] item: Leftovers","|turn|12","|","|move|p2a: Furfrou|Sucker Punch|p1a: Cresselia","|-fail|p2a: Furfrou","|move|p1a: Cresselia|Thunder Wave|p2a: Furfrou","|-status|p2a: Furfrou|par","|","|-heal|p1a: Cresselia|240/311|[from] item: Leftovers","|turn|13","|","|move|p1a: Cresselia|Substitute|p1a: Cresselia","|-start|p1a: Cresselia|Substitute","|-damage|p1a: Cresselia|163/311","|move|p2a: Furfrou|U-turn|p1a: Cresselia","|-supereffective|p1a: Cresselia","|-end|p1a: Cresselia|Substitute","|-damage|p2a: Furfrou|142/260 par|[from] item: Life Orb","|","|switch|p2a: Vivillon|Vivillon, L81, F|261/261","|","|-heal|p1a: Cresselia|182/311|[from] item: Leftovers","|turn|14","|","|move|p2a: Vivillon|Sleep Powder|p1a: Cresselia","|-status|p1a: Cresselia|slp","|cant|p1a: Cresselia|slp","|","|-heal|p1a: Cresselia|201/311 slp|[from] item: Leftovers","|turn|15","|","|switch|p1a: Manaphy|Manaphy, L75|274/274","|-activate|p1a: Manaphy|move: Sticky Web","|-unboost|p1a: Manaphy|spe|1","|move|p2a: Vivillon|Quiver Dance|p2a: Vivillon","|-boost|p2a: Vivillon|spa|1","|-boost|p2a: Vivillon|spd|1","|-boost|p2a: Vivillon|spe|1","|","|turn|16","|","|move|p2a: Vivillon|Hurricane|p1a: Manaphy","|-damage|p1a: Manaphy|114/274","|move|p1a: Manaphy|Tail Glow|p1a: Manaphy","|-boost|p1a: Manaphy|spa|3","|","|-heal|p1a: Manaphy|131/274|[from] item: Leftovers","|turn|17","|","|move|p2a: Vivillon|Hurricane|p1a: Manaphy","|-damage|p1a: Manaphy|0 fnt","|faint|p1a: Manaphy","|","|","|switch|p1a: Liepard|Liepard, L81, M|236/236","|-activate|p1a: Liepard|move: Sticky Web","|-unboost|p1a: Liepard|spe|1","|turn|18","|","|move|p1a: Liepard|Sucker Punch|p2a: Vivillon","|-damage|p2a: Vivillon|117/261","|-damage|p1a: Liepard|213/236|[from] item: Life Orb","|move|p2a: Vivillon|Bug Buzz|p1a: Liepard","|-supereffective|p1a: Liepard","|-damage|p1a: Liepard|0 fnt","|faint|p1a: Liepard","|","|-heal|p2a: Vivillon|133/261|[from] item: Leftovers","|","|switch|p1a: Cresselia|Cresselia, L77, F|201/311 slp","|turn|19","|","|move|p2a: Vivillon|Quiver Dance|p2a: Vivillon","|-boost|p2a: Vivillon|spa|1","|-boost|p2a: Vivillon|spd|1","|-boost|p2a: Vivillon|spe|1","|cant|p1a: Cresselia|slp","|","|-heal|p2a: Vivillon|149/261|[from] item: Leftovers","|-heal|p1a: Cresselia|220/311 slp|[from] item: Leftovers","|turn|20","|","|move|p2a: Vivillon|Bug Buzz|p1a: Cresselia","|-supereffective|p1a: Cresselia","|-damage|p1a: Cresselia|0 fnt","|faint|p1a: Cresselia","|","|-heal|p2a: Vivillon|165/261|[from] item: Leftovers","|","|switch|p1a: Gourgeist|Gourgeist, L83, F|201/244","|-activate|p1a: Gourgeist|move: Sticky Web","|-unboost|p1a: Gourgeist|spe|1","|turn|21","|","|move|p2a: Vivillon|Bug Buzz|p1a: Gourgeist","|-damage|p1a: Gourgeist|0 fnt","|faint|p1a: Gourgeist","|","|win|CodyTasche"],"p1rating":{"entryid":"6866085","serverid":"eos","formatid":"randombattle","userid":"makotinho","username":"Makotinho","w":"9","l":17,"t":"0","gxe":41.2,"r":"1479.7974479173","rd":"74.177057973647","sigma":"0","rptime":"1438851600","rpr":1431.8347871366,"rprd":69.009951725329,"rpsigma":"0","acre":1016.7994124474,"lacre":1016.7994124474,"oldacre":"1033.208221416"},"p2rating":{"entryid":7448238,"formatid":"randombattle","userid":"codytasche","username":"CodyTasche","r":1500,"rd":130,"sigma":0,"rpr":1539.4538493095,"rprd":122.17335337069,"rpsigma":0,"rptime":1438851600,"w":1,"l":0,"t":0,"gxe":54.9,"acre":1043.8116374961,"lacre":1043.8116374961,"oldacre":1000},"endType":"normal"}