{"seed":[39041,39276,16497,60568],"turns":25,"p1":"anan","p2":"Knight♕Zygarde","p1team":[{"name":"Zapdos","moves":["uturn","thunderbolt","roost","defog"],"ability":"Static","evs":{"hp":85,"atk":85,"def":85,"spa":85,"spd":85,"spe":85},"ivs":{"hp":31,"atk":31,"def":31,"spa":31,"spd":31,"spe":31},"item":"Focus Sash","level":75,"shiny":false},{"name":"Vileplume","moves":["aromatherapy","gigadrain","hiddenpowerfire","synthesis"],"ability":"Effect Spore","evs":{"hp":85,"atk":85,"def":85,"spa":85,"spd":85,"spe":85},"ivs":{"hp":31,"atk":30,"def":31,"spa":30,"spd":31,"spe":30},"item":"Black Sludge","level":81,"shiny":false},{"name":"Aggron","moves":["icepunch","thunderwave","heavyslam","earthquake"],"ability":"Sturdy","evs":{"hp":85,"atk":85,"def":85,"spa":85,"spd":85,"spe":85},"ivs":{"hp":31,"atk":31,"def":31,"spa":31,"spd":31,"spe":31},"item":"Aggronite","level":77,"shiny":false},{"name":"Maractus","moves":["leechseed","suckerpunch","spikyshield","gigadrain"],"ability":"Water Absorb","evs":{"hp":85,"atk":85,"def":85,"spa":85,"spd":85,"spe":85},"ivs":{"hp":31,"atk":31,"def":31,"spa":31,"spd":31,"spe":31},"item":"Leftovers","level":83,"shiny":false},{"name":"Zebstrika","moves":["voltswitch","overheat","hiddenpowergrass","wildcharge"],"ability":"Sap Sipper","evs":{"hp":85,"atk":85,"def":85,"spa":85,"spd":85,"spe":85},"ivs":{"hp":31,"atk":30,"def":31,"spa":30,"spd":31,"spe":31},"item":"Expert Belt","level":83,"shiny":false},{"name":"Gyarados","moves":["bounce","substitute","rest","waterfall"],"ability":"Intimidate","evs":{"hp":85,"atk":85,"def":85,"spa":85,"spd":85,"spe":85},"ivs":{"hp":31,"atk":31,"def":31,"spa":31,"spd":31,"spe":31},"item":"Chesto Berry","level":75,"shiny":false}],"p2team":[{"name":"Skarmory","moves":["whirlwind","roost","stealthrock","bravebird"],"ability":"Sturdy","evs":{"hp":85,"atk":85,"def":85,"spa":85,"spd":85,"spe":85},"ivs":{"hp":31,"atk":31,"def":31,"spa":31,"spd":31,"spe":31},"item":"Leftovers","level":75,"shiny":false},{"name":"Swellow","moves":["bravebird","facade","quickattack","uturn"],"ability":"Guts","evs":{"hp":85,"atk":85,"def":85,"spa":85,"spd":85,"spe":85},"ivs":{"hp":31,"atk":31,"def":31,"spa":31,"spd":31,"spe":31},"item":"Toxic Orb","level":81,"shiny":false},{"name":"Drapion","moves":["swordsdance","earthquake","taunt","knockoff"],"ability":"Keen Eye","evs":{"hp":85,"atk":85,"def":85,"spa":85,"spd":85,"spe":85},"ivs":{"hp":31,"atk":31,"def":31,"spa":31,"spd":31,"spe":31},"item":"Black Sludge","level":79,"shiny":false},{"name":"Abomasnow","moves":["earthquake","hiddenpowerfire","blizzard","iceshard"],"ability":"Snow Warning","evs":{"hp":85,"atk":85,"def":85,"spa":85,"spd":85,"spe":85},"ivs":{"hp":31,"atk":30,"def":31,"spa":30,"spd":31,"spe":30},"item":"Abomasite","level":77,"shiny":false},{"name":"Gigalith","moves":["earthquake","stoneedge","explosion","superpower"],"ability":"Sturdy","evs":{"hp":85,"atk":85,"def":85,"spa":85,"spd":85,"spe":85},"ivs":{"hp":31,"atk":31,"def":31,"spa":31,"spd":31,"spe":31},"item":"Choice Band","level":83,"shiny":false},{"name":"Porygon2","moves":["triattack","thunderwave","recover","icebeam"],"ability":"Download","evs":{"hp":85,"atk":85,"def":85,"spa":85,"spd":85,"spe":85},"ivs":{"hp":31,"atk":31,"def":31,"spa":31,"spd":31,"spe":31},"item":"Eviolite","level":77,"shiny":false}],"log":["|player|p1|anan|99","|player|p2|Knight♕Zygarde|knightzygarde.png","|gametype|singles","|gen|6","|tier|Random Battle","|rated","|rule|Sleep Clause Mod: Limit one foe put to sleep","|rule|HP Percentage Mod: HP is shown in percentages","|","|start","|switch|p1a: Zapdos|Zapdos, L75|259/259","|switch|p2a: Skarmory|Skarmory, L75, F|221/221","|turn|1","|","|move|p1a: Zapdos|Thunderbolt|p2a: Skarmory","|-supereffective|p2a: Skarmory","|-ability|p2a: Skarmory|Sturdy","|-damage|p2a: Skarmory|1/221","|move|p2a: Skarmory|Stealth Rock|p1a: Zapdos","|-sidestart|p1: anan|move: Stealth Rock","|","|-heal|p2a: Skarmory|14/221|[from] item: Leftovers","|turn|2","|","|move|p1a: Zapdos|Thunderbolt|p2a: Skarmory","|-supereffective|p2a: Skarmory","|-damage|p2a: Skarmory|0 fnt","|faint|p2a: Skarmory","|","|","|switch|p2a: Gigalith|Gigalith, L83, F|277/277","|turn|3","|","|move|p1a: Zapdos|U-turn|p2a: Gigalith","|-damage|p2a: Gigalith|247/277","|","|switch|p1a: Aggron|Aggron, L77, F|234/234","|-damage|p1a: Aggron|220/234|[from] Stealth Rock","|move|p2a: Gigalith|Stone Edge|p1a: Aggron","|-resisted|p1a: Aggron","|-damage|p1a: Aggron|157/234","|","|turn|4","|","|switch|p2a: Drapion|Drapion, L79, F|240/240","|detailschange|p1a: Aggron|Aggron-Mega, L77, F","|-mega|p1a: Aggron|Aggron|Aggronite","|move|p1a: Aggron|Thunder Wave|p2a: Drapion","|-status|p2a: Drapion|par","|","|turn|5","|","|move|p1a: Aggron|Earthquake|p2a: Drapion","|-supereffective|p2a: Drapion","|-damage|p2a: Drapion|100/240 par","|cant|p2a: Drapion|par","|","|-heal|p2a: Drapion|115/240 par|[from] item: Black Sludge","|turn|6","|","|move|p1a: Aggron|Earthquake|p2a: Drapion","|-crit|p2a: Drapion","|-supereffective|p2a: Drapion","|-damage|p2a: Drapion|0 fnt","|faint|p2a: Drapion","|","|","|switch|p2a: Porygon2|Porygon2, L77|257/257","|-boost|p2a: Porygon2|spa|1|[from] ability: Download","|turn|7","|","|move|p2a: Porygon2|Thunder Wave|p1a: Aggron","|-status|p1a: Aggron|par","|cant|p1a: Aggron|par","|","|turn|8","|","|move|p2a: Porygon2|Tri Attack|p1a: Aggron","|-resisted|p1a: Aggron","|-damage|p1a: Aggron|88/234 par","|cant|p1a: Aggron|par","|","|turn|9","|","|move|p2a: Porygon2|Tri Attack|p1a: Aggron","|-resisted|p1a: Aggron","|-damage|p1a: Aggron|16/234 par","|move|p1a: Aggron|Thunder Wave|p2a: Porygon2","|-status|p2a: Porygon2|par","|","|turn|10","|","|move|p2a: Porygon2|Ice Beam|p1a: Aggron","|-resisted|p1a: Aggron","|-damage|p1a: Aggron|0 fnt","|faint|p1a: Aggron","|","|","|switch|p1a: Zapdos|Zapdos, L75|259/259","|-damage|p1a: Zapdos|195/259|[from] Stealth Rock","|turn|11","|","|move|p1a: Zapdos|Defog|p2a: Porygon2","|-unboost|p2a: Porygon2|evasion|1","|-sideend|p1: anan|Stealth Rock|[from] move: Defog|[of] p1a: Zapdos","|move|p2a: Porygon2|Ice Beam|p1a: Zapdos","|-supereffective|p1a: Zapdos","|-damage|p1a: Zapdos|0 fnt","|faint|p1a: Zapdos","|","|","|switch|p1a: Zebstrika|Zebstrika, L83, M|260/260","|turn|12","|","|move|p1a: Zebstrika|Wild Charge|p2a: Porygon2","|-damage|p2a: Porygon2|185/257 par","|-damage|p1a: Zebstrika|242/260|[from] recoil|[of] p2a: Porygon2","|cant|p2a: Porygon2|par","|","|turn|13","|","|move|p1a: Zebstrika|Volt Switch|p2a: Porygon2","|-damage|p2a: Porygon2|143/257 par","|","|switch|p1a: Maractus|Maractus, L83, M|260/260","|move|p2a: Porygon2|Tri Attack|p1a: Maractus","|-damage|p1a: Maractus|121/260","|","|-heal|p1a: Maractus|137/260|[from] item: Leftovers","|turn|14","|","|move|p1a: Maractus|Leech Seed|p2a: Porygon2","|-start|p2a: Porygon2|move: Leech Seed","|move|p2a: Porygon2|Ice Beam|p1a: Maractus","|-supereffective|p1a: Maractus","|-damage|p1a: Maractus|0 fnt","|faint|p1a: Maractus","|","|","|switch|p1a: Vileplume|Vileplume, L81, F|254/254","|turn|15","|","|switch|p1a: Gyarados|Gyarados, L75, F|266/266","|-ability|p1a: Gyarados|Intimidate","|-unboost|p2a: Porygon2|atk|1","|cant|p2a: Porygon2|par","|","|-damage|p2a: Porygon2|111/257 par|[from] Leech Seed|[of] p1a: Gyarados","|turn|16","|","|move|p1a: Gyarados|Substitute|p1a: Gyarados","|-start|p1a: Gyarados|Substitute","|-damage|p1a: Gyarados|200/266","|move|p2a: Porygon2|Recover|p2a: Porygon2","|-heal|p2a: Porygon2|240/257 par","|","|-damage|p2a: Porygon2|208/257 par|[from] Leech Seed|[of] p1a: Gyarados","|-heal|p1a: Gyarados|232/266|[silent]","|turn|17","|","|move|p1a: Gyarados|Waterfall|p2a: Porygon2","|-damage|p2a: Porygon2|144/257 par","|move|p2a: Porygon2|Tri Attack|p1a: Gyarados","|-end|p1a: Gyarados|Substitute","|","|-damage|p2a: Porygon2|112/257 par|[from] Leech Seed|[of] p1a: Gyarados","|-heal|p1a: Gyarados|264/266|[silent]","|turn|18","|","|move|p1a: Gyarados|Waterfall|p2a: Porygon2","|-damage|p2a: Porygon2|55/257 par","|cant|p2a: Porygon2|flinch","|","|-damage|p2a: Porygon2|23/257 par|[from] Leech Seed|[of] p1a: Gyarados","|-heal|p1a: Gyarados|266/266|[silent]","|turn|19","|","|move|p1a: Gyarados|Waterfall|p2a: Porygon2","|-damage|p2a: Porygon2|0 fnt","|faint|p2a: Porygon2","|","|","|switch|p2a: Gigalith|Gigalith, L83, F|247/277","|turn|20","|","|move|p1a: Gyarados|Substitute|p1a: Gyarados","|-start|p1a: Gyarados|Substitute","|-damage|p1a: Gyarados|200/266","|move|p2a: Gigalith|Explosion|p1a: Gyarados","|-end|p1a: Gyarados|Substitute","|faint|p2a: Gigalith","|","|","|switch|p2a: Abomasnow|Abomasnow, L77, F|265/265","|-weather|Hail","|turn|21","|","|detailschange|p2a: Abomasnow|Abomasnow-Mega, L77, F","|-mega|p2a: Abomasnow|Abomasnow|Abomasite","|move|p1a: Gyarados|Substitute|p1a: Gyarados","|-start|p1a: Gyarados|Substitute","|-damage|p1a: Gyarados|134/266","|move|p2a: Abomasnow|Blizzard|p1a: Gyarados","|-end|p1a: Gyarados|Substitute","|","|-weather|Hail|[upkeep]","|-damage|p1a: Gyarados|118/266|[from] hail","|turn|22","|","|move|p1a: Gyarados|Bounce|p2a: Abomasnow|[still]","|-prepare|p1a: Gyarados|Bounce|p2a: Abomasnow","|move|p2a: Abomasnow|Blizzard|p1a: Gyarados","|-miss|p2a: Abomasnow|p1a: Gyarados","|","|-weather|Hail|[upkeep]","|-damage|p1a: Gyarados|102/266|[from] hail","|turn|23","|","|switch|p2a: Swellow|Swellow, L81, F|230/230","|move|p1a: Gyarados|Bounce|p2a: Swellow|[from]lockedmove","|-damage|p2a: Swellow|109/230","|-status|p2a: Swellow|par","|","|-weather|Hail|[upkeep]","|-damage|p1a: Gyarados|86/266|[from] hail","|-damage|p2a: Swellow|95/230 par|[from] hail","|turn|24","|","|move|p2a: Swellow|Quick Attack|p1a: Gyarados","|-damage|p1a: Gyarados|14/266","|move|p1a: Gyarados|Rest|p1a: Gyarados","|-status|p1a: Gyarados|slp","|-heal|p1a: Gyarados|266/266 slp|[silent]","|-status|p1a: Gyarados|slp|[from] move: Rest","|-enditem|p1a: Gyarados|Chesto Berry|[eat]","|-curestatus|p1a: Gyarados|slp","|","|-weather|Hail|[upkeep]","|-damage|p1a: Gyarados|250/266|[from] hail","|-damage|p2a: Swellow|81/230 par|[from] hail","|turn|25","|","|win|anan"],"p1rating":{"entryid":"7442301","serverid":"eos","formatid":"randombattle","userid":"anan","username":"anan","w":1,"l":"2","t":"0","gxe":46.5,"r":"1500","rd":"130","sigma":"0","rptime":"1438851600","rpr":1472.3511412637,"rprd":111.45105645877,"rpsigma":"0","acre":1044.0602530339,"lacre":1044.0602530339,"oldacre":"1000"},"p2rating":{"entryid":"7437740","serverid":"eos","formatid":"randombattle","userid":"knightzygarde","username":"Knight♕Zygarde","w":"1","l":2,"t":"0","gxe":47.7,"r":"1500","rd":"130","sigma":"0","rptime":"1438851600","rpr":1481.9124269386,"rprd":111.68375757948,"rpsigma":"0","acre":1018.5265792663,"lacre":1018.5265792663,"oldacre":"1035.3887887208"},"endType":"forfeit"}