{"seed":[25322,29090,6134,28133],"turns":26,"p1":"Cdskribbles","p2":"Davis'Soul","p1team":[{"name":"Porygon-Z","moves":["darkpulse","agility","trick","triattack"],"ability":"Download","evs":{"hp":85,"atk":85,"def":85,"spa":85,"spd":85,"spe":85},"ivs":{"hp":31,"atk":31,"def":31,"spa":31,"spd":31,"spe":31},"item":"Choice Scarf","level":77,"shiny":false},{"name":"Zekrom","moves":["boltstrike","outrage","honeclaws","roost"],"ability":"Teravolt","evs":{"hp":85,"atk":85,"def":85,"spa":85,"spd":85,"spe":85},"ivs":{"hp":31,"atk":31,"def":31,"spa":31,"spd":31,"spe":31},"item":"Lum Berry","level":73,"shiny":false},{"name":"Maractus","moves":["hiddenpowerfire","leechseed","suckerpunch","gigadrain"],"ability":"Storm Drain","evs":{"hp":85,"atk":85,"def":85,"spa":85,"spd":85,"spe":85},"ivs":{"hp":31,"atk":30,"def":31,"spa":30,"spd":31,"spe":30},"item":"Life Orb","level":83,"shiny":false},{"name":"Exeggutor","moves":["hiddenpowerfire","psychic","gigadrain","leechseed"],"ability":"Harvest","evs":{"hp":85,"atk":85,"def":85,"spa":85,"spd":85,"spe":85},"ivs":{"hp":31,"atk":30,"def":31,"spa":30,"spd":31,"spe":30},"item":"Sitrus Berry","level":81,"shiny":false},{"name":"Rampardos","moves":["rockpolish","earthquake","crunch","headsmash"],"ability":"Sheer Force","evs":{"hp":85,"atk":85,"def":85,"spa":85,"spd":85,"spe":85},"ivs":{"hp":31,"atk":31,"def":31,"spa":31,"spd":31,"spe":31},"item":"Life Orb","level":83,"shiny":false},{"name":"Togekiss","moves":["defog","healbell","aurasphere","airslash"],"ability":"Serene Grace","evs":{"hp":85,"atk":85,"def":85,"spa":85,"spd":85,"spe":85},"ivs":{"hp":31,"atk":31,"def":31,"spa":31,"spd":31,"spe":31},"item":"Leftovers","level":76,"shiny":false}],"p2team":[{"name":"Marowak","moves":["knockoff","earthquake","substitute","doubleedge"],"ability":"Rock Head","evs":{"hp":85,"atk":85,"def":85,"spa":85,"spd":85,"spe":85},"ivs":{"hp":31,"atk":31,"def":31,"spa":31,"spd":31,"spe":31},"item":"Thick Club","level":83,"shiny":false},{"name":"Milotic","moves":["scald","icebeam","toxic","dragontail"],"ability":"Marvel Scale","evs":{"hp":85,"atk":85,"def":85,"spa":85,"spd":85,"spe":85},"ivs":{"hp":31,"atk":31,"def":31,"spa":31,"spd":31,"spe":31},"item":"Leftovers","level":77,"shiny":false},{"name":"Pyroar","moves":["fireblast","darkpulse","willowisp","hypervoice"],"ability":"Unnerve","evs":{"hp":81,"atk":85,"def":85,"spa":89,"spd":85,"spe":85},"ivs":{"hp":31,"atk":31,"def":31,"spa":31,"spd":31,"spe":31},"item":"Life Orb","level":81,"shiny":false},{"name":"Parasect","moves":["seedbomb","substitute","knockoff","xscissor"],"ability":"Dry Skin","evs":{"hp":85,"atk":85,"def":85,"spa":85,"spd":85,"spe":85},"ivs":{"hp":31,"atk":31,"def":31,"spa":31,"spd":31,"spe":31},"item":"Leftovers","level":83,"shiny":false},{"name":"Altaria","moves":["healbell","return","earthquake","roost"],"ability":"Cloud Nine","evs":{"hp":85,"atk":85,"def":85,"spa":85,"spd":85,"spe":85},"ivs":{"hp":31,"atk":31,"def":31,"spa":31,"spd":31,"spe":31},"item":"Altarianite","level":75,"shiny":false},{"name":"Chesnaught","moves":["spikyshield","spikes","leechseed","woodhammer"],"ability":"Bulletproof","evs":{"hp":85,"atk":85,"def":85,"spa":85,"spd":85,"spe":85},"ivs":{"hp":31,"atk":31,"def":31,"spa":31,"spd":31,"spe":31},"item":"Leftovers","level":77,"shiny":false}],"log":["|player|p1|Cdskribbles|160","|player|p2|Davis'Soul|267","|gametype|singles","|gen|6","|tier|Random Battle","|rated","|rule|Sleep Clause Mod: Limit one foe put to sleep","|rule|HP Percentage Mod: HP is shown in percentages","|","|start","|switch|p1a: Porygon-Z|Porygon-Z, L77|257/257","|switch|p2a: Marowak|Marowak, L83, M|235/235","|-boost|p1a: Porygon-Z|spa|1|[from] ability: Download","|turn|1","|","|move|p1a: Porygon-Z|Tri Attack|p2a: Marowak","|-damage|p2a: Marowak|93/235","|move|p2a: Marowak|Substitute|p2a: Marowak","|-start|p2a: Marowak|Substitute","|-damage|p2a: Marowak|35/235","|","|turn|2","|","|move|p1a: Porygon-Z|Tri Attack|p2a: Marowak","|-end|p2a: Marowak|Substitute","|move|p2a: Marowak|Double-Edge|p1a: Porygon-Z","|-damage|p1a: Porygon-Z|63/257","|","|turn|3","|","|switch|p2a: Milotic|Milotic, L77, M|273/273","|move|p1a: Porygon-Z|Tri Attack|p2a: Milotic","|-damage|p2a: Milotic|162/273","|","|-heal|p2a: Milotic|179/273|[from] item: Leftovers","|turn|4","|","|switch|p1a: Maractus|Maractus, L83, M|260/260","|move|p2a: Milotic|Dragon Tail|p1a: Maractus","|-damage|p1a: Maractus|229/260","|drag|p1a: Porygon-Z|Porygon-Z, L77|63/257","|-boost|p1a: Porygon-Z|atk|1|[from] ability: Download","|","|-heal|p2a: Milotic|196/273|[from] item: Leftovers","|turn|5","|","|switch|p1a: Maractus|Maractus, L83, M|229/260","|move|p2a: Milotic|Ice Beam|p1a: Maractus","|-supereffective|p1a: Maractus","|-damage|p1a: Maractus|89/260","|","|-heal|p2a: Milotic|213/273|[from] item: Leftovers","|turn|6","|","|move|p2a: Milotic|Ice Beam|p1a: Maractus","|-supereffective|p1a: Maractus","|-damage|p1a: Maractus|0 fnt","|faint|p1a: Maractus","|","|-heal|p2a: Milotic|230/273|[from] item: Leftovers","|","|switch|p1a: Zekrom|Zekrom, L73|266/266","|-ability|p1a: Zekrom|Teravolt","|turn|7","|","|switch|p2a: Chesnaught|Chesnaught, L77, F|262/262","|move|p1a: Zekrom|Bolt Strike|p2a: Chesnaught","|-resisted|p2a: Chesnaught","|-damage|p2a: Chesnaught|199/262","|-status|p2a: Chesnaught|par","|","|-heal|p2a: Chesnaught|215/262 par|[from] item: Leftovers","|turn|8","|","|switch|p1a: Exeggutor|Exeggutor, L81, M|287/287","|move|p2a: Chesnaught|Leech Seed|p1a: Exeggutor","|-immune|p1a: Exeggutor|[msg]","|","|-heal|p2a: Chesnaught|231/262 par|[from] item: Leftovers","|turn|9","|","|move|p1a: Exeggutor|Psychic|p2a: Chesnaught","|-supereffective|p2a: Chesnaught","|-damage|p2a: Chesnaught|0 fnt","|faint|p2a: Chesnaught","|","|","|switch|p2a: Pyroar|Pyroar, L81, F|271/271","|-ability|p2a: Pyroar|Unnerve|p1: Cdskribbles","|turn|10","|","|switch|p1a: Rampardos|Rampardos, L83, M|297/297","|move|p2a: Pyroar|Dark Pulse|p1a: Rampardos","|-damage|p1a: Rampardos|187/297","|-damage|p2a: Pyroar|244/271|[from] item: Life Orb","|","|turn|11","|","|move|p2a: Pyroar|Will-O-Wisp|p1a: Rampardos","|-status|p1a: Rampardos|brn","|move|p1a: Rampardos|Rock Polish|p1a: Rampardos","|-boost|p1a: Rampardos|spe|2","|","|-damage|p1a: Rampardos|150/297 brn|[from] brn","|turn|12","|","|move|p1a: Rampardos|Head Smash|p2a: Pyroar","|-supereffective|p2a: Pyroar","|-damage|p2a: Pyroar|0 fnt","|-damage|p1a: Rampardos|28/297 brn|[from] recoil|[of] p2a: Pyroar","|-damage|p1a: Rampardos|0 fnt|[from] item: Life Orb","|faint|p2a: Pyroar","|faint|p1a: Rampardos","|","|","|switch|p1a: Zekrom|Zekrom, L73|266/266","|switch|p2a: Altaria|Altaria, L75, M|236/236","|-ability|p1a: Zekrom|Teravolt","|-ability|p2a: Altaria|Cloud Nine","|turn|13","|","|detailschange|p2a: Altaria|Altaria-Mega, L75, M","|-mega|p2a: Altaria|Altaria|Altarianite","|move|p1a: Zekrom|Outrage|p2a: Altaria","|-immune|p2a: Altaria|[msg]","|move|p2a: Altaria|Return|p1a: Zekrom","|-supereffective|p1a: Zekrom","|-damage|p1a: Zekrom|50/266","|","|turn|14","|","|switch|p1a: Togekiss|Togekiss, L76, F|254/254","|move|p2a: Altaria|Return|p1a: Togekiss","|-damage|p1a: Togekiss|122/254","|","|-heal|p1a: Togekiss|137/254|[from] item: Leftovers","|turn|15","|","|move|p1a: Togekiss|Air Slash|p2a: Altaria","|-damage|p2a: Altaria|155/236","|cant|p2a: Altaria|flinch","|","|-heal|p1a: Togekiss|152/254|[from] item: Leftovers","|turn|16","|","|move|p1a: Togekiss|Air Slash|p2a: Altaria","|-damage|p2a: Altaria|82/236","|cant|p2a: Altaria|flinch","|","|-heal|p1a: Togekiss|167/254|[from] item: Leftovers","|turn|17","|","|move|p1a: Togekiss|Air Slash|p2a: Altaria","|-crit|p2a: Altaria","|-damage|p2a: Altaria|0 fnt","|faint|p2a: Altaria","|","|-heal|p1a: Togekiss|182/254|[from] item: Leftovers","|","|switch|p2a: Milotic|Milotic, L77, M|230/273","|turn|18","|","|switch|p1a: Porygon-Z|Porygon-Z, L77|63/257","|-boost|p1a: Porygon-Z|atk|1|[from] ability: Download","|move|p2a: Milotic|Toxic|p1a: Porygon-Z","|-status|p1a: Porygon-Z|tox","|","|-heal|p2a: Milotic|247/273|[from] item: Leftovers","|-damage|p1a: Porygon-Z|47/257 tox|[from] psn","|turn|19","|","|move|p1a: Porygon-Z|Tri Attack|p2a: Milotic","|-damage|p2a: Milotic|174/273","|-status|p2a: Milotic|brn","|move|p2a: Milotic|Ice Beam|p1a: Porygon-Z","|-crit|p1a: Porygon-Z","|-damage|p1a: Porygon-Z|0 fnt","|faint|p1a: Porygon-Z","|","|-heal|p2a: Milotic|191/273 brn|[from] item: Leftovers","|-damage|p2a: Milotic|157/273 brn|[from] brn","|","|switch|p1a: Zekrom|Zekrom, L73|50/266","|-ability|p1a: Zekrom|Teravolt","|turn|20","|","|switch|p2a: Marowak|Marowak, L83, M|35/235","|move|p1a: Zekrom|Bolt Strike|p2a: Marowak","|-immune|p2a: Marowak|[msg]","|","|turn|21","|","|switch|p1a: Exeggutor|Exeggutor, L81, M|287/287","|move|p2a: Marowak|Earthquake|p1a: Exeggutor","|-resisted|p1a: Exeggutor","|-damage|p1a: Exeggutor|191/287","|","|turn|22","|","|move|p1a: Exeggutor|Giga Drain|p2a: Marowak","|-supereffective|p2a: Marowak","|-damage|p2a: Marowak|0 fnt","|-heal|p1a: Exeggutor|209/287|[from] drain|[of] p2a: Marowak","|faint|p2a: Marowak","|","|","|switch|p2a: Parasect|Parasect, L83, M|235/235","|turn|23","|","|switch|p1a: Togekiss|Togekiss, L76, F|182/254","|move|p2a: Parasect|X-Scissor|p1a: Togekiss","|-crit|p1a: Togekiss","|-resisted|p1a: Togekiss","|-damage|p1a: Togekiss|152/254","|","|-heal|p1a: Togekiss|167/254|[from] item: Leftovers","|turn|24","|","|switch|p2a: Milotic|Milotic, L77, M|157/273 brn","|move|p1a: Togekiss|Air Slash|p2a: Milotic","|-damage|p2a: Milotic|91/273 brn","|","|-heal|p2a: Milotic|108/273 brn|[from] item: Leftovers","|-heal|p1a: Togekiss|182/254|[from] item: Leftovers","|-damage|p2a: Milotic|74/273 brn|[from] brn","|turn|25","|","|move|p2a: Milotic|Ice Beam|p1a: Togekiss","|-supereffective|p1a: Togekiss","|-damage|p1a: Togekiss|84/254","|move|p1a: Togekiss|Air Slash|p2a: Milotic","|-damage|p2a: Milotic|5/273 brn","|","|-heal|p2a: Milotic|22/273 brn|[from] item: Leftovers","|-heal|p1a: Togekiss|99/254|[from] item: Leftovers","|-damage|p2a: Milotic|0 fnt|[from] brn","|faint|p2a: Milotic","|","|switch|p2a: Parasect|Parasect, L83, M|235/235","|turn|26","|","|move|p1a: Togekiss|Air Slash|p2a: Parasect","|-supereffective|p2a: Parasect","|-damage|p2a: Parasect|0 fnt","|faint|p2a: Parasect","|","|win|Cdskribbles"],"p1rating":{"entryid":"7143716","serverid":"eos","formatid":"randombattle","userid":"cdskribbles","username":"Cdskribbles","w":7,"l":"2","t":"0","gxe":63,"r":"1617.1176181408","rd":"98.110165278752","sigma":"0","rptime":"1438851600","rpr":1603.3580982299,"rprd":92.546005041418,"rpsigma":"0","acre":1124.492240447,"lacre":1124.492240447,"oldacre":"1106.9539709139"},"p2rating":{"entryid":7438006,"formatid":"randombattle","userid":"davissoul","username":"Davis'Soul","r":1500,"rd":130,"sigma":0,"rpr":1471.3156820491,"rprd":123.0986328411,"rpsigma":0,"rptime":1438851600,"w":0,"l":1,"t":0,"gxe":46.4,"acre":1000,"lacre":1000,"oldacre":1000},"endType":"normal"}