{"seed":[64748,33031,6956,41894],"turns":29,"p1":"Knight♕Zygarde","p2":"Carnie Bronykins","p1team":[{"name":"Probopass","moves":["voltswitch","thunderwave","painsplit","flashcannon"],"ability":"Magnet Pull","evs":{"hp":85,"atk":85,"def":85,"spa":85,"spd":85,"spe":85},"ivs":{"hp":31,"atk":31,"def":31,"spa":31,"spd":31,"spe":31},"item":"Air Balloon","level":83,"shiny":false},{"name":"Sawsbuck","moves":["return","hornleech","swordsdance","substitute"],"ability":"Sap Sipper","evs":{"hp":85,"atk":85,"def":85,"spa":85,"spd":85,"spe":85},"ivs":{"hp":31,"atk":31,"def":31,"spa":31,"spd":31,"spe":31},"item":"Leftovers","level":83,"shiny":false},{"name":"Mantine","moves":["sleeptalk","rest","airslash","scald"],"ability":"Water Absorb","evs":{"hp":85,"atk":85,"def":85,"spa":85,"spd":85,"spe":85},"ivs":{"hp":31,"atk":31,"def":31,"spa":31,"spd":31,"spe":31},"item":"Leftovers","level":81,"shiny":false},{"name":"Kyogre","moves":["thunder","originpulse","calmmind","icebeam"],"ability":"Drizzle","evs":{"hp":85,"atk":85,"def":85,"spa":85,"spd":85,"spe":85},"ivs":{"hp":31,"atk":31,"def":31,"spa":31,"spd":31,"spe":31},"item":"Blue Orb","level":73,"shiny":false},{"name":"Lilligant","moves":["hiddenpowerfire","quiverdance","petaldance","gigadrain"],"ability":"Own Tempo","evs":{"hp":85,"atk":85,"def":85,"spa":85,"spd":85,"spe":85},"ivs":{"hp":31,"atk":30,"def":31,"spa":30,"spd":31,"spe":30},"item":"Life Orb","level":81,"shiny":false},{"name":"Miltank","moves":["earthquake","milkdrink","bodyslam","stealthrock"],"ability":"Thick Fat","evs":{"hp":85,"atk":85,"def":85,"spa":85,"spd":85,"spe":85},"ivs":{"hp":31,"atk":31,"def":31,"spa":31,"spd":31,"spe":31},"item":"Leftovers","level":81,"shiny":false}],"p2team":[{"name":"Druddigon","moves":["firepunch","dragontail","substitute","suckerpunch"],"ability":"Sheer Force","evs":{"hp":85,"atk":85,"def":85,"spa":85,"spd":85,"spe":85},"ivs":{"hp":31,"atk":31,"def":31,"spa":31,"spd":31,"spe":31},"item":"Life Orb","level":79,"shiny":false},{"name":"Lopunny","moves":["substitute","return","highjumpkick","icepunch"],"ability":"Limber","evs":{"hp":85,"atk":85,"def":85,"spa":85,"spd":85,"spe":85},"ivs":{"hp":31,"atk":31,"def":31,"spa":31,"spd":31,"spe":31},"item":"Lopunnite","level":75,"shiny":false},{"name":"Poliwrath","moves":["icebeam","focusblast","circlethrow","hydropump"],"ability":"Water Absorb","evs":{"hp":85,"atk":85,"def":85,"spa":85,"spd":85,"spe":85},"ivs":{"hp":31,"atk":31,"def":31,"spa":31,"spd":31,"spe":31},"item":"Expert Belt","level":81,"shiny":false},{"name":"Diancie","moves":["hiddenpowerfire","reflect","moonblast","stealthrock"],"ability":"Clear Body","evs":{"hp":85,"atk":85,"def":85,"spa":85,"spd":85,"spe":85},"ivs":{"hp":31,"atk":30,"def":31,"spa":30,"spd":31,"spe":30},"item":"Light Clay","level":77,"shiny":false},{"name":"Rapidash","moves":["flareblitz","drillrun","wildcharge","morningsun"],"ability":"Flash Fire","evs":{"hp":81,"atk":89,"def":85,"spa":85,"spd":85,"spe":85},"ivs":{"hp":31,"atk":31,"def":31,"spa":31,"spd":31,"spe":31},"item":"Life Orb","level":83,"shiny":false},{"name":"Zebstrika","moves":["thunderbolt","hiddenpowergrass","wildcharge","overheat"],"ability":"Lightning Rod","evs":{"hp":85,"atk":85,"def":85,"spa":85,"spd":85,"spe":85},"ivs":{"hp":31,"atk":30,"def":31,"spa":30,"spd":31,"spe":31},"item":"Expert Belt","level":83,"shiny":false}],"log":["|player|p1|Knight♕Zygarde|knightzygarde.png","|player|p2|Carnie Bronykins|80","|gametype|singles","|gen|6","|tier|Random Battle","|rated","|rule|Sleep Clause Mod: Limit one foe put to sleep","|rule|HP Percentage Mod: HP is shown in percentages","|","|start","|switch|p1a: Probopass|Probopass, L83, M|235/235","|switch|p2a: Druddigon|Druddigon, L79, M|251/251","|-item|p1a: Probopass|Air Balloon","|turn|1","|","|move|p2a: Druddigon|Substitute|p2a: Druddigon","|-start|p2a: Druddigon|Substitute","|-damage|p2a: Druddigon|189/251","|move|p1a: Probopass|Thunder Wave|p2a: Druddigon","|-fail|p2a: Druddigon","|","|turn|2","|","|move|p2a: Druddigon|Fire Punch|p1a: Probopass","|-crit|p1a: Probopass","|-damage|p1a: Probopass|130/235","|-enditem|p1a: Probopass|Air Balloon","|move|p1a: Probopass|Flash Cannon|p2a: Druddigon","|-end|p2a: Druddigon|Substitute","|","|turn|3","|","|move|p2a: Druddigon|Fire Punch|p1a: Probopass","|-damage|p1a: Probopass|62/235","|move|p1a: Probopass|Flash Cannon|p2a: Druddigon","|-damage|p2a: Druddigon|116/251","|","|turn|4","|","|move|p2a: Druddigon|Fire Punch|p1a: Probopass","|-damage|p1a: Probopass|1/235","|move|p1a: Probopass|Flash Cannon|p2a: Druddigon","|-damage|p2a: Druddigon|44/251","|","|turn|5","|","|move|p2a: Druddigon|Fire Punch|p1a: Probopass","|-damage|p1a: Probopass|0 fnt","|faint|p1a: Probopass","|","|","|switch|p1a: Sawsbuck|Sawsbuck, L83, M|268/268","|turn|6","|","|move|p1a: Sawsbuck|Horn Leech|p2a: Druddigon","|-resisted|p2a: Druddigon","|-damage|p2a: Druddigon|2/251","|move|p2a: Druddigon|Fire Punch|p1a: Sawsbuck","|-supereffective|p1a: Sawsbuck","|-damage|p1a: Sawsbuck|52/268","|","|-heal|p1a: Sawsbuck|68/268|[from] item: Leftovers","|turn|7","|","|move|p2a: Druddigon|Sucker Punch|p1a: Sawsbuck","|-crit|p1a: Sawsbuck","|-damage|p1a: Sawsbuck|0 fnt","|-damage|p2a: Druddigon|0 fnt|[from] item: Life Orb","|faint|p1a: Sawsbuck","|faint|p2a: Druddigon","|","|","|switch|p1a: Mantine|Mantine, L81, M|238/238","|switch|p2a: Diancie|Diancie, L77|204/204","|turn|8","|","|switch|p2a: Zebstrika|Zebstrika, L83, F|260/260","|move|p1a: Mantine|Scald|p2a: Zebstrika","|-damage|p2a: Zebstrika|167/260","|","|turn|9","|","|switch|p1a: Lilligant|Lilligant, L81, F|246/246","|move|p2a: Zebstrika|Thunderbolt|p1a: Lilligant","|-resisted|p1a: Lilligant","|-damage|p1a: Lilligant|198/246","|","|turn|10","|","|move|p2a: Zebstrika|Overheat|p1a: Lilligant","|-supereffective|p1a: Lilligant","|-damage|p1a: Lilligant|0 fnt","|-unboost|p2a: Zebstrika|spa|2","|faint|p1a: Lilligant","|","|","|switch|p1a: Miltank|Miltank, L81, F|287/287","|turn|11","|","|switch|p2a: Poliwrath|Poliwrath, L81, F|278/278","|move|p1a: Miltank|Stealth Rock|p2a: Poliwrath","|-sidestart|p2: Carnie Bronykins|move: Stealth Rock","|","|turn|12","|","|switch|p1a: Mantine|Mantine, L81, M|238/238","|move|p2a: Poliwrath|Focus Blast|p1a: Mantine|[miss]","|-miss|p2a: Poliwrath|p1a: Mantine","|","|turn|13","|","|move|p2a: Poliwrath|Ice Beam|p1a: Mantine","|-damage|p1a: Mantine|203/238","|move|p1a: Mantine|Scald|p2a: Poliwrath","|-immune|p2a: Poliwrath|[msg]","|","|-heal|p1a: Mantine|217/238|[from] item: Leftovers","|turn|14","|","|move|p2a: Poliwrath|Ice Beam|p1a: Mantine","|-damage|p1a: Mantine|183/238","|move|p1a: Mantine|Air Slash|p2a: Poliwrath","|-supereffective|p2a: Poliwrath","|-damage|p2a: Poliwrath|150/278","|","|-heal|p1a: Mantine|197/238|[from] item: Leftovers","|turn|15","|","|switch|p2a: Zebstrika|Zebstrika, L83, F|167/260","|-damage|p2a: Zebstrika|135/260|[from] Stealth Rock","|move|p1a: Mantine|Air Slash|p2a: Zebstrika","|-resisted|p2a: Zebstrika","|-damage|p2a: Zebstrika|96/260","|","|-heal|p1a: Mantine|211/238|[from] item: Leftovers","|turn|16","|","|switch|p1a: Miltank|Miltank, L81, F|287/287","|move|p2a: Zebstrika|Thunderbolt|p1a: Miltank","|-damage|p1a: Miltank|185/287","|","|-heal|p1a: Miltank|202/287|[from] item: Leftovers","|turn|17","|","|move|p2a: Zebstrika|Thunderbolt|p1a: Miltank","|-damage|p1a: Miltank|106/287","|move|p1a: Miltank|Body Slam|p2a: Zebstrika","|-damage|p2a: Zebstrika|0 fnt","|faint|p2a: Zebstrika","|","|-heal|p1a: Miltank|123/287|[from] item: Leftovers","|","|switch|p2a: Diancie|Diancie, L77|204/204","|-damage|p2a: Diancie|179/204|[from] Stealth Rock","|turn|18","|","|move|p1a: Miltank|Milk Drink|p1a: Miltank","|-heal|p1a: Miltank|267/287","|move|p2a: Diancie|Stealth Rock|p1a: Miltank","|-sidestart|p1: Knight♕Zygarde|move: Stealth Rock","|","|-heal|p1a: Miltank|284/287|[from] item: Leftovers","|turn|19","|","|move|p1a: Miltank|Earthquake|p2a: Diancie","|-supereffective|p2a: Diancie","|-damage|p2a: Diancie|101/204","|move|p2a: Diancie|Reflect|p2a: Diancie","|-sidestart|p2: Carnie Bronykins|Reflect","|","|-heal|p1a: Miltank|287/287|[from] item: Leftovers","|turn|20","|","|move|p1a: Miltank|Earthquake|p2a: Diancie","|-supereffective|p2a: Diancie","|-damage|p2a: Diancie|62/204","|move|p2a: Diancie|Moonblast|p1a: Miltank","|-damage|p1a: Miltank|179/287","|","|-heal|p1a: Miltank|196/287|[from] item: Leftovers","|turn|21","|","|move|p1a: Miltank|Earthquake|p2a: Diancie","|-supereffective|p2a: Diancie","|-damage|p2a: Diancie|18/204","|move|p2a: Diancie|Moonblast|p1a: Miltank","|-damage|p1a: Miltank|97/287","|","|-heal|p1a: Miltank|114/287|[from] item: Leftovers","|turn|22","|","|move|p1a: Miltank|Earthquake|p2a: Diancie","|-supereffective|p2a: Diancie","|-damage|p2a: Diancie|0 fnt","|faint|p2a: Diancie","|","|-heal|p1a: Miltank|131/287|[from] item: Leftovers","|","|switch|p2a: Lopunny|Lopunny, L75, M|221/221","|-damage|p2a: Lopunny|194/221|[from] Stealth Rock","|turn|23","|","|detailschange|p2a: Lopunny|Lopunny-Mega, L75, M","|-mega|p2a: Lopunny|Lopunny|Lopunnite","|move|p1a: Miltank|Milk Drink|p1a: Miltank","|-heal|p1a: Miltank|275/287","|move|p2a: Lopunny|High Jump Kick|p1a: Miltank","|-supereffective|p1a: Miltank","|-damage|p1a: Miltank|23/287","|","|-heal|p1a: Miltank|40/287|[from] item: Leftovers","|turn|24","|","|move|p2a: Lopunny|Return|p1a: Miltank","|-damage|p1a: Miltank|0 fnt","|faint|p1a: Miltank","|","|","|switch|p1a: Mantine|Mantine, L81, M|211/238","|-damage|p1a: Mantine|152/238|[from] Stealth Rock","|turn|25","|","|move|p2a: Lopunny|Ice Punch|p1a: Mantine","|-damage|p1a: Mantine|88/238","|move|p1a: Mantine|Air Slash|p2a: Lopunny","|-supereffective|p2a: Lopunny","|-damage|p2a: Lopunny|66/221","|","|-heal|p1a: Mantine|102/238|[from] item: Leftovers","|turn|26","|","|move|p2a: Lopunny|Ice Punch|p1a: Mantine","|-damage|p1a: Mantine|29/238","|move|p1a: Mantine|Air Slash|p2a: Lopunny","|-supereffective|p2a: Lopunny","|-damage|p2a: Lopunny|0 fnt","|faint|p2a: Lopunny","|","|-heal|p1a: Mantine|43/238|[from] item: Leftovers","|-sideend|p2: Carnie Bronykins|Reflect","|","|switch|p2a: Rapidash|Rapidash, L83, F|243/243","|-damage|p2a: Rapidash|183/243|[from] Stealth Rock","|turn|27","|","|move|p2a: Rapidash|Wild Charge|p1a: Mantine","|-supereffective|p1a: Mantine","|-damage|p1a: Mantine|0 fnt","|-damage|p2a: Rapidash|172/243|[from] recoil|[of] p1a: Mantine","|-damage|p2a: Rapidash|148/243|[from] item: Life Orb","|faint|p1a: Mantine","|","|","|switch|p1a: Kyogre|Kyogre, L73|266/266","|-damage|p1a: Kyogre|233/266|[from] Stealth Rock","|detailschange|p1a: Kyogre|Kyogre-Primal, L73","|message|Kyogre's Primal Reversion! It reverted to its primal form!","|-weather|PrimordialSea","|turn|28","|","|move|p2a: Rapidash|Wild Charge|p1a: Kyogre","|-supereffective|p1a: Kyogre","|-damage|p1a: Kyogre|59/266","|-damage|p2a: Rapidash|104/243|[from] recoil|[of] p1a: Kyogre","|-damage|p2a: Rapidash|80/243|[from] item: Life Orb","|move|p1a: Kyogre|Origin Pulse|p2a: Rapidash","|-miss|p1a: Kyogre|p2a: Rapidash","|","|-weather|PrimordialSea|[upkeep]","|turn|29","|","|win|Carnie Bronykins"],"p1rating":{"entryid":"7437740","serverid":"eos","formatid":"randombattle","userid":"knightzygarde","username":"Knight♕Zygarde","w":"1","l":1,"t":"0","gxe":52.1,"r":"1500","rd":"130","sigma":"0","rptime":"1438851600","rpr":1516.562123009,"rprd":116.96721034418,"rpsigma":"0","acre":1035.3887887208,"lacre":1035.3887887208,"oldacre":"1055.4573240217"},"p2rating":{"entryid":"7314490","serverid":"eos","formatid":"randombattle","userid":"carniebronykins","username":"Carnie Bronykins","w":2,"l":"1","t":"0","gxe":54.2,"r":1499.6488584895,"rd":117.30840108011,"sigma":"0","rptime":1438851600,"rpr":1533.0439694178,"rprd":111.98065971175,"rpsigma":"0","acre":1062.3446173329,"lacre":1062.3446173329,"oldacre":"1022.1660277196"},"endType":"forfeit"}