{"seed":[49262,32887,58302,8399],"turns":50,"p1":"Seven Swell","p2":"anan","p1team":[{"name":"Simisear","moves":["substitute","nastyplot","focusblast","fireblast"],"ability":"Blaze","evs":{"hp":81,"atk":85,"def":85,"spa":89,"spd":85,"spe":85},"ivs":{"hp":31,"atk":31,"def":31,"spa":31,"spd":31,"spe":31},"item":"Leftovers","level":83,"shiny":false},{"name":"Gastrodon","moves":["scald","toxic","icebeam","recover"],"ability":"Storm Drain","evs":{"hp":85,"atk":85,"def":85,"spa":85,"spd":85,"spe":85},"ivs":{"hp":31,"atk":31,"def":31,"spa":31,"spd":31,"spe":31},"item":"Leftovers","level":79,"shiny":false},{"name":"Aggron","moves":["heavyslam","roar","thunderwave","earthquake"],"ability":"Sturdy","evs":{"hp":85,"atk":85,"def":85,"spa":85,"spd":85,"spe":85},"ivs":{"hp":31,"atk":31,"def":31,"spa":31,"spd":31,"spe":31},"item":"Aggronite","level":77,"shiny":false},{"name":"Flygon","moves":["outrage","firepunch","earthquake","stoneedge"],"ability":"Levitate","evs":{"hp":85,"atk":85,"def":85,"spa":85,"spd":85,"spe":85},"ivs":{"hp":31,"atk":31,"def":31,"spa":31,"spd":31,"spe":31},"item":"Choice Scarf","level":79,"shiny":false},{"name":"Giratina","moves":["sleeptalk","willowisp","dragontail","rest"],"ability":"Pressure","evs":{"hp":85,"atk":85,"def":85,"spa":85,"spd":85,"spe":85},"ivs":{"hp":31,"atk":31,"def":31,"spa":31,"spd":31,"spe":31},"item":"Leftovers","level":73,"shiny":false},{"name":"Cherrim","moves":["energyball","synthesis","hiddenpowerice","sunnyday"],"ability":"Flower Gift","evs":{"hp":85,"atk":85,"def":85,"spa":85,"spd":85,"spe":85},"ivs":{"hp":31,"atk":30,"def":30,"spa":31,"spd":31,"spe":31},"item":"Heat Rock","level":83,"shiny":false}],"p2team":[{"name":"Primeape","moves":["uturn","closecombat","gunkshot","stoneedge"],"ability":"Defiant","evs":{"hp":85,"atk":85,"def":85,"spa":85,"spd":85,"spe":85},"ivs":{"hp":31,"atk":31,"def":31,"spa":31,"spd":31,"spe":31},"item":"Choice Scarf","level":81,"shiny":false},{"name":"Linoone","moves":["bellydrum","seedbomb","extremespeed","shadowclaw"],"ability":"Quick Feet","evs":{"hp":81,"atk":89,"def":85,"spa":85,"spd":85,"spe":85},"ivs":{"hp":31,"atk":31,"def":31,"spa":31,"spd":31,"spe":31},"item":"Sitrus Berry","level":83,"shiny":false},{"name":"Castform","moves":["thunder","weatherball","raindance","hurricane"],"ability":"Forecast","evs":{"hp":85,"atk":85,"def":85,"spa":85,"spd":85,"spe":85},"ivs":{"hp":31,"atk":31,"def":31,"spa":31,"spd":31,"spe":31},"item":"Damp Rock","level":83,"shiny":false},{"name":"Lanturn","moves":["scald","thunderwave","hiddenpowergrass","icebeam"],"ability":"Volt Absorb","evs":{"hp":85,"atk":85,"def":85,"spa":85,"spd":85,"spe":85},"ivs":{"hp":31,"atk":30,"def":31,"spa":30,"spd":31,"spe":31},"item":"Life Orb","level":81,"shiny":false},{"name":"Rotom-Frost","moves":["painsplit","willowisp","voltswitch","thunderbolt"],"ability":"Levitate","evs":{"hp":85,"atk":85,"def":85,"spa":85,"spd":85,"spe":85},"ivs":{"hp":31,"atk":31,"def":31,"spa":31,"spd":31,"spe":31},"item":"Leftovers","level":83,"shiny":false},{"name":"Vileplume","moves":["sludgebomb","sleeppowder","gigadrain","aromatherapy"],"ability":"Effect Spore","evs":{"hp":85,"atk":85,"def":85,"spa":85,"spd":85,"spe":85},"ivs":{"hp":31,"atk":31,"def":31,"spa":31,"spd":31,"spe":31},"item":"Black Sludge","level":81,"shiny":false}],"log":["|player|p1|Seven Swell|sevenswell.png","|player|p2|anan|99","|gametype|singles","|gen|6","|tier|Random Battle","|rated","|rule|Sleep Clause Mod: Limit one foe put to sleep","|rule|HP Percentage Mod: HP is shown in percentages","|","|start","|switch|p1a: Simisear|Simisear, L83, M|259/259","|switch|p2a: Primeape|Primeape, L81, M|238/238","|turn|1","|","|switch|p1a: Flygon|Flygon, L79, F|256/256","|move|p2a: Primeape|Stone Edge|p1a: Flygon","|-resisted|p1a: Flygon","|-damage|p1a: Flygon|218/256","|","|turn|2","|","|switch|p2a: Rotom-Frost|Rotom-Frost, L83|219/219","|move|p1a: Flygon|Earthquake|p2a: Rotom-Frost","|-immune|p2a: Rotom-Frost|[msg]","|","|turn|3","|","|switch|p1a: Gastrodon|Gastrodon, L79, M|305/305","|move|p2a: Rotom-Frost|Will-O-Wisp|p1a: Gastrodon","|-status|p1a: Gastrodon|brn","|","|-damage|p1a: Gastrodon|267/305 brn|[from] brn","|turn|4","|","|switch|p2a: Vileplume|Vileplume, L81, M|254/254","|move|p1a: Gastrodon|Toxic|p2a: Vileplume","|-immune|p2a: Vileplume|[msg]","|","|-heal|p1a: Gastrodon|286/305 brn|[from] item: Leftovers","|-damage|p1a: Gastrodon|248/305 brn|[from] brn","|turn|5","|","|switch|p1a: Simisear|Simisear, L83, M|259/259","|move|p2a: Vileplume|Giga Drain|p1a: Simisear","|-resisted|p1a: Simisear","|-damage|p1a: Simisear|210/259","|","|-heal|p1a: Simisear|226/259|[from] item: Leftovers","|turn|6","|","|switch|p2a: Lanturn|Lanturn, L81, M|335/335","|move|p1a: Simisear|Substitute|p1a: Simisear","|-start|p1a: Simisear|Substitute","|-damage|p1a: Simisear|162/259","|","|-heal|p1a: Simisear|178/259|[from] item: Leftovers","|turn|7","|","|move|p1a: Simisear|Focus Blast|p2a: Lanturn|[miss]","|-miss|p1a: Simisear|p2a: Lanturn","|move|p2a: Lanturn|Scald|p1a: Simisear","|-crit|p1a: Simisear","|-supereffective|p1a: Simisear","|-end|p1a: Simisear|Substitute","|-damage|p2a: Lanturn|302/335|[from] item: Life Orb","|","|-heal|p1a: Simisear|194/259|[from] item: Leftovers","|turn|8","|","|switch|p1a: Gastrodon|Gastrodon, L79, M|248/305 brn","|move|p2a: Lanturn|Thunder Wave|p1a: Gastrodon","|-immune|p1a: Gastrodon|[msg]","|","|-heal|p1a: Gastrodon|267/305 brn|[from] item: Leftovers","|-damage|p1a: Gastrodon|229/305 brn|[from] brn","|turn|9","|","|move|p2a: Lanturn|Hidden Power|p1a: Gastrodon","|-supereffective|p1a: Gastrodon","|-damage|p1a: Gastrodon|31/305 brn","|-damage|p2a: Lanturn|269/335|[from] item: Life Orb","|move|p1a: Gastrodon|Ice Beam|p2a: Lanturn","|-resisted|p2a: Lanturn","|-damage|p2a: Lanturn|241/335","|","|-heal|p1a: Gastrodon|50/305 brn|[from] item: Leftovers","|-damage|p1a: Gastrodon|12/305 brn|[from] brn","|turn|10","|","|move|p2a: Lanturn|Hidden Power|p1a: Gastrodon","|-supereffective|p1a: Gastrodon","|-damage|p1a: Gastrodon|0 fnt","|-damage|p2a: Lanturn|208/335|[from] item: Life Orb","|faint|p1a: Gastrodon","|","|","|switch|p1a: Cherrim|Cherrim, L83, M|252/252","|turn|11","|","|move|p1a: Cherrim|Sunny Day|p1a: Cherrim","|-weather|SunnyDay","|-formechange|p1a: Cherrim|Cherrim-Sunshine|[msg]","|move|p2a: Lanturn|Thunder Wave|p1a: Cherrim","|-status|p1a: Cherrim|par","|","|-weather|SunnyDay|[upkeep]","|turn|12","|","|switch|p2a: Castform|Castform, L83, M|252/252","|-formechange|p2a: Castform|Castform-Sunny|[msg]","|cant|p1a: Cherrim|par","|","|-weather|SunnyDay|[upkeep]","|turn|13","|","|switch|p1a: Simisear|Simisear, L83, M|194/259","|move|p2a: Castform|Rain Dance|p2a: Castform","|-weather|RainDance","|-formechange|p2a: Castform|Castform-Rainy|[msg]","|","|-weather|RainDance|[upkeep]","|-heal|p1a: Simisear|210/259|[from] item: Leftovers","|turn|14","|","|switch|p1a: Giratina|Giratina, L73|339/339","|-ability|p1a: Giratina|Pressure","|move|p2a: Castform|Weather Ball|p1a: Giratina","|-resisted|p1a: Giratina","|-damage|p1a: Giratina|285/339","|","|-weather|RainDance|[upkeep]","|-heal|p1a: Giratina|306/339|[from] item: Leftovers","|turn|15","|","|switch|p2a: Lanturn|Lanturn, L81, M|208/335","|move|p1a: Giratina|Will-O-Wisp|p2a: Lanturn","|-status|p2a: Lanturn|brn","|","|-weather|RainDance|[upkeep]","|-heal|p1a: Giratina|327/339|[from] item: Leftovers","|-damage|p2a: Lanturn|167/335 brn|[from] brn","|turn|16","|","|switch|p1a: Cherrim|Cherrim, L83, M|252/252 par","|move|p2a: Lanturn|Thunder Wave|p1a: Cherrim","|-fail|p1a: Cherrim|par","|","|-weather|RainDance|[upkeep]","|-damage|p2a: Lanturn|126/335 brn|[from] brn","|turn|17","|","|move|p2a: Lanturn|Ice Beam|p1a: Cherrim","|-supereffective|p1a: Cherrim","|-damage|p1a: Cherrim|117/252 par","|-damage|p2a: Lanturn|93/335 brn|[from] item: Life Orb","|move|p1a: Cherrim|Sunny Day|p1a: Cherrim","|-weather|SunnyDay","|-formechange|p1a: Cherrim|Cherrim-Sunshine|[msg]","|","|-weather|SunnyDay|[upkeep]","|-damage|p2a: Lanturn|52/335 brn|[from] brn","|turn|18","|","|move|p2a: Lanturn|Ice Beam|p1a: Cherrim","|-supereffective|p1a: Cherrim","|-damage|p1a: Cherrim|26/252 par","|-damage|p2a: Lanturn|19/335 brn|[from] item: Life Orb","|move|p1a: Cherrim|Synthesis|p1a: Cherrim","|-heal|p1a: Cherrim|194/252 par","|","|-weather|SunnyDay|[upkeep]","|-damage|p2a: Lanturn|0 fnt|[from] brn","|faint|p2a: Lanturn","|","|switch|p2a: Vileplume|Vileplume, L81, M|254/254","|turn|19","|","|switch|p1a: Giratina|Giratina, L73|327/339","|-ability|p1a: Giratina|Pressure","|move|p2a: Vileplume|Sludge Bomb|p1a: Giratina","|-crit|p1a: Giratina","|-resisted|p1a: Giratina","|-damage|p1a: Giratina|262/339","|","|-weather|SunnyDay|[upkeep]","|-heal|p1a: Giratina|283/339|[from] item: Leftovers","|turn|20","|","|move|p2a: Vileplume|Sleep Powder|p1a: Giratina","|-status|p1a: Giratina|slp","|cant|p1a: Giratina|slp","|","|-weather|SunnyDay|[upkeep]","|-heal|p1a: Giratina|304/339 slp|[from] item: Leftovers","|turn|21","|","|switch|p2a: Linoone|Linoone, L83, M|264/264","|-curestatus|p1a: Giratina|slp","|move|p1a: Giratina|Sleep Talk|p1a: Giratina","|-fail|p1a: Giratina","|","|-weather|SunnyDay|[upkeep]","|-heal|p1a: Giratina|325/339|[from] item: Leftovers","|turn|22","|","|switch|p2a: Rotom-Frost|Rotom-Frost, L83|219/219","|move|p1a: Giratina|Dragon Tail|p2a: Rotom-Frost","|-damage|p2a: Rotom-Frost|170/219","|drag|p2a: Primeape|Primeape, L81, M|238/238","|","|-weather|SunnyDay|[upkeep]","|-heal|p1a: Giratina|339/339|[from] item: Leftovers","|turn|23","|","|move|p2a: Primeape|Stone Edge|p1a: Giratina","|-damage|p1a: Giratina|276/339","|move|p1a: Giratina|Will-O-Wisp|p2a: Primeape","|-status|p2a: Primeape|brn","|","|-weather|SunnyDay|[upkeep]","|-heal|p1a: Giratina|297/339|[from] item: Leftovers","|-damage|p2a: Primeape|209/238 brn|[from] brn","|turn|24","|","|switch|p2a: Vileplume|Vileplume, L81, M|254/254","|move|p1a: Giratina|Dragon Tail|p2a: Vileplume","|-damage|p2a: Vileplume|194/254","|-status|p1a: Giratina|slp","|drag|p2a: Linoone|Linoone, L83, M|264/264","|","|-weather|none","|-heal|p1a: Giratina|318/339 slp|[from] item: Leftovers","|turn|25","|","|move|p2a: Linoone|Belly Drum|p2a: Linoone","|-damage|p2a: Linoone|132/264","|-setboost|p2a: Linoone|atk|6|[from] move: Belly Drum","|-enditem|p2a: Linoone|Sitrus Berry|[eat]","|-heal|p2a: Linoone|198/264|[from] item: Sitrus Berry","|cant|p1a: Giratina|slp","|move|p1a: Giratina|Sleep Talk|p1a: Giratina","|move|p1a: Giratina|Will-O-Wisp|p2a: Linoone|[from]Sleep Talk","|-status|p2a: Linoone|brn","|","|-heal|p1a: Giratina|339/339 slp|[from] item: Leftovers","|-damage|p2a: Linoone|165/264 brn|[from] brn","|turn|26","|","|move|p2a: Linoone|Shadow Claw|p1a: Giratina","|-supereffective|p1a: Giratina","|-damage|p1a: Giratina|203/339 slp","|-curestatus|p1a: Giratina|slp","|move|p1a: Giratina|Dragon Tail|p2a: Linoone","|-crit|p2a: Linoone","|-damage|p2a: Linoone|57/264 brn","|drag|p2a: Rotom-Frost|Rotom-Frost, L83|170/219","|","|-heal|p2a: Rotom-Frost|183/219|[from] item: Leftovers","|-heal|p1a: Giratina|224/339|[from] item: Leftovers","|turn|27","|","|switch|p1a: Simisear|Simisear, L83, M|210/259","|move|p2a: Rotom-Frost|Will-O-Wisp|p1a: Simisear","|-immune|p1a: Simisear|[msg]","|","|-heal|p1a: Simisear|226/259|[from] item: Leftovers","|-heal|p2a: Rotom-Frost|196/219|[from] item: Leftovers","|turn|28","|","|switch|p2a: Primeape|Primeape, L81, M|209/238 brn","|move|p1a: Simisear|Substitute|p1a: Simisear","|-start|p1a: Simisear|Substitute","|-damage|p1a: Simisear|162/259","|","|-heal|p1a: Simisear|178/259|[from] item: Leftovers","|-damage|p2a: Primeape|180/238 brn|[from] brn","|turn|29","|","|move|p2a: Primeape|Stone Edge|p1a: Simisear|[miss]","|-miss|p2a: Primeape|p1a: Simisear","|move|p1a: Simisear|Fire Blast|p2a: Primeape|[miss]","|-miss|p1a: Simisear|p2a: Primeape","|","|-heal|p1a: Simisear|194/259|[from] item: Leftovers","|-damage|p2a: Primeape|151/238 brn|[from] brn","|turn|30","|","|move|p2a: Primeape|Stone Edge|p1a: Simisear","|-supereffective|p1a: Simisear","|-end|p1a: Simisear|Substitute","|move|p1a: Simisear|Fire Blast|p2a: Primeape","|-damage|p2a: Primeape|12/238 brn","|","|-heal|p1a: Simisear|210/259|[from] item: Leftovers","|-damage|p2a: Primeape|0 fnt|[from] brn","|faint|p2a: Primeape","|","|switch|p2a: Castform|Castform, L83, M|252/252","|turn|31","|","|move|p1a: Simisear|Focus Blast|p2a: Castform","|-supereffective|p2a: Castform","|-damage|p2a: Castform|62/252","|-unboost|p2a: Castform|spd|1","|move|p2a: Castform|Rain Dance|p2a: Castform","|-weather|RainDance","|-formechange|p2a: Castform|Castform-Rainy|[msg]","|","|-weather|RainDance|[upkeep]","|-heal|p1a: Simisear|226/259|[from] item: Leftovers","|turn|32","|","|switch|p1a: Cherrim|Cherrim, L83, M|194/252 par","|move|p2a: Castform|Weather Ball|p1a: Cherrim","|-resisted|p1a: Cherrim","|-damage|p1a: Cherrim|129/252 par","|","|-weather|RainDance|[upkeep]","|turn|33","|","|move|p2a: Castform|Hurricane|p1a: Cherrim","|-supereffective|p1a: Cherrim","|-damage|p1a: Cherrim|0 fnt","|faint|p1a: Cherrim","|","|-weather|RainDance|[upkeep]","|","|switch|p1a: Flygon|Flygon, L79, F|218/256","|turn|34","|","|move|p1a: Flygon|Stone Edge|p2a: Castform","|-damage|p2a: Castform|0 fnt","|faint|p2a: Castform","|","|-weather|RainDance|[upkeep]","|","|switch|p2a: Rotom-Frost|Rotom-Frost, L83|196/219","|turn|35","|","|switch|p1a: Aggron|Aggron, L77, M|234/234","|move|p2a: Rotom-Frost|Volt Switch|p1a: Aggron","|-damage|p1a: Aggron|117/234","|","|switch|p2a: Vileplume|Vileplume, L81, M|194/254","|","|-weather|RainDance|[upkeep]","|-heal|p2a: Vileplume|209/254|[from] item: Black Sludge","|turn|36","|","|detailschange|p1a: Aggron|Aggron-Mega, L77, M","|-mega|p1a: Aggron|Aggron|Aggronite","|move|p2a: Vileplume|Sleep Powder|p1a: Aggron","|-status|p1a: Aggron|slp","|cant|p1a: Aggron|slp","|","|-weather|RainDance|[upkeep]","|-heal|p2a: Vileplume|224/254|[from] item: Black Sludge","|turn|37","|","|move|p2a: Vileplume|Aromatherapy|p2a: Vileplume","|-cureteam|p2a: Vileplume|[from] move: Aromatherapy","|cant|p1a: Aggron|slp","|","|-weather|RainDance|[upkeep]","|-heal|p2a: Vileplume|239/254|[from] item: Black Sludge","|turn|38","|","|switch|p2a: Rotom-Frost|Rotom-Frost, L83|196/219","|-curestatus|p1a: Aggron|slp","|move|p1a: Aggron|Heavy Slam|p2a: Rotom-Frost","|-damage|p2a: Rotom-Frost|75/219","|","|-weather|none","|-heal|p2a: Rotom-Frost|88/219|[from] item: Leftovers","|turn|39","|","|switch|p1a: Simisear|Simisear, L83, M|226/259","|move|p2a: Rotom-Frost|Thunderbolt|p1a: Simisear","|-crit|p1a: Simisear","|-damage|p1a: Simisear|19/259","|","|-heal|p1a: Simisear|35/259|[from] item: Leftovers","|-heal|p2a: Rotom-Frost|101/219|[from] item: Leftovers","|turn|40","|","|move|p1a: Simisear|Fire Blast|p2a: Rotom-Frost","|-supereffective|p2a: Rotom-Frost","|-damage|p2a: Rotom-Frost|0 fnt","|faint|p2a: Rotom-Frost","|","|-heal|p1a: Simisear|51/259|[from] item: Leftovers","|","|switch|p2a: Linoone|Linoone, L83, M|57/264","|turn|41","|","|switch|p1a: Aggron|Aggron-Mega, L77, M|117/234","|move|p2a: Linoone|Extreme Speed|p1a: Aggron","|-resisted|p1a: Aggron","|-damage|p1a: Aggron|100/234","|","|turn|42","|","|switch|p2a: Vileplume|Vileplume, L81, M|239/254","|move|p1a: Aggron|Heavy Slam|p2a: Vileplume","|-damage|p2a: Vileplume|91/254","|","|-heal|p2a: Vileplume|106/254|[from] item: Black Sludge","|turn|43","|","|move|p2a: Vileplume|Sleep Powder|p1a: Aggron","|-status|p1a: Aggron|slp","|cant|p1a: Aggron|slp","|","|-heal|p2a: Vileplume|121/254|[from] item: Black Sludge","|turn|44","|","|switch|p1a: Flygon|Flygon, L79, F|218/256","|move|p2a: Vileplume|Giga Drain|p1a: Flygon","|-damage|p1a: Flygon|121/256","|-heal|p2a: Vileplume|170/254|[from] drain|[of] p1a: Flygon","|","|-heal|p2a: Vileplume|185/254|[from] item: Black Sludge","|turn|45","|","|move|p1a: Flygon|Outrage|p2a: Vileplume","|-damage|p2a: Vileplume|71/254","|-message|Sleep Clause Mod activated.","|move|p2a: Vileplume|Giga Drain|p1a: Flygon","|-damage|p1a: Flygon|25/256","|-heal|p2a: Vileplume|119/254|[from] drain|[of] p1a: Flygon","|","|-heal|p2a: Vileplume|134/254|[from] item: Black Sludge","|turn|46","|","|move|p1a: Flygon|Outrage|p2a: Vileplume|[from]lockedmove","|-damage|p2a: Vileplume|8/254","|-status|p1a: Flygon|psn","|move|p2a: Vileplume|Giga Drain|p1a: Flygon","|-damage|p1a: Flygon|0 fnt","|-heal|p2a: Vileplume|21/254|[from] drain|[of] p1a: Flygon","|faint|p1a: Flygon","|","|-heal|p2a: Vileplume|36/254|[from] item: Black Sludge","|","|switch|p1a: Giratina|Giratina, L73|224/339","|-ability|p1a: Giratina|Pressure","|turn|47","|","|move|p1a: Giratina|Will-O-Wisp|p2a: Vileplume","|-status|p2a: Vileplume|brn","|move|p2a: Vileplume|Sleep Powder|p1a: Giratina","|-message|Sleep Clause Mod activated.","|-immune|p1a: Giratina|[msg]","|","|-heal|p1a: Giratina|245/339|[from] item: Leftovers","|-heal|p2a: Vileplume|51/254 brn|[from] item: Black Sludge","|-damage|p2a: Vileplume|20/254 brn|[from] brn","|turn|48","|","|move|p2a: Vileplume|Aromatherapy|p2a: Vileplume","|-cureteam|p2a: Vileplume|[from] move: Aromatherapy","|move|p1a: Giratina|Dragon Tail|p2a: Vileplume|[miss]","|-miss|p1a: Giratina|p2a: Vileplume","|","|-heal|p1a: Giratina|266/339|[from] item: Leftovers","|-heal|p2a: Vileplume|35/254|[from] item: Black Sludge","|turn|49","|","|move|p2a: Vileplume|Sludge Bomb|p1a: Giratina","|-resisted|p1a: Giratina","|-damage|p1a: Giratina|221/339","|move|p1a: Giratina|Dragon Tail|p2a: Vileplume","|-damage|p2a: Vileplume|0 fnt","|faint|p2a: Vileplume","|","|-heal|p1a: Giratina|242/339|[from] item: Leftovers","|","|switch|p2a: Linoone|Linoone, L83, M|57/264","|turn|50","|","|move|p2a: Linoone|Shadow Claw|p1a: Giratina","|-supereffective|p1a: Giratina","|-damage|p1a: Giratina|174/339","|move|p1a: Giratina|Dragon Tail|p2a: Linoone","|-damage|p2a: Linoone|0 fnt","|faint|p2a: Linoone","|","|win|Seven Swell"],"p1rating":{"entryid":"7278334","serverid":"eos","formatid":"randombattle","userid":"sevenswell","username":"Seven Swell","w":4,"l":"1","t":"0","gxe":61.4,"r":"1567.980788314","rd":"107.13022232156","sigma":"0","rptime":"1438851600","rpr":1591.2251670745,"rprd":103.1507976469,"rpsigma":"0","acre":1102.8602570579,"lacre":1102.8602570579,"oldacre":"1081.4798112217"},"p2rating":{"entryid":7442301,"formatid":"randombattle","userid":"anan","username":"anan","r":1500,"rd":130,"sigma":0,"rpr":1466.451031008,"rprd":122.76799802551,"rpsigma":0,"rptime":1438851600,"w":0,"l":1,"t":0,"gxe":45.8,"acre":1000,"lacre":1000,"oldacre":1000},"endType":"normal"}