{"seed":[28861,20296,8631,40306],"turns":23,"p1":"Lyxneo","p2":"Pokepat - ⒶⓌⒶⓎ","p1team":[{"name":"Gogoat","moves":["milkdrink","leechseed","hornleech","substitute"],"ability":"Sap Sipper","evs":{"hp":85,"atk":85,"def":85,"spa":85,"spd":85,"spe":85},"ivs":{"hp":31,"atk":31,"def":31,"spa":31,"spd":31,"spe":31},"item":"Leftovers","level":83,"shiny":false},{"name":"Wormadam-Sandy","moves":["toxic","stealthrock","protect","earthquake"],"ability":"Overcoat","evs":{"hp":85,"atk":85,"def":85,"spa":85,"spd":85,"spe":85},"ivs":{"hp":31,"atk":31,"def":31,"spa":31,"spd":31,"spe":31},"item":"Leftovers","level":83,"shiny":false},{"name":"Mienshao","moves":["batonpass","knockoff","highjumpkick","swordsdance"],"ability":"Regenerator","evs":{"hp":85,"atk":85,"def":85,"spa":85,"spd":85,"spe":85},"ivs":{"hp":31,"atk":31,"def":31,"spa":31,"spd":31,"spe":31},"item":"Leftovers","level":77,"shiny":false},{"name":"Aurorus","moves":["stealthrock","thunderwave","ancientpower","blizzard"],"ability":"Snow Warning","evs":{"hp":81,"atk":85,"def":85,"spa":89,"spd":85,"spe":85},"ivs":{"hp":31,"atk":31,"def":31,"spa":31,"spd":31,"spe":31},"item":"Leftovers","level":81,"shiny":false},{"name":"Donphan","moves":["stealthrock","iceshard","rapidspin","earthquake"],"ability":"Sturdy","evs":{"hp":85,"atk":85,"def":85,"spa":85,"spd":85,"spe":85},"ivs":{"hp":31,"atk":31,"def":31,"spa":31,"spd":31,"spe":31},"item":"Leftovers","level":77,"shiny":false},{"name":"Klefki","moves":["spikes","thunderwave","lightscreen","playrough"],"ability":"Prankster","evs":{"hp":85,"atk":85,"def":85,"spa":85,"spd":85,"spe":85},"ivs":{"hp":31,"atk":31,"def":31,"spa":31,"spd":31,"spe":31},"item":"Light Clay","level":75,"shiny":false}],"p2team":[{"name":"Magcargo","moves":["stealthrock","lavaplume","recover","toxic"],"ability":"Flame Body","evs":{"hp":85,"atk":85,"def":85,"spa":85,"spd":85,"spe":85},"ivs":{"hp":31,"atk":31,"def":31,"spa":31,"spd":31,"spe":31},"item":"Air Balloon","level":83,"shiny":false},{"name":"Gallade","moves":["swordsdance","closecombat","zenheadbutt","substitute"],"ability":"Justified","evs":{"hp":85,"atk":85,"def":85,"spa":85,"spd":85,"spe":85},"ivs":{"hp":31,"atk":31,"def":31,"spa":31,"spd":31,"spe":31},"item":"Galladite","level":76,"shiny":false},{"name":"Alakazam","moves":["psychic","focusblast","hiddenpowerfire","shadowball"],"ability":"Magic Guard","evs":{"hp":85,"atk":85,"def":85,"spa":85,"spd":85,"spe":85},"ivs":{"hp":31,"atk":30,"def":31,"spa":30,"spd":31,"spe":30},"item":"Life Orb","level":75,"shiny":false},{"name":"Linoone","moves":["bellydrum","extremespeed","seedbomb","shadowclaw"],"ability":"Quick Feet","evs":{"hp":81,"atk":89,"def":85,"spa":85,"spd":85,"spe":85},"ivs":{"hp":31,"atk":31,"def":31,"spa":31,"spd":31,"spe":31},"item":"Sitrus Berry","level":83,"shiny":false},{"name":"Drapion","moves":["poisonjab","taunt","aquatail","swordsdance"],"ability":"Battle Armor","evs":{"hp":85,"atk":85,"def":85,"spa":85,"spd":85,"spe":85},"ivs":{"hp":31,"atk":31,"def":31,"spa":31,"spd":31,"spe":31},"item":"Black Sludge","level":79,"shiny":false},{"name":"Metagross","moves":["agility","earthquake","icepunch","zenheadbutt"],"ability":"Clear Body","evs":{"hp":85,"atk":85,"def":85,"spa":85,"spd":85,"spe":85},"ivs":{"hp":31,"atk":31,"def":31,"spa":31,"spd":31,"spe":31},"item":"Weakness Policy","level":77,"shiny":false}],"log":["|player|p1|Lyxneo|102","|player|p2|Pokepat - ⒶⓌⒶⓎ|pokepat.png","|gametype|singles","|gen|6","|tier|Random Battle","|rated","|rule|Sleep Clause Mod: Limit one foe put to sleep","|rule|HP Percentage Mod: HP is shown in percentages","|","|start","|switch|p1a: Gogoat|Gogoat, L83, M|340/340","|switch|p2a: Magcargo|Magcargo, L83, F|219/219","|-item|p2a: Magcargo|Air Balloon","|turn|1","|","|move|p1a: Gogoat|Horn Leech|p2a: Magcargo","|-damage|p2a: Magcargo|155/219","|-enditem|p2a: Magcargo|Air Balloon","|move|p2a: Magcargo|Toxic|p1a: Gogoat","|-status|p1a: Gogoat|tox","|","|-damage|p1a: Gogoat|319/340 tox|[from] psn","|turn|2","|","|move|p1a: Gogoat|Substitute|p1a: Gogoat","|-start|p1a: Gogoat|Substitute","|-damage|p1a: Gogoat|234/340 tox","|move|p2a: Magcargo|Recover|p2a: Magcargo","|-heal|p2a: Magcargo|219/219","|","|-heal|p1a: Gogoat|255/340 tox|[from] item: Leftovers","|-damage|p1a: Gogoat|213/340 tox|[from] psn","|turn|3","|","|move|p1a: Gogoat|Leech Seed|p2a: Magcargo","|-start|p2a: Magcargo|move: Leech Seed","|move|p2a: Magcargo|Lava Plume|p1a: Gogoat","|-supereffective|p1a: Gogoat","|-end|p1a: Gogoat|Substitute","|","|-heal|p1a: Gogoat|234/340 tox|[from] item: Leftovers","|-damage|p2a: Magcargo|192/219|[from] Leech Seed|[of] p1a: Gogoat","|-heal|p1a: Gogoat|261/340 tox|[silent]","|-damage|p1a: Gogoat|198/340 tox|[from] psn","|turn|4","|","|move|p1a: Gogoat|Milk Drink|p1a: Gogoat","|-heal|p1a: Gogoat|340/340 tox","|move|p2a: Magcargo|Lava Plume|p1a: Gogoat","|-supereffective|p1a: Gogoat","|-damage|p1a: Gogoat|172/340 tox","|","|-heal|p1a: Gogoat|193/340 tox|[from] item: Leftovers","|-damage|p2a: Magcargo|165/219|[from] Leech Seed|[of] p1a: Gogoat","|-heal|p1a: Gogoat|220/340 tox|[silent]","|-damage|p1a: Gogoat|136/340 tox|[from] psn","|turn|5","|","|move|p1a: Gogoat|Horn Leech|p2a: Magcargo","|-damage|p2a: Magcargo|101/219","|-heal|p1a: Gogoat|168/340 tox|[from] drain|[of] p2a: Magcargo","|move|p2a: Magcargo|Lava Plume|p1a: Gogoat","|-supereffective|p1a: Gogoat","|-damage|p1a: Gogoat|12/340 tox","|","|-heal|p1a: Gogoat|33/340 tox|[from] item: Leftovers","|-damage|p2a: Magcargo|74/219|[from] Leech Seed|[of] p1a: Gogoat","|-heal|p1a: Gogoat|60/340 tox|[silent]","|-damage|p1a: Gogoat|0 fnt|[from] psn","|faint|p1a: Gogoat","|","|switch|p1a: Aurorus|Aurorus, L81, M|331/331","|-weather|Hail","|turn|6","|","|switch|p2a: Metagross|Metagross, L77|250/250","|move|p1a: Aurorus|Blizzard|p2a: Metagross","|-resisted|p2a: Metagross","|-damage|p2a: Metagross|188/250","|","|-weather|Hail|[upkeep]","|-damage|p2a: Metagross|173/250|[from] hail","|turn|7","|","|move|p2a: Metagross|Earthquake|p1a: Aurorus","|-supereffective|p1a: Aurorus","|-damage|p1a: Aurorus|137/331","|move|p1a: Aurorus|Ancient Power|p2a: Metagross","|-crit|p2a: Metagross","|-resisted|p2a: Metagross","|-damage|p2a: Metagross|125/250","|","|-weather|Hail|[upkeep]","|-damage|p2a: Metagross|110/250|[from] hail","|-heal|p1a: Aurorus|157/331|[from] item: Leftovers","|turn|8","|","|switch|p1a: Donphan|Donphan, L77, M|265/265","|move|p2a: Metagross|Earthquake|p1a: Donphan","|-damage|p1a: Donphan|196/265","|","|-weather|Hail|[upkeep]","|-damage|p2a: Metagross|95/250|[from] hail","|-damage|p1a: Donphan|180/265|[from] hail","|-heal|p1a: Donphan|196/265|[from] item: Leftovers","|turn|9","|","|move|p2a: Metagross|Ice Punch|p1a: Donphan","|-supereffective|p1a: Donphan","|-damage|p1a: Donphan|88/265","|move|p1a: Donphan|Earthquake|p2a: Metagross","|-crit|p2a: Metagross","|-supereffective|p2a: Metagross","|-damage|p2a: Metagross|0 fnt","|faint|p2a: Metagross","|","|-weather|Hail|[upkeep]","|-damage|p1a: Donphan|72/265|[from] hail","|-heal|p1a: Donphan|88/265|[from] item: Leftovers","|","|switch|p2a: Drapion|Drapion, L79, M|240/240","|turn|10","|","|move|p2a: Drapion|Aqua Tail|p1a: Donphan","|-supereffective|p1a: Donphan","|-damage|p1a: Donphan|2/265","|move|p1a: Donphan|Earthquake|p2a: Drapion","|-supereffective|p2a: Drapion","|-damage|p2a: Drapion|46/240","|","|-weather|none","|-heal|p2a: Drapion|61/240|[from] item: Black Sludge","|-heal|p1a: Donphan|18/265|[from] item: Leftovers","|turn|11","|","|move|p1a: Donphan|Ice Shard|p2a: Drapion","|-damage|p2a: Drapion|35/240","|move|p2a: Drapion|Poison Jab|p1a: Donphan","|-resisted|p1a: Donphan","|-damage|p1a: Donphan|0 fnt","|faint|p1a: Donphan","|","|-heal|p2a: Drapion|50/240|[from] item: Black Sludge","|","|switch|p1a: Mienshao|Mienshao, L77, M|227/227","|turn|12","|","|move|p1a: Mienshao|Knock Off|p2a: Drapion","|-resisted|p2a: Drapion","|-damage|p2a: Drapion|18/240","|-enditem|p2a: Drapion|Black Sludge|[from] move: Knock Off|[of] p1a: Mienshao","|move|p2a: Drapion|Aqua Tail|p1a: Mienshao|[miss]","|-miss|p2a: Drapion|p1a: Mienshao","|","|turn|13","|","|move|p1a: Mienshao|Knock Off|p2a: Drapion","|-resisted|p2a: Drapion","|-damage|p2a: Drapion|0 fnt","|faint|p2a: Drapion","|","|","|switch|p2a: Gallade|Gallade, L76, M|228/228","|turn|14","|","|detailschange|p2a: Gallade|Gallade-Mega, L76, M","|-mega|p2a: Gallade|Gallade|Galladite","|move|p1a: Mienshao|High Jump Kick|p2a: Gallade","|-resisted|p2a: Gallade","|-damage|p2a: Gallade|152/228","|move|p2a: Gallade|Zen Headbutt|p1a: Mienshao","|-supereffective|p1a: Mienshao","|-damage|p1a: Mienshao|0 fnt","|faint|p1a: Mienshao","|","|","|switch|p1a: Klefki|Klefki, L75, F|209/209","|turn|15","|","|switch|p2a: Magcargo|Magcargo, L83, F|74/219","|move|p1a: Klefki|Thunder Wave|p2a: Magcargo","|-status|p2a: Magcargo|par","|","|turn|16","|","|move|p1a: Klefki|Light Screen|p1a: Klefki","|-sidestart|p1: Lyxneo|move: Light Screen","|move|p2a: Magcargo|Lava Plume|p1a: Klefki","|-crit|p1a: Klefki","|-supereffective|p1a: Klefki","|-damage|p1a: Klefki|0 fnt","|faint|p1a: Klefki","|","|","|switch|p1a: Wormadam-Sandy|Wormadam-Sandy, L83, F|235/235","|turn|17","|","|move|p1a: Wormadam-Sandy|Earthquake|p2a: Magcargo","|-supereffective|p2a: Magcargo","|-damage|p2a: Magcargo|0 fnt","|faint|p2a: Magcargo","|","|","|switch|p2a: Linoone|Linoone, L83, F|264/264","|turn|18","|","|move|p2a: Linoone|Belly Drum|p2a: Linoone","|-damage|p2a: Linoone|132/264","|-setboost|p2a: Linoone|atk|6|[from] move: Belly Drum","|-enditem|p2a: Linoone|Sitrus Berry|[eat]","|-heal|p2a: Linoone|198/264|[from] item: Sitrus Berry","|move|p1a: Wormadam-Sandy|Earthquake|p2a: Linoone","|-damage|p2a: Linoone|83/264","|","|turn|19","|","|move|p1a: Wormadam-Sandy|Protect|p1a: Wormadam-Sandy","|-singleturn|p1a: Wormadam-Sandy|Protect","|move|p2a: Linoone|Extreme Speed|p1a: Wormadam-Sandy","|-activate|p1a: Wormadam-Sandy|Protect","|","|turn|20","|","|switch|p1a: Aurorus|Aurorus, L81, M|157/331","|-weather|Hail","|move|p2a: Linoone|Extreme Speed|p1a: Aurorus","|-resisted|p1a: Aurorus","|-damage|p1a: Aurorus|1/331","|","|-weather|Hail|[upkeep]","|-damage|p2a: Linoone|67/264|[from] hail","|-heal|p1a: Aurorus|21/331|[from] item: Leftovers","|turn|21","|","|move|p2a: Linoone|Extreme Speed|p1a: Aurorus","|-resisted|p1a: Aurorus","|-damage|p1a: Aurorus|0 fnt","|faint|p1a: Aurorus","|","|-weather|Hail|[upkeep]","|-damage|p2a: Linoone|51/264|[from] hail","|","|switch|p1a: Wormadam-Sandy|Wormadam-Sandy, L83, F|235/235","|turn|22","|","|move|p2a: Linoone|Extreme Speed|p1a: Wormadam-Sandy","|-damage|p1a: Wormadam-Sandy|16/235","|move|p1a: Wormadam-Sandy|Earthquake|p2a: Linoone","|-crit|p2a: Linoone","|-damage|p2a: Linoone|0 fnt","|faint|p2a: Linoone","|","|-weather|Hail|[upkeep]","|-heal|p1a: Wormadam-Sandy|30/235|[from] item: Leftovers","|","|switch|p2a: Alakazam|Alakazam, L75, M|206/206","|turn|23","|","|move|p2a: Alakazam|Hidden Power|p1a: Wormadam-Sandy","|-crit|p1a: Wormadam-Sandy","|-supereffective|p1a: Wormadam-Sandy","|-damage|p1a: Wormadam-Sandy|0 fnt","|faint|p1a: Wormadam-Sandy","|","|win|Pokepat - ⒶⓌⒶⓎ"],"p1rating":{"entryid":"7444633","serverid":"eos","formatid":"randombattle","userid":"lyxneo","username":"Lyxneo","w":"2","l":3,"t":"0","gxe":47,"r":"1500","rd":"130","sigma":"0","rptime":"1438851600","rpr":1476.3532594275,"rprd":102.86550418229,"rpsigma":"0","acre":1019.0851868721,"lacre":1019.0851868721,"oldacre":"1036.0951051155"},"p2rating":{"entryid":"6435044","serverid":"eos","formatid":"randombattle","userid":"pokepat","username":"Pokepat","w":1,"l":"2","t":"0","gxe":46,"r":1424.7109008431,"rd":123.0336052583,"sigma":"0","rptime":1438851600,"rpr":1468.4445864829,"rprd":117.14980160595,"rpsigma":"0","acre":1044.1407161395,"lacre":1044.1407161395,"oldacre":"1000"},"endType":"normal"}