{"seed":[20702,19497,20757,41265],"turns":24,"p1":"Trainer.Valerie","p2":"Basedboii","p1team":[{"name":"Donphan","moves":["rapidspin","stoneedge","stealthrock","earthquake"],"ability":"Sturdy","evs":{"hp":85,"atk":85,"def":85,"spa":85,"spd":85,"spe":85},"ivs":{"hp":31,"atk":31,"def":31,"spa":31,"spd":31,"spe":31},"item":"Leftovers","level":77,"shiny":false},{"name":"Meganium","moves":["synthesis","reflect","gigadrain","leechseed"],"ability":"Overgrow","evs":{"hp":85,"atk":85,"def":85,"spa":85,"spd":85,"spe":85},"ivs":{"hp":31,"atk":31,"def":31,"spa":31,"spd":31,"spe":31},"item":"Light Clay","level":83,"shiny":false},{"name":"Regice","moves":["icebeam","thunderwave","thunderbolt","focusblast"],"ability":"Clear Body","evs":{"hp":81,"atk":85,"def":85,"spa":89,"spd":85,"spe":85},"ivs":{"hp":31,"atk":31,"def":31,"spa":31,"spd":31,"spe":31},"item":"Leftovers","level":83,"shiny":false},{"name":"Venomoth","moves":["bugbuzz","substitute","sleeppowder","sludgebomb"],"ability":"Tinted Lens","evs":{"hp":81,"atk":85,"def":85,"spa":89,"spd":85,"spe":85},"ivs":{"hp":31,"atk":31,"def":31,"spa":31,"spd":31,"spe":31},"item":"Black Sludge","level":79,"shiny":false},{"name":"Garchomp","moves":["swordsdance","earthquake","outrage","dracometeor"],"ability":"Rough Skin","evs":{"hp":85,"atk":85,"def":85,"spa":85,"spd":85,"spe":85},"ivs":{"hp":31,"atk":31,"def":31,"spa":31,"spd":31,"spe":31},"item":"Garchompite","level":75,"shiny":false},{"name":"Yveltal","moves":["taunt","suckerpunch","hurricane","foulplay"],"ability":"Dark Aura","evs":{"hp":81,"atk":89,"def":85,"spa":85,"spd":85,"spe":85},"ivs":{"hp":31,"atk":31,"def":31,"spa":31,"spd":31,"spe":31},"item":"Leftovers","level":73,"shiny":false}],"p2team":[{"name":"Lapras","moves":["icebeam","hydropump","substitute","thunderbolt"],"ability":"Water Absorb","evs":{"hp":85,"atk":85,"def":85,"spa":85,"spd":85,"spe":85},"ivs":{"hp":31,"atk":31,"def":31,"spa":31,"spd":31,"spe":31},"item":"Leftovers","level":83,"shiny":false},{"name":"Ho-Oh","moves":["earthquake","bravebird","toxic","sacredfire"],"ability":"Regenerator","evs":{"hp":85,"atk":85,"def":85,"spa":85,"spd":85,"spe":85},"ivs":{"hp":31,"atk":31,"def":31,"spa":31,"spd":31,"spe":31},"item":"Leftovers","level":73,"shiny":false},{"name":"Escavalier","moves":["drillrun","ironhead","knockoff","pursuit"],"ability":"Overcoat","evs":{"hp":85,"atk":85,"def":85,"spa":85,"spd":85,"spe":85},"ivs":{"hp":31,"atk":31,"def":31,"spa":31,"spd":31,"spe":31},"item":"Choice Band","level":79,"shiny":false},{"name":"Sableye","moves":["calmmind","shadowball","recover","darkpulse"],"ability":"Prankster","evs":{"hp":85,"atk":85,"def":85,"spa":85,"spd":85,"spe":85},"ivs":{"hp":31,"atk":31,"def":31,"spa":31,"spd":31,"spe":31},"item":"Sablenite","level":75,"shiny":false},{"name":"Omastar","moves":["earthpower","hydropump","shellsmash","icebeam"],"ability":"Swift Swim","evs":{"hp":85,"atk":85,"def":85,"spa":85,"spd":85,"spe":85},"ivs":{"hp":31,"atk":31,"def":31,"spa":31,"spd":31,"spe":31},"item":"White Herb","level":79,"shiny":false},{"name":"Venusaur","moves":["sleeppowder","sludgebomb","gigadrain","hiddenpowerfire"],"ability":"Overgrow","evs":{"hp":85,"atk":85,"def":85,"spa":85,"spd":85,"spe":85},"ivs":{"hp":31,"atk":30,"def":31,"spa":30,"spd":31,"spe":30},"item":"Life Orb","level":79,"shiny":false}],"log":["|player|p1|Trainer.Valerie|86","|player|p2|Basedboii|266","|gametype|singles","|gen|6","|tier|Random Battle","|rated","|rule|Sleep Clause Mod: Limit one foe put to sleep","|rule|HP Percentage Mod: HP is shown in percentages","|","|start","|switch|p1a: Donphan|Donphan, L77, F|265/265","|switch|p2a: Lapras|Lapras, L83, M|351/351","|turn|1","|","|move|p2a: Lapras|Hydro Pump|p1a: Donphan","|-supereffective|p1a: Donphan","|-ability|p1a: Donphan|Sturdy","|-damage|p1a: Donphan|1/265","|move|p1a: Donphan|Stealth Rock|p2a: Lapras","|-sidestart|p2: Basedboii|move: Stealth Rock","|","|-heal|p1a: Donphan|17/265|[from] item: Leftovers","|turn|2","|","|switch|p1a: Regice|Regice, L83|268/268","|move|p2a: Lapras|Ice Beam|p1a: Regice","|-resisted|p1a: Regice","|-damage|p1a: Regice|246/268","|","|-heal|p1a: Regice|262/268|[from] item: Leftovers","|turn|3","|","|move|p2a: Lapras|Thunderbolt|p1a: Regice","|-damage|p1a: Regice|232/268","|move|p1a: Regice|Thunder Wave|p2a: Lapras","|-status|p2a: Lapras|par","|","|-heal|p1a: Regice|248/268|[from] item: Leftovers","|turn|4","|","|switch|p2a: Ho-Oh|Ho-Oh, L73|275/275","|-damage|p2a: Ho-Oh|138/275|[from] Stealth Rock","|move|p1a: Regice|Focus Blast|p2a: Ho-Oh","|-resisted|p2a: Ho-Oh","|-damage|p2a: Ho-Oh|104/275","|","|-heal|p2a: Ho-Oh|121/275|[from] item: Leftovers","|-heal|p1a: Regice|264/268|[from] item: Leftovers","|turn|5","|","|move|p2a: Ho-Oh|Sacred Fire|p1a: Regice","|-supereffective|p1a: Regice","|-damage|p1a: Regice|76/268","|move|p1a: Regice|Thunder Wave|p2a: Ho-Oh","|-status|p2a: Ho-Oh|par","|","|-heal|p1a: Regice|92/268|[from] item: Leftovers","|-heal|p2a: Ho-Oh|138/275 par|[from] item: Leftovers","|turn|6","|","|move|p1a: Regice|Thunderbolt|p2a: Ho-Oh","|-supereffective|p2a: Ho-Oh","|-damage|p2a: Ho-Oh|50/275 par","|move|p2a: Ho-Oh|Sacred Fire|p1a: Regice","|-supereffective|p1a: Regice","|-damage|p1a: Regice|0 fnt","|faint|p1a: Regice","|","|-heal|p2a: Ho-Oh|67/275 par|[from] item: Leftovers","|","|switch|p1a: Donphan|Donphan, L77, F|17/265","|turn|7","|","|move|p1a: Donphan|Stone Edge|p2a: Ho-Oh","|-supereffective|p2a: Ho-Oh","|-damage|p2a: Ho-Oh|0 fnt","|faint|p2a: Ho-Oh","|","|-heal|p1a: Donphan|33/265|[from] item: Leftovers","|","|switch|p2a: Venusaur|Venusaur, L79, M|256/256","|-damage|p2a: Venusaur|224/256|[from] Stealth Rock","|turn|8","|","|switch|p1a: Yveltal|Yveltal, L73|304/304","|-ability|p1a: Yveltal|Dark Aura","|move|p2a: Venusaur|Giga Drain|p1a: Yveltal","|-resisted|p1a: Yveltal","|-damage|p1a: Yveltal|252/304","|-heal|p2a: Venusaur|250/256|[from] drain|[of] p1a: Yveltal","|-damage|p2a: Venusaur|225/256|[from] item: Life Orb","|","|-heal|p1a: Yveltal|271/304|[from] item: Leftovers","|turn|9","|","|move|p1a: Yveltal|Taunt|p2a: Venusaur","|-start|p2a: Venusaur|move: Taunt","|move|p2a: Venusaur|Sludge Bomb|p1a: Yveltal","|-damage|p1a: Yveltal|162/304","|-damage|p2a: Venusaur|200/256|[from] item: Life Orb","|","|-heal|p1a: Yveltal|181/304|[from] item: Leftovers","|turn|10","|","|move|p1a: Yveltal|Hurricane|p2a: Venusaur","|-supereffective|p2a: Venusaur","|-damage|p2a: Venusaur|0 fnt","|faint|p2a: Venusaur","|","|-heal|p1a: Yveltal|200/304|[from] item: Leftovers","|","|switch|p2a: Lapras|Lapras, L83, M|351/351 par","|-damage|p2a: Lapras|264/351 par|[from] Stealth Rock","|turn|11","|","|move|p1a: Yveltal|Hurricane|p2a: Lapras","|-damage|p2a: Lapras|152/351 par","|-start|p2a: Lapras|confusion","|-activate|p2a: Lapras|confusion","|move|p2a: Lapras|Ice Beam|p1a: Yveltal","|-supereffective|p1a: Yveltal","|-damage|p1a: Yveltal|20/304","|","|-heal|p1a: Yveltal|39/304|[from] item: Leftovers","|-heal|p2a: Lapras|173/351 par|[from] item: Leftovers","|turn|12","|","|move|p1a: Yveltal|Sucker Punch|p2a: Lapras","|-damage|p2a: Lapras|62/351 par","|-activate|p2a: Lapras|confusion","|-damage|p2a: Lapras|34/351 par|[from] confusion","|","|-heal|p1a: Yveltal|58/304|[from] item: Leftovers","|-heal|p2a: Lapras|55/351 par|[from] item: Leftovers","|turn|13","|","|move|p1a: Yveltal|Hurricane|p2a: Lapras","|-damage|p2a: Lapras|0 fnt","|faint|p2a: Lapras","|","|-heal|p1a: Yveltal|77/304|[from] item: Leftovers","|","|switch|p2a: Omastar|Omastar, L79, F|240/240","|-damage|p2a: Omastar|210/240|[from] Stealth Rock","|turn|14","|","|move|p1a: Yveltal|Foul Play|p2a: Omastar","|-damage|p2a: Omastar|141/240","|move|p2a: Omastar|Ice Beam|p1a: Yveltal","|-supereffective|p1a: Yveltal","|-damage|p1a: Yveltal|0 fnt","|faint|p1a: Yveltal","|","|","|switch|p1a: Meganium|Meganium, L83, F|268/268","|turn|15","|","|move|p1a: Meganium|Leech Seed|p2a: Omastar","|-start|p2a: Omastar|move: Leech Seed","|move|p2a: Omastar|Ice Beam|p1a: Meganium","|-supereffective|p1a: Meganium","|-damage|p1a: Meganium|144/268","|","|-damage|p2a: Omastar|111/240|[from] Leech Seed|[of] p1a: Meganium","|-heal|p1a: Meganium|174/268|[silent]","|turn|16","|","|move|p1a: Meganium|Giga Drain|p2a: Omastar","|-supereffective|p2a: Omastar","|-damage|p2a: Omastar|0 fnt","|-heal|p1a: Meganium|230/268|[from] drain|[of] p2a: Omastar","|faint|p2a: Omastar","|","|","|switch|p2a: Sableye|Sableye, L75, M|199/199","|-damage|p2a: Sableye|175/199|[from] Stealth Rock","|turn|17","|","|detailschange|p2a: Sableye|Sableye-Mega, L75, M","|-mega|p2a: Sableye|Sableye|Sablenite","|move|p1a: Meganium|Leech Seed|p2a: Sableye","|move|p2a: Sableye|Leech Seed|p1a: Meganium|[from]Magic Bounce","|-immune|p1a: Meganium|[msg]","|move|p2a: Sableye|Dark Pulse|p1a: Meganium","|-damage|p1a: Meganium|172/268","|","|turn|18","|","|move|p1a: Meganium|Reflect|p1a: Meganium","|-sidestart|p1: Trainer.Valerie|Reflect","|move|p2a: Sableye|Shadow Ball|p1a: Meganium","|-damage|p1a: Meganium|112/268","|","|turn|19","|","|move|p1a: Meganium|Synthesis|p1a: Meganium","|-heal|p1a: Meganium|246/268","|move|p2a: Sableye|Calm Mind|p2a: Sableye","|-boost|p2a: Sableye|spa|1","|-boost|p2a: Sableye|spd|1","|","|turn|20","|","|move|p1a: Meganium|Giga Drain|p2a: Sableye","|-damage|p2a: Sableye|132/199","|-heal|p1a: Meganium|268/268|[from] drain|[of] p2a: Sableye","|move|p2a: Sableye|Shadow Ball|p1a: Meganium","|-damage|p1a: Meganium|177/268","|-unboost|p1a: Meganium|spd|1","|","|turn|21","|","|switch|p1a: Garchomp|Garchomp, L75, F|286/286","|move|p2a: Sableye|Calm Mind|p2a: Sableye","|-boost|p2a: Sableye|spa|1","|-boost|p2a: Sableye|spd|1","|","|turn|22","|","|detailschange|p1a: Garchomp|Garchomp-Mega, L75, F","|-mega|p1a: Garchomp|Garchomp|Garchompite","|move|p1a: Garchomp|Swords Dance|p1a: Garchomp","|-boost|p1a: Garchomp|atk|2","|move|p2a: Sableye|Shadow Ball|p1a: Garchomp","|-damage|p1a: Garchomp|150/286","|","|turn|23","|","|move|p1a: Garchomp|Earthquake|p2a: Sableye","|-damage|p2a: Sableye|0 fnt","|faint|p2a: Sableye","|","|","|switch|p2a: Escavalier|Escavalier, L79, M|240/240","|-damage|p2a: Escavalier|210/240|[from] Stealth Rock","|turn|24","|","|move|p1a: Garchomp|Earthquake|p2a: Escavalier","|-damage|p2a: Escavalier|0 fnt","|faint|p2a: Escavalier","|","|win|Trainer.Valerie"],"p1rating":{"entryid":"6427721","serverid":"eos","formatid":"randombattle","userid":"trainervalerie","username":"Trainer.Valerie","w":5,"l":"3","t":"0","gxe":58.7,"r":"1601.6215835617","rd":"107.90189653734","sigma":"0","rptime":"1438851600","rpr":1568.4316691998,"rprd":96.963578572165,"rpsigma":"0","acre":1088.7124114949,"lacre":1088.7124114949,"oldacre":"1059.343577331"},"p2rating":{"entryid":"7441824","serverid":"eos","formatid":"randombattle","userid":"basedboii","username":"Basedboii","w":"1","l":2,"t":"0","gxe":46,"r":"1500","rd":"130","sigma":"0","rptime":"1438851600","rpr":1468.561033183,"rprd":111.61792483583,"rpsigma":"0","acre":1024.8898853756,"lacre":1024.8898853756,"oldacre":"1040"},"endType":"normal"}