{"seed":[60551,7826,21829,31403],"turns":28,"p1":"Sweet snow","p2":"gliscor2006","p1team":[{"name":"Cobalion","moves":["stoneedge","closecombat","ironhead","taunt"],"ability":"Justified","evs":{"hp":85,"atk":85,"def":85,"spa":85,"spd":85,"spe":85},"ivs":{"hp":31,"atk":31,"def":31,"spa":31,"spd":31,"spe":31},"item":"Leftovers","level":77,"shiny":false},{"name":"Sunflora","moves":["gigadrain","hiddenpowerfire","sunnyday","earthpower"],"ability":"Chlorophyll","evs":{"hp":85,"atk":85,"def":85,"spa":85,"spd":85,"spe":85},"ivs":{"hp":31,"atk":30,"def":31,"spa":30,"spd":31,"spe":30},"item":"Heat Rock","level":83,"shiny":false},{"name":"Lanturn","moves":["thunderwave","scald","healbell","icebeam"],"ability":"Water Absorb","evs":{"hp":85,"atk":85,"def":85,"spa":85,"spd":85,"spe":85},"ivs":{"hp":31,"atk":31,"def":31,"spa":31,"spd":31,"spe":31},"item":"Air Balloon","level":81,"shiny":false},{"name":"Mesprit","moves":["calmmind","icebeam","energyball","psyshock"],"ability":"Levitate","evs":{"hp":85,"atk":85,"def":85,"spa":85,"spd":85,"spe":85},"ivs":{"hp":31,"atk":31,"def":31,"spa":31,"spd":31,"spe":31},"item":"Leftovers","level":81,"shiny":false},{"name":"Blaziken","moves":["protect","swordsdance","batonpass","flareblitz"],"ability":"Speed Boost","evs":{"hp":85,"atk":85,"def":85,"spa":85,"spd":85,"spe":85},"ivs":{"hp":31,"atk":31,"def":31,"spa":31,"spd":31,"spe":31},"item":"Blazikenite","level":74,"shiny":false},{"name":"Quagsire","moves":["recover","toxic","encore","scald"],"ability":"Unaware","evs":{"hp":85,"atk":85,"def":85,"spa":85,"spd":85,"spe":85},"ivs":{"hp":31,"atk":31,"def":31,"spa":31,"spd":31,"spe":31},"item":"Leftovers","level":81,"shiny":false}],"p2team":[{"name":"Mantine","moves":["airslash","sleeptalk","rest","scald"],"ability":"Water Absorb","evs":{"hp":85,"atk":85,"def":85,"spa":85,"spd":85,"spe":85},"ivs":{"hp":31,"atk":31,"def":31,"spa":31,"spd":31,"spe":31},"item":"Focus Sash","level":81,"shiny":false},{"name":"Sylveon","moves":["shadowball","hypervoice","protect","calmmind"],"ability":"Pixilate","evs":{"hp":85,"atk":85,"def":85,"spa":85,"spd":85,"spe":85},"ivs":{"hp":31,"atk":31,"def":31,"spa":31,"spd":31,"spe":31},"item":"Leftovers","level":75,"shiny":false},{"name":"Solrock","moves":["willowisp","lightscreen","morningsun","rockslide"],"ability":"Levitate","evs":{"hp":85,"atk":85,"def":85,"spa":85,"spd":85,"spe":85},"ivs":{"hp":31,"atk":31,"def":31,"spa":31,"spd":31,"spe":31},"item":"Light Clay","level":83,"shiny":false},{"name":"Kingler","moves":["xscissor","crabhammer","superpower","swordsdance"],"ability":"Hyper Cutter","evs":{"hp":85,"atk":85,"def":85,"spa":85,"spd":85,"spe":85},"ivs":{"hp":31,"atk":31,"def":31,"spa":31,"spd":31,"spe":31},"item":"Life Orb","level":83,"shiny":false},{"name":"Rhyperior","moves":["dragontail","stoneedge","megahorn","earthquake"],"ability":"Solid Rock","evs":{"hp":85,"atk":85,"def":85,"spa":85,"spd":85,"spe":85},"ivs":{"hp":31,"atk":31,"def":31,"spa":31,"spd":31,"spe":31},"item":"Choice Band","level":79,"shiny":false},{"name":"Heracross","moves":["substitute","rockblast","bulletseed","closecombat"],"ability":"Moxie","evs":{"hp":85,"atk":85,"def":85,"spa":85,"spd":85,"spe":85},"ivs":{"hp":31,"atk":31,"def":31,"spa":31,"spd":31,"spe":31},"item":"Heracronite","level":76,"shiny":false}],"log":["|player|p1|Sweet snow|4","|player|p2|gliscor2006|2","|gametype|singles","|gen|6","|tier|Random Battle","|rated","|rule|Sleep Clause Mod: Limit one foe put to sleep","|rule|HP Percentage Mod: HP is shown in percentages","|","|start","|switch|p1a: Cobalion|Cobalion, L77|267/267","|switch|p2a: Mantine|Mantine, L81, F|238/238","|turn|1","|","|switch|p1a: Lanturn|Lanturn, L81, M|335/335","|-item|p1a: Lanturn|Air Balloon","|move|p2a: Mantine|Air Slash|p1a: Lanturn|[miss]","|-miss|p2a: Mantine|p1a: Lanturn","|","|turn|2","|","|switch|p2a: Rhyperior|Rhyperior, L79, F|311/311","|move|p1a: Lanturn|Thunder Wave|p2a: Rhyperior","|-immune|p2a: Rhyperior|[msg]","|","|turn|3","|","|move|p1a: Lanturn|Scald|p2a: Rhyperior","|-supereffective|p2a: Rhyperior","|-damage|p2a: Rhyperior|23/311","|-status|p2a: Rhyperior|brn","|move|p2a: Rhyperior|Megahorn|p1a: Lanturn|[miss]","|-miss|p2a: Rhyperior|p1a: Lanturn","|","|-damage|p2a: Rhyperior|0 fnt|[from] brn","|faint|p2a: Rhyperior","|","|switch|p2a: Heracross|Heracross, L76, F|247/247","|turn|4","|","|switch|p1a: Blaziken|Blaziken, L74, M|240/240","|move|p2a: Heracross|Bullet Seed|p1a: Blaziken","|-resisted|p1a: Blaziken","|-damage|p1a: Blaziken|228/240","|-crit|p1a: Blaziken","|-resisted|p1a: Blaziken","|-damage|p1a: Blaziken|211/240","|-hitcount|p1a: Blaziken|2","|","|turn|5","|","|switch|p2a: Kingler|Kingler, L83, F|227/227","|detailschange|p1a: Blaziken|Blaziken-Mega, L74, M","|-mega|p1a: Blaziken|Blaziken|Blazikenite","|move|p1a: Blaziken|Flare Blitz|p2a: Kingler","|-resisted|p2a: Kingler","|-damage|p2a: Kingler|169/227","|-damage|p1a: Blaziken|192/240|[from] recoil|[of] p2a: Kingler","|","|-boost|p1a: Blaziken|spe|1|[from] ability: Speed Boost","|turn|6","|","|move|p1a: Blaziken|Baton Pass|p1a: Blaziken","|","|switch|p1a: Quagsire|Quagsire, L81, F|287/287","|move|p2a: Kingler|Crabhammer|p1a: Quagsire","|-damage|p1a: Quagsire|88/287","|-damage|p2a: Kingler|147/227|[from] item: Life Orb","|","|-heal|p1a: Quagsire|105/287|[from] item: Leftovers","|turn|7","|","|move|p2a: Kingler|Crabhammer|p1a: Quagsire","|-damage|p1a: Quagsire|0 fnt","|-damage|p2a: Kingler|125/227|[from] item: Life Orb","|faint|p1a: Quagsire","|","|","|switch|p1a: Sunflora|Sunflora, L83, F|260/260","|turn|8","|","|move|p2a: Kingler|X-Scissor|p1a: Sunflora","|-supereffective|p1a: Sunflora","|-damage|p1a: Sunflora|0 fnt","|-damage|p2a: Kingler|103/227|[from] item: Life Orb","|faint|p1a: Sunflora","|","|","|switch|p1a: Mesprit|Mesprit, L81|262/262","|turn|9","|","|move|p1a: Mesprit|Energy Ball|p2a: Kingler","|-supereffective|p2a: Kingler","|-damage|p2a: Kingler|0 fnt","|faint|p2a: Kingler","|","|","|switch|p2a: Solrock|Solrock, L83|252/252","|turn|10","|","|move|p1a: Mesprit|Energy Ball|p2a: Solrock","|-supereffective|p2a: Solrock","|-damage|p2a: Solrock|100/252","|move|p2a: Solrock|Rock Slide|p1a: Mesprit","|-damage|p1a: Mesprit|195/262","|","|-heal|p1a: Mesprit|211/262|[from] item: Leftovers","|turn|11","|","|move|p1a: Mesprit|Energy Ball|p2a: Solrock","|-supereffective|p2a: Solrock","|-damage|p2a: Solrock|0 fnt","|faint|p2a: Solrock","|","|-heal|p1a: Mesprit|227/262|[from] item: Leftovers","|","|switch|p2a: Sylveon|Sylveon, L75, F|266/266","|turn|12","|","|switch|p1a: Cobalion|Cobalion, L77|267/267","|move|p2a: Sylveon|Shadow Ball|p1a: Cobalion","|-damage|p1a: Cobalion|197/267","|","|-heal|p1a: Cobalion|213/267|[from] item: Leftovers","|turn|13","|","|move|p2a: Sylveon|Protect|p2a: Sylveon","|-singleturn|p2a: Sylveon|Protect","|move|p1a: Cobalion|Iron Head|p2a: Sylveon","|-activate|p2a: Sylveon|Protect","|","|-heal|p1a: Cobalion|229/267|[from] item: Leftovers","|turn|14","|","|move|p1a: Cobalion|Iron Head|p2a: Sylveon","|-supereffective|p2a: Sylveon","|-damage|p2a: Sylveon|72/266","|move|p2a: Sylveon|Hyper Voice|p1a: Cobalion","|-damage|p1a: Cobalion|100/267","|","|-heal|p1a: Cobalion|116/267|[from] item: Leftovers","|-heal|p2a: Sylveon|88/266|[from] item: Leftovers","|turn|15","|","|move|p1a: Cobalion|Iron Head|p2a: Sylveon","|-supereffective|p2a: Sylveon","|-damage|p2a: Sylveon|0 fnt","|faint|p2a: Sylveon","|","|-heal|p1a: Cobalion|132/267|[from] item: Leftovers","|","|switch|p2a: Mantine|Mantine, L81, F|238/238","|turn|16","|","|switch|p1a: Lanturn|Lanturn, L81, M|335/335","|-item|p1a: Lanturn|Air Balloon","|move|p2a: Mantine|Scald|p1a: Lanturn","|-immune|p1a: Lanturn|[msg]","|","|turn|17","|","|move|p2a: Mantine|Air Slash|p1a: Lanturn","|-resisted|p1a: Lanturn","|-damage|p1a: Lanturn|295/335","|-enditem|p1a: Lanturn|Air Balloon","|cant|p1a: Lanturn|flinch","|","|turn|18","|","|move|p2a: Mantine|Air Slash|p1a: Lanturn","|-resisted|p1a: Lanturn","|-damage|p1a: Lanturn|261/335","|cant|p1a: Lanturn|flinch","|","|turn|19","|","|move|p2a: Mantine|Air Slash|p1a: Lanturn","|-resisted|p1a: Lanturn","|-damage|p1a: Lanturn|222/335","|move|p1a: Lanturn|Thunder Wave|p2a: Mantine","|-status|p2a: Mantine|par","|","|turn|20","|","|move|p1a: Lanturn|Ice Beam|p2a: Mantine","|-damage|p2a: Mantine|204/238 par","|move|p2a: Mantine|Air Slash|p1a: Lanturn","|-resisted|p1a: Lanturn","|-damage|p1a: Lanturn|184/335","|","|turn|21","|","|move|p1a: Lanturn|Ice Beam|p2a: Mantine","|-damage|p2a: Mantine|165/238 par","|move|p2a: Mantine|Air Slash|p1a: Lanturn","|-resisted|p1a: Lanturn","|-damage|p1a: Lanturn|151/335","|","|turn|22","|","|switch|p2a: Heracross|Heracross, L76, F|247/247","|move|p1a: Lanturn|Ice Beam|p2a: Heracross","|-damage|p2a: Heracross|195/247","|","|turn|23","|","|switch|p1a: Blaziken|Blaziken-Mega, L74, M|192/240","|move|p2a: Heracross|Bullet Seed|p1a: Blaziken","|-resisted|p1a: Blaziken","|-damage|p1a: Blaziken|180/240","|-resisted|p1a: Blaziken","|-damage|p1a: Blaziken|169/240","|-resisted|p1a: Blaziken","|-damage|p1a: Blaziken|159/240","|-hitcount|p1a: Blaziken|3","|","|turn|24","|","|move|p1a: Blaziken|Flare Blitz|p2a: Heracross","|-supereffective|p2a: Heracross","|-damage|p2a: Heracross|0 fnt","|-damage|p1a: Blaziken|95/240|[from] recoil|[of] p2a: Heracross","|faint|p2a: Heracross","|","|-boost|p1a: Blaziken|spe|1|[from] ability: Speed Boost","|","|switch|p2a: Mantine|Mantine, L81, F|165/238 par","|turn|25","|","|move|p1a: Blaziken|Baton Pass|p1a: Blaziken","|","|switch|p1a: Mesprit|Mesprit, L81|227/262","|move|p2a: Mantine|Scald|p1a: Mesprit","|-damage|p1a: Mesprit|160/262","|","|-heal|p1a: Mesprit|176/262|[from] item: Leftovers","|turn|26","|","|move|p1a: Mesprit|Calm Mind|p1a: Mesprit","|-boost|p1a: Mesprit|spa|1","|-boost|p1a: Mesprit|spd|1","|move|p2a: Mantine|Scald|p1a: Mesprit","|-damage|p1a: Mesprit|133/262","|","|-heal|p1a: Mesprit|149/262|[from] item: Leftovers","|turn|27","|","|move|p1a: Mesprit|Calm Mind|p1a: Mesprit","|-boost|p1a: Mesprit|spa|1","|-boost|p1a: Mesprit|spd|1","|cant|p2a: Mantine|par","|","|-heal|p1a: Mesprit|165/262|[from] item: Leftovers","|turn|28","|","|move|p1a: Mesprit|Psyshock|p2a: Mantine","|-damage|p2a: Mantine|0 fnt","|faint|p2a: Mantine","|","|win|Sweet snow"],"p1rating":{"entryid":"7421733","serverid":"eos","formatid":"randombattle","userid":"sweetsnow","username":"Sweet snow","w":2,"l":"0","t":"0","gxe":59.5,"r":"1544.2220800066","rd":"122.65939491657","sigma":"0","rptime":"1438851600","rpr":1576.2046554298,"rprd":116.68374171998,"rpsigma":"0","acre":1078.1780595879,"lacre":1078.1780595879,"oldacre":"1045.5372359993"},"p2rating":{"entryid":"7436184","serverid":"eos","formatid":"randombattle","userid":"gliscor2006","username":"gliscor2006","w":"1","l":1,"t":"0","gxe":50.5,"r":"1500","rd":"130","sigma":"0","rptime":"1438851600","rpr":1504.0242426495,"rprd":116.76593588718,"rpsigma":"0","acre":1024.2549775534,"lacre":1024.2549775534,"oldacre":"1040"},"endType":"normal"}