{"seed":[32860,24862,16936,17468],"turns":27,"p1":"Makotinho","p2":"vitorpvp 1227","p1team":[{"name":"Unfezant","moves":["return","uturn","nightslash","roost"],"ability":"Super Luck","evs":{"hp":81,"atk":89,"def":85,"spa":85,"spd":85,"spe":85},"ivs":{"hp":31,"atk":31,"def":31,"spa":31,"spd":31,"spe":31},"item":"Scope Lens","level":83,"shiny":false},{"name":"Hoopa","moves":["focusblast","psyshock","nastyplot","shadowball"],"ability":"Magician","evs":{"hp":85,"atk":85,"def":85,"spa":85,"spd":85,"spe":85},"ivs":{"hp":31,"atk":31,"def":31,"spa":31,"spd":31,"spe":31},"item":"Life Orb","level":75,"shiny":false},{"name":"Dialga","moves":["fireblast","dracometeor","roar","toxic"],"ability":"Pressure","evs":{"hp":85,"atk":85,"def":85,"spa":85,"spd":85,"spe":85},"ivs":{"hp":31,"atk":31,"def":31,"spa":31,"spd":31,"spe":31},"item":"Air Balloon","level":73,"shiny":false},{"name":"Wigglytuff","moves":["protect","stealthrock","hypervoice","wish"],"ability":"Competitive","evs":{"hp":85,"atk":85,"def":85,"spa":85,"spd":85,"spe":85},"ivs":{"hp":31,"atk":31,"def":31,"spa":31,"spd":31,"spe":31},"item":"Leftovers","level":83,"shiny":false},{"name":"Empoleon","moves":["hiddenpowerfire","flashcannon","hydropump","toxic"],"ability":"Torrent","evs":{"hp":85,"atk":85,"def":85,"spa":85,"spd":85,"spe":85},"ivs":{"hp":31,"atk":30,"def":31,"spa":30,"spd":31,"spe":30},"item":"Life Orb","level":77,"shiny":false},{"name":"Houndoom","moves":["fireblast","nastyplot","darkpulse","taunt"],"ability":"Flash Fire","evs":{"hp":85,"atk":85,"def":85,"spa":85,"spd":85,"spe":85},"ivs":{"hp":31,"atk":31,"def":31,"spa":31,"spd":31,"spe":31},"item":"Houndoominite","level":78,"shiny":false}],"p2team":[{"name":"Stunfisk","moves":["toxic","discharge","earthpower","scald"],"ability":"Static","evs":{"hp":85,"atk":85,"def":85,"spa":85,"spd":85,"spe":85},"ivs":{"hp":31,"atk":31,"def":31,"spa":31,"spd":31,"spe":31},"item":"Leftovers","level":83,"shiny":false},{"name":"Swellow","moves":["bravebird","facade","endeavor","quickattack"],"ability":"Guts","evs":{"hp":85,"atk":85,"def":85,"spa":85,"spd":85,"spe":85},"ivs":{"hp":31,"atk":31,"def":31,"spa":31,"spd":31,"spe":31},"item":"Toxic Orb","level":81,"shiny":false},{"name":"Golurk","moves":["earthquake","rockpolish","shadowpunch","icepunch"],"ability":"Iron Fist","evs":{"hp":85,"atk":85,"def":85,"spa":85,"spd":85,"spe":85},"ivs":{"hp":31,"atk":31,"def":31,"spa":31,"spd":31,"spe":31},"item":"Life Orb","level":81,"shiny":false},{"name":"Florges","moves":["toxic","moonblast","wish","protect"],"ability":"Symbiosis","evs":{"hp":85,"atk":85,"def":85,"spa":85,"spd":85,"spe":85},"ivs":{"hp":31,"atk":31,"def":31,"spa":31,"spd":31,"spe":31},"item":"Leftovers","level":77,"shiny":false},{"name":"Politoed","moves":["hypnosis","scald","encore","protect"],"ability":"Drizzle","evs":{"hp":85,"atk":85,"def":85,"spa":85,"spd":85,"spe":85},"ivs":{"hp":31,"atk":31,"def":31,"spa":31,"spd":31,"spe":31},"item":"Leftovers","level":79,"shiny":false},{"name":"Abomasnow","moves":["blizzard","earthquake","woodhammer","hiddenpowerfire"],"ability":"Snow Warning","evs":{"hp":85,"atk":85,"def":85,"spa":85,"spd":85,"spe":85},"ivs":{"hp":31,"atk":30,"def":31,"spa":30,"spd":31,"spe":30},"item":"Abomasite","level":77,"shiny":false}],"log":["|player|p1|Makotinho|163","|player|p2|vitorpvp 1227|265","|gametype|singles","|gen|6","|tier|Random Battle","|rated","|rule|Sleep Clause Mod: Limit one foe put to sleep","|rule|HP Percentage Mod: HP is shown in percentages","|","|start","|switch|p1a: Unfezant|Unfezant, L83, F|268/268","|switch|p2a: Stunfisk|Stunfisk, L83, F|317/317","|turn|1","|","|move|p1a: Unfezant|U-turn|p2a: Stunfisk","|-damage|p2a: Stunfisk|256/317","|","|switch|p1a: Wigglytuff|Wigglytuff, L83, F|368/368","|move|p2a: Stunfisk|Discharge|p1a: Wigglytuff","|-damage|p1a: Wigglytuff|254/368","|","|-heal|p1a: Wigglytuff|277/368|[from] item: Leftovers","|-heal|p2a: Stunfisk|275/317|[from] item: Leftovers","|turn|2","|","|move|p1a: Wigglytuff|Stealth Rock|p2a: Stunfisk","|-sidestart|p2: vitorpvp 1227|move: Stealth Rock","|move|p2a: Stunfisk|Scald|p1a: Wigglytuff","|-damage|p1a: Wigglytuff|198/368","|","|-heal|p1a: Wigglytuff|221/368|[from] item: Leftovers","|-heal|p2a: Stunfisk|294/317|[from] item: Leftovers","|turn|3","|","|move|p1a: Wigglytuff|Hyper Voice|p2a: Stunfisk","|-damage|p2a: Stunfisk|221/317","|move|p2a: Stunfisk|Toxic|p1a: Wigglytuff","|-status|p1a: Wigglytuff|tox","|","|-heal|p1a: Wigglytuff|244/368 tox|[from] item: Leftovers","|-heal|p2a: Stunfisk|240/317|[from] item: Leftovers","|-damage|p1a: Wigglytuff|221/368 tox|[from] psn","|turn|4","|","|move|p1a: Wigglytuff|Wish|p1a: Wigglytuff","|move|p2a: Stunfisk|Earth Power|p1a: Wigglytuff","|-damage|p1a: Wigglytuff|98/368 tox","|","|-heal|p1a: Wigglytuff|121/368 tox|[from] item: Leftovers","|-heal|p2a: Stunfisk|259/317|[from] item: Leftovers","|-damage|p1a: Wigglytuff|75/368 tox|[from] psn","|turn|5","|","|move|p1a: Wigglytuff|Protect|p1a: Wigglytuff","|-singleturn|p1a: Wigglytuff|Protect","|move|p2a: Stunfisk|Earth Power|p1a: Wigglytuff","|-activate|p1a: Wigglytuff|Protect","|","|-heal|p1a: Wigglytuff|259/368 tox|[from] move: Wish|[wisher] Wigglytuff","|-heal|p1a: Wigglytuff|282/368 tox|[from] item: Leftovers","|-heal|p2a: Stunfisk|278/317|[from] item: Leftovers","|-damage|p1a: Wigglytuff|213/368 tox|[from] psn","|turn|6","|","|move|p1a: Wigglytuff|Hyper Voice|p2a: Stunfisk","|-damage|p2a: Stunfisk|200/317","|move|p2a: Stunfisk|Earth Power|p1a: Wigglytuff","|-damage|p1a: Wigglytuff|98/368 tox","|","|-heal|p1a: Wigglytuff|121/368 tox|[from] item: Leftovers","|-heal|p2a: Stunfisk|219/317|[from] item: Leftovers","|-damage|p1a: Wigglytuff|29/368 tox|[from] psn","|turn|7","|","|move|p1a: Wigglytuff|Hyper Voice|p2a: Stunfisk","|-damage|p2a: Stunfisk|138/317","|move|p2a: Stunfisk|Earth Power|p1a: Wigglytuff","|-damage|p1a: Wigglytuff|0 fnt","|faint|p1a: Wigglytuff","|","|-heal|p2a: Stunfisk|157/317|[from] item: Leftovers","|","|switch|p1a: Unfezant|Unfezant, L83, F|268/268","|turn|8","|","|move|p1a: Unfezant|Return|p2a: Stunfisk","|-damage|p2a: Stunfisk|39/317","|move|p2a: Stunfisk|Discharge|p1a: Unfezant","|-supereffective|p1a: Unfezant","|-damage|p1a: Unfezant|80/268","|-status|p1a: Unfezant|par","|","|-heal|p2a: Stunfisk|58/317|[from] item: Leftovers","|turn|9","|","|move|p2a: Stunfisk|Discharge|p1a: Unfezant","|-supereffective|p1a: Unfezant","|-damage|p1a: Unfezant|0 fnt","|faint|p1a: Unfezant","|","|-heal|p2a: Stunfisk|77/317|[from] item: Leftovers","|","|switch|p1a: Houndoom|Houndoom, L78, M|245/245","|turn|10","|","|detailschange|p1a: Houndoom|Houndoom-Mega, L78, M","|-mega|p1a: Houndoom|Houndoom|Houndoominite","|move|p1a: Houndoom|Fire Blast|p2a: Stunfisk","|-damage|p2a: Stunfisk|0 fnt","|faint|p2a: Stunfisk","|","|","|switch|p2a: Politoed|Politoed, L79, F|272/272","|-damage|p2a: Politoed|238/272|[from] Stealth Rock","|-weather|RainDance","|turn|11","|","|switch|p1a: Empoleon|Empoleon, L77, F|256/256","|move|p2a: Politoed|Scald|p1a: Empoleon","|-resisted|p1a: Empoleon","|-damage|p1a: Empoleon|208/256","|","|-weather|RainDance|[upkeep]","|-heal|p2a: Politoed|255/272|[from] item: Leftovers","|turn|12","|","|move|p2a: Politoed|Hypnosis|p1a: Empoleon","|-status|p1a: Empoleon|slp","|cant|p1a: Empoleon|slp","|","|-weather|RainDance|[upkeep]","|-heal|p2a: Politoed|272/272|[from] item: Leftovers","|turn|13","|","|move|p2a: Politoed|Encore|p1a: Empoleon","|-fail|p1a: Empoleon","|cant|p1a: Empoleon|slp","|","|-weather|RainDance|[upkeep]","|turn|14","|","|move|p2a: Politoed|Hypnosis|p1a: Empoleon|[miss]","|-miss|p2a: Politoed|p1a: Empoleon","|-curestatus|p1a: Empoleon|slp","|move|p1a: Empoleon|Toxic|p2a: Politoed","|-status|p2a: Politoed|tox","|","|-weather|RainDance|[upkeep]","|-damage|p2a: Politoed|255/272 tox|[from] psn","|turn|15","|","|move|p2a: Politoed|Hypnosis|p1a: Empoleon","|-status|p1a: Empoleon|slp","|cant|p1a: Empoleon|slp","|","|-weather|none","|-heal|p2a: Politoed|272/272 tox|[from] item: Leftovers","|-damage|p2a: Politoed|238/272 tox|[from] psn","|turn|16","|","|move|p2a: Politoed|Protect|p2a: Politoed","|-singleturn|p2a: Politoed|Protect","|cant|p1a: Empoleon|slp","|","|-heal|p2a: Politoed|255/272 tox|[from] item: Leftovers","|-damage|p2a: Politoed|204/272 tox|[from] psn","|turn|17","|","|move|p2a: Politoed|Hypnosis|p1a: Empoleon","|-fail|p1a: Empoleon|slp","|-curestatus|p1a: Empoleon|slp","|move|p1a: Empoleon|Flash Cannon|p2a: Politoed","|-resisted|p2a: Politoed","|-damage|p2a: Politoed|159/272 tox","|-damage|p1a: Empoleon|183/256|[from] item: Life Orb","|","|-heal|p2a: Politoed|176/272 tox|[from] item: Leftovers","|-damage|p2a: Politoed|108/272 tox|[from] psn","|turn|18","|","|move|p2a: Politoed|Encore|p1a: Empoleon","|-start|p1a: Empoleon|Encore","|move|p1a: Empoleon|Flash Cannon|p2a: Politoed","|-resisted|p2a: Politoed","|-damage|p2a: Politoed|59/272 tox","|-damage|p1a: Empoleon|158/256|[from] item: Life Orb","|","|-heal|p2a: Politoed|76/272 tox|[from] item: Leftovers","|-damage|p2a: Politoed|0 fnt|[from] psn","|faint|p2a: Politoed","|","|switch|p2a: Florges|Florges, L77, F|247/247","|-damage|p2a: Florges|217/247|[from] Stealth Rock","|turn|19","|","|move|p2a: Florges|Toxic|p1a: Empoleon","|-immune|p1a: Empoleon|[msg]","|move|p1a: Empoleon|Flash Cannon|p2a: Florges","|-supereffective|p2a: Florges","|-damage|p2a: Florges|77/247","|-damage|p1a: Empoleon|133/256|[from] item: Life Orb","|","|-heal|p2a: Florges|92/247|[from] item: Leftovers","|turn|20","|","|move|p2a: Florges|Moonblast|p1a: Empoleon","|-resisted|p1a: Empoleon","|-damage|p1a: Empoleon|90/256","|move|p1a: Empoleon|Flash Cannon|p2a: Florges","|-supereffective|p2a: Florges","|-damage|p2a: Florges|0 fnt","|-damage|p1a: Empoleon|65/256|[from] item: Life Orb","|faint|p2a: Florges","|","|-end|p1a: Empoleon|Encore","|","|switch|p2a: Abomasnow|Abomasnow, L77, M|265/265","|-damage|p2a: Abomasnow|199/265|[from] Stealth Rock","|-weather|Hail","|turn|21","|","|detailschange|p2a: Abomasnow|Abomasnow-Mega, L77, M","|-mega|p2a: Abomasnow|Abomasnow|Abomasite","|move|p1a: Empoleon|Hidden Power|p2a: Abomasnow","|-crit|p2a: Abomasnow","|-supereffective|p2a: Abomasnow","|-damage|p2a: Abomasnow|0 fnt","|-damage|p1a: Empoleon|40/256|[from] item: Life Orb","|faint|p2a: Abomasnow","|","|-weather|Hail|[upkeep]","|-damage|p1a: Empoleon|24/256|[from] hail","|","|switch|p2a: Swellow|Swellow, L81, F|230/230","|-damage|p2a: Swellow|173/230|[from] Stealth Rock","|turn|22","|","|move|p2a: Swellow|Brave Bird|p1a: Empoleon","|-resisted|p1a: Empoleon","|-damage|p1a: Empoleon|0 fnt","|-damage|p2a: Swellow|165/230|[from] recoil|[of] p1a: Empoleon","|faint|p1a: Empoleon","|","|-weather|Hail|[upkeep]","|-damage|p2a: Swellow|151/230|[from] hail","|-status|p2a: Swellow|tox|[from] item: Toxic Orb","|","|switch|p1a: Hoopa|Hoopa, L75|244/244","|turn|23","|","|move|p2a: Swellow|Brave Bird|p1a: Hoopa","|-crit|p1a: Hoopa","|-damage|p1a: Hoopa|0 fnt","|-damage|p2a: Swellow|70/230 tox|[from] recoil|[of] p1a: Hoopa","|faint|p1a: Hoopa","|","|-weather|Hail|[upkeep]","|-damage|p2a: Swellow|56/230 tox|[from] hail","|-damage|p2a: Swellow|42/230 tox|[from] psn","|","|switch|p1a: Dialga|Dialga, L73|266/266","|-ability|p1a: Dialga|Pressure","|-item|p1a: Dialga|Air Balloon","|turn|24","|","|move|p2a: Swellow|Brave Bird|p1a: Dialga","|-resisted|p1a: Dialga","|-damage|p1a: Dialga|193/266","|-enditem|p1a: Dialga|Air Balloon","|-damage|p2a: Swellow|18/230 tox|[from] recoil|[of] p1a: Dialga","|move|p1a: Dialga|Fire Blast|p2a: Swellow|[miss]","|-miss|p1a: Dialga|p2a: Swellow","|","|-weather|Hail|[upkeep]","|-damage|p2a: Swellow|4/230 tox|[from] hail","|-damage|p1a: Dialga|177/266|[from] hail","|-damage|p2a: Swellow|0 fnt|[from] psn","|faint|p2a: Swellow","|","|switch|p2a: Golurk|Golurk, L81|277/277","|-damage|p2a: Golurk|260/277|[from] Stealth Rock","|turn|25","|","|move|p1a: Dialga|Draco Meteor|p2a: Golurk","|-damage|p2a: Golurk|103/277","|-unboost|p1a: Dialga|spa|2","|move|p2a: Golurk|Shadow Punch|p1a: Dialga","|-damage|p1a: Dialga|76/266","|-damage|p2a: Golurk|76/277|[from] item: Life Orb","|","|-weather|none","|turn|26","|","|move|p1a: Dialga|Fire Blast|p2a: Golurk","|-damage|p2a: Golurk|27/277","|move|p2a: Golurk|Rock Polish|p2a: Golurk","|-boost|p2a: Golurk|spe|2","|","|turn|27","|","|move|p2a: Golurk|Ice Punch|p1a: Dialga","|-damage|p1a: Dialga|0 fnt","|-damage|p2a: Golurk|0 fnt|[from] item: Life Orb","|faint|p1a: Dialga","|faint|p2a: Golurk","|","|win|Makotinho"],"p1rating":{"entryid":"6866085","serverid":"eos","formatid":"randombattle","userid":"makotinho","username":"Makotinho","w":11,"l":"17","t":"0","gxe":44.8,"r":"1479.7974479173","rd":"74.177057973647","sigma":"0","rptime":"1438851600","rpr":1459.8772011431,"rprd":66.800870559619,"rpsigma":"0","acre":1079.7827782179,"lacre":1079.7827782179,"oldacre":"1052.4686520455"},"p2rating":{"entryid":7448720,"formatid":"randombattle","userid":"vitorpvp1227","username":"vitorpvp 1227","r":1500,"rd":130,"sigma":0,"rpr":1455.817343712,"rprd":122.17335337069,"rpsigma":0,"rptime":1438851600,"w":0,"l":1,"t":0,"gxe":44.5,"acre":1000,"lacre":1000,"oldacre":1000},"endType":"normal"}