{"seed":[34911,14910,27012,42817],"turns":19,"p1":"Chaos Abra","p2":"Basedboii","p1team":[{"name":"Lunatone","moves":["earthpower","rockpolish","psychic","batonpass"],"ability":"Levitate","evs":{"hp":85,"atk":85,"def":85,"spa":85,"spd":85,"spe":85},"ivs":{"hp":31,"atk":31,"def":31,"spa":31,"spd":31,"spe":31},"item":"Focus Sash","level":83,"shiny":false},{"name":"Whimsicott","moves":["stunspore","tailwind","substitute","moonblast"],"ability":"Prankster","evs":{"hp":85,"atk":85,"def":85,"spa":85,"spd":85,"spe":85},"ivs":{"hp":31,"atk":31,"def":31,"spa":31,"spd":31,"spe":31},"item":"Leftovers","level":77,"shiny":false},{"name":"Vespiquen","moves":["infestation","healorder","attackorder","toxic"],"ability":"Unnerve","evs":{"hp":81,"atk":85,"def":85,"spa":89,"spd":85,"spe":85},"ivs":{"hp":31,"atk":31,"def":31,"spa":31,"spd":31,"spe":31},"item":"Leftovers","level":83,"shiny":false},{"name":"Staraptor","moves":["uturn","closecombat","roost","bravebird"],"ability":"Reckless","evs":{"hp":85,"atk":85,"def":85,"spa":85,"spd":85,"spe":85},"ivs":{"hp":31,"atk":31,"def":31,"spa":31,"spd":31,"spe":31},"item":"Life Orb","level":76,"shiny":false},{"name":"Ludicolo","moves":["focusblast","gigadrain","hydropump","icebeam"],"ability":"Rain Dish","evs":{"hp":85,"atk":85,"def":85,"spa":85,"spd":85,"spe":85},"ivs":{"hp":31,"atk":31,"def":31,"spa":31,"spd":31,"spe":31},"item":"Choice Specs","level":81,"shiny":false},{"name":"Delphox","moves":["psyshock","grassknot","calmmind","shadowball"],"ability":"Magician","evs":{"hp":81,"atk":85,"def":85,"spa":89,"spd":85,"spe":85},"ivs":{"hp":31,"atk":31,"def":31,"spa":31,"spd":31,"spe":31},"item":"Life Orb","level":79,"shiny":false}],"p2team":[{"name":"Hawlucha","moves":["thunderpunch","swordsdance","acrobatics","substitute"],"ability":"Unburden","evs":{"hp":85,"atk":85,"def":85,"spa":85,"spd":85,"spe":85},"ivs":{"hp":31,"atk":31,"def":31,"spa":31,"spd":31,"spe":31},"item":"Flying Gem","level":76,"shiny":false},{"name":"Exeggutor","moves":["substitute","hiddenpowerfire","sleeppowder","gigadrain"],"ability":"Harvest","evs":{"hp":85,"atk":85,"def":85,"spa":85,"spd":85,"spe":85},"ivs":{"hp":31,"atk":30,"def":31,"spa":30,"spd":31,"spe":30},"item":"Sitrus Berry","level":81,"shiny":false},{"name":"Raichu","moves":["voltswitch","encore","grassknot","thunderbolt"],"ability":"Lightning Rod","evs":{"hp":85,"atk":85,"def":85,"spa":85,"spd":85,"spe":85},"ivs":{"hp":31,"atk":31,"def":31,"spa":31,"spd":31,"spe":31},"item":"Life Orb","level":83,"shiny":false},{"name":"Dragonite","moves":["earthquake","firepunch","outrage","roost"],"ability":"Multiscale","evs":{"hp":81,"atk":89,"def":85,"spa":85,"spd":85,"spe":85},"ivs":{"hp":31,"atk":31,"def":31,"spa":31,"spd":31,"spe":31},"item":"Lum Berry","level":75,"shiny":false},{"name":"Diggersby","moves":["uturn","quickattack","earthquake","knockoff"],"ability":"Huge Power","evs":{"hp":85,"atk":85,"def":85,"spa":85,"spd":85,"spe":85},"ivs":{"hp":31,"atk":31,"def":31,"spa":31,"spd":31,"spe":31},"item":"Choice Band","level":76,"shiny":false},{"name":"Celebi","moves":["recover","uturn","healbell","leafstorm"],"ability":"Natural Cure","evs":{"hp":85,"atk":85,"def":85,"spa":85,"spd":85,"spe":85},"ivs":{"hp":31,"atk":31,"def":31,"spa":31,"spd":31,"spe":31},"item":"Leftovers","level":75,"shiny":false}],"log":["|player|p1|Chaos Abra|266","|player|p2|Basedboii|266","|gametype|singles","|gen|6","|tier|Random Battle","|rated","|rule|Sleep Clause Mod: Limit one foe put to sleep","|rule|HP Percentage Mod: HP is shown in percentages","|","|start","|switch|p1a: Lunatone|Lunatone, L83|252/252","|switch|p2a: Hawlucha|Hawlucha, L76, F|244/244","|turn|1","|","|move|p2a: Hawlucha|Acrobatics|p1a: Lunatone","|-enditem|p2a: Hawlucha|Flying Gem|[from] gem|[move] Acrobatics","|-resisted|p1a: Lunatone","|-damage|p1a: Lunatone|177/252","|move|p1a: Lunatone|Psychic|p2a: Hawlucha","|-supereffective|p2a: Hawlucha","|-damage|p2a: Hawlucha|0 fnt","|faint|p2a: Hawlucha","|","|","|switch|p2a: Diggersby|Diggersby, L76, F|254/254","|turn|2","|","|move|p1a: Lunatone|Psychic|p2a: Diggersby","|-damage|p2a: Diggersby|134/254","|move|p2a: Diggersby|Knock Off|p1a: Lunatone","|-supereffective|p1a: Lunatone","|-damage|p1a: Lunatone|0 fnt","|-enditem|p1a: Lunatone|Focus Sash|[from] move: Knock Off|[of] p2a: Diggersby","|faint|p1a: Lunatone","|","|","|switch|p1a: Ludicolo|Ludicolo, L81, F|262/262","|turn|3","|","|move|p2a: Diggersby|Knock Off|p1a: Ludicolo","|-damage|p1a: Ludicolo|126/262","|-enditem|p1a: Ludicolo|Choice Specs|[from] move: Knock Off|[of] p2a: Diggersby","|move|p1a: Ludicolo|Giga Drain|p2a: Diggersby","|-supereffective|p2a: Diggersby","|-damage|p2a: Diggersby|0 fnt","|-heal|p1a: Ludicolo|193/262|[from] drain|[of] p2a: Diggersby","|faint|p2a: Diggersby","|","|","|switch|p2a: Exeggutor|Exeggutor, L81, M|287/287","|turn|4","|","|move|p1a: Ludicolo|Ice Beam|p2a: Exeggutor","|-supereffective|p2a: Exeggutor","|-damage|p2a: Exeggutor|139/287","|-enditem|p2a: Exeggutor|Sitrus Berry|[eat]","|-heal|p2a: Exeggutor|210/287|[from] item: Sitrus Berry","|move|p2a: Exeggutor|Sleep Powder|p1a: Ludicolo|[miss]","|-miss|p2a: Exeggutor|p1a: Ludicolo","|","|turn|5","|","|move|p1a: Ludicolo|Ice Beam|p2a: Exeggutor","|-supereffective|p2a: Exeggutor","|-damage|p2a: Exeggutor|70/287","|move|p2a: Exeggutor|Sleep Powder|p1a: Ludicolo","|-immune|p1a: Ludicolo|[msg]","|","|turn|6","|","|move|p1a: Ludicolo|Ice Beam|p2a: Exeggutor","|-supereffective|p2a: Exeggutor","|-damage|p2a: Exeggutor|0 fnt","|faint|p2a: Exeggutor","|","|","|switch|p2a: Celebi|Celebi, L75|274/274","|turn|7","|","|move|p2a: Celebi|U-turn|p1a: Ludicolo","|-supereffective|p1a: Ludicolo","|-damage|p1a: Ludicolo|83/262","|","|switch|p2a: Raichu|Raichu, L83, M|235/235","|move|p1a: Ludicolo|Ice Beam|p2a: Raichu","|-crit|p2a: Raichu","|-damage|p2a: Raichu|146/235","|","|turn|8","|","|move|p2a: Raichu|Thunderbolt|p1a: Ludicolo","|-damage|p1a: Ludicolo|0 fnt","|-damage|p2a: Raichu|123/235|[from] item: Life Orb","|faint|p1a: Ludicolo","|","|","|switch|p1a: Whimsicott|Whimsicott, L77, F|219/219","|turn|9","|","|move|p1a: Whimsicott|Tailwind|p1a: Whimsicott","|-sidestart|p1: Chaos Abra|move: Tailwind","|move|p2a: Raichu|Thunderbolt|p1a: Whimsicott","|-resisted|p1a: Whimsicott","|-damage|p1a: Whimsicott|150/219","|-damage|p2a: Raichu|100/235|[from] item: Life Orb","|","|-heal|p1a: Whimsicott|163/219|[from] item: Leftovers","|turn|10","|","|move|p1a: Whimsicott|Substitute|p1a: Whimsicott","|-start|p1a: Whimsicott|Substitute","|-damage|p1a: Whimsicott|109/219","|move|p2a: Raichu|Volt Switch|p1a: Whimsicott","|-resisted|p1a: Whimsicott","|-end|p1a: Whimsicott|Substitute","|-damage|p2a: Raichu|77/235|[from] item: Life Orb","|","|switch|p2a: Celebi|Celebi, L75|274/274","|","|-heal|p1a: Whimsicott|122/219|[from] item: Leftovers","|turn|11","|","|move|p1a: Whimsicott|Moonblast|p2a: Celebi","|-damage|p2a: Celebi|205/274","|move|p2a: Celebi|U-turn|p1a: Whimsicott","|-damage|p1a: Whimsicott|76/219","|","|switch|p2a: Dragonite|Dragonite, L75, M|259/259","|","|-heal|p1a: Whimsicott|89/219|[from] item: Leftovers","|turn|12","|","|move|p1a: Whimsicott|Stun Spore|p2a: Dragonite","|-status|p2a: Dragonite|par","|-enditem|p2a: Dragonite|Lum Berry|[eat]","|-curestatus|p2a: Dragonite|par","|move|p2a: Dragonite|Fire Punch|p1a: Whimsicott","|-supereffective|p1a: Whimsicott","|-damage|p1a: Whimsicott|0 fnt","|faint|p1a: Whimsicott","|","|-sideend|p1: Chaos Abra|move: Tailwind","|","|switch|p1a: Delphox|Delphox, L79, M|247/247","|turn|13","|","|move|p1a: Delphox|Psyshock|p2a: Dragonite","|-damage|p2a: Dragonite|197/259","|-damage|p1a: Delphox|223/247|[from] item: Life Orb","|move|p2a: Dragonite|Earthquake|p1a: Delphox","|-supereffective|p1a: Delphox","|-damage|p1a: Delphox|47/247","|","|turn|14","|","|move|p1a: Delphox|Psyshock|p2a: Dragonite","|-damage|p2a: Dragonite|88/259","|-damage|p1a: Delphox|23/247|[from] item: Life Orb","|move|p2a: Dragonite|Earthquake|p1a: Delphox","|-supereffective|p1a: Delphox","|-damage|p1a: Delphox|0 fnt","|faint|p1a: Delphox","|","|","|switch|p1a: Staraptor|Staraptor, L76, F|254/254","|turn|15","|","|move|p1a: Staraptor|Brave Bird|p2a: Dragonite","|-damage|p2a: Dragonite|0 fnt","|-damage|p1a: Staraptor|225/254|[from] recoil|[of] p2a: Dragonite","|-damage|p1a: Staraptor|200/254|[from] item: Life Orb","|faint|p2a: Dragonite","|","|","|switch|p2a: Raichu|Raichu, L83, M|77/235","|turn|16","|","|move|p2a: Raichu|Thunderbolt|p1a: Staraptor","|-supereffective|p1a: Staraptor","|-damage|p1a: Staraptor|0 fnt","|-damage|p2a: Raichu|54/235|[from] item: Life Orb","|faint|p1a: Staraptor","|","|","|switch|p1a: Vespiquen|Vespiquen, L83, F|251/251","|-ability|p1a: Vespiquen|Unnerve|p2: Basedboii","|turn|17","|","|move|p2a: Raichu|Thunderbolt|p1a: Vespiquen","|-supereffective|p1a: Vespiquen","|-damage|p1a: Vespiquen|25/251","|-damage|p2a: Raichu|31/235|[from] item: Life Orb","|move|p1a: Vespiquen|Infestation|p2a: Raichu","|-damage|p2a: Raichu|9/235","|-activate|p2a: Raichu|move: Infestation|[of] p1a: Vespiquen","|","|-heal|p1a: Vespiquen|40/251|[from] item: Leftovers","|-damage|p2a: Raichu|0 fnt|[from] move: Infestation|[partiallytrapped]","|faint|p2a: Raichu","|","|switch|p2a: Celebi|Celebi, L75|205/274","|turn|18","|","|move|p2a: Celebi|Leaf Storm|p1a: Vespiquen","|-crit|p1a: Vespiquen","|-resisted|p1a: Vespiquen","|-damage|p1a: Vespiquen|2/251","|-unboost|p2a: Celebi|spa|2","|move|p1a: Vespiquen|Heal Order|p1a: Vespiquen","|-heal|p1a: Vespiquen|128/251","|","|-heal|p2a: Celebi|222/274|[from] item: Leftovers","|-heal|p1a: Vespiquen|143/251|[from] item: Leftovers","|turn|19","|","|win|Chaos Abra"],"p1rating":{"entryid":"5943623","serverid":"eos","formatid":"randombattle","userid":"chaosabra","username":"Chaos Abra","w":2,"l":"3","t":"0","gxe":46.6,"r":"1434.0731378361","rd":116.91703524355,"sigma":"0","rptime":1438851600,"rpr":1473.0961208582,"rprd":111.78885618585,"rpsigma":"0","acre":1056.9419158553,"lacre":1056.9419158553,"oldacre":"1022.7456799398"},"p2rating":{"entryid":7441824,"formatid":"randombattle","userid":"basedboii","username":"Basedboii","r":1500,"rd":130,"sigma":0,"rpr":1451.8038361926,"rprd":122.80138284831,"rpsigma":0,"rptime":1438851600,"w":0,"l":1,"t":0,"gxe":44,"acre":1000,"lacre":1000,"oldacre":1000},"endType":"forfeit"}