{"seed":[45758,45303,49261,21924],"turns":31,"p1":"IV Bane","p2":"fsfsrsr","p1team":[{"name":"Skarmory","species":"Skarmory","item":"rockyhelmet","ability":"Sturdy","moves":["roost","bravebird","stealthrock","spikes"],"nature":"Impish","evs":{"hp":248,"atk":0,"def":236,"spa":0,"spd":0,"spe":24},"ivs":{"hp":31,"atk":31,"def":31,"spa":31,"spd":31,"spe":31}},{"name":"Garchomp","species":"Garchomp","item":"choicescarf","ability":"Rough Skin","moves":["dragonclaw","earthquake","aquatail","poisonjab"],"nature":"Adamant","evs":{"hp":0,"atk":252,"def":0,"spa":0,"spd":4,"spe":252},"ivs":{"hp":31,"atk":31,"def":31,"spa":31,"spd":31,"spe":31}},{"name":"Kyurem-Black","species":"Kyurem-Black","item":"expertbelt","ability":"Teravolt","moves":["icebeam","earthpower","dragonclaw","flashcannon"],"nature":"Rash","evs":{"hp":248,"atk":8,"def":0,"spa":252,"spd":0,"spe":0},"ivs":{"hp":31,"atk":31,"def":31,"spa":31,"spd":31,"spe":31}},{"name":"Sableye","species":"Sableye","item":"sablenite","ability":"Prankster","moves":["calmmind","recover","darkpulse","willowisp"],"nature":"Calm","evs":{"hp":248,"atk":0,"def":0,"spa":8,"spd":252,"spe":0},"ivs":{"hp":31,"atk":31,"def":31,"spa":31,"spd":31,"spe":31}},{"name":"Serperior","species":"Serperior","item":"leftovers","ability":"Contrary","moves":["leafstorm","dragonpulse","hiddenpowerpsychic","leechseed"],"nature":"Timid","evs":{"hp":0,"atk":0,"def":0,"spa":252,"spd":4,"spe":252},"ivs":{"hp":31,"atk":30,"def":31,"spa":31,"spd":31,"spe":30}},{"name":"Galvantula","species":"Galvantula","item":"focussash","ability":"Compound Eyes","moves":["bugbuzz","stickyweb","gigadrain","voltswitch"],"nature":"","evs":{"hp":0,"atk":0,"def":0,"spa":0,"spd":0,"spe":0},"ivs":{"hp":31,"atk":31,"def":31,"spa":31,"spd":31,"spe":31}}],"p2team":[{"name":"Rotom-Wash","species":"Rotom-Wash","item":"leftovers","ability":"Levitate","moves":["willowisp","voltswitch","hydropump","painsplit"],"nature":"Calm","evs":{"hp":252,"atk":0,"def":0,"spa":4,"spd":252,"spe":0},"ivs":{"hp":31,"atk":31,"def":31,"spa":31,"spd":31,"spe":31}},{"name":"Gothitelle","species":"Gothitelle","item":"choicespecs","ability":"Shadow Tag","moves":["trick","energyball","hiddenpowerfire","psyshock"],"nature":"Modest","evs":{"hp":248,"atk":0,"def":0,"spa":252,"spd":8,"spe":0},"ivs":{"hp":31,"atk":30,"def":31,"spa":30,"spd":31,"spe":30}},{"name":"Landorus-Therian","species":"Landorus-Therian","item":"leftovers","ability":"Intimidate","moves":["earthquake","stealthrock","uturn","stoneedge"],"nature":"Adamant","evs":{"hp":252,"atk":252,"def":0,"spa":0,"spd":4,"spe":0},"ivs":{"hp":31,"atk":31,"def":31,"spa":31,"spd":31,"spe":31}},{"name":"Clefable","species":"Clefable","item":"leftovers","ability":"Unaware","moves":["thunderwave","moonblast","wish","present"],"nature":"Lonely","evs":{"hp":252,"atk":252,"def":0,"spa":0,"spd":0,"spe":0},"ivs":{"hp":31,"atk":31,"def":31,"spa":31,"spd":31,"spe":31}},{"name":"Scizor","species":"Scizor","item":"scizorite","ability":"Technician","moves":["swordsdance","roost","superpower","bulletpunch"],"nature":"Adamant","evs":{"hp":148,"atk":252,"def":0,"spa":0,"spd":8,"spe":100},"ivs":{"hp":31,"atk":31,"def":31,"spa":31,"spd":31,"spe":31}},{"name":"Zapdos","species":"Zapdos","item":"leftovers","ability":"Pressure","moves":["voltswitch","roost","hiddenpowerice"],"nature":"Modest","evs":{"hp":248,"atk":0,"def":0,"spa":252,"spd":8,"spe":0},"ivs":{"hp":31,"atk":30,"def":30,"spa":31,"spd":31,"spe":31}}],"log":["|player|p1|IV Bane|281","|player|p2|fsfsrsr|181","|gametype|singles","|gen|6","|tier|OU","|rated","|clearpoke","|poke|p1|Skarmory, M","|poke|p1|Garchomp, M","|poke|p1|Kyurem-Black","|poke|p1|Sableye, M","|poke|p1|Serperior, F","|poke|p1|Galvantula, M","|poke|p2|Rotom-Wash","|poke|p2|Gothitelle, M","|poke|p2|Landorus-Therian, M","|poke|p2|Clefable, M","|poke|p2|Scizor, M","|poke|p2|Zapdos","|rule|Swagger Clause: Swagger is banned","|rule|Baton Pass Clause: Limit one Baton Passer, can't pass Spe and other stats simultaneously","|rule|Sleep Clause Mod: Limit one foe put to sleep","|rule|Species Clause: Limit one of each Pokémon","|rule|OHKO Clause: OHKO moves are banned","|rule|Moody Clause: Moody is banned","|rule|Evasion Moves Clause: Evasion moves are banned","|rule|Endless Battle Clause: Forcing endless battles is banned","|rule|HP Percentage Mod: HP is shown in percentages","|teampreview","|","|start","|switch|p1a: Galvantula|Galvantula, M|281/281","|switch|p2a: Zapdos|Zapdos|383/383","|-ability|p2a: Zapdos|Pressure","|turn|1","|","|switch|p2a: Landorus-Therian|Landorus-Therian, M|382/382","|-ability|p2a: Landorus-Therian|Intimidate","|-unboost|p1a: Galvantula|atk|1","|move|p1a: Galvantula|Sticky Web|p2a: Landorus-Therian","|-sidestart|p2: fsfsrsr|move: Sticky Web","|","|turn|2","|","|move|p1a: Galvantula|Giga Drain|p2a: Landorus-Therian","|-damage|p2a: Landorus-Therian|307/382","|move|p2a: Landorus-Therian|Stealth Rock|p1a: Galvantula","|-sidestart|p1: IV Bane|move: Stealth Rock","|","|-heal|p2a: Landorus-Therian|330/382|[from] item: Leftovers","|turn|3","|","|move|p1a: Galvantula|Bug Buzz|p2a: Landorus-Therian","|-crit|p2a: Landorus-Therian","|-resisted|p2a: Landorus-Therian","|-damage|p2a: Landorus-Therian|240/382","|-unboost|p2a: Landorus-Therian|spd|1","|move|p2a: Landorus-Therian|Stone Edge|p1a: Galvantula","|-supereffective|p1a: Galvantula","|-enditem|p1a: Galvantula|Focus Sash","|-damage|p1a: Galvantula|1/281","|","|-heal|p2a: Landorus-Therian|263/382|[from] item: Leftovers","|turn|4","|","|move|p1a: Galvantula|Bug Buzz|p2a: Landorus-Therian","|-resisted|p2a: Landorus-Therian","|-damage|p2a: Landorus-Therian|179/382","|move|p2a: Landorus-Therian|U-turn|p1a: Galvantula","|-damage|p1a: Galvantula|0 fnt","|faint|p1a: Galvantula","|","|switch|p2a: Rotom-Wash|Rotom-Wash|304/304","|","|","|switch|p1a: Serperior|Serperior, F|291/291","|-damage|p1a: Serperior|255/291|[from] Stealth Rock","|turn|5","|","|switch|p2a: Zapdos|Zapdos|383/383","|-ability|p2a: Zapdos|Pressure","|move|p1a: Serperior|Leech Seed|p2a: Zapdos","|-start|p2a: Zapdos|move: Leech Seed","|","|-heal|p1a: Serperior|273/291|[from] item: Leftovers","|-damage|p2a: Zapdos|336/383|[from] Leech Seed|[of] p1a: Serperior","|-heal|p1a: Serperior|291/291|[silent]","|turn|6","|","|move|p1a: Serperior|Leaf Storm|p2a: Zapdos","|-resisted|p2a: Zapdos","|-damage|p2a: Zapdos|243/383","|-boost|p1a: Serperior|spa|2","|move|p2a: Zapdos|Volt Switch|p1a: Serperior","|-resisted|p1a: Serperior","|-damage|p1a: Serperior|226/291","|","|switch|p2a: Clefable|Clefable, M|394/394","|-activate|p2a: Clefable|move: Sticky Web","|-unboost|p2a: Clefable|spe|1","|","|-heal|p1a: Serperior|244/291|[from] item: Leftovers","|turn|7","|","|move|p1a: Serperior|Leaf Storm|p2a: Clefable","|-damage|p2a: Clefable|234/394","|-boost|p1a: Serperior|spa|2","|move|p2a: Clefable|Thunder Wave|p1a: Serperior","|-status|p1a: Serperior|par","|","|-heal|p2a: Clefable|258/394|[from] item: Leftovers","|-heal|p1a: Serperior|262/291 par|[from] item: Leftovers","|turn|8","|","|move|p2a: Clefable|Moonblast|p1a: Serperior","|-damage|p1a: Serperior|142/291 par","|move|p1a: Serperior|Leaf Storm|p2a: Clefable|[miss]","|-miss|p1a: Serperior|p2a: Clefable","|","|-heal|p2a: Clefable|282/394|[from] item: Leftovers","|-heal|p1a: Serperior|160/291 par|[from] item: Leftovers","|turn|9","|","|move|p2a: Clefable|Moonblast|p1a: Serperior","|-damage|p1a: Serperior|52/291 par","|move|p1a: Serperior|Leaf Storm|p2a: Clefable","|-damage|p2a: Clefable|122/394","|-boost|p1a: Serperior|spa|2","|","|-heal|p2a: Clefable|146/394|[from] item: Leftovers","|-heal|p1a: Serperior|70/291 par|[from] item: Leftovers","|turn|10","|","|move|p2a: Clefable|Moonblast|p1a: Serperior","|-damage|p1a: Serperior|0 fnt","|faint|p1a: Serperior","|","|-heal|p2a: Clefable|170/394|[from] item: Leftovers","|","|switch|p1a: Garchomp|Garchomp, M|357/357","|-damage|p1a: Garchomp|335/357|[from] Stealth Rock","|turn|11","|","|switch|p2a: Zapdos|Zapdos|243/383","|-ability|p2a: Zapdos|Pressure","|move|p1a: Garchomp|Poison Jab|p2a: Zapdos","|-damage|p2a: Zapdos|131/383","|","|-heal|p2a: Zapdos|154/383|[from] item: Leftovers","|turn|12","|","|move|p1a: Garchomp|Poison Jab|p2a: Zapdos","|-damage|p2a: Zapdos|38/383","|move|p2a: Zapdos|Roost|p2a: Zapdos","|-heal|p2a: Zapdos|230/383","|","|-heal|p2a: Zapdos|253/383|[from] item: Leftovers","|turn|13","|","|switch|p1a: Sableye|Sableye, M|303/303","|-damage|p1a: Sableye|266/303|[from] Stealth Rock","|move|p2a: Zapdos|Hidden Power|p1a: Sableye","|-damage|p1a: Sableye|200/303","|","|-heal|p2a: Zapdos|276/383|[from] item: Leftovers","|turn|14","|","|move|p1a: Sableye|Will-O-Wisp|p2a: Zapdos","|-status|p2a: Zapdos|brn","|move|p2a: Zapdos|Volt Switch|p1a: Sableye","|-damage|p1a: Sableye|82/303","|","|switch|p2a: Gothitelle|Gothitelle, M|343/343","|-activate|p2a: Gothitelle|move: Sticky Web","|-unboost|p2a: Gothitelle|spe|1","|","|turn|15","|","|move|p1a: Sableye|Recover|p1a: Sableye","|-heal|p1a: Sableye|234/303","|move|p2a: Gothitelle|Energy Ball|p1a: Sableye","|-damage|p1a: Sableye|103/303","|","|turn|16","|","|move|p1a: Sableye|Recover|p1a: Sableye","|-heal|p1a: Sableye|255/303","|move|p2a: Gothitelle|Energy Ball|p1a: Sableye","|-damage|p1a: Sableye|124/303","|","|turn|17","|","|move|p1a: Sableye|Calm Mind|p1a: Sableye","|-boost|p1a: Sableye|spa|1","|-boost|p1a: Sableye|spd|1","|move|p2a: Gothitelle|Energy Ball|p1a: Sableye","|-damage|p1a: Sableye|31/303","|","|turn|18","|","|switch|p2a: Clefable|Clefable, M|170/394","|-activate|p2a: Clefable|move: Sticky Web","|-unboost|p2a: Clefable|spe|1","|move|p1a: Sableye|Recover|p1a: Sableye","|-heal|p1a: Sableye|183/303","|","|-heal|p2a: Clefable|194/394|[from] item: Leftovers","|turn|19","|","|switch|p1a: Garchomp|Garchomp, M|335/357","|-damage|p1a: Garchomp|313/357|[from] Stealth Rock","|move|p2a: Clefable|Moonblast|p1a: Garchomp","|-supereffective|p1a: Garchomp","|-damage|p1a: Garchomp|85/357","|-unboost|p1a: Garchomp|spa|1","|","|-heal|p2a: Clefable|218/394|[from] item: Leftovers","|turn|20","|","|switch|p2a: Landorus-Therian|Landorus-Therian, M|179/382","|-ability|p2a: Landorus-Therian|Intimidate","|-unboost|p1a: Garchomp|atk|1","|move|p1a: Garchomp|Earthquake|p2a: Landorus-Therian","|-immune|p2a: Landorus-Therian|[msg]","|","|-heal|p2a: Landorus-Therian|202/382|[from] item: Leftovers","|turn|21","|","|switch|p1a: Skarmory|Skarmory, M|333/333","|-damage|p1a: Skarmory|292/333|[from] Stealth Rock","|move|p2a: Landorus-Therian|U-turn|p1a: Skarmory","|-resisted|p1a: Skarmory","|-damage|p1a: Skarmory|278/333","|-damage|p2a: Landorus-Therian|139/382|[from] item: Rocky Helmet|[of] p1a: Skarmory","|","|switch|p2a: Gothitelle|Gothitelle, M|343/343","|-activate|p2a: Gothitelle|move: Sticky Web","|-unboost|p2a: Gothitelle|spe|1","|","|turn|22","|","|move|p1a: Skarmory|Stealth Rock|p2a: Gothitelle","|-sidestart|p2: fsfsrsr|move: Stealth Rock","|move|p2a: Gothitelle|Hidden Power|p1a: Skarmory","|-supereffective|p1a: Skarmory","|-damage|p1a: Skarmory|4/333","|","|turn|23","|","|move|p1a: Skarmory|Spikes|p2a: Gothitelle","|-sidestart|p2: fsfsrsr|Spikes","|move|p2a: Gothitelle|Hidden Power|p1a: Skarmory","|-supereffective|p1a: Skarmory","|-damage|p1a: Skarmory|0 fnt","|faint|p1a: Skarmory","|","|","|switch|p1a: Sableye|Sableye, M|183/303","|-damage|p1a: Sableye|146/303|[from] Stealth Rock","|turn|24","|","|switch|p2a: Clefable|Clefable, M|218/394","|-damage|p2a: Clefable|169/394|[from] Spikes","|-damage|p2a: Clefable|120/394|[from] Stealth Rock","|-activate|p2a: Clefable|move: Sticky Web","|-unboost|p2a: Clefable|spe|1","|move|p1a: Sableye|Recover|p1a: Sableye","|-heal|p1a: Sableye|298/303","|","|-heal|p2a: Clefable|144/394|[from] item: Leftovers","|turn|25","|","|move|p1a: Sableye|Calm Mind|p1a: Sableye","|-boost|p1a: Sableye|spa|1","|-boost|p1a: Sableye|spd|1","|move|p2a: Clefable|Moonblast|p1a: Sableye","|-supereffective|p1a: Sableye","|-damage|p1a: Sableye|112/303","|","|-heal|p2a: Clefable|168/394|[from] item: Leftovers","|turn|26","|","|move|p1a: Sableye|Recover|p1a: Sableye","|-heal|p1a: Sableye|264/303","|move|p2a: Clefable|Moonblast|p1a: Sableye","|-supereffective|p1a: Sableye","|-damage|p1a: Sableye|72/303","|","|-heal|p2a: Clefable|192/394|[from] item: Leftovers","|turn|27","|","|move|p1a: Sableye|Recover|p1a: Sableye","|-heal|p1a: Sableye|224/303","|move|p2a: Clefable|Moonblast|p1a: Sableye","|-supereffective|p1a: Sableye","|-damage|p1a: Sableye|6/303","|-unboost|p1a: Sableye|spa|1","|","|-heal|p2a: Clefable|216/394|[from] item: Leftovers","|turn|28","|","|move|p1a: Sableye|Recover|p1a: Sableye","|-heal|p1a: Sableye|158/303","|move|p2a: Clefable|Moonblast|p1a: Sableye","|-crit|p1a: Sableye","|-supereffective|p1a: Sableye","|-damage|p1a: Sableye|0 fnt","|faint|p1a: Sableye","|","|-heal|p2a: Clefable|240/394|[from] item: Leftovers","|","|switch|p1a: Kyurem-Black|Kyurem-Black|453/453","|-damage|p1a: Kyurem-Black|340/453|[from] Stealth Rock","|-ability|p1a: Kyurem-Black|Teravolt","|turn|29","|","|switch|p2a: Scizor|Scizor, M|318/318","|-damage|p2a: Scizor|279/318|[from] Stealth Rock","|-activate|p2a: Scizor|move: Sticky Web","|-unboost|p2a: Scizor|spe|1","|-damage|p2a: Scizor|240/318|[from] Spikes","|move|p1a: Kyurem-Black|Flash Cannon|p2a: Scizor","|-resisted|p2a: Scizor","|-damage|p2a: Scizor|177/318","|","|turn|30","|","|detailschange|p2a: Scizor|Scizor-Mega, M","|-mega|p2a: Scizor|Scizor|Scizorite","|move|p2a: Scizor|Bullet Punch|p1a: Kyurem-Black","|-crit|p1a: Kyurem-Black","|-supereffective|p1a: Kyurem-Black","|-damage|p1a: Kyurem-Black|0 fnt","|faint|p1a: Kyurem-Black","|","|","|switch|p1a: Garchomp|Garchomp, M|85/357","|-damage|p1a: Garchomp|63/357|[from] Stealth Rock","|turn|31","|","|move|p2a: Scizor|Bullet Punch|p1a: Garchomp","|-damage|p1a: Garchomp|0 fnt","|-damage|p2a: Scizor|138/318|[from] ability: Rough Skin|[of] p1a: Garchomp","|faint|p1a: Garchomp","|","|win|fsfsrsr"],"p1rating":{"entryid":7448689,"formatid":"ou","userid":"ivbane","username":"IV Bane","r":1500,"rd":130,"sigma":0,"rpr":1459.8393856612,"rprd":122.8583080769,"rpsigma":0,"rptime":1438851600,"w":0,"l":1,"t":0,"gxe":45,"acre":1000,"lacre":1000,"oldacre":1000},"p2rating":{"entryid":7448690,"formatid":"ou","userid":"fsfsrsr","username":"fsfsrsr","r":1500,"rd":130,"sigma":0,"rpr":1540.1606143388,"rprd":122.8583080769,"rpsigma":0,"rptime":1438851600,"w":1,"l":0,"t":0,"gxe":55,"acre":1040,"lacre":1040,"oldacre":1000},"endType":"normal"}