{"seed":[17824,59005,5062,43082],"turns":40,"p1":"Emg Temsone","p2":"ELO Talent Scout","p1team":[{"name":"Clefable","species":"Clefable","item":"choicespecs","ability":"Unaware","moves":["moonblast","psychic","flamethrower","trick"],"nature":"Modest","evs":{"hp":248,"atk":0,"def":0,"spa":252,"spd":8,"spe":0},"ivs":{"hp":31,"atk":0,"def":31,"spa":31,"spd":31,"spe":31},"shiny":true},{"name":"Heatran","species":"Heatran","item":"choicescarf","ability":"Flash Fire","moves":["flamethrower","darkpulse","earthpower","ancientpower"],"nature":"Timid","evs":{"hp":0,"atk":0,"def":0,"spa":252,"spd":4,"spe":252},"ivs":{"hp":31,"atk":0,"def":31,"spa":31,"spd":31,"spe":31},"shiny":true},{"name":"Rotom-Wash","species":"Rotom-Wash","item":"leftovers","ability":"Levitate","moves":["willowisp","hydropump","voltswitch","painsplit"],"nature":"Modest","evs":{"hp":128,"atk":0,"def":0,"spa":252,"spd":0,"spe":128},"ivs":{"hp":31,"atk":0,"def":31,"spa":31,"spd":31,"spe":31},"shiny":true},{"name":"You lose","species":"medicham","item":"medichamite","ability":"Pure Power","moves":["fakeout","highjumpkick","icepunch","zenheadbutt"],"nature":"Adamant","evs":{"hp":0,"atk":252,"def":0,"spa":0,"spd":4,"spe":252},"shiny":true,"ivs":{"hp":31,"atk":31,"def":31,"spa":31,"spd":31,"spe":31}},{"name":"Bisharp","species":"Bisharp","item":"focussash","ability":"Defiant","moves":["suckerpunch","ironhead","swordsdance","knockoff"],"nature":"Jolly","evs":{"hp":0,"atk":252,"def":0,"spa":0,"spd":4,"spe":252},"shiny":true,"ivs":{"hp":31,"atk":31,"def":31,"spa":31,"spd":31,"spe":31}},{"name":"Gengar","species":"Gengar","item":"blacksludge","ability":"Levitate","moves":["substitute","shadowball","energyball","sludgewave"],"nature":"Timid","evs":{"hp":0,"atk":0,"def":0,"spa":252,"spd":4,"spe":252},"ivs":{"hp":31,"atk":30,"def":30,"spa":31,"spd":31,"spe":31},"shiny":true}],"p2team":[{"name":"ERP Therapy","species":"audino","item":"audinite","ability":"Regenerator","moves":["hypervoice","calmmind","sleeptalk","rest"],"nature":"Bold","evs":{"hp":228,"atk":0,"def":252,"spa":16,"spd":8,"spe":4},"gender":"F","ivs":{"hp":31,"atk":0,"def":31,"spa":31,"spd":31,"spe":31}},{"name":"Citizen Snips","species":"drapion","item":"blacksludge","ability":"Battle Armor","moves":["acupressure","rest","sleeptalk","knockoff"],"nature":"Impish","evs":{"hp":252,"atk":0,"def":252,"spa":0,"spd":4,"spe":0},"gender":"M","ivs":{"hp":31,"atk":31,"def":31,"spa":31,"spd":31,"spe":31}},{"name":"LGM","species":"elgyem","item":"eviolite","ability":"Analytic","moves":["hiddenpowerfire","psychic","thunderwave","recover"],"nature":"Bold","evs":{"hp":252,"atk":0,"def":92,"spa":4,"spd":160,"spe":0},"gender":"M","ivs":{"hp":31,"atk":30,"def":31,"spa":30,"spd":31,"spe":30}},{"name":"wew","species":"mew","item":"leftovers","ability":"Synchronize","moves":["bulkup","calmmind","metronome","softboiled"],"nature":"Sassy","evs":{"hp":252,"atk":0,"def":180,"spa":0,"spd":76,"spe":0},"ivs":{"hp":31,"atk":31,"def":31,"spa":31,"spd":31,"spe":31}},{"name":"Little Birbe","species":"pidgey","item":"focussash","ability":"Keen Eye","moves":["hurricane","heatwave","toxic","whirlwind"],"nature":"Modest","evs":{"hp":0,"atk":0,"def":4,"spa":252,"spd":0,"spe":252},"gender":"M","ivs":{"hp":31,"atk":0,"def":31,"spa":31,"spd":31,"spe":31}},{"name":"Blane?","species":"charizard","item":"leftovers","ability":"Blaze","moves":["dragonclaw","firepunch","earthquake","bellydrum"],"nature":"Jolly","evs":{"hp":0,"atk":252,"def":4,"spa":0,"spd":0,"spe":252},"gender":"M","shiny":true,"ivs":{"hp":31,"atk":31,"def":31,"spa":31,"spd":31,"spe":31}}],"log":["|player|p1|Emg Temsone|220","|player|p2|ELO Talent Scout|63","|gametype|singles","|gen|6","|tier|OU","|rated","|clearpoke","|poke|p1|Clefable, M, shiny","|poke|p1|Heatran, M, shiny","|poke|p1|Rotom-Wash, shiny","|poke|p1|Medicham, F, shiny","|poke|p1|Bisharp, F, shiny","|poke|p1|Gengar, F, shiny","|poke|p2|Audino, F","|poke|p2|Drapion, M","|poke|p2|Elgyem, M","|poke|p2|Mew","|poke|p2|Pidgey, M","|poke|p2|Charizard, M, shiny","|rule|Swagger Clause: Swagger is banned","|rule|Baton Pass Clause: Limit one Baton Passer, can't pass Spe and other stats simultaneously","|rule|Sleep Clause Mod: Limit one foe put to sleep","|rule|Species Clause: Limit one of each Pokémon","|rule|OHKO Clause: OHKO moves are banned","|rule|Moody Clause: Moody is banned","|rule|Evasion Moves Clause: Evasion moves are banned","|rule|Endless Battle Clause: Forcing endless battles is banned","|rule|HP Percentage Mod: HP is shown in percentages","|teampreview","|","|start","|switch|p1a: You lose|Medicham, F, shiny|261/261","|switch|p2a: Blane?|Charizard, M, shiny|297/297","|turn|1","|","|switch|p2a: wew|Mew|404/404","|detailschange|p1a: You lose|Medicham-Mega, F, shiny","|-mega|p1a: You lose|Medicham|Medichamite","|move|p1a: You lose|Fake Out|p2a: wew","|-damage|p2a: wew|336/404","|","|-heal|p2a: wew|361/404|[from] item: Leftovers","|turn|2","|","|switch|p1a: Heatran|Heatran, M, shiny|323/323","|move|p2a: wew|Bulk Up|p2a: wew","|-boost|p2a: wew|atk|1","|-boost|p2a: wew|def|1","|","|-heal|p2a: wew|386/404|[from] item: Leftovers","|turn|3","|","|switch|p1a: Clefable|Clefable, M, shiny|393/393","|switch|p2a: Blane?|Charizard, M, shiny|297/297","|","|turn|4","|","|switch|p1a: Heatran|Heatran, M, shiny|323/323","|move|p2a: Blane?|Belly Drum|p2a: Blane?","|-damage|p2a: Blane?|149/297","|-setboost|p2a: Blane?|atk|6|[from] move: Belly Drum","|","|-heal|p2a: Blane?|167/297|[from] item: Leftovers","|turn|5","|","|move|p1a: Heatran|Ancient Power|p2a: Blane?","|-supereffective|p2a: Blane?","|-damage|p2a: Blane?|0 fnt","|faint|p2a: Blane?","|","|","|switch|p2a: Citizen Snips|Drapion, M|344/344","|turn|6","|","|switch|p1a: Rotom-Wash|Rotom-Wash, shiny|273/273","|move|p2a: Citizen Snips|Acupressure|p2a: Citizen Snips","|-boost|p2a: Citizen Snips|spe|2","|","|turn|7","|","|move|p2a: Citizen Snips|Knock Off|p1a: Rotom-Wash","|-damage|p1a: Rotom-Wash|180/273","|-enditem|p1a: Rotom-Wash|Leftovers|[from] move: Knock Off|[of] p2a: Citizen Snips","|move|p1a: Rotom-Wash|Will-O-Wisp|p2a: Citizen Snips|[miss]","|-miss|p1a: Rotom-Wash|p2a: Citizen Snips","|","|turn|8","|","|move|p2a: Citizen Snips|Acupressure|p2a: Citizen Snips","|-boost|p2a: Citizen Snips|evasion|2","|move|p1a: Rotom-Wash|Will-O-Wisp|p2a: Citizen Snips|[miss]","|-miss|p1a: Rotom-Wash|p2a: Citizen Snips","|","|turn|9","|","|move|p2a: Citizen Snips|Acupressure|p2a: Citizen Snips","|-boost|p2a: Citizen Snips|evasion|2","|move|p1a: Rotom-Wash|Will-O-Wisp|p2a: Citizen Snips|[miss]","|-miss|p1a: Rotom-Wash|p2a: Citizen Snips","|","|turn|10","|","|move|p2a: Citizen Snips|Acupressure|p2a: Citizen Snips","|-boost|p2a: Citizen Snips|def|2","|move|p1a: Rotom-Wash|Will-O-Wisp|p2a: Citizen Snips|[miss]","|-miss|p1a: Rotom-Wash|p2a: Citizen Snips","|","|turn|11","|","|switch|p1a: Clefable|Clefable, M, shiny|393/393","|move|p2a: Citizen Snips|Acupressure|p2a: Citizen Snips","|-boost|p2a: Citizen Snips|spe|2","|","|turn|12","|","|move|p2a: Citizen Snips|Knock Off|p1a: Clefable","|-resisted|p1a: Clefable","|-damage|p1a: Clefable|327/393","|-enditem|p1a: Clefable|Choice Specs|[from] move: Knock Off|[of] p2a: Citizen Snips","|move|p1a: Clefable|Trick|p2a: Citizen Snips","|-activate|p1a: Clefable|move: Trick|[of] p2a: Citizen Snips","|-item|p1a: Clefable|Black Sludge|[from] move: Trick","|","|-damage|p1a: Clefable|278/393|[from] item: Black Sludge","|turn|13","|","|move|p2a: Citizen Snips|Acupressure|p2a: Citizen Snips","|-boost|p2a: Citizen Snips|atk|2","|move|p1a: Clefable|Moonblast|p2a: Citizen Snips","|-damage|p2a: Citizen Snips|139/344","|","|-damage|p1a: Clefable|229/393|[from] item: Black Sludge","|turn|14","|","|move|p2a: Citizen Snips|Rest|p2a: Citizen Snips","|-status|p2a: Citizen Snips|slp","|-heal|p2a: Citizen Snips|344/344 slp|[silent]","|-status|p2a: Citizen Snips|slp|[from] move: Rest","|move|p1a: Clefable|Moonblast|p2a: Citizen Snips","|-damage|p2a: Citizen Snips|152/344 slp","|","|-damage|p1a: Clefable|180/393|[from] item: Black Sludge","|turn|15","|","|cant|p2a: Citizen Snips|slp","|move|p2a: Citizen Snips|Sleep Talk|p2a: Citizen Snips","|move|p2a: Citizen Snips|Knock Off|p1a: Clefable|[from]Sleep Talk","|-resisted|p1a: Clefable","|-damage|p1a: Clefable|114/393","|-enditem|p1a: Clefable|Black Sludge|[from] move: Knock Off|[of] p2a: Citizen Snips","|move|p1a: Clefable|Moonblast|p2a: Citizen Snips","|-damage|p2a: Citizen Snips|0 fnt","|faint|p2a: Citizen Snips","|","|","|switch|p2a: wew|Mew|386/404","|turn|16","|","|move|p2a: wew|Bulk Up|p2a: wew","|-boost|p2a: wew|atk|1","|-boost|p2a: wew|def|1","|move|p1a: Clefable|Trick|p2a: wew","|-activate|p1a: Clefable|move: Trick|[of] p2a: wew","|-item|p1a: Clefable|Leftovers|[from] move: Trick","|","|-heal|p1a: Clefable|138/393|[from] item: Leftovers","|turn|17","|","|move|p2a: wew|Calm Mind|p2a: wew","|-boost|p2a: wew|spa|1","|-boost|p2a: wew|spd|1","|move|p1a: Clefable|Moonblast|p2a: wew","|-damage|p2a: wew|269/404","|","|-heal|p1a: Clefable|162/393|[from] item: Leftovers","|turn|18","|","|move|p2a: wew|Bulk Up|p2a: wew","|-boost|p2a: wew|atk|1","|-boost|p2a: wew|def|1","|move|p1a: Clefable|Moonblast|p2a: wew","|-damage|p2a: wew|142/404","|-unboost|p2a: wew|spa|1","|","|-heal|p1a: Clefable|186/393|[from] item: Leftovers","|turn|19","|","|move|p2a: wew|Soft-Boiled|p2a: wew","|-heal|p2a: wew|344/404","|move|p1a: Clefable|Moonblast|p2a: wew","|-damage|p2a: wew|217/404","|","|-heal|p1a: Clefable|210/393|[from] item: Leftovers","|turn|20","|","|move|p2a: wew|Metronome|p2a: wew","|move|p2a: wew|Flare Blitz|p1a: Clefable|[from]Metronome","|-damage|p1a: Clefable|78/393","|-damage|p2a: wew|173/404|[from] recoil|[of] p1a: Clefable","|move|p1a: Clefable|Moonblast|p2a: wew","|-damage|p2a: wew|35/404","|","|-heal|p1a: Clefable|102/393|[from] item: Leftovers","|turn|21","|","|switch|p1a: Gengar|Gengar, F, shiny|261/261","|move|p2a: wew|Soft-Boiled|p2a: wew","|-heal|p2a: wew|237/404","|","|turn|22","|","|move|p1a: Gengar|Shadow Ball|p2a: wew","|-supereffective|p2a: wew","|-damage|p2a: wew|61/404","|move|p2a: wew|Soft-Boiled|p2a: wew","|-heal|p2a: wew|263/404","|","|turn|23","|","|move|p1a: Gengar|Shadow Ball|p2a: wew","|-supereffective|p2a: wew","|-damage|p2a: wew|105/404","|move|p2a: wew|Soft-Boiled|p2a: wew","|-heal|p2a: wew|307/404","|","|turn|24","|","|move|p1a: Gengar|Shadow Ball|p2a: wew","|-supereffective|p2a: wew","|-damage|p2a: wew|139/404","|move|p2a: wew|Calm Mind|p2a: wew","|-boost|p2a: wew|spa|1","|-boost|p2a: wew|spd|1","|","|turn|25","|","|move|p1a: Gengar|Shadow Ball|p2a: wew","|-supereffective|p2a: wew","|-damage|p2a: wew|11/404","|move|p2a: wew|Soft-Boiled|p2a: wew","|-heal|p2a: wew|213/404","|","|turn|26","|","|move|p1a: Gengar|Shadow Ball|p2a: wew","|-supereffective|p2a: wew","|-damage|p2a: wew|85/404","|move|p2a: wew|Soft-Boiled|p2a: wew","|-heal|p2a: wew|287/404","|","|turn|27","|","|move|p1a: Gengar|Shadow Ball|p2a: wew","|-supereffective|p2a: wew","|-damage|p2a: wew|155/404","|-unboost|p2a: wew|spd|1","|move|p2a: wew|Calm Mind|p2a: wew","|-boost|p2a: wew|spa|1","|-boost|p2a: wew|spd|1","|","|turn|28","|","|move|p1a: Gengar|Shadow Ball|p2a: wew","|-supereffective|p2a: wew","|-damage|p2a: wew|33/404","|move|p2a: wew|Soft-Boiled|p2a: wew","|-heal|p2a: wew|235/404","|","|turn|29","|","|move|p1a: Gengar|Shadow Ball|p2a: wew","|-supereffective|p2a: wew","|-damage|p2a: wew|113/404","|move|p2a: wew|Soft-Boiled|p2a: wew","|-heal|p2a: wew|315/404","|","|turn|30","|","|move|p1a: Gengar|Shadow Ball|p2a: wew","|-crit|p2a: wew","|-supereffective|p2a: wew","|-damage|p2a: wew|0 fnt","|faint|p2a: wew","|","|","|switch|p2a: LGM|Elgyem, M|314/314","|turn|31","|","|move|p1a: Gengar|Shadow Ball|p2a: LGM","|-supereffective|p2a: LGM","|-damage|p2a: LGM|66/314","|move|p2a: LGM|Thunder Wave|p1a: Gengar","|-status|p1a: Gengar|par","|","|turn|32","|","|move|p2a: LGM|Psychic|p1a: Gengar","|-supereffective|p1a: Gengar","|-damage|p1a: Gengar|13/261 par","|move|p1a: Gengar|Shadow Ball|p2a: LGM","|-supereffective|p2a: LGM","|-damage|p2a: LGM|0 fnt","|faint|p2a: LGM","|","|-heal|p1a: Gengar|29/261 par|[from] item: Black Sludge","|","|switch|p2a: Little Birbe|Pidgey, M|221/221","|turn|33","|","|move|p2a: Little Birbe|Heat Wave|p1a: Gengar","|-damage|p1a: Gengar|0 fnt","|faint|p1a: Gengar","|","|","|switch|p1a: Rotom-Wash|Rotom-Wash, shiny|180/273","|turn|34","|","|move|p1a: Rotom-Wash|Volt Switch|p2a: Little Birbe","|-crit|p2a: Little Birbe","|-supereffective|p2a: Little Birbe","|-enditem|p2a: Little Birbe|Focus Sash","|-damage|p2a: Little Birbe|1/221","|","|switch|p1a: Clefable|Clefable, M, shiny|102/393","|move|p2a: Little Birbe|Toxic|p1a: Clefable","|-status|p1a: Clefable|tox","|","|-heal|p1a: Clefable|126/393 tox|[from] item: Leftovers","|-damage|p1a: Clefable|102/393 tox|[from] psn","|turn|35","|","|move|p2a: Little Birbe|Hurricane|p1a: Clefable","|-damage|p1a: Clefable|0 fnt","|faint|p1a: Clefable","|","|","|switch|p1a: You lose|Medicham-Mega, F, shiny|261/261","|turn|36","|","|move|p1a: You lose|Fake Out|p2a: Little Birbe","|-damage|p2a: Little Birbe|0 fnt","|faint|p2a: Little Birbe","|","|","|switch|p2a: ERP Therapy|Audino, F|404/404","|turn|37","|","|detailschange|p2a: ERP Therapy|Audino-Mega, F","|-mega|p2a: ERP Therapy|Audino|Audinite","|move|p1a: You lose|High Jump Kick|p2a: ERP Therapy","|-damage|p2a: ERP Therapy|145/404","|move|p2a: ERP Therapy|Calm Mind|p2a: ERP Therapy","|-boost|p2a: ERP Therapy|spa|1","|-boost|p2a: ERP Therapy|spd|1","|","|turn|38","|","|move|p1a: You lose|High Jump Kick|p2a: ERP Therapy|[miss]","|-miss|p1a: You lose|p2a: ERP Therapy","|-damage|p1a: You lose|131/261|[from] highjumpkick","|move|p2a: ERP Therapy|Rest|p2a: ERP Therapy","|-status|p2a: ERP Therapy|slp","|-heal|p2a: ERP Therapy|404/404 slp|[silent]","|-status|p2a: ERP Therapy|slp|[from] move: Rest","|","|turn|39","|","|move|p1a: You lose|High Jump Kick|p2a: ERP Therapy","|-damage|p2a: ERP Therapy|152/404 slp","|cant|p2a: ERP Therapy|slp","|move|p2a: ERP Therapy|Sleep Talk|p2a: ERP Therapy","|move|p2a: ERP Therapy|Rest|p2a: ERP Therapy|[from]Sleep Talk","|-fail|p2a: ERP Therapy","|","|turn|40","|","|move|p1a: You lose|High Jump Kick|p2a: ERP Therapy","|-damage|p2a: ERP Therapy|0 fnt","|faint|p2a: ERP Therapy","|","|win|Emg Temsone"],"p1rating":{"entryid":"7494881","serverid":"eos","formatid":"ou","userid":"emgtemsone","username":"Emg Temsone","w":2,"l":"0","t":"0","gxe":59.1,"r":"1540.1606143388","rd":"123.58203764262","sigma":"0","rptime":"1439456400","rpr":1572.963799924,"rprd":117.46345912055,"rpsigma":"0","acre":1070.1028089042,"lacre":1070.1028089042,"oldacre":"1040"},"p2rating":{"entryid":7605836,"formatid":"ou","userid":"elotalentscout","username":"ELO Talent Scout","r":1500,"rd":130,"sigma":0,"rpr":1463.9005305048,"rprd":122.84155598677,"rpsigma":0,"rptime":1439456400,"w":0,"l":1,"t":0,"gxe":45.5,"acre":1000,"lacre":1000,"oldacre":1000},"endType":"normal"}