{"seed":[32419,26772,53091,9899],"turns":26,"p1":"Onion L0rdMudkip","p2":"GTX♅Pyroar","p1team":[{"name":"Bird thing","species":"skarmory","item":"powerherb","ability":"Weak Armor","moves":["substitute","ironhead","swordsdance","skyattack"],"nature":"Adamant","evs":{"hp":232,"atk":252,"def":0,"spa":0,"spd":0,"spe":24},"ivs":{"hp":31,"atk":31,"def":31,"spa":31,"spd":31,"spe":31}},{"name":"Meow im a sheep","species":"flareon","item":"leftovers","ability":"Flash Fire","moves":["lavaplume","overheat","shadowball","hiddenpowerice"],"nature":"Modest","evs":{"hp":252,"atk":0,"def":0,"spa":252,"spd":4,"spe":0},"ivs":{"hp":31,"atk":30,"def":30,"spa":31,"spd":31,"spe":31}},{"name":"im so sorry","species":"crustle","item":"choicespecs","ability":"Sturdy","moves":["naturepower","strugglebug","hiddenpowerfire","hyperbeam"],"nature":"Modest","evs":{"hp":248,"atk":0,"def":0,"spa":252,"spd":8,"spe":0},"ivs":{"hp":31,"atk":30,"def":31,"spa":30,"spd":31,"spe":30}},{"name":"OP nigga","species":"scizor","item":"scizorite","ability":"Technician","moves":["strugglebug","irondefense","roost","toxic"],"nature":"Calm","evs":{"hp":248,"atk":0,"def":0,"spa":8,"spd":252,"spe":0},"ivs":{"hp":31,"atk":31,"def":31,"spa":31,"spd":31,"spe":31}},{"name":"Chesnaughty","species":"chesnaught","item":"leftovers","ability":"Bulletproof","moves":["gigadrain","focusblast","leechseed","spikyshield"],"nature":"Modest","evs":{"hp":252,"atk":0,"def":4,"spa":252,"spd":0,"spe":0},"ivs":{"hp":31,"atk":31,"def":31,"spa":31,"spd":31,"spe":31}},{"name":"Im a bird","species":"tauros","item":"lifeorb","ability":"Sheer Force","moves":["fireblast","blizzard","thunderbolt","hyperbeam"],"nature":"Timid","evs":{"hp":0,"atk":0,"def":0,"spa":252,"spd":4,"spe":252},"ivs":{"hp":31,"atk":31,"def":31,"spa":31,"spd":31,"spe":31}}],"p2team":[{"name":"Jirachi Grill","species":"jirachi","item":"leftovers","ability":"Serene Grace","moves":["ironhead","wish","protect","poweruppunch"],"nature":"Careful","evs":{"hp":252,"atk":0,"def":0,"spa":0,"spd":224,"spe":32},"shiny":true,"ivs":{"hp":31,"atk":31,"def":31,"spa":31,"spd":31,"spe":31}},{"name":"Chanst The Rapper","species":"chansey","item":"eviolite","ability":"Natural Cure","moves":["toxic","softboiled","seismictoss","healbell"],"nature":"Bold","evs":{"hp":4,"atk":0,"def":252,"spa":0,"spd":252,"spe":0},"shiny":true,"ivs":{"hp":31,"atk":31,"def":31,"spa":31,"spd":31,"spe":31}},{"name":"Wem","species":"mew","item":"leftovers","ability":"Synchronize","moves":["amnesia","nastyplot","roost","batonpass"],"nature":"Calm","evs":{"hp":252,"atk":0,"def":4,"spa":0,"spd":252,"spe":0},"shiny":true,"ivs":{"hp":31,"atk":31,"def":31,"spa":31,"spd":31,"spe":31}},{"name":"Thirsty","species":"slurpuff","item":"sitrusberry","ability":"Unburden","moves":["playrough","return","bellydrum","drainpunch"],"nature":"Adamant","evs":{"hp":4,"atk":252,"def":0,"spa":0,"spd":0,"spe":252},"shiny":true,"ivs":{"hp":31,"atk":31,"def":31,"spa":31,"spd":31,"spe":31}},{"name":"Slowbro","species":"Slowbro","item":"slowbronite","ability":"Oblivious","moves":["calmmind","scald","slackoff","psyshock"],"nature":"Bold","evs":{"hp":252,"atk":0,"def":80,"spa":0,"spd":176,"spe":0},"shiny":true,"ivs":{"hp":31,"atk":31,"def":31,"spa":31,"spd":31,"spe":31}},{"name":"Volcarona","species":"Volcarona","item":"passhoberry","ability":"Flame Body","moves":["quiverdance","fierydance","gigadrain","bugbuzz"],"nature":"Timid","evs":{"hp":72,"atk":0,"def":0,"spa":252,"spd":0,"spe":184},"shiny":true,"ivs":{"hp":31,"atk":31,"def":31,"spa":31,"spd":31,"spe":31}}],"log":["|player|p1|Onion L0rdMudkip|168","|player|p2|GTX♅Pyroar|266","|gametype|singles","|gen|6","|tier|OU","|rated","|clearpoke","|poke|p1|Skarmory, M","|poke|p1|Flareon, M","|poke|p1|Crustle, F","|poke|p1|Scizor, M","|poke|p1|Chesnaught, F","|poke|p1|Tauros, M","|poke|p2|Jirachi, shiny","|poke|p2|Chansey, F, shiny","|poke|p2|Mew, shiny","|poke|p2|Slurpuff, F, shiny","|poke|p2|Slowbro, F, shiny","|poke|p2|Volcarona, M, shiny","|rule|Swagger Clause: Swagger is banned","|rule|Baton Pass Clause: Limit one Baton Passer, can't pass Spe and other stats simultaneously","|rule|Sleep Clause Mod: Limit one foe put to sleep","|rule|Species Clause: Limit one of each Pokémon","|rule|OHKO Clause: OHKO moves are banned","|rule|Moody Clause: Moody is banned","|rule|Evasion Moves Clause: Evasion moves are banned","|rule|Endless Battle Clause: Forcing endless battles is banned","|rule|HP Percentage Mod: HP is shown in percentages","|teampreview","|","|start","|switch|p1a: Meow im a sheep|Flareon, M|334/334","|switch|p2a: Thirsty|Slurpuff, F, shiny|306/306","|turn|1","|","|move|p2a: Thirsty|Belly Drum|p2a: Thirsty","|-damage|p2a: Thirsty|153/306","|-setboost|p2a: Thirsty|atk|6|[from] move: Belly Drum","|-enditem|p2a: Thirsty|Sitrus Berry|[eat]","|-heal|p2a: Thirsty|229/306|[from] item: Sitrus Berry","|move|p1a: Meow im a sheep|Lava Plume|p2a: Thirsty","|-damage|p2a: Thirsty|76/306","|","|turn|2","|","|move|p2a: Thirsty|Drain Punch|p1a: Meow im a sheep","|-damage|p1a: Meow im a sheep|0 fnt","|-heal|p2a: Thirsty|243/306|[from] drain|[of] p1a: Meow im a sheep","|faint|p1a: Meow im a sheep","|","|","|switch|p1a: im so sorry|Crustle, F|343/343","|turn|3","|","|move|p2a: Thirsty|Play Rough|p1a: im so sorry","|-ability|p1a: im so sorry|Sturdy","|-damage|p1a: im so sorry|1/343","|move|p1a: im so sorry|Hyper Beam|p2a: Thirsty","|-damage|p2a: Thirsty|0 fnt","|faint|p2a: Thirsty","|","|","|switch|p2a: Jirachi Grill|Jirachi, shiny|404/404","|turn|4","|-mustrecharge|p1a: im so sorry","|-mustrecharge|p1a: im so sorry","|","|move|p2a: Jirachi Grill|Power-Up Punch|p1a: im so sorry","|-damage|p1a: im so sorry|0 fnt","|-boost|p2a: Jirachi Grill|atk|1","|faint|p1a: im so sorry","|","|","|switch|p1a: Im a bird|Tauros, M|291/291","|turn|5","|","|move|p1a: Im a bird|Fire Blast|p2a: Jirachi Grill","|-crit|p2a: Jirachi Grill","|-supereffective|p2a: Jirachi Grill","|-damage|p2a: Jirachi Grill|162/404","|move|p2a: Jirachi Grill|Power-Up Punch|p1a: Im a bird","|-supereffective|p1a: Im a bird","|-damage|p1a: Im a bird|201/291","|-boost|p2a: Jirachi Grill|atk|1","|","|-heal|p2a: Jirachi Grill|187/404|[from] item: Leftovers","|turn|6","|","|move|p1a: Im a bird|Fire Blast|p2a: Jirachi Grill","|-supereffective|p2a: Jirachi Grill","|-damage|p2a: Jirachi Grill|39/404","|move|p2a: Jirachi Grill|Wish|p2a: Jirachi Grill","|","|-heal|p2a: Jirachi Grill|64/404|[from] item: Leftovers","|turn|7","|","|move|p2a: Jirachi Grill|Protect|p2a: Jirachi Grill","|-singleturn|p2a: Jirachi Grill|Protect","|move|p1a: Im a bird|Fire Blast|p2a: Jirachi Grill","|-activate|p2a: Jirachi Grill|Protect","|","|-heal|p2a: Jirachi Grill|266/404|[from] move: Wish|[wisher] Jirachi Grill","|-heal|p2a: Jirachi Grill|291/404|[from] item: Leftovers","|turn|8","|","|move|p1a: Im a bird|Fire Blast|p2a: Jirachi Grill","|-supereffective|p2a: Jirachi Grill","|-damage|p2a: Jirachi Grill|119/404","|move|p2a: Jirachi Grill|Wish|p2a: Jirachi Grill","|","|-heal|p2a: Jirachi Grill|144/404|[from] item: Leftovers","|turn|9","|player|p1","|player|p1|Onion L0rdMudkip|168","|","|move|p2a: Jirachi Grill|Protect|p2a: Jirachi Grill","|-singleturn|p2a: Jirachi Grill|Protect","|move|p1a: Im a bird|Fire Blast|p2a: Jirachi Grill","|-activate|p2a: Jirachi Grill|Protect","|","|-heal|p2a: Jirachi Grill|346/404|[from] move: Wish|[wisher] Jirachi Grill","|-heal|p2a: Jirachi Grill|371/404|[from] item: Leftovers","|turn|10","|","|switch|p1a: OP nigga|Scizor, M|343/343","|move|p2a: Jirachi Grill|Power-Up Punch|p1a: OP nigga","|-damage|p1a: OP nigga|274/343","|-boost|p2a: Jirachi Grill|atk|1","|","|-heal|p2a: Jirachi Grill|396/404|[from] item: Leftovers","|turn|11","|","|detailschange|p1a: OP nigga|Scizor-Mega, M","|-mega|p1a: OP nigga|Scizor|Scizorite","|move|p2a: Jirachi Grill|Power-Up Punch|p1a: OP nigga","|-damage|p1a: OP nigga|214/343","|-boost|p2a: Jirachi Grill|atk|1","|move|p1a: OP nigga|Iron Defense|p1a: OP nigga","|-boost|p1a: OP nigga|def|2","|","|-heal|p2a: Jirachi Grill|404/404|[from] item: Leftovers","|turn|12","|","|move|p2a: Jirachi Grill|Power-Up Punch|p1a: OP nigga","|-damage|p1a: OP nigga|180/343","|-boost|p2a: Jirachi Grill|atk|1","|move|p1a: OP nigga|Iron Defense|p1a: OP nigga","|-boost|p1a: OP nigga|def|2","|","|turn|13","|","|move|p2a: Jirachi Grill|Iron Head|p1a: OP nigga","|-resisted|p1a: OP nigga","|-damage|p1a: OP nigga|142/343","|cant|p1a: OP nigga|flinch","|","|turn|14","|","|move|p2a: Jirachi Grill|Iron Head|p1a: OP nigga","|-resisted|p1a: OP nigga","|-damage|p1a: OP nigga|100/343","|cant|p1a: OP nigga|flinch","|","|turn|15","|","|move|p2a: Jirachi Grill|Iron Head|p1a: OP nigga","|-resisted|p1a: OP nigga","|-damage|p1a: OP nigga|61/343","|move|p1a: OP nigga|Roost|p1a: OP nigga","|-heal|p1a: OP nigga|233/343","|","|turn|16","|","|move|p2a: Jirachi Grill|Iron Head|p1a: OP nigga","|-resisted|p1a: OP nigga","|-damage|p1a: OP nigga|191/343","|move|p1a: OP nigga|Roost|p1a: OP nigga","|-heal|p1a: OP nigga|343/343","|","|turn|17","|","|move|p2a: Jirachi Grill|Power-Up Punch|p1a: OP nigga","|-damage|p1a: OP nigga|316/343","|-boost|p2a: Jirachi Grill|atk|1","|move|p1a: OP nigga|Iron Defense|p1a: OP nigga","|-boost|p1a: OP nigga|def|2","|","|turn|18","|","|move|p2a: Jirachi Grill|Iron Head|p1a: OP nigga","|-resisted|p1a: OP nigga","|-damage|p1a: OP nigga|280/343","|move|p1a: OP nigga|Struggle Bug|p2a: Jirachi Grill","|-damage|p2a: Jirachi Grill|356/404","|-unboost|p2a: Jirachi Grill|spa|1","|","|-heal|p2a: Jirachi Grill|381/404|[from] item: Leftovers","|turn|19","|","|move|p2a: Jirachi Grill|Iron Head|p1a: OP nigga","|-resisted|p1a: OP nigga","|-damage|p1a: OP nigga|241/343","|move|p1a: OP nigga|Struggle Bug|p2a: Jirachi Grill","|-damage|p2a: Jirachi Grill|336/404","|-unboost|p2a: Jirachi Grill|spa|1","|","|-heal|p2a: Jirachi Grill|361/404|[from] item: Leftovers","|turn|20","|","|move|p2a: Jirachi Grill|Iron Head|p1a: OP nigga","|-resisted|p1a: OP nigga","|-damage|p1a: OP nigga|204/343","|cant|p1a: OP nigga|flinch","|","|-heal|p2a: Jirachi Grill|386/404|[from] item: Leftovers","|turn|21","|","|move|p2a: Jirachi Grill|Iron Head|p1a: OP nigga","|-resisted|p1a: OP nigga","|-damage|p1a: OP nigga|168/343","|move|p1a: OP nigga|Struggle Bug|p2a: Jirachi Grill","|-damage|p2a: Jirachi Grill|341/404","|-unboost|p2a: Jirachi Grill|spa|1","|","|-heal|p2a: Jirachi Grill|366/404|[from] item: Leftovers","|turn|22","|","|move|p2a: Jirachi Grill|Iron Head|p1a: OP nigga","|-resisted|p1a: OP nigga","|-damage|p1a: OP nigga|132/343","|cant|p1a: OP nigga|flinch","|","|-heal|p2a: Jirachi Grill|391/404|[from] item: Leftovers","|turn|23","|","|move|p2a: Jirachi Grill|Iron Head|p1a: OP nigga","|-resisted|p1a: OP nigga","|-damage|p1a: OP nigga|95/343","|move|p1a: OP nigga|Roost|p1a: OP nigga","|-heal|p1a: OP nigga|267/343","|","|-heal|p2a: Jirachi Grill|404/404|[from] item: Leftovers","|turn|24","|","|move|p2a: Jirachi Grill|Iron Head|p1a: OP nigga","|-resisted|p1a: OP nigga","|-damage|p1a: OP nigga|232/343","|move|p1a: OP nigga|Struggle Bug|p2a: Jirachi Grill","|-damage|p2a: Jirachi Grill|361/404","|-unboost|p2a: Jirachi Grill|spa|1","|","|-heal|p2a: Jirachi Grill|386/404|[from] item: Leftovers","|turn|25","|","|move|p2a: Jirachi Grill|Iron Head|p1a: OP nigga","|-resisted|p1a: OP nigga","|-damage|p1a: OP nigga|197/343","|cant|p1a: OP nigga|flinch","|","|-heal|p2a: Jirachi Grill|404/404|[from] item: Leftovers","|turn|26","|","|win|GTX♅Pyroar"],"p1rating":{"entryid":"7586289","serverid":"eos","formatid":"ou","userid":"onionl0rdmudkip","username":"Onion L0rdMudkip","w":"0","l":2,"t":"0","gxe":41,"r":1459.8393856612,"rd":122.8583080769,"sigma":"0","rptime":1439456400,"rpr":1427.3826802321,"rprd":116.84146468108,"rpsigma":"0","acre":1000,"lacre":1000,"oldacre":"1000"},"p2rating":{"entryid":7598890,"formatid":"ou","userid":"gtxpyroar","username":"GTX♅Pyroar","r":1500,"rd":130,"sigma":0,"rpr":1540.1606143388,"rprd":122.8583080769,"rpsigma":0,"rptime":1439456400,"w":1,"l":0,"t":0,"gxe":55,"acre":1040,"lacre":1040,"oldacre":1000},"endType":"forfeit"}