{"seed":[11133,9768,39240,5867],"turns":38,"p1":"SpiritomboTTT","p2":"D Cj","p1team":[{"name":"Chansey","species":"Chansey","item":"eviolite","ability":"Natural Cure","moves":["stealthrock","seismictoss","softboiled","toxic"],"nature":"Bold","evs":{"hp":4,"atk":0,"def":252,"spa":0,"spd":252,"spe":0},"ivs":{"hp":31,"atk":31,"def":31,"spa":31,"spd":31,"spe":31}},{"name":"Slowbro","species":"Slowbro","item":"slowbronite","ability":"Regenerator","moves":["psyshock","scald","slackoff","thunderwave"],"nature":"Bold","evs":{"hp":252,"atk":0,"def":252,"spa":4,"spd":0,"spe":0},"ivs":{"hp":31,"atk":31,"def":31,"spa":31,"spd":31,"spe":31}},{"name":"Gliscor","species":"Gliscor","item":"toxicorb","ability":"Poison Heal","moves":["taunt","earthquake","roost","knockoff"],"nature":"Careful","evs":{"hp":244,"atk":0,"def":0,"spa":0,"spd":184,"spe":80},"ivs":{"hp":31,"atk":31,"def":31,"spa":31,"spd":31,"spe":31}},{"name":"Venusaur","species":"Venusaur","item":"venusaurite","ability":"Overgrow","moves":["gigadrain","sludgebomb","synthesis","leechseed"],"nature":"Bold","evs":{"hp":252,"atk":0,"def":240,"spa":0,"spd":0,"spe":16},"ivs":{"hp":31,"atk":31,"def":31,"spa":31,"spd":31,"spe":31}},{"name":"Zapdos","species":"Zapdos","item":"leftovers","ability":"Pressure","moves":["heatwave","defog","discharge","roost"],"nature":"Bold","evs":{"hp":252,"atk":0,"def":236,"spa":0,"spd":0,"spe":20},"ivs":{"hp":31,"atk":31,"def":31,"spa":31,"spd":31,"spe":31}},{"name":"Clefable","species":"Clefable","item":"leftovers","ability":"Unaware","moves":["calmmind","moonblast","knockoff","moonlight"],"nature":"Calm","evs":{"hp":252,"atk":0,"def":200,"spa":0,"spd":56,"spe":0},"ivs":{"hp":31,"atk":31,"def":31,"spa":31,"spd":31,"spe":31}}],"p2team":[{"name":"Slowbro","species":"Slowbro","item":"slowbronite","ability":"Regenerator","moves":["calmmind","slackoff","psyshock","shadowball"],"nature":"Bold","evs":{"hp":248,"atk":0,"def":252,"spa":8,"spd":0,"spe":0},"shiny":true,"ivs":{"hp":31,"atk":31,"def":31,"spa":31,"spd":31,"spe":31}},{"name":"Excadrill","species":"Excadrill","item":"choicescarf","ability":"Mold Breaker","moves":["earthquake","ironhead","rockslide","xscissor"],"nature":"Jolly","evs":{"hp":0,"atk":252,"def":0,"spa":0,"spd":4,"spe":252},"ivs":{"hp":31,"atk":31,"def":31,"spa":31,"spd":31,"spe":31}},{"name":"Thundurus-Therian","species":"Thundurus-Therian","item":"choicespecs","ability":"Volt Absorb","moves":["thunderbolt","nastyplot","hiddenpowerice","voltswitch"],"nature":"Timid","evs":{"hp":0,"atk":0,"def":0,"spa":252,"spd":4,"spe":252},"ivs":{"hp":31,"atk":30,"def":30,"spa":31,"spd":31,"spe":31}},{"name":"Gengar","species":"Gengar","item":"blacksludge","ability":"Levitate","moves":["substitute","disable","sludgewave","shadowball"],"nature":"Timid","evs":{"hp":0,"atk":0,"def":0,"spa":252,"spd":4,"spe":252},"ivs":{"hp":31,"atk":31,"def":31,"spa":31,"spd":31,"spe":31}},{"name":"Talonflame","species":"Talonflame","item":"choiceband","ability":"Gale Wings","moves":["aerialace","bravebird","flareblitz","uturn"],"nature":"Jolly","evs":{"hp":144,"atk":108,"def":0,"spa":0,"spd":4,"spe":252},"ivs":{"hp":31,"atk":31,"def":31,"spa":31,"spd":31,"spe":31}},{"name":"Sylveon","species":"Sylveon","item":"leftovers","ability":"Pixilate","moves":["hypervoice","wish","protect","toxic"],"nature":"Calm","evs":{"hp":252,"atk":0,"def":0,"spa":4,"spd":252,"spe":0},"ivs":{"hp":31,"atk":31,"def":31,"spa":31,"spd":31,"spe":31}}],"log":["|player|p1|SpiritomboTTT|#bw2elesa","|player|p2|D Cj|169","|gametype|singles","|gen|6","|tier|OU","|rated","|clearpoke","|poke|p1|Chansey, F","|poke|p1|Slowbro, M","|poke|p1|Gliscor, M","|poke|p1|Venusaur, M","|poke|p1|Zapdos","|poke|p1|Clefable, F","|poke|p2|Slowbro, M, shiny","|poke|p2|Excadrill, M","|poke|p2|Thundurus-Therian, M","|poke|p2|Gengar, F","|poke|p2|Talonflame, F","|poke|p2|Sylveon, F","|rule|Swagger Clause: Swagger is banned","|rule|Baton Pass Clause: Limit one Baton Passer, can't pass Spe and other stats simultaneously","|rule|Sleep Clause Mod: Limit one foe put to sleep","|rule|Species Clause: Limit one of each Pokémon","|rule|OHKO Clause: OHKO moves are banned","|rule|Moody Clause: Moody is banned","|rule|Evasion Moves Clause: Evasion moves are banned","|rule|Endless Battle Clause: Forcing endless battles is banned","|rule|HP Percentage Mod: HP is shown in percentages","|teampreview","|","|start","|switch|p1a: Venusaur|Venusaur, M|364/364","|switch|p2a: Talonflame|Talonflame, F|333/333","|turn|1","|","|detailschange|p1a: Venusaur|Venusaur-Mega, M","|-mega|p1a: Venusaur|Venusaur|Venusaurite","|move|p2a: Talonflame|Brave Bird|p1a: Venusaur","|-supereffective|p1a: Venusaur","|-damage|p1a: Venusaur|98/364","|-damage|p2a: Talonflame|245/333|[from] recoil|[of] p1a: Venusaur","|move|p1a: Venusaur|Leech Seed|p2a: Talonflame","|-start|p2a: Talonflame|move: Leech Seed","|","|-damage|p2a: Talonflame|204/333|[from] Leech Seed|[of] p1a: Venusaur","|-heal|p1a: Venusaur|139/364|[silent]","|turn|2","|","|switch|p2a: Slowbro|Slowbro, M, shiny|393/393","|move|p1a: Venusaur|Synthesis|p1a: Venusaur","|-heal|p1a: Venusaur|321/364","|","|turn|3","|","|detailschange|p2a: Slowbro|Slowbro-Mega, M, shiny","|-mega|p2a: Slowbro|Slowbro|Slowbronite","|move|p1a: Venusaur|Synthesis|p1a: Venusaur","|-heal|p1a: Venusaur|364/364","|move|p2a: Slowbro|Calm Mind|p2a: Slowbro","|-boost|p2a: Slowbro|spa|1","|-boost|p2a: Slowbro|spd|1","|","|turn|4","|","|move|p1a: Venusaur|Giga Drain|p2a: Slowbro","|-supereffective|p2a: Slowbro","|-damage|p2a: Slowbro|217/393","|move|p2a: Slowbro|Calm Mind|p2a: Slowbro","|-boost|p2a: Slowbro|spa|1","|-boost|p2a: Slowbro|spd|1","|","|turn|5","|","|move|p1a: Venusaur|Giga Drain|p2a: Slowbro","|-supereffective|p2a: Slowbro","|-damage|p2a: Slowbro|97/393","|move|p2a: Slowbro|Slack Off|p2a: Slowbro","|-heal|p2a: Slowbro|294/393","|","|turn|6","|","|move|p1a: Venusaur|Sludge Bomb|p2a: Slowbro","|-damage|p2a: Slowbro|212/393","|move|p2a: Slowbro|Calm Mind|p2a: Slowbro","|-boost|p2a: Slowbro|spa|1","|-boost|p2a: Slowbro|spd|1","|","|turn|7","|","|move|p1a: Venusaur|Leech Seed|p2a: Slowbro","|-start|p2a: Slowbro|move: Leech Seed","|move|p2a: Slowbro|Slack Off|p2a: Slowbro","|-heal|p2a: Slowbro|393/393","|","|-damage|p2a: Slowbro|344/393|[from] Leech Seed|[of] p1a: Venusaur","|turn|8","|","|move|p1a: Venusaur|Sludge Bomb|p2a: Slowbro","|-damage|p2a: Slowbro|286/393","|move|p2a: Slowbro|Calm Mind|p2a: Slowbro","|-boost|p2a: Slowbro|spa|1","|-boost|p2a: Slowbro|spd|1","|","|-damage|p2a: Slowbro|237/393|[from] Leech Seed|[of] p1a: Venusaur","|turn|9","|","|move|p1a: Venusaur|Giga Drain|p2a: Slowbro","|-supereffective|p2a: Slowbro","|-damage|p2a: Slowbro|157/393","|move|p2a: Slowbro|Calm Mind|p2a: Slowbro","|-boost|p2a: Slowbro|spa|1","|-boost|p2a: Slowbro|spd|1","|","|-damage|p2a: Slowbro|108/393|[from] Leech Seed|[of] p1a: Venusaur","|turn|10","|","|move|p1a: Venusaur|Sludge Bomb|p2a: Slowbro","|-damage|p2a: Slowbro|68/393","|move|p2a: Slowbro|Slack Off|p2a: Slowbro","|-heal|p2a: Slowbro|265/393","|","|-damage|p2a: Slowbro|216/393|[from] Leech Seed|[of] p1a: Venusaur","|turn|11","|","|move|p1a: Venusaur|Sludge Bomb|p2a: Slowbro","|-damage|p2a: Slowbro|171/393","|move|p2a: Slowbro|Slack Off|p2a: Slowbro","|-heal|p2a: Slowbro|368/393","|","|-damage|p2a: Slowbro|319/393|[from] Leech Seed|[of] p1a: Venusaur","|turn|12","|","|move|p1a: Venusaur|Sludge Bomb|p2a: Slowbro","|-damage|p2a: Slowbro|274/393","|move|p2a: Slowbro|Calm Mind|p2a: Slowbro","|-boost|p2a: Slowbro|spa|1","|-boost|p2a: Slowbro|spd|1","|","|-damage|p2a: Slowbro|225/393|[from] Leech Seed|[of] p1a: Venusaur","|turn|13","|","|move|p1a: Venusaur|Sludge Bomb|p2a: Slowbro","|-damage|p2a: Slowbro|189/393","|move|p2a: Slowbro|Slack Off|p2a: Slowbro","|-heal|p2a: Slowbro|386/393","|","|-damage|p2a: Slowbro|337/393|[from] Leech Seed|[of] p1a: Venusaur","|turn|14","|","|move|p1a: Venusaur|Giga Drain|p2a: Slowbro","|-supereffective|p2a: Slowbro","|-damage|p2a: Slowbro|269/393","|move|p2a: Slowbro|Psyshock|p1a: Venusaur","|-supereffective|p1a: Venusaur","|-damage|p1a: Venusaur|0 fnt","|faint|p1a: Venusaur","|","|","|switch|p1a: Slowbro|Slowbro, M|394/394","|turn|15","|","|move|p1a: Slowbro|Scald|p2a: Slowbro","|-resisted|p2a: Slowbro","|-damage|p2a: Slowbro|254/393","|move|p2a: Slowbro|Shadow Ball|p1a: Slowbro","|-supereffective|p1a: Slowbro","|-damage|p1a: Slowbro|0 fnt","|faint|p1a: Slowbro","|","|","|switch|p1a: Chansey|Chansey, F|642/642","|turn|16","|","|move|p1a: Chansey|Seismic Toss|p2a: Slowbro","|-damage|p2a: Slowbro|154/393","|move|p2a: Slowbro|Psyshock|p1a: Chansey","|-damage|p1a: Chansey|20/642","|","|-damage|p2a: Slowbro|105/393|[from] Leech Seed|[of] p1a: Chansey","|-heal|p1a: Chansey|69/642|[silent]","|turn|17","|","|move|p1a: Chansey|Seismic Toss|p2a: Slowbro","|-damage|p2a: Slowbro|5/393","|move|p2a: Slowbro|Slack Off|p2a: Slowbro","|-heal|p2a: Slowbro|202/393","|","|-damage|p2a: Slowbro|153/393|[from] Leech Seed|[of] p1a: Chansey","|-heal|p1a: Chansey|118/642|[silent]","|turn|18","|","|move|p1a: Chansey|Soft-Boiled|p1a: Chansey","|-heal|p1a: Chansey|439/642","|move|p2a: Slowbro|Slack Off|p2a: Slowbro","|-heal|p2a: Slowbro|350/393","|","|-damage|p2a: Slowbro|301/393|[from] Leech Seed|[of] p1a: Chansey","|-heal|p1a: Chansey|488/642|[silent]","|turn|19","|","|move|p1a: Chansey|Stealth Rock|p2a: Slowbro","|-sidestart|p2: D Cj|move: Stealth Rock","|move|p2a: Slowbro|Psyshock|p1a: Chansey","|-damage|p1a: Chansey|0 fnt","|faint|p1a: Chansey","|","|","|switch|p1a: Clefable|Clefable, F|394/394","|turn|20","|","|move|p1a: Clefable|Moonblast|p2a: Slowbro","|-damage|p2a: Slowbro|165/393","|-unboost|p2a: Slowbro|spa|1","|move|p2a: Slowbro|Psyshock|p1a: Clefable","|-damage|p1a: Clefable|282/394","|","|-heal|p1a: Clefable|306/394|[from] item: Leftovers","|-damage|p2a: Slowbro|116/393|[from] Leech Seed|[of] p1a: Clefable","|-heal|p1a: Clefable|355/394|[silent]","|turn|21","|","|switch|p2a: Excadrill|Excadrill, M|361/361","|-damage|p2a: Excadrill|350/361|[from] Stealth Rock","|-ability|p2a: Excadrill|Mold Breaker","|move|p1a: Clefable|Moonlight|p1a: Clefable","|-heal|p1a: Clefable|394/394","|","|turn|22","|","|switch|p1a: Zapdos|Zapdos|384/384","|-ability|p1a: Zapdos|Pressure","|move|p2a: Excadrill|Iron Head|p1a: Zapdos","|-resisted|p1a: Zapdos","|-damage|p1a: Zapdos|326/384","|","|-heal|p1a: Zapdos|350/384|[from] item: Leftovers","|turn|23","|","|switch|p2a: Thundurus-Therian|Thundurus-Therian, M|299/299","|-damage|p2a: Thundurus-Therian|225/299|[from] Stealth Rock","|move|p1a: Zapdos|Roost|p1a: Zapdos","|-heal|p1a: Zapdos|384/384","|","|turn|24","|","|switch|p1a: Gliscor|Gliscor, M|352/352","|move|p2a: Thundurus-Therian|Volt Switch|p1a: Gliscor","|-immune|p1a: Gliscor|[msg]","|","|-status|p1a: Gliscor|tox|[from] item: Toxic Orb","|turn|25","|","|switch|p2a: Sylveon|Sylveon, F|394/394","|-damage|p2a: Sylveon|345/394|[from] Stealth Rock","|move|p1a: Gliscor|Knock Off|p2a: Sylveon","|-resisted|p2a: Sylveon","|-damage|p2a: Sylveon|293/394","|-enditem|p2a: Sylveon|Leftovers|[from] move: Knock Off|[of] p1a: Gliscor","|","|turn|26","|","|move|p1a: Gliscor|Taunt|p2a: Sylveon","|-start|p2a: Sylveon|move: Taunt","|cant|p2a: Sylveon|move: Taunt|Wish","|","|turn|27","|","|move|p1a: Gliscor|Earthquake|p2a: Sylveon","|-damage|p2a: Sylveon|137/394","|move|p2a: Sylveon|Hyper Voice|p1a: Gliscor","|-damage|p1a: Gliscor|222/352 tox","|","|-heal|p1a: Gliscor|266/352 tox|[from] ability: Poison Heal","|turn|28","|","|switch|p2a: Thundurus-Therian|Thundurus-Therian, M|225/299","|-damage|p2a: Thundurus-Therian|151/299|[from] Stealth Rock","|move|p1a: Gliscor|Roost|p1a: Gliscor","|-heal|p1a: Gliscor|352/352 tox","|","|turn|29","|","|move|p2a: Thundurus-Therian|Hidden Power|p1a: Gliscor","|-supereffective|p1a: Gliscor","|-damage|p1a: Gliscor|0 fnt","|faint|p1a: Gliscor","|","|","|switch|p1a: Zapdos|Zapdos|384/384","|-ability|p1a: Zapdos|Pressure","|turn|30","|","|move|p2a: Thundurus-Therian|Hidden Power|p1a: Zapdos","|-supereffective|p1a: Zapdos","|-damage|p1a: Zapdos|144/384","|move|p1a: Zapdos|Heat Wave|p2a: Thundurus-Therian","|-damage|p2a: Thundurus-Therian|43/299","|","|-heal|p1a: Zapdos|168/384|[from] item: Leftovers","|turn|31","|","|move|p2a: Thundurus-Therian|Hidden Power|p1a: Zapdos","|-supereffective|p1a: Zapdos","|-damage|p1a: Zapdos|0 fnt","|faint|p1a: Zapdos","|","|","|switch|p1a: Clefable|Clefable, F|394/394","|turn|32","|","|switch|p2a: Gengar|Gengar, F|261/261","|-damage|p2a: Gengar|229/261|[from] Stealth Rock","|move|p1a: Clefable|Calm Mind|p1a: Clefable","|-boost|p1a: Clefable|spa|1","|-boost|p1a: Clefable|spd|1","|","|-heal|p2a: Gengar|245/261|[from] item: Black Sludge","|turn|33","|","|move|p2a: Gengar|Disable|p1a: Clefable","|-start|p1a: Clefable|Disable|Calm Mind","|cant|p1a: Clefable|Disable|Calm Mind","|","|-heal|p2a: Gengar|261/261|[from] item: Black Sludge","|turn|34","|","|move|p2a: Gengar|Substitute|p2a: Gengar","|-start|p2a: Gengar|Substitute","|-damage|p2a: Gengar|196/261","|move|p1a: Clefable|Knock Off|p2a: Gengar","|-supereffective|p2a: Gengar","|-end|p2a: Gengar|Substitute","|","|-heal|p2a: Gengar|212/261|[from] item: Black Sludge","|turn|35","|","|move|p2a: Gengar|Shadow Ball|p1a: Clefable","|-damage|p1a: Clefable|312/394","|move|p1a: Clefable|Knock Off|p2a: Gengar","|-supereffective|p2a: Gengar","|-damage|p2a: Gengar|56/261","|-enditem|p2a: Gengar|Black Sludge|[from] move: Knock Off|[of] p1a: Clefable","|","|-heal|p1a: Clefable|336/394|[from] item: Leftovers","|turn|36","|","|move|p2a: Gengar|Sludge Wave|p1a: Clefable","|-supereffective|p1a: Clefable","|-damage|p1a: Clefable|142/394","|move|p1a: Clefable|Moonlight|p1a: Clefable","|-heal|p1a: Clefable|339/394","|","|-heal|p1a: Clefable|363/394|[from] item: Leftovers","|-end|p1a: Clefable|Disable","|turn|37","|","|move|p2a: Gengar|Sludge Wave|p1a: Clefable","|-supereffective|p1a: Clefable","|-damage|p1a: Clefable|169/394","|move|p1a: Clefable|Knock Off|p2a: Gengar","|-crit|p2a: Gengar","|-supereffective|p2a: Gengar","|-damage|p2a: Gengar|0 fnt","|faint|p2a: Gengar","|","|-heal|p1a: Clefable|193/394|[from] item: Leftovers","|","|switch|p2a: Excadrill|Excadrill, M|350/361","|-damage|p2a: Excadrill|339/361|[from] Stealth Rock","|-ability|p2a: Excadrill|Mold Breaker","|turn|38","|","|move|p2a: Excadrill|Iron Head|p1a: Clefable","|-supereffective|p1a: Clefable","|-damage|p1a: Clefable|0 fnt","|faint|p1a: Clefable","|","|win|D Cj"],"p1rating":{"entryid":138196,"formatid":"ou","userid":"spiritombottt","username":"SpiritomboTTT","r":1500,"rd":130,"sigma":0,"rpr":1459.8393856612,"rprd":122.8583080769,"rpsigma":0,"rptime":1439974800,"w":0,"l":1,"t":0,"gxe":45,"acre":1000,"lacre":1000,"oldacre":1000},"p2rating":{"entryid":138197,"formatid":"ou","userid":"dcj","username":"D Cj","r":1500,"rd":130,"sigma":0,"rpr":1540.1606143388,"rprd":122.8583080769,"rpsigma":0,"rptime":1439974800,"w":1,"l":0,"t":0,"gxe":55,"acre":1040,"lacre":1040,"oldacre":1000},"endType":"normal"}