{"seed":[46926,8934,13890,59069],"turns":20,"p1":"D4MAGE","p2":"Apex✦Dnite","p1team":[{"name":"Cloud 9","species":"altaria","item":"altarianite","ability":"Natural Cure","moves":["dragondance","earthquake","frustration","roost"],"nature":"Jolly","evs":{"hp":0,"atk":252,"def":0,"spa":0,"spd":4,"spe":252},"shiny":true,"happiness":0,"ivs":{"hp":31,"atk":31,"def":31,"spa":31,"spd":31,"spe":31}},{"name":"MOHIT","species":"heatran","item":"airballoon","ability":"Flash Fire","moves":["lavaplume","flashcannon","ancientpower","protect"],"nature":"Modest","evs":{"hp":248,"atk":0,"def":0,"spa":252,"spd":8,"spe":0},"gender":"M","shiny":true,"ivs":{"hp":31,"atk":31,"def":31,"spa":31,"spd":31,"spe":31}},{"name":"Conkeldurrp","species":"conkeldurr","item":"assaultvest","ability":"Guts","moves":["drainpunch","icepunch","knockoff","machpunch"],"nature":"Adamant","evs":{"hp":248,"atk":252,"def":0,"spa":0,"spd":8,"spe":0},"ivs":{"hp":31,"atk":31,"def":31,"spa":31,"spd":31,"spe":31}},{"name":"Barbra","species":"clefable","item":"leftovers","ability":"Magic Guard","moves":["stealthrock","moonblast","thunderwave","softboiled"],"nature":"Calm","evs":{"hp":252,"atk":0,"def":172,"spa":0,"spd":84,"spe":0},"ivs":{"hp":31,"atk":31,"def":31,"spa":31,"spd":31,"spe":31}},{"name":"Abundance","species":"landorustherian","item":"choicescarf","ability":"Intimidate","moves":["earthquake","knockoff","stoneedge","uturn"],"nature":"Jolly","evs":{"hp":0,"atk":252,"def":0,"spa":0,"spd":4,"spe":252},"shiny":true,"ivs":{"hp":31,"atk":31,"def":31,"spa":31,"spd":31,"spe":31}},{"name":"Genie","species":"alakazam","item":"focussash","ability":"Magic Guard","moves":["psychic","dazzlinggleam","shadowball","energyball"],"nature":"Timid","evs":{"hp":0,"atk":0,"def":0,"spa":252,"spd":4,"spe":252},"ivs":{"hp":31,"atk":31,"def":31,"spa":31,"spd":31,"spe":31}}],"p2team":[{"name":"Yung Claw","species":"weavile","item":"lifeorb","ability":"Pressure","moves":["knockoff","iceshard","lowkick","swordsdance"],"nature":"Jolly","evs":{"hp":0,"atk":252,"def":0,"spa":0,"spd":4,"spe":252},"ivs":{"hp":31,"atk":31,"def":31,"spa":31,"spd":31,"spe":31}},{"name":"Bugs","species":"azumarill","item":"choiceband","ability":"Huge Power","moves":["playrough","superpower","aquatail","knockoff"],"nature":"Adamant","evs":{"hp":212,"atk":252,"def":0,"spa":0,"spd":8,"spe":36},"gender":"M","shiny":true,"ivs":{"hp":31,"atk":31,"def":31,"spa":31,"spd":31,"spe":31}},{"name":"Draven","species":"garchomp","item":"choiceband","ability":"Sand Veil","moves":["outrage","earthquake","fireblast","poisonjab"],"nature":"Naive","evs":{"hp":0,"atk":252,"def":0,"spa":4,"spd":0,"spe":252},"gender":"M","shiny":true,"ivs":{"hp":31,"atk":31,"def":31,"spa":31,"spd":31,"spe":31}},{"name":"Ashy","species":"toxicroak","item":"blacksludge","ability":"Dry Skin","moves":["drainpunch","bulkup","gunkshot","icepunch"],"nature":"Adamant","evs":{"hp":252,"atk":252,"def":0,"spa":0,"spd":4,"spe":0},"ivs":{"hp":31,"atk":31,"def":31,"spa":31,"spd":31,"spe":31}},{"name":"SuperSoakThat","species":"politoed","item":"leftovers","ability":"Drizzle","moves":["hydropump","toxic","icebeam","perishsong"],"nature":"Calm","evs":{"hp":252,"atk":0,"def":0,"spa":4,"spd":252,"spe":0},"gender":"M","shiny":true,"ivs":{"hp":31,"atk":31,"def":31,"spa":31,"spd":31,"spe":31}},{"name":"GODZIRAA!!!!!!","species":"tyranitar","item":"tyranitarite","ability":"Sand Stream","moves":["dragondance","stoneedge","icepunch","superpower"],"nature":"Jolly","evs":{"hp":0,"atk":252,"def":4,"spa":0,"spd":0,"spe":252},"gender":"M","shiny":true,"ivs":{"hp":31,"atk":31,"def":31,"spa":31,"spd":31,"spe":31}}],"log":["|player|p1|D4MAGE|214","|player|p2|Apex✦Dnite|264","|gametype|singles","|gen|6","|tier|OU","|rated","|clearpoke","|poke|p1|Altaria, F, shiny","|poke|p1|Heatran, M, shiny","|poke|p1|Conkeldurr, M","|poke|p1|Clefable, F","|poke|p1|Landorus-Therian, M, shiny","|poke|p1|Alakazam, F","|poke|p2|Weavile, F","|poke|p2|Azumarill, M, shiny","|poke|p2|Garchomp, M, shiny","|poke|p2|Toxicroak, F","|poke|p2|Politoed, M, shiny","|poke|p2|Tyranitar, M, shiny","|rule|Swagger Clause: Swagger is banned","|rule|Baton Pass Clause: Limit one Baton Passer, can't pass Spe and other stats simultaneously","|rule|Sleep Clause Mod: Limit one foe put to sleep","|rule|Species Clause: Limit one of each Pokémon","|rule|OHKO Clause: OHKO moves are banned","|rule|Moody Clause: Moody is banned","|rule|Evasion Moves Clause: Evasion moves are banned","|rule|Endless Battle Clause: Forcing endless battles is banned","|rule|HP Percentage Mod: HP is shown in percentages","|teampreview","|","|start","|switch|p1a: Abundance|Landorus-Therian, M, shiny|319/319","|switch|p2a: SuperSoakThat|Politoed, M, shiny|384/384","|-ability|p1a: Abundance|Intimidate","|-unboost|p2a: SuperSoakThat|atk|1","|-weather|RainDance","|turn|1","|","|move|p1a: Abundance|U-turn|p2a: SuperSoakThat","|-damage|p2a: SuperSoakThat|278/384","|","|switch|p1a: Conkeldurrp|Conkeldurr, M|413/413","|move|p2a: SuperSoakThat|Hydro Pump|p1a: Conkeldurrp|[miss]","|-miss|p2a: SuperSoakThat|p1a: Conkeldurrp","|","|-weather|RainDance|[upkeep]","|-heal|p2a: SuperSoakThat|302/384|[from] item: Leftovers","|turn|2","|","|move|p2a: SuperSoakThat|Hydro Pump|p1a: Conkeldurrp|[miss]","|-miss|p2a: SuperSoakThat|p1a: Conkeldurrp","|move|p1a: Conkeldurrp|Knock Off|p2a: SuperSoakThat","|-damage|p2a: SuperSoakThat|118/384","|-enditem|p2a: SuperSoakThat|Leftovers|[from] move: Knock Off|[of] p1a: Conkeldurrp","|","|-weather|RainDance|[upkeep]","|turn|3","|","|move|p2a: SuperSoakThat|Hydro Pump|p1a: Conkeldurrp","|-damage|p1a: Conkeldurrp|242/413","|move|p1a: Conkeldurrp|Drain Punch|p2a: SuperSoakThat","|-crit|p2a: SuperSoakThat","|-damage|p2a: SuperSoakThat|0 fnt","|-heal|p1a: Conkeldurrp|301/413|[from] drain|[of] p2a: SuperSoakThat","|faint|p2a: SuperSoakThat","|","|-weather|RainDance|[upkeep]","|","|switch|p2a: Bugs|Azumarill, M, shiny|394/394","|turn|4","|","|switch|p1a: Barbra|Clefable, F|394/394","|move|p2a: Bugs|Superpower|p1a: Barbra","|-resisted|p1a: Barbra","|-damage|p1a: Barbra|259/394","|-unboost|p2a: Bugs|atk|1","|-unboost|p2a: Bugs|def|1","|","|-weather|RainDance|[upkeep]","|-heal|p1a: Barbra|283/394|[from] item: Leftovers","|turn|5","|","|switch|p2a: Ashy|Toxicroak, F|370/370","|move|p1a: Barbra|Thunder Wave|p2a: Ashy","|-status|p2a: Ashy|par","|","|-weather|none","|-heal|p1a: Barbra|307/394|[from] item: Leftovers","|turn|6","|","|switch|p1a: Abundance|Landorus-Therian, M, shiny|319/319","|-ability|p1a: Abundance|Intimidate","|-unboost|p2a: Ashy|atk|1","|move|p2a: Ashy|Bulk Up|p2a: Ashy","|-boost|p2a: Ashy|atk|1","|-boost|p2a: Ashy|def|1","|","|turn|7","|","|move|p1a: Abundance|Earthquake|p2a: Ashy","|-supereffective|p2a: Ashy","|-damage|p2a: Ashy|8/370 par","|move|p2a: Ashy|Ice Punch|p1a: Abundance","|-supereffective|p1a: Abundance","|-damage|p1a: Abundance|0 fnt","|faint|p1a: Abundance","|","|-heal|p2a: Ashy|31/370 par|[from] item: Black Sludge","|","|switch|p1a: Genie|Alakazam, F|251/251","|turn|8","|","|switch|p1a: Conkeldurrp|Conkeldurr, M|301/413","|move|p2a: Ashy|Ice Punch|p1a: Conkeldurrp","|-damage|p1a: Conkeldurrp|207/413","|","|-heal|p2a: Ashy|54/370 par|[from] item: Black Sludge","|turn|9","|","|move|p1a: Conkeldurrp|Drain Punch|p2a: Ashy","|-resisted|p2a: Ashy","|-damage|p2a: Ashy|0 fnt","|-heal|p1a: Conkeldurrp|234/413|[from] drain|[of] p2a: Ashy","|faint|p2a: Ashy","|","|","|switch|p2a: Bugs|Azumarill, M, shiny|394/394","|turn|10","|","|switch|p1a: Barbra|Clefable, F|307/394","|move|p2a: Bugs|Aqua Tail|p1a: Barbra","|-damage|p1a: Barbra|0 fnt","|faint|p1a: Barbra","|","|","|switch|p1a: Cloud 9|Altaria, F, shiny|291/291","|turn|11","|","|switch|p2a: GODZIRAA!!!!!!|Tyranitar, M, shiny|341/341","|-weather|Sandstorm","|detailschange|p1a: Cloud 9|Altaria-Mega, F, shiny","|-mega|p1a: Cloud 9|Altaria|Altarianite","|move|p1a: Cloud 9|Frustration|p2a: GODZIRAA!!!!!!","|-supereffective|p2a: GODZIRAA!!!!!!","|-damage|p2a: GODZIRAA!!!!!!|0 fnt","|faint|p2a: GODZIRAA!!!!!!","|","|-weather|Sandstorm|[upkeep]","|-damage|p1a: Cloud 9|273/291|[from] sandstorm","|","|switch|p2a: Bugs|Azumarill, M, shiny|394/394","|turn|12","|","|move|p1a: Cloud 9|Dragon Dance|p1a: Cloud 9","|-boost|p1a: Cloud 9|atk|1","|-boost|p1a: Cloud 9|spe|1","|move|p2a: Bugs|Play Rough|p1a: Cloud 9","|-supereffective|p1a: Cloud 9","|-damage|p1a: Cloud 9|0 fnt","|faint|p1a: Cloud 9","|","|-weather|Sandstorm|[upkeep]","|-damage|p2a: Bugs|370/394|[from] sandstorm","|","|switch|p1a: Genie|Alakazam, F|251/251","|turn|13","|","|move|p1a: Genie|Energy Ball|p2a: Bugs","|-supereffective|p2a: Bugs","|-damage|p2a: Bugs|130/394","|move|p2a: Bugs|Play Rough|p1a: Genie","|-crit|p1a: Genie","|-enditem|p1a: Genie|Focus Sash","|-damage|p1a: Genie|1/251","|","|-weather|Sandstorm|[upkeep]","|-damage|p2a: Bugs|106/394|[from] sandstorm","|turn|14","|","|move|p1a: Genie|Energy Ball|p2a: Bugs","|-supereffective|p2a: Bugs","|-damage|p2a: Bugs|0 fnt","|faint|p2a: Bugs","|","|-weather|Sandstorm|[upkeep]","|","|switch|p2a: Yung Claw|Weavile, F|281/281","|-ability|p2a: Yung Claw|Pressure","|turn|15","|","|switch|p1a: Conkeldurrp|Conkeldurr, M|234/413","|move|p2a: Yung Claw|Ice Shard|p1a: Conkeldurrp","|-damage|p1a: Conkeldurrp|147/413","|-damage|p2a: Yung Claw|253/281|[from] item: Life Orb","|","|-weather|none","|turn|16","|","|move|p2a: Yung Claw|Low Kick|p1a: Conkeldurrp","|-damage|p1a: Conkeldurrp|34/413","|-damage|p2a: Yung Claw|225/281|[from] item: Life Orb","|move|p1a: Conkeldurrp|Ice Punch|p2a: Yung Claw","|-resisted|p2a: Yung Claw","|-damage|p2a: Yung Claw|156/281","|","|turn|17","|","|move|p1a: Conkeldurrp|Mach Punch|p2a: Yung Claw","|-supereffective|p2a: Yung Claw","|-damage|p2a: Yung Claw|0 fnt","|faint|p2a: Yung Claw","|","|","|switch|p2a: Draven|Garchomp, M, shiny|357/357","|turn|18","|","|move|p1a: Conkeldurrp|Mach Punch|p2a: Draven","|-damage|p2a: Draven|269/357","|move|p2a: Draven|Outrage|p1a: Conkeldurrp","|-damage|p1a: Conkeldurrp|0 fnt","|faint|p1a: Conkeldurrp","|","|","|switch|p1a: Genie|Alakazam, F|1/251","|turn|19","|","|move|p1a: Genie|Dazzling Gleam|p2a: Draven","|-supereffective|p2a: Draven","|-damage|p2a: Draven|19/357","|move|p2a: Draven|Outrage|p1a: Genie|[from]lockedmove","|-damage|p1a: Genie|0 fnt","|-start|p2a: Draven|confusion|[fatigue]","|faint|p1a: Genie","|","|","|switch|p1a: MOHIT|Heatran, M, shiny|385/385","|-item|p1a: MOHIT|Air Balloon","|turn|20","|","|-activate|p2a: Draven|confusion","|move|p2a: Draven|Outrage|p1a: MOHIT","|-resisted|p1a: MOHIT","|-damage|p1a: MOHIT|232/385","|-enditem|p1a: MOHIT|Air Balloon","|move|p1a: MOHIT|Flash Cannon|p2a: Draven","|-damage|p2a: Draven|0 fnt","|faint|p2a: Draven","|","|win|D4MAGE"],"p1rating":{"entryid":166460,"formatid":"ou","userid":"d4mage","username":"D4MAGE","r":1500,"rd":130,"sigma":0,"rpr":1540.1606143388,"rprd":122.8583080769,"rpsigma":0,"rptime":1439974800,"w":1,"l":0,"t":0,"gxe":55,"acre":1040,"lacre":1040,"oldacre":1000},"p2rating":{"entryid":166461,"formatid":"ou","userid":"apexdnite","username":"Apex✦Dnite","r":1500,"rd":130,"sigma":0,"rpr":1459.8393856612,"rprd":122.8583080769,"rpsigma":0,"rptime":1439974800,"w":0,"l":1,"t":0,"gxe":45,"acre":1000,"lacre":1000,"oldacre":1000},"endType":"normal"}