{"seed":[13131,27068,17033,21092],"turns":37,"p1":"Chief Sokka","p2":"Crystal Blade64","p1team":[{"name":"Luxray","species":"Luxray","item":"flameorb","ability":"Guts","moves":["protect","facade","icefang","wildcharge"],"nature":"Jolly","evs":{"hp":40,"atk":252,"def":0,"spa":0,"spd":4,"spe":212},"ivs":{"hp":31,"atk":31,"def":31,"spa":31,"spd":31,"spe":31}},{"name":"Gyarados","species":"Gyarados","item":"lumberry","ability":"Moxie","moves":["dragondance","waterfall","bounce","earthquake"],"nature":"Adamant","evs":{"hp":0,"atk":252,"def":0,"spa":0,"spd":4,"spe":252},"ivs":{"hp":31,"atk":31,"def":31,"spa":31,"spd":31,"spe":31}},{"name":"Gliscor","species":"Gliscor","item":"toxicorb","ability":"Poison Heal","moves":["substitute","toxic","earthquake","protect"],"nature":"Impish","evs":{"hp":248,"atk":0,"def":188,"spa":0,"spd":0,"spe":72},"ivs":{"hp":31,"atk":31,"def":31,"spa":31,"spd":31,"spe":31}},{"name":"Heatran","species":"Heatran","item":"leftovers","ability":"Flash Fire","moves":["taunt","substitute","lavaplume","flashcannon"],"nature":"Calm","evs":{"hp":252,"atk":0,"def":0,"spa":4,"spd":252,"spe":0},"ivs":{"hp":31,"atk":31,"def":31,"spa":31,"spd":31,"spe":31}},{"name":"Venusaur","species":"Venusaur","item":"venusaurite","ability":"Chlorophyll","moves":["synthesis","hiddenpowerfire","sludgebomb","gigadrain"],"nature":"Modest","evs":{"hp":0,"atk":0,"def":0,"spa":252,"spd":4,"spe":252},"ivs":{"hp":31,"atk":30,"def":31,"spa":30,"spd":31,"spe":30}},{"name":"Smeargle","species":"Smeargle","item":"focussash","ability":"Own Tempo","moves":["spore","stickyweb","stealthrock","kingsshield"],"nature":"Timid","evs":{"hp":248,"atk":0,"def":0,"spa":0,"spd":8,"spe":252},"ivs":{"hp":31,"atk":31,"def":31,"spa":31,"spd":31,"spe":31}}],"p2team":[{"name":"Gliscor","species":"Gliscor","item":"toxicorb","ability":"Poison Heal","moves":["roost","protect","earthquake","toxic"],"nature":"Impish","evs":{"hp":248,"atk":0,"def":188,"spa":0,"spd":0,"spe":72},"ivs":{"hp":31,"atk":31,"def":31,"spa":31,"spd":31,"spe":31}},{"name":"Lopunny","species":"Lopunny","item":"lopunnite","ability":"Cute Charm","moves":["fakeout","highjumpkick","frustration","icepunch"],"nature":"Jolly","evs":{"hp":0,"atk":252,"def":0,"spa":0,"spd":4,"spe":252},"happiness":0,"ivs":{"hp":31,"atk":31,"def":31,"spa":31,"spd":31,"spe":31}},{"name":"Weavile","species":"Weavile","item":"lifeorb","ability":"Pickpocket","moves":["fakeout","iceshard","iciclecrash","knockoff"],"nature":"Jolly","evs":{"hp":0,"atk":252,"def":0,"spa":0,"spd":4,"spe":252},"ivs":{"hp":31,"atk":31,"def":31,"spa":31,"spd":31,"spe":31}},{"name":"Garchomp","species":"Garchomp","item":"rockyhelmet","ability":"Rough Skin","moves":["stealthrock","dragontail","earthquake","toxic"],"nature":"Impish","evs":{"hp":252,"atk":0,"def":252,"spa":0,"spd":4,"spe":0},"ivs":{"hp":31,"atk":31,"def":31,"spa":31,"spd":31,"spe":31}},{"name":"Magnezone","species":"Magnezone","item":"choicespecs","ability":"Analytic","moves":["voltswitch","flashcannon","hiddenpowerice","thunderbolt"],"nature":"Modest","evs":{"hp":248,"atk":0,"def":0,"spa":252,"spd":8,"spe":0},"ivs":{"hp":31,"atk":30,"def":30,"spa":31,"spd":31,"spe":31}},{"name":"Mamoswine","species":"Mamoswine","item":"choiceband","ability":"Thick Fat","moves":["earthquake","iceshard","iciclecrash","superpower"],"nature":"Adamant","evs":{"hp":248,"atk":252,"def":0,"spa":0,"spd":8,"spe":0},"ivs":{"hp":31,"atk":31,"def":31,"spa":31,"spd":31,"spe":31}}],"log":["|player|p1|Chief Sokka|chiefsokka.gif","|player|p2|Crystal Blade64|165","|gametype|singles","|gen|6","|tier|OU","|rated","|clearpoke","|poke|p1|Luxray, M","|poke|p1|Gyarados, F","|poke|p1|Gliscor, M","|poke|p1|Heatran, M","|poke|p1|Venusaur, F","|poke|p1|Smeargle, F","|poke|p2|Gliscor, M","|poke|p2|Lopunny, F","|poke|p2|Weavile, M","|poke|p2|Garchomp, F","|poke|p2|Magnezone","|poke|p2|Mamoswine, M","|rule|Swagger Clause: Swagger is banned","|rule|Baton Pass Clause: Limit one Baton Passer, can't pass Spe and other stats simultaneously","|rule|Sleep Clause Mod: Limit one foe put to sleep","|rule|Species Clause: Limit one of each Pokémon","|rule|OHKO Clause: OHKO moves are banned","|rule|Moody Clause: Moody is banned","|rule|Evasion Moves Clause: Evasion moves are banned","|rule|Endless Battle Clause: Forcing endless battles is banned","|rule|HP Percentage Mod: HP is shown in percentages","|teampreview","|","|start","|switch|p1a: Gliscor|Gliscor, M|353/353","|switch|p2a: Weavile|Weavile, M|281/281","|turn|1","|","|move|p1a: Gliscor|Protect|p1a: Gliscor","|-singleturn|p1a: Gliscor|Protect","|move|p2a: Weavile|Fake Out|p1a: Gliscor","|-activate|p1a: Gliscor|Protect","|","|-status|p1a: Gliscor|tox|[from] item: Toxic Orb","|turn|2","|","|switch|p1a: Gyarados|Gyarados, F|331/331","|move|p2a: Weavile|Icicle Crash|p1a: Gyarados","|-damage|p1a: Gyarados|111/331","|-damage|p2a: Weavile|253/281|[from] item: Life Orb","|","|turn|3","|","|move|p2a: Weavile|Knock Off|p1a: Gyarados","|-damage|p1a: Gyarados|0 fnt","|-enditem|p1a: Gyarados|Lum Berry|[from] move: Knock Off|[of] p2a: Weavile","|-damage|p2a: Weavile|225/281|[from] item: Life Orb","|faint|p1a: Gyarados","|","|","|switch|p1a: Heatran|Heatran, M|386/386","|turn|4","|","|switch|p2a: Garchomp|Garchomp, F|420/420","|move|p1a: Heatran|Lava Plume|p2a: Garchomp","|-resisted|p2a: Garchomp","|-damage|p2a: Garchomp|357/420","|-status|p2a: Garchomp|brn","|","|-damage|p2a: Garchomp|305/420 brn|[from] brn","|turn|5","|","|switch|p1a: Venusaur|Venusaur, F|301/301","|move|p2a: Garchomp|Stealth Rock|p1a: Venusaur","|-sidestart|p1: Chief Sokka|move: Stealth Rock","|","|-damage|p2a: Garchomp|253/420 brn|[from] brn","|turn|6","|","|detailschange|p1a: Venusaur|Venusaur-Mega, F","|-mega|p1a: Venusaur|Venusaur|Venusaurite","|move|p1a: Venusaur|Sludge Bomb|p2a: Garchomp","|-resisted|p2a: Garchomp","|-damage|p2a: Garchomp|151/420 brn","|move|p2a: Garchomp|Dragon Tail|p1a: Venusaur","|-damage|p1a: Venusaur|265/301","|drag|p1a: Gliscor|Gliscor, M|353/353 tox","|-damage|p1a: Gliscor|309/353 tox|[from] Stealth Rock","|","|-heal|p1a: Gliscor|353/353 tox|[from] ability: Poison Heal","|-damage|p2a: Garchomp|99/420 brn|[from] brn","|turn|7","|","|move|p1a: Gliscor|Substitute|p1a: Gliscor","|-start|p1a: Gliscor|Substitute","|-damage|p1a: Gliscor|265/353 tox","|move|p2a: Garchomp|Dragon Tail|p1a: Gliscor","|-activate|p1a: Gliscor|Substitute|[damage]","|","|-heal|p1a: Gliscor|309/353 tox|[from] ability: Poison Heal","|-damage|p2a: Garchomp|47/420 brn|[from] brn","|turn|8","|","|move|p1a: Gliscor|Protect|p1a: Gliscor","|-singleturn|p1a: Gliscor|Protect","|move|p2a: Garchomp|Dragon Tail|p1a: Gliscor","|-activate|p1a: Gliscor|Protect","|","|-heal|p1a: Gliscor|353/353 tox|[from] ability: Poison Heal","|-damage|p2a: Garchomp|0 fnt|[from] brn","|faint|p2a: Garchomp","|","|switch|p2a: Mamoswine|Mamoswine, M|423/423","|turn|9","|","|move|p2a: Mamoswine|Ice Shard|p1a: Gliscor","|-supereffective|p1a: Gliscor","|-end|p1a: Gliscor|Substitute","|move|p1a: Gliscor|Toxic|p2a: Mamoswine","|-status|p2a: Mamoswine|tox","|","|-damage|p2a: Mamoswine|397/423 tox|[from] psn","|turn|10","|","|move|p1a: Gliscor|Protect|p1a: Gliscor","|-singleturn|p1a: Gliscor|Protect","|move|p2a: Mamoswine|Ice Shard|p1a: Gliscor","|-activate|p1a: Gliscor|Protect","|","|-damage|p2a: Mamoswine|345/423 tox|[from] psn","|turn|11","|","|move|p2a: Mamoswine|Ice Shard|p1a: Gliscor","|-supereffective|p1a: Gliscor","|-damage|p1a: Gliscor|25/353 tox","|move|p1a: Gliscor|Earthquake|p2a: Mamoswine","|-damage|p2a: Mamoswine|215/423 tox","|","|-heal|p1a: Gliscor|69/353 tox|[from] ability: Poison Heal","|-damage|p2a: Mamoswine|137/423 tox|[from] psn","|turn|12","|","|switch|p2a: Weavile|Weavile, M|225/281","|move|p1a: Gliscor|Protect|p1a: Gliscor","|-fail|p1a: Gliscor","|","|-heal|p1a: Gliscor|113/353 tox|[from] ability: Poison Heal","|turn|13","|","|move|p1a: Gliscor|Protect|p1a: Gliscor","|-singleturn|p1a: Gliscor|Protect","|move|p2a: Weavile|Fake Out|p1a: Gliscor","|-activate|p1a: Gliscor|Protect","|","|-heal|p1a: Gliscor|157/353 tox|[from] ability: Poison Heal","|turn|14","|","|switch|p1a: Heatran|Heatran, M|386/386","|-damage|p1a: Heatran|338/386|[from] Stealth Rock","|move|p2a: Weavile|Icicle Crash|p1a: Heatran","|-resisted|p1a: Heatran","|-damage|p1a: Heatran|296/386","|-damage|p2a: Weavile|197/281|[from] item: Life Orb","|","|-heal|p1a: Heatran|320/386|[from] item: Leftovers","|turn|15","|","|move|p2a: Weavile|Knock Off|p1a: Heatran","|-damage|p1a: Heatran|133/386","|-enditem|p1a: Heatran|Leftovers|[from] move: Knock Off|[of] p2a: Weavile","|-damage|p2a: Weavile|169/281|[from] item: Life Orb","|move|p1a: Heatran|Lava Plume|p2a: Weavile","|-supereffective|p2a: Weavile","|-damage|p2a: Weavile|0 fnt","|faint|p2a: Weavile","|","|","|switch|p2a: Gliscor|Gliscor, M|353/353","|turn|16","|","|move|p2a: Gliscor|Protect|p2a: Gliscor","|-singleturn|p2a: Gliscor|Protect","|move|p1a: Heatran|Taunt|p2a: Gliscor","|-activate|p2a: Gliscor|Protect","|","|-status|p2a: Gliscor|tox|[from] item: Toxic Orb","|turn|17","|","|move|p2a: Gliscor|Earthquake|p1a: Heatran","|-supereffective|p1a: Heatran","|-damage|p1a: Heatran|0 fnt","|faint|p1a: Heatran","|","|","|switch|p1a: Luxray|Luxray, M|311/311","|-damage|p1a: Luxray|273/311|[from] Stealth Rock","|turn|18","|","|move|p1a: Luxray|Ice Fang|p2a: Gliscor","|-supereffective|p2a: Gliscor","|-damage|p2a: Gliscor|161/353 tox","|move|p2a: Gliscor|Earthquake|p1a: Luxray","|-supereffective|p1a: Luxray","|-damage|p1a: Luxray|0 fnt","|faint|p1a: Luxray","|","|-heal|p2a: Gliscor|205/353 tox|[from] ability: Poison Heal","|","|switch|p1a: Venusaur|Venusaur-Mega, F|265/301","|-damage|p1a: Venusaur|228/301|[from] Stealth Rock","|turn|19","|","|move|p2a: Gliscor|Protect|p2a: Gliscor","|-singleturn|p2a: Gliscor|Protect","|move|p1a: Venusaur|Giga Drain|p2a: Gliscor","|-activate|p2a: Gliscor|Protect","|","|-heal|p2a: Gliscor|249/353 tox|[from] ability: Poison Heal","|turn|20","|","|switch|p2a: Magnezone|Magnezone|343/343","|move|p1a: Venusaur|Giga Drain|p2a: Magnezone","|-resisted|p2a: Magnezone","|-damage|p2a: Magnezone|274/343","|-heal|p1a: Venusaur|263/301|[from] drain|[of] p2a: Magnezone","|","|turn|21","|","|move|p1a: Venusaur|Hidden Power|p2a: Magnezone","|-supereffective|p2a: Magnezone","|-damage|p2a: Magnezone|114/343","|move|p2a: Magnezone|Flash Cannon|p1a: Venusaur","|-damage|p1a: Venusaur|25/301","|","|turn|22","|","|switch|p2a: Gliscor|Gliscor, M|249/353 tox","|move|p1a: Venusaur|Synthesis|p1a: Venusaur","|-heal|p1a: Venusaur|175/301","|","|-heal|p2a: Gliscor|293/353 tox|[from] ability: Poison Heal","|turn|23","|","|move|p1a: Venusaur|Giga Drain|p2a: Gliscor","|-damage|p2a: Gliscor|130/353 tox","|-heal|p1a: Venusaur|257/301|[from] drain|[of] p2a: Gliscor","|move|p2a: Gliscor|Earthquake|p1a: Venusaur","|-damage|p1a: Venusaur|160/301","|","|-heal|p2a: Gliscor|174/353 tox|[from] ability: Poison Heal","|turn|24","|","|switch|p2a: Mamoswine|Mamoswine, M|137/423 tox","|move|p1a: Venusaur|Giga Drain|p2a: Mamoswine","|-supereffective|p2a: Mamoswine","|-damage|p2a: Mamoswine|0 fnt","|-heal|p1a: Venusaur|229/301|[from] drain|[of] p2a: Mamoswine","|faint|p2a: Mamoswine","|","|","|switch|p2a: Lopunny|Lopunny, F|271/271","|turn|25","|","|switch|p1a: Smeargle|Smeargle, F|313/313","|-damage|p1a: Smeargle|274/313|[from] Stealth Rock","|detailschange|p2a: Lopunny|Lopunny-Mega, F","|-mega|p2a: Lopunny|Lopunny|Lopunnite","|move|p2a: Lopunny|Fake Out|p1a: Smeargle","|-damage|p1a: Smeargle|112/313","|","|turn|26","|","|move|p1a: Smeargle|King's Shield|p1a: Smeargle","|-singleturn|p1a: Smeargle|Protect","|move|p2a: Lopunny|Frustration|p1a: Smeargle","|-activate|p1a: Smeargle|Protect","|-unboost|p2a: Lopunny|atk|2","|","|turn|27","|","|switch|p1a: Gliscor|Gliscor, M|157/353 tox","|-damage|p1a: Gliscor|113/353 tox|[from] Stealth Rock","|move|p2a: Lopunny|High Jump Kick|p1a: Gliscor","|-resisted|p1a: Gliscor","|-damage|p1a: Gliscor|77/353 tox","|","|-heal|p1a: Gliscor|121/353 tox|[from] ability: Poison Heal","|turn|28","|","|move|p1a: Gliscor|Protect|p1a: Gliscor","|-singleturn|p1a: Gliscor|Protect","|move|p2a: Lopunny|Ice Punch|p1a: Gliscor","|-activate|p1a: Gliscor|Protect","|","|-heal|p1a: Gliscor|165/353 tox|[from] ability: Poison Heal","|turn|29","|","|switch|p1a: Smeargle|Smeargle, F|112/313","|-damage|p1a: Smeargle|73/313|[from] Stealth Rock","|move|p2a: Lopunny|Ice Punch|p1a: Smeargle","|-damage|p1a: Smeargle|0 fnt","|faint|p1a: Smeargle","|","|","|switch|p1a: Venusaur|Venusaur-Mega, F|229/301","|-damage|p1a: Venusaur|192/301|[from] Stealth Rock","|turn|30","|","|switch|p2a: Magnezone|Magnezone|114/343","|move|p1a: Venusaur|Giga Drain|p2a: Magnezone","|-resisted|p2a: Magnezone","|-damage|p2a: Magnezone|45/343","|-heal|p1a: Venusaur|227/301|[from] drain|[of] p2a: Magnezone","|","|turn|31","|","|move|p1a: Venusaur|Giga Drain|p2a: Magnezone","|-resisted|p2a: Magnezone","|-damage|p2a: Magnezone|0 fnt","|-heal|p1a: Venusaur|250/301|[from] drain|[of] p2a: Magnezone","|faint|p2a: Magnezone","|","|","|switch|p2a: Lopunny|Lopunny-Mega, F|271/271","|turn|32","|","|move|p2a: Lopunny|Fake Out|p1a: Venusaur","|-damage|p1a: Venusaur|189/301","|cant|p1a: Venusaur|flinch","|","|turn|33","|","|move|p2a: Lopunny|Ice Punch|p1a: Venusaur","|-supereffective|p1a: Venusaur","|-damage|p1a: Venusaur|111/301","|move|p1a: Venusaur|Synthesis|p1a: Venusaur","|-heal|p1a: Venusaur|261/301","|","|turn|34","|","|move|p2a: Lopunny|Frustration|p1a: Venusaur","|-damage|p1a: Venusaur|105/301","|move|p1a: Venusaur|Giga Drain|p2a: Lopunny","|-damage|p2a: Lopunny|121/271","|-heal|p1a: Venusaur|180/301|[from] drain|[of] p2a: Lopunny","|","|turn|35","|","|switch|p1a: Gliscor|Gliscor, M|165/353 tox","|-damage|p1a: Gliscor|121/353 tox|[from] Stealth Rock","|move|p2a: Lopunny|Frustration|p1a: Gliscor","|-damage|p1a: Gliscor|3/353 tox","|","|-heal|p1a: Gliscor|47/353 tox|[from] ability: Poison Heal","|turn|36","|","|move|p2a: Lopunny|Ice Punch|p1a: Gliscor","|-supereffective|p1a: Gliscor","|-damage|p1a: Gliscor|0 fnt","|faint|p1a: Gliscor","|","|","|switch|p1a: Venusaur|Venusaur-Mega, F|180/301","|-damage|p1a: Venusaur|143/301|[from] Stealth Rock","|turn|37","|","|move|p2a: Lopunny|Frustration|p1a: Venusaur","|-damage|p1a: Venusaur|0 fnt","|faint|p1a: Venusaur","|","|win|Crystal Blade64"],"p1rating":{"entryid":123968,"formatid":"ou","userid":"chiefsokka","username":"Chief Sokka","r":1500,"rd":130,"sigma":0,"rpr":1459.8393856612,"rprd":122.8583080769,"rpsigma":0,"rptime":1439974800,"w":0,"l":1,"t":0,"gxe":45,"acre":1000,"lacre":1000,"oldacre":1000},"p2rating":{"entryid":123969,"formatid":"ou","userid":"crystalblade64","username":"Crystal Blade64","r":1500,"rd":130,"sigma":0,"rpr":1540.1606143388,"rprd":122.8583080769,"rpsigma":0,"rptime":1439974800,"w":1,"l":0,"t":0,"gxe":55,"acre":1040,"lacre":1040,"oldacre":1000},"endType":"normal"}