{"seed":[40152,30020,30335,16337],"turns":31,"p1":"Logic","p2":"Crystal Blade64","p1team":[{"name":"Manaphy","species":"Manaphy","item":"leftovers","ability":"Hydration","moves":["calmmind","raindance","rest","scald"],"nature":"Bold","evs":{"hp":240,"atk":0,"def":148,"spa":0,"spd":0,"spe":120},"ivs":{"hp":31,"atk":0,"def":31,"spa":31,"spd":31,"spe":31}},{"name":"Manectric","species":"Manectric","item":"manectite","ability":"Static","moves":["thunderbolt","hiddenpowerice","flamethrower","voltswitch"],"nature":"Timid","evs":{"hp":0,"atk":0,"def":0,"spa":252,"spd":4,"spe":252},"ivs":{"hp":31,"atk":30,"def":30,"spa":31,"spd":31,"spe":31}},{"name":"Latios","species":"Latios","item":"lifeorb","ability":"Levitate","moves":["dracometeor","psyshock","recover","defog"],"nature":"Timid","evs":{"hp":0,"atk":0,"def":0,"spa":252,"spd":4,"spe":252},"ivs":{"hp":29,"atk":0,"def":31,"spa":31,"spd":31,"spe":31}},{"name":"Ferrothorn","species":"Ferrothorn","item":"leftovers","ability":"Iron Barbs","moves":["stealthrock","leechseed","powerwhip","gyroball"],"nature":"Relaxed","evs":{"hp":252,"atk":0,"def":148,"spa":0,"spd":108,"spe":0},"ivs":{"hp":31,"atk":31,"def":31,"spa":31,"spd":31,"spe":0}},{"name":"Landorus-Therian","species":"Landorus-Therian","item":"leftovers","ability":"Intimidate","moves":["rockpolish","swordsdance","stoneedge","earthquake"],"nature":"Adamant","evs":{"hp":168,"atk":84,"def":0,"spa":0,"spd":24,"spe":232},"ivs":{"hp":31,"atk":31,"def":31,"spa":31,"spd":31,"spe":31}},{"name":"Clefable","species":"Clefable","item":"leftovers","ability":"Magic Guard","moves":["thunderwave","calmmind","moonblast","softboiled"],"nature":"Sassy","evs":{"hp":252,"atk":0,"def":188,"spa":0,"spd":68,"spe":0},"gender":"F","ivs":{"hp":31,"atk":31,"def":31,"spa":31,"spd":31,"spe":16}}],"p2team":[{"name":"Gliscor","species":"Gliscor","item":"toxicorb","ability":"Poison Heal","moves":["roost","protect","earthquake","toxic"],"nature":"Impish","evs":{"hp":248,"atk":0,"def":188,"spa":0,"spd":0,"spe":72},"ivs":{"hp":31,"atk":31,"def":31,"spa":31,"spd":31,"spe":31}},{"name":"Lopunny","species":"Lopunny","item":"lopunnite","ability":"Cute Charm","moves":["fakeout","highjumpkick","frustration","icepunch"],"nature":"Jolly","evs":{"hp":0,"atk":252,"def":0,"spa":0,"spd":4,"spe":252},"happiness":0,"ivs":{"hp":31,"atk":31,"def":31,"spa":31,"spd":31,"spe":31}},{"name":"Weavile","species":"Weavile","item":"lifeorb","ability":"Pickpocket","moves":["fakeout","iceshard","iciclecrash","knockoff"],"nature":"Jolly","evs":{"hp":0,"atk":252,"def":0,"spa":0,"spd":4,"spe":252},"ivs":{"hp":31,"atk":31,"def":31,"spa":31,"spd":31,"spe":31}},{"name":"Garchomp","species":"Garchomp","item":"rockyhelmet","ability":"Rough Skin","moves":["stealthrock","dragontail","earthquake","toxic"],"nature":"Impish","evs":{"hp":252,"atk":0,"def":252,"spa":0,"spd":4,"spe":0},"ivs":{"hp":31,"atk":31,"def":31,"spa":31,"spd":31,"spe":31}},{"name":"Magnezone","species":"Magnezone","item":"choicespecs","ability":"Analytic","moves":["voltswitch","flashcannon","hiddenpowerice","thunderbolt"],"nature":"Modest","evs":{"hp":248,"atk":0,"def":0,"spa":252,"spd":8,"spe":0},"ivs":{"hp":31,"atk":30,"def":30,"spa":31,"spd":31,"spe":31}},{"name":"Mamoswine","species":"Mamoswine","item":"choiceband","ability":"Thick Fat","moves":["earthquake","iceshard","iciclecrash","superpower"],"nature":"Adamant","evs":{"hp":248,"atk":252,"def":0,"spa":0,"spd":8,"spe":0},"ivs":{"hp":31,"atk":31,"def":31,"spa":31,"spd":31,"spe":31}}],"log":["|player|p1|Logic|logic.gif","|player|p2|Crystal Blade64|165","|gametype|singles","|gen|6","|tier|OU","|rated","|clearpoke","|poke|p1|Manaphy","|poke|p1|Manectric, M","|poke|p1|Latios, M","|poke|p1|Ferrothorn, M","|poke|p1|Landorus-Therian, M","|poke|p1|Clefable, F","|poke|p2|Gliscor, F","|poke|p2|Lopunny, M","|poke|p2|Weavile, M","|poke|p2|Garchomp, F","|poke|p2|Magnezone","|poke|p2|Mamoswine, M","|rule|Swagger Clause: Swagger is banned","|rule|Baton Pass Clause: Limit one Baton Passer, can't pass Spe and other stats simultaneously","|rule|Sleep Clause Mod: Limit one foe put to sleep","|rule|Species Clause: Limit one of each Pokémon","|rule|OHKO Clause: OHKO moves are banned","|rule|Moody Clause: Moody is banned","|rule|Evasion Moves Clause: Evasion moves are banned","|rule|Endless Battle Clause: Forcing endless battles is banned","|rule|HP Percentage Mod: HP is shown in percentages","|teampreview","|","|start","|switch|p1a: Ferrothorn|Ferrothorn, M|352/352","|switch|p2a: Magnezone|Magnezone|343/343","|turn|1","|","|move|p2a: Magnezone|Volt Switch|p1a: Ferrothorn","|-resisted|p1a: Ferrothorn","|-damage|p1a: Ferrothorn|277/352","|","|switch|p2a: Garchomp|Garchomp, F|420/420","|move|p1a: Ferrothorn|Stealth Rock|p2a: Garchomp","|-sidestart|p2: Crystal Blade64|move: Stealth Rock","|","|-heal|p1a: Ferrothorn|299/352|[from] item: Leftovers","|turn|2","|","|move|p2a: Garchomp|Stealth Rock|p1a: Ferrothorn","|-sidestart|p1: Logic|move: Stealth Rock","|move|p1a: Ferrothorn|Leech Seed|p2a: Garchomp","|-start|p2a: Garchomp|move: Leech Seed","|","|-heal|p1a: Ferrothorn|321/352|[from] item: Leftovers","|-damage|p2a: Garchomp|368/420|[from] Leech Seed|[of] p1a: Ferrothorn","|-heal|p1a: Ferrothorn|352/352|[silent]","|turn|3","|","|switch|p2a: Mamoswine|Mamoswine, M|423/423","|-damage|p2a: Mamoswine|371/423|[from] Stealth Rock","|switch|p1a: Clefable|Clefable, F|394/394","|","|turn|4","|","|move|p2a: Mamoswine|Earthquake|p1a: Clefable","|-damage|p1a: Clefable|78/394","|move|p1a: Clefable|Moonblast|p2a: Mamoswine","|-damage|p2a: Mamoswine|208/423","|","|-heal|p1a: Clefable|102/394|[from] item: Leftovers","|turn|5","|","|switch|p1a: Ferrothorn|Ferrothorn, M|352/352","|-damage|p1a: Ferrothorn|330/352|[from] Stealth Rock","|move|p2a: Mamoswine|Earthquake|p1a: Ferrothorn","|-damage|p1a: Ferrothorn|135/352","|","|-heal|p1a: Ferrothorn|157/352|[from] item: Leftovers","|turn|6","|","|move|p2a: Mamoswine|Earthquake|p1a: Ferrothorn","|-damage|p1a: Ferrothorn|0 fnt","|faint|p1a: Ferrothorn","|","|","|switch|p1a: Manectric|Manectric, M|281/281","|-damage|p1a: Manectric|246/281|[from] Stealth Rock","|turn|7","|","|detailschange|p1a: Manectric|Manectric-Mega, M","|-mega|p1a: Manectric|Manectric|Manectite","|-ability|p1a: Manectric|Intimidate","|-unboost|p2a: Mamoswine|atk|1","|move|p1a: Manectric|Flamethrower|p2a: Mamoswine","|-supereffective|p2a: Mamoswine","|-damage|p2a: Mamoswine|48/423","|move|p2a: Mamoswine|Earthquake|p1a: Manectric","|-supereffective|p1a: Manectric","|-damage|p1a: Manectric|0 fnt","|faint|p1a: Manectric","|","|","|switch|p1a: Manaphy|Manaphy|401/401","|-damage|p1a: Manaphy|351/401|[from] Stealth Rock","|turn|8","|","|move|p1a: Manaphy|Rain Dance|p1a: Manaphy","|-weather|RainDance","|move|p2a: Mamoswine|Earthquake|p1a: Manaphy","|-damage|p1a: Manaphy|203/401","|","|-weather|RainDance|[upkeep]","|-heal|p1a: Manaphy|228/401|[from] item: Leftovers","|turn|9","|","|move|p1a: Manaphy|Calm Mind|p1a: Manaphy","|-boost|p1a: Manaphy|spa|1","|-boost|p1a: Manaphy|spd|1","|move|p2a: Mamoswine|Earthquake|p1a: Manaphy","|-damage|p1a: Manaphy|68/401","|","|-weather|RainDance|[upkeep]","|-heal|p1a: Manaphy|93/401|[from] item: Leftovers","|turn|10","|","|move|p1a: Manaphy|Rest|p1a: Manaphy","|-status|p1a: Manaphy|slp","|-heal|p1a: Manaphy|401/401 slp|[silent]","|-status|p1a: Manaphy|slp|[from] move: Rest","|move|p2a: Mamoswine|Earthquake|p1a: Manaphy","|-damage|p1a: Manaphy|244/401 slp","|","|-weather|RainDance|[upkeep]","|-curestatus|p1a: Manaphy|slp","|-heal|p1a: Manaphy|269/401|[from] item: Leftovers","|turn|11","|","|move|p1a: Manaphy|Rest|p1a: Manaphy","|-status|p1a: Manaphy|slp","|-heal|p1a: Manaphy|401/401 slp|[silent]","|-status|p1a: Manaphy|slp|[from] move: Rest","|move|p2a: Mamoswine|Earthquake|p1a: Manaphy","|-damage|p1a: Manaphy|251/401 slp","|","|-weather|RainDance|[upkeep]","|-curestatus|p1a: Manaphy|slp","|-heal|p1a: Manaphy|276/401|[from] item: Leftovers","|turn|12","|","|move|p1a: Manaphy|Scald|p2a: Mamoswine","|-supereffective|p2a: Mamoswine","|-damage|p2a: Mamoswine|0 fnt","|faint|p2a: Mamoswine","|","|-weather|none","|-heal|p1a: Manaphy|301/401|[from] item: Leftovers","|","|switch|p2a: Magnezone|Magnezone|343/343","|-damage|p2a: Magnezone|322/343|[from] Stealth Rock","|turn|13","|","|switch|p1a: Landorus-Therian|Landorus-Therian, M|361/361","|-damage|p1a: Landorus-Therian|316/361|[from] Stealth Rock","|-ability|p1a: Landorus-Therian|Intimidate","|-unboost|p2a: Magnezone|atk|1","|move|p2a: Magnezone|Volt Switch|p1a: Landorus-Therian","|-immune|p1a: Landorus-Therian|[msg]","|","|-heal|p1a: Landorus-Therian|338/361|[from] item: Leftovers","|turn|14","|","|switch|p2a: Gliscor|Gliscor, F|353/353","|-damage|p2a: Gliscor|309/353|[from] Stealth Rock","|move|p1a: Landorus-Therian|Swords Dance|p1a: Landorus-Therian","|-boost|p1a: Landorus-Therian|atk|2","|","|-heal|p1a: Landorus-Therian|360/361|[from] item: Leftovers","|-status|p2a: Gliscor|tox|[from] item: Toxic Orb","|turn|15","|","|move|p1a: Landorus-Therian|Stone Edge|p2a: Gliscor","|-damage|p2a: Gliscor|144/353 tox","|move|p2a: Gliscor|Toxic|p1a: Landorus-Therian","|-status|p1a: Landorus-Therian|tox","|","|-heal|p1a: Landorus-Therian|361/361 tox|[from] item: Leftovers","|-damage|p1a: Landorus-Therian|339/361 tox|[from] psn","|-heal|p2a: Gliscor|188/353 tox|[from] ability: Poison Heal","|turn|16","|","|move|p2a: Gliscor|Protect|p2a: Gliscor","|-singleturn|p2a: Gliscor|Protect","|move|p1a: Landorus-Therian|Swords Dance|p1a: Landorus-Therian","|-boost|p1a: Landorus-Therian|atk|2","|","|-heal|p1a: Landorus-Therian|361/361 tox|[from] item: Leftovers","|-damage|p1a: Landorus-Therian|317/361 tox|[from] psn","|-heal|p2a: Gliscor|232/353 tox|[from] ability: Poison Heal","|turn|17","|","|move|p1a: Landorus-Therian|Stone Edge|p2a: Gliscor","|-damage|p2a: Gliscor|8/353 tox","|move|p2a: Gliscor|Roost|p2a: Gliscor","|-heal|p2a: Gliscor|185/353 tox","|","|-heal|p1a: Landorus-Therian|339/361 tox|[from] item: Leftovers","|-damage|p1a: Landorus-Therian|273/361 tox|[from] psn","|-heal|p2a: Gliscor|229/353 tox|[from] ability: Poison Heal","|turn|18","|","|switch|p2a: Weavile|Weavile, M|281/281","|-damage|p2a: Weavile|211/281|[from] Stealth Rock","|move|p1a: Landorus-Therian|Stone Edge|p2a: Weavile","|-supereffective|p2a: Weavile","|-damage|p2a: Weavile|0 fnt","|faint|p2a: Weavile","|","|-heal|p1a: Landorus-Therian|295/361 tox|[from] item: Leftovers","|-damage|p1a: Landorus-Therian|207/361 tox|[from] psn","|","|switch|p2a: Lopunny|Lopunny, M|271/271","|-damage|p2a: Lopunny|238/271|[from] Stealth Rock","|turn|19","|","|switch|p1a: Clefable|Clefable, F|102/394","|detailschange|p2a: Lopunny|Lopunny-Mega, M","|-mega|p2a: Lopunny|Lopunny|Lopunnite","|move|p2a: Lopunny|Fake Out|p1a: Clefable","|-damage|p1a: Clefable|27/394","|","|-heal|p1a: Clefable|51/394|[from] item: Leftovers","|turn|20","|","|move|p2a: Lopunny|Ice Punch|p1a: Clefable","|-damage|p1a: Clefable|0 fnt","|faint|p1a: Clefable","|","|","|switch|p1a: Manaphy|Manaphy|301/401","|-damage|p1a: Manaphy|251/401|[from] Stealth Rock","|turn|21","|","|move|p2a: Lopunny|High Jump Kick|p1a: Manaphy","|-damage|p1a: Manaphy|67/401","|move|p1a: Manaphy|Scald|p2a: Lopunny","|-crit|p2a: Lopunny","|-damage|p2a: Lopunny|79/271","|","|-heal|p1a: Manaphy|92/401|[from] item: Leftovers","|turn|22","|","|switch|p1a: Landorus-Therian|Landorus-Therian, M|207/361 tox","|-damage|p1a: Landorus-Therian|162/361 tox|[from] Stealth Rock","|-ability|p1a: Landorus-Therian|Intimidate","|-unboost|p2a: Lopunny|atk|1","|move|p2a: Lopunny|Frustration|p1a: Landorus-Therian","|-damage|p1a: Landorus-Therian|33/361 tox","|","|-heal|p1a: Landorus-Therian|55/361 tox|[from] item: Leftovers","|-damage|p1a: Landorus-Therian|33/361 tox|[from] psn","|turn|23","|","|move|p2a: Lopunny|Ice Punch|p1a: Landorus-Therian","|-supereffective|p1a: Landorus-Therian","|-damage|p1a: Landorus-Therian|0 fnt","|faint|p1a: Landorus-Therian","|","|","|switch|p1a: Latios|Latios, M|299/299","|-damage|p1a: Latios|262/299|[from] Stealth Rock","|turn|24","|","|move|p2a: Lopunny|Ice Punch|p1a: Latios","|-supereffective|p1a: Latios","|-damage|p1a: Latios|102/299","|move|p1a: Latios|Psyshock|p2a: Lopunny","|-supereffective|p2a: Lopunny","|-damage|p2a: Lopunny|0 fnt","|-damage|p1a: Latios|73/299|[from] item: Life Orb","|faint|p2a: Lopunny","|","|","|switch|p2a: Garchomp|Garchomp, F|368/420","|-damage|p2a: Garchomp|342/420|[from] Stealth Rock","|turn|25","|","|move|p1a: Latios|Draco Meteor|p2a: Garchomp","|-supereffective|p2a: Garchomp","|-damage|p2a: Garchomp|0 fnt","|-unboost|p1a: Latios|spa|2","|-damage|p1a: Latios|44/299|[from] item: Life Orb","|faint|p2a: Garchomp","|","|","|switch|p2a: Gliscor|Gliscor, F|229/353 tox","|-damage|p2a: Gliscor|185/353 tox|[from] Stealth Rock","|turn|26","|","|move|p1a: Latios|Recover|p1a: Latios","|-heal|p1a: Latios|194/299","|move|p2a: Gliscor|Toxic|p1a: Latios|[miss]","|-miss|p2a: Gliscor|p1a: Latios","|","|-heal|p2a: Gliscor|229/353 tox|[from] ability: Poison Heal","|turn|27","|","|move|p1a: Latios|Defog|p2a: Gliscor","|-unboost|p2a: Gliscor|evasion|1","|-sideend|p2: Crystal Blade64|Stealth Rock|[from] move: Defog|[of] p2a: Gliscor","|-sideend|p1: Logic|Stealth Rock|[from] move: Defog|[of] p1a: Latios","|move|p2a: Gliscor|Toxic|p1a: Latios","|-status|p1a: Latios|tox","|","|-damage|p1a: Latios|176/299 tox|[from] psn","|-heal|p2a: Gliscor|273/353 tox|[from] ability: Poison Heal","|turn|28","|","|switch|p1a: Manaphy|Manaphy|92/401","|switch|p2a: Magnezone|Magnezone|322/343","|","|-heal|p1a: Manaphy|117/401|[from] item: Leftovers","|turn|29","|","|switch|p1a: Latios|Latios, M|176/299 tox","|move|p2a: Magnezone|Volt Switch|p1a: Latios","|-resisted|p1a: Latios","|-damage|p1a: Latios|55/299 tox","|","|switch|p2a: Gliscor|Gliscor, F|273/353 tox","|","|-damage|p1a: Latios|37/299 tox|[from] psn","|-heal|p2a: Gliscor|317/353 tox|[from] ability: Poison Heal","|turn|30","|","|switch|p2a: Magnezone|Magnezone|322/343","|move|p1a: Latios|Draco Meteor|p2a: Magnezone","|-resisted|p2a: Magnezone","|-damage|p2a: Magnezone|147/343","|-unboost|p1a: Latios|spa|2","|-damage|p1a: Latios|8/299 tox|[from] item: Life Orb","|","|-damage|p1a: Latios|0 fnt|[from] psn","|faint|p1a: Latios","|","|switch|p1a: Manaphy|Manaphy|117/401","|turn|31","|","|move|p1a: Manaphy|Scald|p2a: Magnezone","|-damage|p2a: Magnezone|36/343","|-status|p2a: Magnezone|brn","|move|p2a: Magnezone|Volt Switch|p1a: Manaphy","|-supereffective|p1a: Manaphy","|-damage|p1a: Manaphy|0 fnt","|faint|p1a: Manaphy","|","|win|Crystal Blade64"],"p1rating":{"entryid":"2182","serverid":"eos","formatid":"ou","userid":"logic","username":"Logic","w":"8","l":4,"t":"0","gxe":59.4,"r":"1597.2104632196","rd":"85.496516511687","sigma":"0","rptime":"1439974800","rpr":1573.9666156935,"rprd":83.498371539665,"rpsigma":"0","acre":1105.5578484236,"lacre":1105.5578484236,"oldacre":"1137.3875034389"},"p2rating":{"entryid":"123969","serverid":"eos","formatid":"ou","userid":"crystalblade64","username":"Crystal Blade64","w":2,"l":"0","t":"0","gxe":60.4,"r":"1500","rd":"130","sigma":"0","rptime":"1439974800","rpr":1584.0363542179,"rprd":116.69754406584,"rpsigma":"0","acre":1083.2883308208,"lacre":1083.2883308208,"oldacre":"1040"},"endType":"normal"}