{"seed":[16746,23060,49105,48718],"turns":17,"p1":"Apex✦Dnite","p2":"Apex Salamence","p1team":[{"name":"Yung Claw","species":"weavile","item":"lifeorb","ability":"Pressure","moves":["knockoff","iceshard","lowkick","swordsdance"],"nature":"Jolly","evs":{"hp":0,"atk":252,"def":0,"spa":0,"spd":4,"spe":252},"ivs":{"hp":31,"atk":31,"def":31,"spa":31,"spd":31,"spe":31}},{"name":"Bugs","species":"azumarill","item":"choiceband","ability":"Huge Power","moves":["playrough","superpower","aquatail","knockoff"],"nature":"Adamant","evs":{"hp":212,"atk":252,"def":0,"spa":0,"spd":8,"spe":36},"gender":"M","shiny":true,"ivs":{"hp":31,"atk":31,"def":31,"spa":31,"spd":31,"spe":31}},{"name":"Draven","species":"garchomp","item":"choiceband","ability":"Sand Veil","moves":["outrage","earthquake","fireblast","poisonjab"],"nature":"Naive","evs":{"hp":0,"atk":252,"def":0,"spa":4,"spd":0,"spe":252},"gender":"M","shiny":true,"ivs":{"hp":31,"atk":31,"def":31,"spa":31,"spd":31,"spe":31}},{"name":"Ashy","species":"toxicroak","item":"blacksludge","ability":"Dry Skin","moves":["drainpunch","bulkup","gunkshot","icepunch"],"nature":"Adamant","evs":{"hp":252,"atk":252,"def":0,"spa":0,"spd":4,"spe":0},"ivs":{"hp":31,"atk":31,"def":31,"spa":31,"spd":31,"spe":31}},{"name":"SuperSoakThat","species":"politoed","item":"leftovers","ability":"Drizzle","moves":["hydropump","toxic","icebeam","perishsong"],"nature":"Calm","evs":{"hp":252,"atk":0,"def":0,"spa":4,"spd":252,"spe":0},"gender":"M","shiny":true,"ivs":{"hp":31,"atk":31,"def":31,"spa":31,"spd":31,"spe":31}},{"name":"GODZIRAA!!!!!!","species":"tyranitar","item":"tyranitarite","ability":"Sand Stream","moves":["dragondance","stoneedge","icepunch","superpower"],"nature":"Jolly","evs":{"hp":0,"atk":252,"def":4,"spa":0,"spd":0,"spe":252},"gender":"M","shiny":true,"ivs":{"hp":31,"atk":31,"def":31,"spa":31,"spd":31,"spe":31}}],"p2team":[{"name":"Porunga","species":"dragonite","item":"weaknesspolicy","ability":"Multiscale","moves":["dragonclaw","dragondance","extremespeed","firepunch"],"nature":"Adamant","evs":{"hp":0,"atk":252,"def":0,"spa":0,"spd":4,"spe":252},"gender":"M","shiny":true,"ivs":{"hp":31,"atk":31,"def":31,"spa":31,"spd":31,"spe":31}},{"name":"Jungle Gus","species":"venusaur","item":"venusaurite","ability":"Overgrow","moves":["gigadrain","sleeppowder","leechseed","sludgebomb"],"nature":"Calm","evs":{"hp":248,"atk":0,"def":0,"spa":8,"spd":252,"spe":0},"gender":"M","shiny":true,"ivs":{"hp":31,"atk":31,"def":31,"spa":31,"spd":31,"spe":31}},{"name":"Hell Hound","species":"arcanine","item":"choiceband","ability":"Intimidate","moves":["closecombat","extremespeed","flareblitz","wildcharge"],"nature":"Adamant","evs":{"hp":248,"atk":252,"def":0,"spa":0,"spd":8,"spe":0},"gender":"M","shiny":true,"ivs":{"hp":31,"atk":31,"def":31,"spa":31,"spd":31,"spe":31}},{"name":"Misty","species":"starmie","item":"choicescarf","ability":"Analytic","moves":["trick","scald","psyshock","icebeam"],"nature":"Timid","evs":{"hp":0,"atk":0,"def":0,"spa":252,"spd":4,"spe":252},"shiny":true,"ivs":{"hp":31,"atk":31,"def":31,"spa":31,"spd":31,"spe":31}},{"name":"Snarlox","species":"snorlax","item":"leftovers","ability":"Thick Fat","moves":["curse","bodyslam","heavyslam","gunkshot"],"nature":"Adamant","evs":{"hp":252,"atk":252,"def":0,"spa":0,"spd":4,"spe":0},"gender":"M","shiny":true,"ivs":{"hp":31,"atk":31,"def":31,"spa":31,"spd":31,"spe":31}},{"name":"Nappy","species":"gengar","item":"blacksludge","ability":"Levitate","moves":["taunt","willowisp","hex","sludgewave"],"nature":"Timid","evs":{"hp":0,"atk":0,"def":0,"spa":252,"spd":4,"spe":252},"gender":"M","shiny":true,"ivs":{"hp":31,"atk":31,"def":31,"spa":31,"spd":31,"spe":31}}],"log":["|player|p1|Apex✦Dnite|264","|player|p2|Apex Salamence|265","|gametype|singles","|gen|6","|tier|OU","|rated","|clearpoke","|poke|p1|Weavile, F","|poke|p1|Azumarill, M, shiny","|poke|p1|Garchomp, M, shiny","|poke|p1|Toxicroak, F","|poke|p1|Politoed, M, shiny","|poke|p1|Tyranitar, M, shiny","|poke|p2|Dragonite, M, shiny","|poke|p2|Venusaur, M, shiny","|poke|p2|Arcanine, M, shiny","|poke|p2|Starmie, shiny","|poke|p2|Snorlax, M, shiny","|poke|p2|Gengar, M, shiny","|rule|Swagger Clause: Swagger is banned","|rule|Baton Pass Clause: Limit one Baton Passer, can't pass Spe and other stats simultaneously","|rule|Sleep Clause Mod: Limit one foe put to sleep","|rule|Species Clause: Limit one of each Pokémon","|rule|OHKO Clause: OHKO moves are banned","|rule|Moody Clause: Moody is banned","|rule|Evasion Moves Clause: Evasion moves are banned","|rule|Endless Battle Clause: Forcing endless battles is banned","|rule|HP Percentage Mod: HP is shown in percentages","|teampreview","|","|start","|switch|p1a: SuperSoakThat|Politoed, M, shiny|384/384","|switch|p2a: Nappy|Gengar, M, shiny|261/261","|-weather|RainDance","|turn|1","|","|move|p2a: Nappy|Will-O-Wisp|p1a: SuperSoakThat","|-status|p1a: SuperSoakThat|brn","|move|p1a: SuperSoakThat|Hydro Pump|p2a: Nappy","|-damage|p2a: Nappy|51/261","|","|-weather|RainDance|[upkeep]","|-heal|p2a: Nappy|67/261|[from] item: Black Sludge","|-damage|p1a: SuperSoakThat|336/384 brn|[from] brn","|turn|2","|","|move|p2a: Nappy|Hex|p1a: SuperSoakThat","|-damage|p1a: SuperSoakThat|183/384 brn","|move|p1a: SuperSoakThat|Ice Beam|p2a: Nappy","|-damage|p2a: Nappy|0 fnt","|faint|p2a: Nappy","|","|-weather|RainDance|[upkeep]","|-heal|p1a: SuperSoakThat|207/384 brn|[from] item: Leftovers","|-damage|p1a: SuperSoakThat|159/384 brn|[from] brn","|","|switch|p2a: Hell Hound|Arcanine, M, shiny|383/383","|-ability|p2a: Hell Hound|Intimidate","|-unboost|p1a: SuperSoakThat|atk|1","|turn|3","|","|move|p2a: Hell Hound|Wild Charge|p1a: SuperSoakThat","|-supereffective|p1a: SuperSoakThat","|-damage|p1a: SuperSoakThat|0 fnt","|-damage|p2a: Hell Hound|343/383|[from] recoil|[of] p1a: SuperSoakThat","|faint|p1a: SuperSoakThat","|","|-weather|RainDance|[upkeep]","|","|switch|p1a: Bugs|Azumarill, M, shiny|394/394","|turn|4","|","|move|p2a: Hell Hound|Wild Charge|p1a: Bugs","|-supereffective|p1a: Bugs","|-damage|p1a: Bugs|0 fnt","|-damage|p2a: Hell Hound|244/383|[from] recoil|[of] p1a: Bugs","|faint|p1a: Bugs","|","|-weather|RainDance|[upkeep]","|","|switch|p1a: Draven|Garchomp, M, shiny|357/357","|turn|5","|","|switch|p2a: Porunga|Dragonite, M, shiny|323/323","|move|p1a: Draven|Outrage|p2a: Porunga","|-supereffective|p2a: Porunga","|-damage|p2a: Porunga|10/323","|-enditem|p2a: Porunga|Weakness Policy","|-boost|p2a: Porunga|atk|2|[from] item: Weakness Policy","|-boost|p2a: Porunga|spa|2|[from] item: Weakness Policy","|","|-weather|none","|turn|6","|","|move|p2a: Porunga|Extreme Speed|p1a: Draven","|-damage|p1a: Draven|133/357","|move|p1a: Draven|Outrage|p2a: Porunga|[from]lockedmove","|-supereffective|p2a: Porunga","|-damage|p2a: Porunga|0 fnt","|-start|p1a: Draven|confusion|[fatigue]","|faint|p2a: Porunga","|","|","|switch|p2a: Misty|Starmie, shiny|261/261","|turn|7","|","|switch|p1a: Yung Claw|Weavile, F|281/281","|-ability|p1a: Yung Claw|Pressure","|move|p2a: Misty|Trick|p1a: Yung Claw","|-activate|p2a: Misty|move: Trick|[of] p1a: Yung Claw","|-item|p1a: Yung Claw|Choice Scarf|[from] move: Trick","|-item|p2a: Misty|Life Orb|[from] move: Trick","|","|turn|8","|","|move|p1a: Yung Claw|Knock Off|p2a: Misty","|-supereffective|p2a: Misty","|-damage|p2a: Misty|0 fnt","|-enditem|p2a: Misty|Life Orb|[from] move: Knock Off|[of] p1a: Yung Claw","|faint|p2a: Misty","|","|","|switch|p2a: Jungle Gus|Venusaur, M, shiny|363/363","|turn|9","|","|detailschange|p2a: Jungle Gus|Venusaur-Mega, M, shiny","|-mega|p2a: Jungle Gus|Venusaur|Venusaurite","|move|p1a: Yung Claw|Knock Off|p2a: Jungle Gus","|-damage|p2a: Jungle Gus|264/363","|move|p2a: Jungle Gus|Sleep Powder|p1a: Yung Claw","|-status|p1a: Yung Claw|slp","|","|turn|10","|","|switch|p1a: Draven|Garchomp, M, shiny|133/357","|move|p2a: Jungle Gus|Leech Seed|p1a: Draven","|-start|p1a: Draven|move: Leech Seed","|","|-damage|p1a: Draven|89/357|[from] Leech Seed|[of] p2a: Jungle Gus","|-heal|p2a: Jungle Gus|308/363|[silent]","|turn|11","|","|move|p1a: Draven|Outrage|p2a: Jungle Gus","|-damage|p2a: Jungle Gus|32/363","|move|p2a: Jungle Gus|Giga Drain|p1a: Draven","|-damage|p1a: Draven|0 fnt","|-heal|p2a: Jungle Gus|77/363|[from] drain|[of] p1a: Draven","|faint|p1a: Draven","|","|","|switch|p1a: Ashy|Toxicroak, F|370/370","|turn|12","|","|move|p1a: Ashy|Ice Punch|p2a: Jungle Gus","|-crit|p2a: Jungle Gus","|-supereffective|p2a: Jungle Gus","|-damage|p2a: Jungle Gus|0 fnt","|faint|p2a: Jungle Gus","|","|","|switch|p2a: Hell Hound|Arcanine, M, shiny|244/383","|-ability|p2a: Hell Hound|Intimidate","|-unboost|p1a: Ashy|atk|1","|turn|13","|","|switch|p1a: GODZIRAA!!!!!!|Tyranitar, M, shiny|341/341","|-weather|Sandstorm","|move|p2a: Hell Hound|Flare Blitz|p1a: GODZIRAA!!!!!!","|-resisted|p1a: GODZIRAA!!!!!!","|-damage|p1a: GODZIRAA!!!!!!|190/341","|-damage|p2a: Hell Hound|194/383|[from] recoil|[of] p1a: GODZIRAA!!!!!!","|","|-weather|Sandstorm|[upkeep]","|-damage|p2a: Hell Hound|171/383|[from] sandstorm","|turn|14","|","|detailschange|p1a: GODZIRAA!!!!!!|Tyranitar-Mega, M, shiny","|-mega|p1a: GODZIRAA!!!!!!|Tyranitar|Tyranitarite","|move|p1a: GODZIRAA!!!!!!|Superpower|p2a: Hell Hound","|-damage|p2a: Hell Hound|0 fnt","|-unboost|p1a: GODZIRAA!!!!!!|atk|1","|-unboost|p1a: GODZIRAA!!!!!!|def|1","|faint|p2a: Hell Hound","|","|-weather|Sandstorm|[upkeep]","|","|switch|p2a: Snarlox|Snorlax, M, shiny|524/524","|turn|15","|","|move|p1a: GODZIRAA!!!!!!|Superpower|p2a: Snarlox","|-supereffective|p2a: Snarlox","|-damage|p2a: Snarlox|202/524","|-unboost|p1a: GODZIRAA!!!!!!|atk|1","|-unboost|p1a: GODZIRAA!!!!!!|def|1","|move|p2a: Snarlox|Curse|p2a: Snarlox","|-unboost|p2a: Snarlox|spe|1","|-boost|p2a: Snarlox|atk|1","|-boost|p2a: Snarlox|def|1","|","|-weather|Sandstorm|[upkeep]","|-damage|p2a: Snarlox|170/524|[from] sandstorm","|-heal|p2a: Snarlox|202/524|[from] item: Leftovers","|turn|16","|","|move|p1a: GODZIRAA!!!!!!|Superpower|p2a: Snarlox","|-supereffective|p2a: Snarlox","|-damage|p2a: Snarlox|52/524","|-unboost|p1a: GODZIRAA!!!!!!|atk|1","|-unboost|p1a: GODZIRAA!!!!!!|def|1","|move|p2a: Snarlox|Body Slam|p1a: GODZIRAA!!!!!!","|-resisted|p1a: GODZIRAA!!!!!!","|-damage|p1a: GODZIRAA!!!!!!|0 fnt","|faint|p1a: GODZIRAA!!!!!!","|","|-weather|Sandstorm|[upkeep]","|-damage|p2a: Snarlox|20/524|[from] sandstorm","|-heal|p2a: Snarlox|52/524|[from] item: Leftovers","|","|switch|p1a: Ashy|Toxicroak, F|370/370","|turn|17","|","|move|p1a: Ashy|Drain Punch|p2a: Snarlox","|-supereffective|p2a: Snarlox","|-damage|p2a: Snarlox|0 fnt","|faint|p2a: Snarlox","|","|win|Apex✦Dnite"],"p1rating":{"entryid":"166461","serverid":"eos","formatid":"ou","userid":"apexdnite","username":"Apex✦Dnite","w":1,"l":"1","t":"0","gxe":50,"r":"1500","rd":"130","sigma":"0","rptime":"1439974800","rpr":1500,"rprd":116.77753930647,"rpsigma":"0","acre":1040,"lacre":1040,"oldacre":"1000"},"p2rating":{"entryid":166707,"formatid":"ou","userid":"apexsalamence","username":"Apex Salamence","r":1500,"rd":130,"sigma":0,"rpr":1459.8393856612,"rprd":122.8583080769,"rpsigma":0,"rptime":1439974800,"w":0,"l":1,"t":0,"gxe":45,"acre":1000,"lacre":1000,"oldacre":1000},"endType":"normal"}