{"seed":[8481,47422,27578,39712],"turns":49,"p1":"Neziro","p2":"flantos4","p1team":[{"name":"Chandelure","species":"Chandelure","item":"shellbell","ability":"Flash Fire","moves":["energyball","willowisp","shadowball","flamethrower"],"nature":"Modest","evs":{"hp":248,"atk":0,"def":0,"spa":252,"spd":8,"spe":0},"gender":"M","ivs":{"hp":31,"atk":31,"def":31,"spa":31,"spd":31,"spe":31}},{"name":"Sableye","species":"Sableye","item":"lumberry","ability":"Prankster","moves":["confuseray","recover","willowisp","taunt"],"nature":"Calm","evs":{"hp":248,"atk":0,"def":50,"spa":0,"spd":200,"spe":0},"gender":"M","ivs":{"hp":31,"atk":31,"def":31,"spa":31,"spd":31,"spe":31}},{"name":"Gengar","species":"Gengar","item":"blacksludge","ability":"Levitate","moves":["toxic","shadowball","substitute","disable"],"nature":"Timid","evs":{"hp":0,"atk":0,"def":0,"spa":252,"spd":4,"spe":252},"gender":"M","ivs":{"hp":31,"atk":31,"def":31,"spa":31,"spd":31,"spe":31}},{"name":"Dusknoir","species":"Dusknoir","item":"leftovers","ability":"Frisk","moves":["trickroom","shadowpunch","icepunch","curse"],"nature":"Lonely","evs":{"hp":252,"atk":252,"def":0,"spa":4,"spd":0,"spe":0},"gender":"M","ivs":{"hp":31,"atk":31,"def":31,"spa":31,"spd":31,"spe":0}},{"name":"Banette","species":"Banette","item":"banettite","ability":"Cursed Body","moves":["phantomforce","protect","suckerpunch","destinybond"],"nature":"Impish","evs":{"hp":252,"atk":0,"def":56,"spa":0,"spd":0,"spe":200},"gender":"M","ivs":{"hp":31,"atk":31,"def":31,"spa":31,"spd":31,"spe":31}},{"name":"Trevenant","species":"Trevenant","item":"sitrusberry","ability":"Harvest","moves":["leechseed","drainpunch","shadowclaw","gigadrain"],"nature":"Modest","evs":{"hp":248,"atk":252,"def":0,"spa":0,"spd":8,"spe":0},"gender":"M","ivs":{"hp":31,"atk":31,"def":31,"spa":31,"spd":31,"spe":31}}],"p2team":[{"name":"Darrell","species":"umbreon","item":"leftovers","ability":"Synchronize","moves":["rest","snore","protect","sleeptalk"],"nature":"Calm","evs":{"hp":252,"atk":0,"def":0,"spa":4,"spd":252,"spe":0},"gender":"M","shiny":true,"ivs":{"hp":31,"atk":31,"def":31,"spa":31,"spd":31,"spe":31}},{"name":"Mach","species":"jolteon","item":"quickclaw","ability":"Quick Feet","moves":["signalbeam","thunderwave","thunderbolt","voltswitch"],"nature":"Timid","evs":{"hp":0,"atk":0,"def":0,"spa":252,"spd":4,"spe":252},"gender":"M","ivs":{"hp":31,"atk":31,"def":31,"spa":31,"spd":31,"spe":31}},{"name":"Princess","species":"sylveon","item":"razorclaw","ability":"Pixilate","moves":["moonblast","batonpass","hyperbeam","calmmind"],"nature":"Modest","evs":{"hp":248,"atk":0,"def":0,"spa":252,"spd":8,"spe":0},"gender":"F","shiny":true,"ivs":{"hp":31,"atk":31,"def":31,"spa":31,"spd":31,"spe":31}},{"name":"Cal","species":"flareon","item":"charcoal","ability":"Guts","moves":["flamethrower","flareblitz","willowisp","flamecharge"],"nature":"Hasty","evs":{"hp":0,"atk":252,"def":0,"spa":4,"spd":0,"spe":252},"gender":"M","ivs":{"hp":31,"atk":31,"def":31,"spa":31,"spd":31,"spe":31}},{"name":"Mary Jane","species":"leafeon","item":"bigroot","ability":"Chlorophyll","moves":["synthesis","toxic","leafblade","xscissor"],"nature":"Adamant","evs":{"hp":0,"atk":252,"def":0,"spa":0,"spd":4,"spe":252},"gender":"F","shiny":true,"ivs":{"hp":31,"atk":31,"def":31,"spa":31,"spd":31,"spe":31}},{"name":"Loch","species":"vaporeon","item":"sitrusberry","ability":"Water Absorb","moves":["surf","aquaring","icebeam","hydropump"],"nature":"Modest","evs":{"hp":248,"atk":0,"def":0,"spa":252,"spd":8,"spe":0},"gender":"M","ivs":{"hp":31,"atk":31,"def":31,"spa":31,"spd":31,"spe":31}}],"log":["|player|p1|Neziro|144","|player|p2|flantos4|260","|gametype|singles","|gen|6","|tier|OU","|rated","|clearpoke","|poke|p1|Chandelure, M","|poke|p1|Sableye, M","|poke|p1|Gengar, M","|poke|p1|Dusknoir, M","|poke|p1|Banette, M","|poke|p1|Trevenant, M","|poke|p2|Umbreon, M, shiny","|poke|p2|Jolteon, M","|poke|p2|Sylveon, F, shiny","|poke|p2|Flareon, M","|poke|p2|Leafeon, F, shiny","|poke|p2|Vaporeon, M","|rule|Swagger Clause: Swagger is banned","|rule|Baton Pass Clause: Limit one Baton Passer, can't pass Spe and other stats simultaneously","|rule|Sleep Clause Mod: Limit one foe put to sleep","|rule|Species Clause: Limit one of each Pokémon","|rule|OHKO Clause: OHKO moves are banned","|rule|Moody Clause: Moody is banned","|rule|Evasion Moves Clause: Evasion moves are banned","|rule|Endless Battle Clause: Forcing endless battles is banned","|rule|HP Percentage Mod: HP is shown in percentages","|teampreview","|","|start","|switch|p1a: Sableye|Sableye, M|303/303","|switch|p2a: Cal|Flareon, M|271/271","|turn|1","|","|move|p1a: Sableye|Confuse Ray|p2a: Cal","|-start|p2a: Cal|confusion","|-activate|p2a: Cal|confusion","|move|p2a: Cal|Will-O-Wisp|p1a: Sableye","|-status|p1a: Sableye|brn","|-enditem|p1a: Sableye|Lum Berry|[eat]","|-curestatus|p1a: Sableye|brn","|","|turn|2","|","|switch|p1a: Chandelure|Chandelure, M|323/323","|-activate|p2a: Cal|confusion","|move|p2a: Cal|Flame Charge|p1a: Chandelure","|-start|p1a: Chandelure|ability: Flash Fire","|","|turn|3","|","|switch|p2a: Loch|Vaporeon, M|463/463","|move|p1a: Chandelure|Shadow Ball|p2a: Loch","|-damage|p2a: Loch|303/463","|","|turn|4","|","|move|p1a: Chandelure|Energy Ball|p2a: Loch","|-supereffective|p2a: Loch","|-damage|p2a: Loch|41/463","|-enditem|p2a: Loch|Sitrus Berry|[eat]","|-heal|p2a: Loch|156/463|[from] item: Sitrus Berry","|move|p2a: Loch|Ice Beam|p1a: Chandelure","|-resisted|p1a: Chandelure","|-damage|p1a: Chandelure|267/323","|","|turn|5","|","|move|p1a: Chandelure|Energy Ball|p2a: Loch","|-supereffective|p2a: Loch","|-damage|p2a: Loch|0 fnt","|-heal|p1a: Chandelure|286/323|[from] item: Shell Bell|[of] p2a: Loch","|faint|p2a: Loch","|","|","|switch|p2a: Mach|Jolteon, M|271/271","|turn|6","|","|move|p2a: Mach|Thunder Wave|p1a: Chandelure","|-status|p1a: Chandelure|par","|cant|p1a: Chandelure|par","|","|turn|7","|","|move|p2a: Mach|Thunderbolt|p1a: Chandelure","|-damage|p1a: Chandelure|141/323 par","|move|p1a: Chandelure|Flamethrower|p2a: Mach","|-damage|p2a: Mach|0 fnt","|-heal|p1a: Chandelure|174/323 par|[from] item: Shell Bell|[of] p2a: Mach","|faint|p2a: Mach","|","|","|switch|p2a: Princess|Sylveon, F, shiny|393/393","|turn|8","|","|move|p2a: Princess|Moonblast|p1a: Chandelure","|-resisted|p1a: Chandelure","|-damage|p1a: Chandelure|91/323 par","|-unboost|p1a: Chandelure|spa|1","|move|p1a: Chandelure|Will-O-Wisp|p2a: Princess","|-status|p2a: Princess|brn","|","|-damage|p2a: Princess|344/393 brn|[from] brn","|turn|9","|","|move|p2a: Princess|Moonblast|p1a: Chandelure","|-resisted|p1a: Chandelure","|-damage|p1a: Chandelure|0 fnt","|faint|p1a: Chandelure","|","|-damage|p2a: Princess|295/393 brn|[from] brn","|","|switch|p1a: Gengar|Gengar, M|261/261","|turn|10","|","|move|p1a: Gengar|Substitute|p1a: Gengar","|-start|p1a: Gengar|Substitute","|-damage|p1a: Gengar|196/261","|move|p2a: Princess|Hyper Beam|p1a: Gengar","|-resisted|p1a: Gengar","|-end|p1a: Gengar|Substitute","|","|-heal|p1a: Gengar|212/261|[from] item: Black Sludge","|-damage|p2a: Princess|246/393 brn|[from] brn","|turn|11","|-mustrecharge|p2a: Princess","|-mustrecharge|p2a: Princess","|","|move|p1a: Gengar|Shadow Ball|p2a: Princess","|-damage|p2a: Princess|143/393 brn","|cant|p2a: Princess|recharge","|","|-heal|p1a: Gengar|228/261|[from] item: Black Sludge","|-damage|p2a: Princess|94/393 brn|[from] brn","|turn|12","|","|move|p1a: Gengar|Shadow Ball|p2a: Princess","|-damage|p2a: Princess|0 fnt","|faint|p2a: Princess","|","|-heal|p1a: Gengar|244/261|[from] item: Black Sludge","|","|switch|p2a: Cal|Flareon, M|271/271","|turn|13","|","|move|p1a: Gengar|Substitute|p1a: Gengar","|-start|p1a: Gengar|Substitute","|-damage|p1a: Gengar|179/261","|move|p2a: Cal|Flame Charge|p1a: Gengar","|-end|p1a: Gengar|Substitute","|-boost|p2a: Cal|spe|1","|","|-heal|p1a: Gengar|195/261|[from] item: Black Sludge","|turn|14","|","|move|p2a: Cal|Flame Charge|p1a: Gengar","|-damage|p1a: Gengar|20/261","|-boost|p2a: Cal|spe|1","|move|p1a: Gengar|Disable|p2a: Cal","|-start|p2a: Cal|Disable|Flame Charge","|","|-heal|p1a: Gengar|36/261|[from] item: Black Sludge","|turn|15","|","|move|p2a: Cal|Flamethrower|p1a: Gengar","|-damage|p1a: Gengar|0 fnt","|faint|p1a: Gengar","|","|","|switch|p1a: Dusknoir|Dusknoir, M|294/294","|-item|p2a: Cal|Charcoal|[from] ability: Frisk|[of] p1a: Dusknoir|[identify]","|turn|16","|","|move|p2a: Cal|Flare Blitz|p1a: Dusknoir","|-damage|p1a: Dusknoir|83/294","|-damage|p2a: Cal|201/271|[from] recoil|[of] p1a: Dusknoir","|move|p1a: Dusknoir|Trick Room|p1a: Dusknoir","|-fieldstart|move: Trick Room|[of] p1a: Dusknoir","|","|-heal|p1a: Dusknoir|101/294|[from] item: Leftovers","|turn|17","|","|move|p1a: Dusknoir|Curse|p2a: Cal","|-start|p2a: Cal|Curse|[of] p1a: Dusknoir","|-damage|p1a: Dusknoir|0 fnt","|faint|p1a: Dusknoir","|move|p2a: Cal|Flamethrower|p1: Dusknoir|[notarget]","|-notarget","|","|-damage|p2a: Cal|134/271|[from] Curse","|","|switch|p1a: Banette|Banette, M|332/332","|turn|18","|","|move|p1a: Banette|Protect|p1a: Banette","|-singleturn|p1a: Banette|Protect","|move|p2a: Cal|Flare Blitz|p1a: Banette","|-activate|p1a: Banette|Protect","|","|-damage|p2a: Cal|67/271|[from] Curse","|-end|p2a: Cal|Disable","|turn|19","|","|detailschange|p1a: Banette|Banette-Mega, M","|-mega|p1a: Banette|Banette|Banettite","|move|p1a: Banette|Sucker Punch|p2a: Cal","|-damage|p2a: Cal|0 fnt","|faint|p2a: Cal","|","|","|switch|p2a: Darrell|Umbreon, M, shiny|394/394","|turn|20","|","|switch|p1a: Sableye|Sableye, M|303/303","|move|p2a: Darrell|Protect|p2a: Darrell","|-fail|p2a: Darrell","|","|-fieldend|move: Trick Room","|turn|21","|","|move|p2a: Darrell|Protect|p2a: Darrell","|-singleturn|p2a: Darrell|Protect","|move|p1a: Sableye|Will-O-Wisp|p2a: Darrell","|-activate|p2a: Darrell|Protect","|","|turn|22","|","|move|p1a: Sableye|Will-O-Wisp|p2a: Darrell","|-status|p2a: Darrell|brn","|-status|p1a: Sableye|brn","|move|p2a: Darrell|Rest|p2a: Darrell","|-fail|p2a: Darrell","|","|-damage|p2a: Darrell|345/394 brn|[from] brn","|-damage|p1a: Sableye|266/303 brn|[from] brn","|turn|23","|","|move|p1a: Sableye|Taunt|p2a: Darrell","|-start|p2a: Darrell|move: Taunt","|cant|p2a: Darrell|move: Taunt|Rest","|","|-heal|p2a: Darrell|369/394 brn|[from] item: Leftovers","|-damage|p2a: Darrell|320/394 brn|[from] brn","|-damage|p1a: Sableye|229/303 brn|[from] brn","|turn|24","|","|switch|p2a: Mary Jane|Leafeon, F, shiny|271/271","|move|p1a: Sableye|Confuse Ray|p2a: Mary Jane","|-start|p2a: Mary Jane|confusion","|","|-damage|p1a: Sableye|192/303 brn|[from] brn","|turn|25","|","|move|p1a: Sableye|Will-O-Wisp|p2a: Mary Jane","|-status|p2a: Mary Jane|brn","|-activate|p2a: Mary Jane|confusion","|-damage|p2a: Mary Jane|252/271 brn|[from] confusion","|","|-damage|p2a: Mary Jane|219/271 brn|[from] brn","|-damage|p1a: Sableye|155/303 brn|[from] brn","|turn|26","|","|move|p1a: Sableye|Taunt|p2a: Mary Jane","|-start|p2a: Mary Jane|move: Taunt","|-end|p2a: Mary Jane|confusion","|move|p2a: Mary Jane|X-Scissor|p1a: Sableye","|-damage|p1a: Sableye|101/303 brn","|","|-damage|p2a: Mary Jane|186/271 brn|[from] brn","|-damage|p1a: Sableye|64/303 brn|[from] brn","|turn|27","|","|move|p1a: Sableye|Recover|p1a: Sableye","|-heal|p1a: Sableye|216/303 brn","|move|p2a: Mary Jane|Leaf Blade|p1a: Sableye","|-crit|p1a: Sableye","|-damage|p1a: Sableye|73/303 brn","|","|-damage|p2a: Mary Jane|153/271 brn|[from] brn","|-damage|p1a: Sableye|36/303 brn|[from] brn","|turn|28","|","|move|p1a: Sableye|Recover|p1a: Sableye","|-heal|p1a: Sableye|188/303 brn","|move|p2a: Mary Jane|Leaf Blade|p1a: Sableye","|-crit|p1a: Sableye","|-damage|p1a: Sableye|45/303 brn","|","|-damage|p2a: Mary Jane|120/271 brn|[from] brn","|-damage|p1a: Sableye|8/303 brn|[from] brn","|-end|p2a: Mary Jane|move: Taunt","|turn|29","|","|move|p1a: Sableye|Recover|p1a: Sableye","|-heal|p1a: Sableye|160/303 brn","|move|p2a: Mary Jane|Leaf Blade|p1a: Sableye","|-damage|p1a: Sableye|73/303 brn","|","|-damage|p2a: Mary Jane|87/271 brn|[from] brn","|-damage|p1a: Sableye|36/303 brn|[from] brn","|turn|30","|","|move|p1a: Sableye|Recover|p1a: Sableye","|-heal|p1a: Sableye|188/303 brn","|move|p2a: Mary Jane|Leaf Blade|p1a: Sableye","|-damage|p1a: Sableye|101/303 brn","|","|-damage|p2a: Mary Jane|54/271 brn|[from] brn","|-damage|p1a: Sableye|64/303 brn|[from] brn","|turn|31","|","|move|p1a: Sableye|Recover|p1a: Sableye","|-heal|p1a: Sableye|216/303 brn","|move|p2a: Mary Jane|Leaf Blade|p1a: Sableye","|-damage|p1a: Sableye|123/303 brn","|","|-damage|p2a: Mary Jane|21/271 brn|[from] brn","|-damage|p1a: Sableye|86/303 brn|[from] brn","|turn|32","|","|move|p1a: Sableye|Recover|p1a: Sableye","|-heal|p1a: Sableye|238/303 brn","|move|p2a: Mary Jane|Synthesis|p2a: Mary Jane","|-heal|p2a: Mary Jane|156/271 brn","|","|-damage|p2a: Mary Jane|123/271 brn|[from] brn","|-damage|p1a: Sableye|201/303 brn|[from] brn","|turn|33","|","|move|p1a: Sableye|Taunt|p2a: Mary Jane","|-start|p2a: Mary Jane|move: Taunt","|cant|p2a: Mary Jane|move: Taunt|Synthesis","|","|-damage|p2a: Mary Jane|90/271 brn|[from] brn","|-damage|p1a: Sableye|164/303 brn|[from] brn","|turn|34","|","|move|p1a: Sableye|Confuse Ray|p2a: Mary Jane","|-start|p2a: Mary Jane|confusion","|-activate|p2a: Mary Jane|confusion","|-damage|p2a: Mary Jane|71/271 brn|[from] confusion","|","|-damage|p2a: Mary Jane|38/271 brn|[from] brn","|-damage|p1a: Sableye|127/303 brn|[from] brn","|turn|35","|","|switch|p2a: Darrell|Umbreon, M, shiny|320/394 brn","|move|p1a: Sableye|Recover|p1a: Sableye","|-heal|p1a: Sableye|279/303 brn","|","|-heal|p2a: Darrell|344/394 brn|[from] item: Leftovers","|-damage|p2a: Darrell|295/394 brn|[from] brn","|-damage|p1a: Sableye|242/303 brn|[from] brn","|turn|36","|","|move|p1a: Sableye|Taunt|p2a: Darrell","|-start|p2a: Darrell|move: Taunt","|cant|p2a: Darrell|move: Taunt|Rest","|","|-heal|p2a: Darrell|319/394 brn|[from] item: Leftovers","|-damage|p2a: Darrell|270/394 brn|[from] brn","|-damage|p1a: Sableye|205/303 brn|[from] brn","|turn|37","|","|switch|p2a: Mary Jane|Leafeon, F, shiny|38/271 brn","|move|p1a: Sableye|Confuse Ray|p2a: Mary Jane","|-start|p2a: Mary Jane|confusion","|","|-damage|p2a: Mary Jane|5/271 brn|[from] brn","|-damage|p1a: Sableye|168/303 brn|[from] brn","|turn|38","|","|move|p1a: Sableye|Taunt|p2a: Mary Jane","|-start|p2a: Mary Jane|move: Taunt","|cant|p2a: Mary Jane|move: Taunt|Synthesis","|","|-damage|p2a: Mary Jane|0 fnt|[from] brn","|-damage|p1a: Sableye|131/303 brn|[from] brn","|faint|p2a: Mary Jane","|","|switch|p2a: Darrell|Umbreon, M, shiny|270/394 brn","|turn|39","|","|move|p1a: Sableye|Taunt|p2a: Darrell","|-start|p2a: Darrell|move: Taunt","|cant|p2a: Darrell|move: Taunt|Rest","|","|-heal|p2a: Darrell|294/394 brn|[from] item: Leftovers","|-damage|p2a: Darrell|245/394 brn|[from] brn","|-damage|p1a: Sableye|94/303 brn|[from] brn","|turn|40","|","|move|p1a: Sableye|Confuse Ray|p2a: Darrell","|-start|p2a: Darrell|confusion","|-activate|p2a: Darrell|confusion","|-damage|p2a: Darrell|236/394 brn|[from] confusion","|","|-heal|p2a: Darrell|260/394 brn|[from] item: Leftovers","|-damage|p2a: Darrell|211/394 brn|[from] brn","|-damage|p1a: Sableye|57/303 brn|[from] brn","|turn|41","|","|move|p1a: Sableye|Recover|p1a: Sableye","|-heal|p1a: Sableye|209/303 brn","|-activate|p2a: Darrell|confusion","|move|p2a: Darrell|Snore|p1a: Sableye","|-immune|p1a: Sableye|[msg]","|","|-heal|p2a: Darrell|235/394 brn|[from] item: Leftovers","|-damage|p2a: Darrell|186/394 brn|[from] brn","|-damage|p1a: Sableye|172/303 brn|[from] brn","|-end|p2a: Darrell|move: Taunt","|turn|42","|","|move|p1a: Sableye|Taunt|p2a: Darrell","|-start|p2a: Darrell|move: Taunt","|cant|p2a: Darrell|move: Taunt|Rest","|","|-heal|p2a: Darrell|210/394 brn|[from] item: Leftovers","|-damage|p2a: Darrell|161/394 brn|[from] brn","|-damage|p1a: Sableye|135/303 brn|[from] brn","|turn|43","|","|move|p1a: Sableye|Recover|p1a: Sableye","|-heal|p1a: Sableye|287/303 brn","|-activate|p2a: Darrell|confusion","|-damage|p2a: Darrell|151/394 brn|[from] confusion","|","|-heal|p2a: Darrell|175/394 brn|[from] item: Leftovers","|-damage|p2a: Darrell|126/394 brn|[from] brn","|-damage|p1a: Sableye|250/303 brn|[from] brn","|turn|44","|","|move|p1a: Sableye|Recover|p1a: Sableye","|-heal|p1a: Sableye|303/303 brn","|-end|p2a: Darrell|confusion","|move|p2a: Darrell|Snore|p1a: Sableye","|-immune|p1a: Sableye|[msg]","|","|-heal|p2a: Darrell|150/394 brn|[from] item: Leftovers","|-damage|p2a: Darrell|101/394 brn|[from] brn","|-damage|p1a: Sableye|266/303 brn|[from] brn","|-end|p2a: Darrell|move: Taunt","|turn|45","|","|move|p1a: Sableye|Taunt|p2a: Darrell","|-start|p2a: Darrell|move: Taunt","|cant|p2a: Darrell|move: Taunt|Rest","|","|-heal|p2a: Darrell|125/394 brn|[from] item: Leftovers","|-damage|p2a: Darrell|76/394 brn|[from] brn","|-damage|p1a: Sableye|229/303 brn|[from] brn","|turn|46","|","|move|p1a: Sableye|Confuse Ray|p2a: Darrell","|-start|p2a: Darrell|confusion","|-activate|p2a: Darrell|confusion","|move|p2a: Darrell|Snore|p1a: Sableye","|-immune|p1a: Sableye|[msg]","|","|-heal|p2a: Darrell|100/394 brn|[from] item: Leftovers","|-damage|p2a: Darrell|51/394 brn|[from] brn","|-damage|p1a: Sableye|192/303 brn|[from] brn","|turn|47","|","|move|p1a: Sableye|Recover|p1a: Sableye","|-heal|p1a: Sableye|303/303 brn","|-activate|p2a: Darrell|confusion","|move|p2a: Darrell|Snore|p1a: Sableye","|-immune|p1a: Sableye|[msg]","|","|-heal|p2a: Darrell|75/394 brn|[from] item: Leftovers","|-damage|p2a: Darrell|26/394 brn|[from] brn","|-damage|p1a: Sableye|266/303 brn|[from] brn","|-end|p2a: Darrell|move: Taunt","|turn|48","|","|move|p1a: Sableye|Taunt|p2a: Darrell","|-start|p2a: Darrell|move: Taunt","|cant|p2a: Darrell|move: Taunt|Rest","|","|-heal|p2a: Darrell|50/394 brn|[from] item: Leftovers","|-damage|p2a: Darrell|1/394 brn|[from] brn","|-damage|p1a: Sableye|229/303 brn|[from] brn","|turn|49","|","|move|p1a: Sableye|Recover|p1a: Sableye","|-heal|p1a: Sableye|303/303 brn","|-activate|p2a: Darrell|confusion","|move|p2a: Darrell|Snore|p1a: Sableye","|-immune|p1a: Sableye|[msg]","|","|-heal|p2a: Darrell|25/394 brn|[from] item: Leftovers","|-damage|p2a: Darrell|0 fnt|[from] brn","|-damage|p1a: Sableye|266/303 brn|[from] brn","|faint|p2a: Darrell","|","|win|Neziro"],"p1rating":{"entryid":"47366","serverid":"eos","formatid":"ou","userid":"neziro","username":"Neziro","w":1,"l":"1","t":"0","gxe":50.2,"r":"1462.0805485679","rd":"122.52271119399","sigma":"0","rptime":"1439974800","rpr":1501.8541345883,"rprd":116.54584309387,"rpsigma":"0","acre":1040,"lacre":1040,"oldacre":"1000"},"p2rating":{"entryid":153288,"formatid":"ou","userid":"flantos4","username":"flantos4","r":1500,"rd":130,"sigma":0,"rpr":1455.4332900282,"rprd":122.81845432562,"rpsigma":0,"rptime":1439974800,"w":0,"l":1,"t":0,"gxe":44.4,"acre":1000,"lacre":1000,"oldacre":1000},"endType":"normal"}