{"seed":[31506,43742,29294,3410],"turns":34,"p1":"Dusk Slash1234","p2":"LillithSage","p1team":[{"name":"Chris Redfield","species":"swampert","item":"swampertite","ability":"Torrent","moves":["waterfall","icepunch","earthquake","raindance"],"nature":"Adamant","evs":{"hp":0,"atk":252,"def":0,"spa":0,"spd":4,"spe":252},"gender":"M","ivs":{"hp":31,"atk":31,"def":31,"spa":31,"spd":31,"spe":31}},{"name":"Zeus","species":"tornadus","item":"damprock","ability":"Prankster","moves":["hurricane","raindance","grassknot","focusblast"],"nature":"Timid","evs":{"hp":0,"atk":0,"def":4,"spa":252,"spd":0,"spe":252},"ivs":{"hp":31,"atk":31,"def":31,"spa":31,"spd":31,"spe":31}},{"name":"Geico","species":"heliolisk","item":"choicespecs","ability":"Dry Skin","moves":["grassknot","thunderbolt","surf","hiddenpowerice"],"nature":"Timid","evs":{"hp":0,"atk":0,"def":0,"spa":252,"spd":4,"spe":252},"gender":"M","ivs":{"hp":31,"atk":30,"def":30,"spa":31,"spd":31,"spe":31}},{"name":"Crystal","species":"suicune","item":"leftovers","ability":"Pressure","moves":["rest","sleeptalk","calmmind","scald"],"nature":"Bold","evs":{"hp":252,"atk":0,"def":195,"spa":4,"spd":57,"spe":0},"shiny":true,"ivs":{"hp":31,"atk":31,"def":31,"spa":31,"spd":31,"spe":31}},{"name":"Pokeaim","species":"dragalge","item":"lifeorb","ability":"Adaptability","moves":["sludgewave","dracometeor","focusblast","scald"],"nature":"Modest","evs":{"hp":180,"atk":0,"def":60,"spa":252,"spd":16,"spe":0},"gender":"M","shiny":true,"ivs":{"hp":31,"atk":31,"def":31,"spa":31,"spd":31,"spe":31}},{"name":"Soul Edge","species":"doublade","item":"eviolite","ability":"No Guard","moves":["shadowclaw","shadowsneak","sacredsword","ironhead"],"nature":"Adamant","evs":{"hp":240,"atk":252,"def":0,"spa":0,"spd":16,"spe":0},"gender":"M","ivs":{"hp":31,"atk":31,"def":31,"spa":31,"spd":31,"spe":31}}],"p2team":[{"name":"Gligar","species":"Gligar","item":"eviolite","ability":"Hyper Cutter","moves":["defog","stoneedge","earthquake","roost"],"nature":"Adamant","evs":{"hp":252,"atk":252,"def":4,"spa":0,"spd":0,"spe":0},"shiny":true,"ivs":{"hp":31,"atk":31,"def":31,"spa":31,"spd":31,"spe":31}},{"name":"Zoroark","species":"Zoroark","item":"lifeorb","ability":"Illusion","moves":["extrasensory","flamethrower","darkpulse","focusblast"],"nature":"Timid","evs":{"hp":0,"atk":0,"def":0,"spa":252,"spd":4,"spe":252},"ivs":{"hp":31,"atk":31,"def":31,"spa":31,"spd":31,"spe":31}},{"name":"Florges","species":"Florges","item":"leftovers","ability":"Flower Veil","moves":["aromatherapy","toxic","moonblast","wish"],"nature":"Modest","evs":{"hp":252,"atk":0,"def":0,"spa":128,"spd":128,"spe":0},"ivs":{"hp":31,"atk":31,"def":31,"spa":31,"spd":31,"spe":31}},{"name":"Milotic","species":"Milotic","item":"leftovers","ability":"Marvel Scale","moves":["dragontail","icebeam","scald","recover"],"nature":"Modest","evs":{"hp":252,"atk":0,"def":0,"spa":252,"spd":0,"spe":4},"ivs":{"hp":31,"atk":31,"def":31,"spa":31,"spd":31,"spe":31}},{"name":"Chesnaught","species":"Chesnaught","item":"leftovers","ability":"Bulletproof","moves":["spikyshield","stoneedge","drainpunch","woodhammer"],"nature":"Adamant","evs":{"hp":252,"atk":252,"def":0,"spa":0,"spd":4,"spe":0},"ivs":{"hp":31,"atk":31,"def":31,"spa":31,"spd":31,"spe":31}},{"name":"Beedrill","species":"Beedrill","item":"beedrillite","ability":"Sniper","moves":["drillrun","knockoff","uturn","poisonjab"],"nature":"Jolly","evs":{"hp":4,"atk":252,"def":0,"spa":0,"spd":0,"spe":252},"ivs":{"hp":31,"atk":31,"def":31,"spa":31,"spd":31,"spe":31}}],"log":["|player|p1|Dusk Slash1234|290","|player|p2|LillithSage|218","|gametype|singles","|gen|6","|tier|UU","|rated","|rule|Sleep Clause Mod: Limit one foe put to sleep","|rule|Species Clause: Limit one of each Pokémon","|rule|OHKO Clause: OHKO moves are banned","|rule|Moody Clause: Moody is banned","|rule|Evasion Moves Clause: Evasion moves are banned","|rule|Endless Battle Clause: Forcing endless battles is banned","|rule|HP Percentage Mod: HP is shown in percentages","|clearpoke","|poke|p1|Swampert, M","|poke|p1|Tornadus, M","|poke|p1|Heliolisk, M","|poke|p1|Suicune, shiny","|poke|p1|Dragalge, M, shiny","|poke|p1|Doublade, M","|poke|p2|Gligar, F, shiny","|poke|p2|Zoroark, M","|poke|p2|Florges, F","|poke|p2|Milotic, F","|poke|p2|Chesnaught, F","|poke|p2|Beedrill, F","|rule|Swagger Clause: Swagger is banned","|rule|Baton Pass Clause: Limit one Baton Passer, can't pass Spe and other stats simultaneously","|teampreview","|","|start","|switch|p1a: Pokeaim|Dragalge, M, shiny|316/316","|switch|p2a: Beedrill|Beedrill, F|261/261","|turn|1","|","|switch|p1a: Soul Edge|Doublade, M|319/319","|move|p2a: Beedrill|Extrasensory|p1a: Soul Edge","|-resisted|p1a: Soul Edge","|-damage|p1a: Soul Edge|250/319","|-damage|p2a: Beedrill|235/261|[from] item: Life Orb","|","|turn|2","|","|move|p1a: Soul Edge|Shadow Sneak|p2a: Beedrill","|-resisted|p2a: Beedrill","|replace|p2a: Zoroark|Zoroark, M|235/261","|-damage|p2a: Zoroark|181/261","|move|p2a: Zoroark|Dark Pulse|p1a: Soul Edge","|-supereffective|p1a: Soul Edge","|-damage|p1a: Soul Edge|0 fnt","|-damage|p2a: Zoroark|155/261|[from] item: Life Orb","|faint|p1a: Soul Edge","|","|","|switch|p1a: Geico|Heliolisk, M|265/265","|turn|3","|","|switch|p2a: Florges|Florges, F|360/360","|move|p1a: Geico|Thunderbolt|p2a: Florges","|-damage|p2a: Florges|231/360","|","|-heal|p2a: Florges|253/360|[from] item: Leftovers","|turn|4","|","|switch|p1a: Pokeaim|Dragalge, M, shiny|316/316","|move|p2a: Florges|Wish|p2a: Florges","|","|-heal|p2a: Florges|275/360|[from] item: Leftovers","|turn|5","|","|switch|p2a: Gligar|Gligar, F, shiny|334/334","|move|p1a: Pokeaim|Sludge Wave|p2a: Gligar","|-resisted|p2a: Gligar","|-damage|p2a: Gligar|208/334","|-damage|p1a: Pokeaim|285/316|[from] item: Life Orb","|","|-heal|p2a: Gligar|334/334|[from] move: Wish|[wisher] Florges","|turn|6","|","|move|p2a: Gligar|Stone Edge|p1a: Pokeaim","|-damage|p1a: Pokeaim|196/316","|move|p1a: Pokeaim|Scald|p2a: Gligar","|-supereffective|p2a: Gligar","|-damage|p2a: Gligar|116/334","|-status|p2a: Gligar|brn","|-damage|p1a: Pokeaim|165/316|[from] item: Life Orb","|","|-damage|p2a: Gligar|75/334 brn|[from] brn","|turn|7","|","|move|p2a: Gligar|Earthquake|p1a: Pokeaim","|-supereffective|p1a: Pokeaim","|-damage|p1a: Pokeaim|32/316","|move|p1a: Pokeaim|Scald|p2a: Gligar","|-supereffective|p2a: Gligar","|-damage|p2a: Gligar|0 fnt","|-damage|p1a: Pokeaim|1/316|[from] item: Life Orb","|faint|p2a: Gligar","|","|","|switch|p2a: Beedrill|Beedrill, F|272/272","|turn|8","|","|detailschange|p2a: Beedrill|Beedrill-Mega, F","|-mega|p2a: Beedrill|Beedrill|Beedrillite","|move|p2a: Beedrill|U-turn|p1a: Pokeaim","|-resisted|p1a: Pokeaim","|-damage|p1a: Pokeaim|0 fnt","|faint|p1a: Pokeaim","|","|switch|p2a: Chesnaught|Chesnaught, F|155/261","|","|","|switch|p1a: Geico|Heliolisk, M|265/265","|turn|9","|","|move|p1a: Geico|Hidden Power|p2a: Chesnaught","|replace|p2a: Zoroark|Zoroark, M|155/261","|-damage|p2a: Zoroark|17/261","|move|p2a: Zoroark|Focus Blast|p1a: Geico|[miss]","|-miss|p2a: Zoroark|p1a: Geico","|","|turn|10","|","|move|p1a: Geico|Hidden Power|p2a: Zoroark","|-damage|p2a: Zoroark|0 fnt","|faint|p2a: Zoroark","|","|","|switch|p2a: Chesnaught|Chesnaught, F|380/380","|turn|11","|","|switch|p1a: Zeus|Tornadus, M|299/299","|move|p2a: Chesnaught|Drain Punch|p1a: Zeus","|-resisted|p1a: Zeus","|-damage|p1a: Zeus|212/299","|","|turn|12","|","|switch|p2a: Milotic|Milotic, F|394/394","|move|p1a: Zeus|Hurricane|p2a: Milotic","|-damage|p2a: Milotic|246/394","|","|-heal|p2a: Milotic|270/394|[from] item: Leftovers","|turn|13","|","|move|p1a: Zeus|Grass Knot|p2a: Milotic","|-supereffective|p2a: Milotic","|-damage|p2a: Milotic|68/394","|move|p2a: Milotic|Ice Beam|p1a: Zeus","|-supereffective|p1a: Zeus","|-damage|p1a: Zeus|0 fnt","|faint|p1a: Zeus","|","|-heal|p2a: Milotic|92/394|[from] item: Leftovers","|","|switch|p1a: Chris Redfield|Swampert, M|341/341","|turn|14","|","|detailschange|p1a: Chris Redfield|Swampert-Mega, M","|-mega|p1a: Chris Redfield|Swampert|Swampertite","|move|p1a: Chris Redfield|Earthquake|p2a: Milotic","|-damage|p2a: Milotic|0 fnt","|faint|p2a: Milotic","|","|","|switch|p2a: Chesnaught|Chesnaught, F|380/380","|turn|15","|","|switch|p1a: Crystal|Suicune, shiny|404/404","|-ability|p1a: Crystal|Pressure","|move|p2a: Chesnaught|Wood Hammer|p1a: Crystal","|-supereffective|p1a: Crystal","|-damage|p1a: Crystal|116/404","|-damage|p2a: Chesnaught|285/380|[from] recoil|[of] p1a: Crystal","|","|-heal|p1a: Crystal|141/404|[from] item: Leftovers","|-heal|p2a: Chesnaught|308/380|[from] item: Leftovers","|turn|16","|","|move|p1a: Crystal|Scald|p2a: Chesnaught","|-resisted|p2a: Chesnaught","|-damage|p2a: Chesnaught|256/380","|-status|p2a: Chesnaught|brn","|move|p2a: Chesnaught|Wood Hammer|p1a: Crystal","|-supereffective|p1a: Crystal","|-damage|p1a: Crystal|11/404","|-damage|p2a: Chesnaught|213/380 brn|[from] recoil|[of] p1a: Crystal","|","|-heal|p1a: Crystal|36/404|[from] item: Leftovers","|-heal|p2a: Chesnaught|236/380 brn|[from] item: Leftovers","|-damage|p2a: Chesnaught|189/380 brn|[from] brn","|turn|17","|","|move|p1a: Crystal|Rest|p1a: Crystal","|-status|p1a: Crystal|slp","|-heal|p1a: Crystal|404/404 slp|[silent]","|-status|p1a: Crystal|slp|[from] move: Rest","|move|p2a: Chesnaught|Wood Hammer|p1a: Crystal","|-supereffective|p1a: Crystal","|-damage|p1a: Crystal|262/404 slp","|-damage|p2a: Chesnaught|142/380 brn|[from] recoil|[of] p1a: Crystal","|","|-heal|p1a: Crystal|287/404 slp|[from] item: Leftovers","|-heal|p2a: Chesnaught|165/380 brn|[from] item: Leftovers","|-damage|p2a: Chesnaught|118/380 brn|[from] brn","|turn|18","|","|switch|p2a: Florges|Florges, F|275/360","|cant|p1a: Crystal|slp","|move|p1a: Crystal|Sleep Talk|p1a: Crystal","|move|p1a: Crystal|Scald|p2a: Florges|[from]Sleep Talk","|-damage|p2a: Florges|224/360","|-status|p2a: Florges|brn","|","|-heal|p1a: Crystal|312/404 slp|[from] item: Leftovers","|-heal|p2a: Florges|246/360 brn|[from] item: Leftovers","|-damage|p2a: Florges|201/360 brn|[from] brn","|turn|19","|","|cant|p1a: Crystal|slp","|move|p1a: Crystal|Sleep Talk|p1a: Crystal","|move|p1a: Crystal|Scald|p2a: Florges|[from]Sleep Talk","|-damage|p2a: Florges|150/360 brn","|move|p2a: Florges|Aromatherapy|p2a: Florges","|-cureteam|p2a: Florges|[from] move: Aromatherapy","|","|-heal|p1a: Crystal|337/404 slp|[from] item: Leftovers","|-heal|p2a: Florges|172/360|[from] item: Leftovers","|turn|20","|player|p1","|player|p1|Dusk Slash1234|290","|","|-curestatus|p1a: Crystal|slp","|move|p1a: Crystal|Calm Mind|p1a: Crystal","|-boost|p1a: Crystal|spa|1","|-boost|p1a: Crystal|spd|1","|move|p2a: Florges|Wish|p2a: Florges","|","|-heal|p1a: Crystal|362/404|[from] item: Leftovers","|-heal|p2a: Florges|194/360|[from] item: Leftovers","|turn|21","|","|move|p1a: Crystal|Scald|p2a: Florges","|-damage|p2a: Florges|109/360","|move|p2a: Florges|Toxic|p1a: Crystal","|-status|p1a: Crystal|tox","|","|-heal|p2a: Florges|289/360|[from] move: Wish|[wisher] Florges","|-heal|p1a: Crystal|387/404 tox|[from] item: Leftovers","|-heal|p2a: Florges|311/360|[from] item: Leftovers","|-damage|p1a: Crystal|362/404 tox|[from] psn","|turn|22","|","|move|p1a: Crystal|Calm Mind|p1a: Crystal","|-boost|p1a: Crystal|spa|1","|-boost|p1a: Crystal|spd|1","|move|p2a: Florges|Wish|p2a: Florges","|","|-heal|p1a: Crystal|387/404 tox|[from] item: Leftovers","|-heal|p2a: Florges|333/360|[from] item: Leftovers","|-damage|p1a: Crystal|337/404 tox|[from] psn","|turn|23","|","|switch|p2a: Chesnaught|Chesnaught, F|118/380","|move|p1a: Crystal|Scald|p2a: Chesnaught","|-resisted|p2a: Chesnaught","|-damage|p2a: Chesnaught|1/380","|","|-heal|p2a: Chesnaught|181/380|[from] move: Wish|[wisher] Florges","|-heal|p1a: Crystal|362/404 tox|[from] item: Leftovers","|-heal|p2a: Chesnaught|204/380|[from] item: Leftovers","|-damage|p1a: Crystal|287/404 tox|[from] psn","|turn|24","|","|move|p1a: Crystal|Scald|p2a: Chesnaught","|-resisted|p2a: Chesnaught","|-damage|p2a: Chesnaught|95/380","|-status|p2a: Chesnaught|brn","|move|p2a: Chesnaught|Wood Hammer|p1a: Crystal","|-supereffective|p1a: Crystal","|-damage|p1a: Crystal|134/404 tox","|-damage|p2a: Chesnaught|45/380 brn|[from] recoil|[of] p1a: Crystal","|","|-heal|p1a: Crystal|159/404 tox|[from] item: Leftovers","|-heal|p2a: Chesnaught|68/380 brn|[from] item: Leftovers","|-damage|p1a: Crystal|59/404 tox|[from] psn","|-damage|p2a: Chesnaught|21/380 brn|[from] brn","|turn|25","|","|switch|p2a: Florges|Florges, F|333/360","|move|p1a: Crystal|Rest|p1a: Crystal","|-status|p1a: Crystal|slp","|-heal|p1a: Crystal|404/404 slp|[silent]","|-status|p1a: Crystal|slp|[from] move: Rest","|","|-heal|p2a: Florges|355/360|[from] item: Leftovers","|turn|26","|","|cant|p1a: Crystal|slp","|move|p1a: Crystal|Sleep Talk|p1a: Crystal","|move|p1a: Crystal|Calm Mind|p1a: Crystal|[from]Sleep Talk","|-boost|p1a: Crystal|spa|1","|-boost|p1a: Crystal|spd|1","|move|p2a: Florges|Aromatherapy|p2a: Florges","|-cureteam|p2a: Florges|[from] move: Aromatherapy","|","|-heal|p2a: Florges|360/360|[from] item: Leftovers","|turn|27","|","|switch|p2a: Beedrill|Beedrill-Mega, F|272/272","|cant|p1a: Crystal|slp","|move|p1a: Crystal|Sleep Talk|p1a: Crystal","|move|p1a: Crystal|Rest|p1a: Crystal|[from]Sleep Talk","|-fail|p1a: Crystal","|","|turn|28","|","|move|p2a: Beedrill|U-turn|p1a: Crystal","|-damage|p1a: Crystal|286/404 slp","|","|switch|p2a: Florges|Florges, F|360/360","|-curestatus|p1a: Crystal|slp","|move|p1a: Crystal|Scald|p2a: Florges","|-damage|p2a: Florges|213/360","|","|-heal|p1a: Crystal|311/404|[from] item: Leftovers","|-heal|p2a: Florges|235/360|[from] item: Leftovers","|turn|29","|","|move|p1a: Crystal|Scald|p2a: Florges","|-damage|p2a: Florges|111/360","|move|p2a: Florges|Toxic|p1a: Crystal","|-status|p1a: Crystal|tox","|","|-heal|p1a: Crystal|336/404 tox|[from] item: Leftovers","|-heal|p2a: Florges|133/360|[from] item: Leftovers","|-damage|p1a: Crystal|311/404 tox|[from] psn","|turn|30","|","|move|p1a: Crystal|Scald|p2a: Florges","|-damage|p2a: Florges|0 fnt","|faint|p2a: Florges","|","|-heal|p1a: Crystal|336/404 tox|[from] item: Leftovers","|-damage|p1a: Crystal|286/404 tox|[from] psn","|","|switch|p2a: Chesnaught|Chesnaught, F|21/380","|turn|31","|","|move|p2a: Chesnaught|Spiky Shield|p2a: Chesnaught","|-singleturn|p2a: Chesnaught|move: Protect","|move|p1a: Crystal|Scald|p2a: Chesnaught","|-activate|p2a: Chesnaught|Protect","|","|-heal|p1a: Crystal|311/404 tox|[from] item: Leftovers","|-heal|p2a: Chesnaught|44/380|[from] item: Leftovers","|-damage|p1a: Crystal|236/404 tox|[from] psn","|turn|32","|","|move|p1a: Crystal|Scald|p2a: Chesnaught","|-resisted|p2a: Chesnaught","|-damage|p2a: Chesnaught|0 fnt","|faint|p2a: Chesnaught","|","|-heal|p1a: Crystal|261/404 tox|[from] item: Leftovers","|-damage|p1a: Crystal|161/404 tox|[from] psn","|","|switch|p2a: Beedrill|Beedrill-Mega, F|272/272","|turn|33","|","|move|p2a: Beedrill|Poison Jab|p1a: Crystal","|-damage|p1a: Crystal|25/404 tox","|move|p1a: Crystal|Scald|p2a: Beedrill","|-damage|p2a: Beedrill|29/272","|","|-heal|p1a: Crystal|50/404 tox|[from] item: Leftovers","|-damage|p1a: Crystal|0 fnt|[from] psn","|faint|p1a: Crystal","|","|switch|p1a: Chris Redfield|Swampert-Mega, M|341/341","|turn|34","|","|move|p2a: Beedrill|Poison Jab|p1a: Chris Redfield","|-resisted|p1a: Chris Redfield","|-damage|p1a: Chris Redfield|245/341","|move|p1a: Chris Redfield|Waterfall|p2a: Beedrill","|-damage|p2a: Beedrill|0 fnt","|faint|p2a: Beedrill","|","|win|Dusk Slash1234"],"p1rating":{"entryid":"7253756","serverid":"eos","formatid":"uu","userid":"duskslash1234","username":"Dusk Slash1234","w":3,"l":"0","t":"0","gxe":62.3,"r":1572.6173197679,"rd":117.03211913794,"sigma":"0","rptime":1438419600,"rpr":1599.5850440919,"rprd":111.9205509939,"rpsigma":"0","acre":1093.7176627926,"lacre":1093.7176627926,"oldacre":"1070.1028089042"},"p2rating":{"entryid":7323399,"formatid":"uu","userid":"lillithsage","username":"LillithSage","r":1500,"rd":130,"sigma":0,"rpr":1463.8817120122,"rprd":122.83141802352,"rpsigma":0,"rptime":1438419600,"w":0,"l":1,"t":0,"gxe":45.5,"acre":1000,"lacre":1000,"oldacre":1000},"endType":"normal"}