{"seed":[56749,4300,12059,23274],"turns":22,"p1":"craig2897","p2":"Lsm","p1team":[{"name":"Swellow","moves":["quickattack","facade","endeavor","uturn"],"ability":"Guts","evs":{"hp":85,"atk":85,"def":85,"spa":85,"spd":85,"spe":85},"ivs":{"hp":31,"atk":31,"def":31,"spa":31,"spd":31,"spe":31},"item":"Toxic Orb","level":81,"shiny":false},{"name":"Krookodile","moves":["earthquake","knockoff","stoneedge","stealthrock"],"ability":"Intimidate","evs":{"hp":85,"atk":85,"def":85,"spa":85,"spd":85,"spe":85},"ivs":{"hp":31,"atk":31,"def":31,"spa":31,"spd":31,"spe":31},"item":"Life Orb","level":77,"shiny":false},{"name":"Purugly","moves":["quickattack","suckerpunch","fakeout","return"],"ability":"Thick Fat","evs":{"hp":85,"atk":85,"def":85,"spa":85,"spd":85,"spe":85},"ivs":{"hp":31,"atk":31,"def":31,"spa":31,"spd":31,"spe":31},"item":"Life Orb","level":83,"shiny":false},{"name":"Stunfisk","moves":["toxic","stealthrock","scald","earthpower"],"ability":"Static","evs":{"hp":85,"atk":85,"def":85,"spa":85,"spd":85,"spe":85},"ivs":{"hp":31,"atk":31,"def":31,"spa":31,"spd":31,"spe":31},"item":"Air Balloon","level":83,"shiny":false},{"name":"Crawdaunt","moves":["crabhammer","aquajet","knockoff","dragondance"],"ability":"Adaptability","evs":{"hp":85,"atk":85,"def":85,"spa":85,"spd":85,"spe":85},"ivs":{"hp":31,"atk":31,"def":31,"spa":31,"spd":31,"spe":31},"item":"Life Orb","level":76,"shiny":false},{"name":"Maractus","moves":["gigadrain","toxic","spikes","leechseed"],"ability":"Water Absorb","evs":{"hp":85,"atk":85,"def":85,"spa":85,"spd":85,"spe":85},"ivs":{"hp":31,"atk":31,"def":31,"spa":31,"spd":31,"spe":31},"item":"Leftovers","level":83,"shiny":false}],"p2team":[{"name":"Kangaskhan","moves":["return","crunch","fakeout","suckerpunch"],"ability":"Scrappy","evs":{"hp":85,"atk":85,"def":85,"spa":85,"spd":85,"spe":85},"ivs":{"hp":31,"atk":31,"def":31,"spa":31,"spd":31,"spe":31},"item":"Kangaskhanite","level":74,"shiny":false},{"name":"Landorus-Therian","moves":["rockpolish","superpower","swordsdance","earthquake"],"ability":"Intimidate","evs":{"hp":85,"atk":85,"def":85,"spa":85,"spd":85,"spe":85},"ivs":{"hp":31,"atk":31,"def":31,"spa":31,"spd":31,"spe":31},"item":"Leftovers","level":75,"shiny":false},{"name":"Illumise","moves":["substitute","tailwind","thunderwave","bugbuzz"],"ability":"Prankster","evs":{"hp":81,"atk":85,"def":85,"spa":89,"spd":85,"spe":85},"ivs":{"hp":31,"atk":31,"def":31,"spa":31,"spd":31,"spe":31},"item":"Leftovers","level":83,"shiny":false},{"name":"Vespiquen","moves":["defendorder","substitute","attackorder","healorder"],"ability":"Unnerve","evs":{"hp":81,"atk":89,"def":85,"spa":85,"spd":85,"spe":85},"ivs":{"hp":31,"atk":31,"def":31,"spa":31,"spd":31,"spe":31},"item":"Leftovers","level":83,"shiny":false},{"name":"Clawitzer","moves":["aurasphere","darkpulse","waterpulse","icebeam"],"ability":"Mega Launcher","evs":{"hp":85,"atk":85,"def":85,"spa":85,"spd":85,"spe":85},"ivs":{"hp":31,"atk":31,"def":31,"spa":31,"spd":31,"spe":31},"item":"Choice Specs","level":79,"shiny":false},{"name":"Heliolisk","moves":["raindance","hiddenpowerice","surf","hypervoice"],"ability":"Dry Skin","evs":{"hp":85,"atk":85,"def":85,"spa":85,"spd":85,"spe":85},"ivs":{"hp":31,"atk":30,"def":30,"spa":31,"spd":31,"spe":31},"item":"Damp Rock","level":77,"shiny":false}],"log":["|player|p1|craig2897|265","|player|p2|Lsm|290","|gametype|singles","|gen|6","|tier|Random Battle","|rated","|rule|Sleep Clause Mod: Limit one foe put to sleep","|rule|HP Percentage Mod: HP is shown in percentages","|","|start","|switch|p1a: Swellow|Swellow, L81, M|230/230","|switch|p2a: Kangaskhan|Kangaskhan, L74, F|277/277","|turn|1","|","|detailschange|p2a: Kangaskhan|Kangaskhan-Mega, L74, F","|-mega|p2a: Kangaskhan|Kangaskhan|Kangaskhanite","|move|p2a: Kangaskhan|Fake Out|p1a: Swellow","|-damage|p1a: Swellow|176/230","|-damage|p1a: Swellow|149/230","|-hitcount|p1a: Swellow|2","|cant|p1a: Swellow|flinch","|","|-status|p1a: Swellow|tox|[from] item: Toxic Orb","|turn|2","|","|move|p2a: Kangaskhan|Sucker Punch|p1a: Swellow","|-damage|p1a: Swellow|73/230 tox","|-damage|p1a: Swellow|34/230 tox","|-hitcount|p1a: Swellow|2","|move|p1a: Swellow|Facade|p2a: Kangaskhan","|-damage|p2a: Kangaskhan|72/277","|","|-damage|p1a: Swellow|20/230 tox|[from] psn","|turn|3","|","|switch|p1a: Krookodile|Krookodile, L77, M|273/273","|-ability|p1a: Krookodile|Intimidate","|-unboost|p2a: Kangaskhan|atk|1","|move|p2a: Kangaskhan|Sucker Punch|p1a: Krookodile","|-fail|p2a: Kangaskhan","|","|turn|4","|","|move|p2a: Kangaskhan|Return|p1a: Krookodile","|-damage|p1a: Krookodile|194/273","|-damage|p1a: Krookodile|151/273","|-hitcount|p1a: Krookodile|2","|move|p1a: Krookodile|Earthquake|p2a: Kangaskhan","|-damage|p2a: Kangaskhan|0 fnt","|-damage|p1a: Krookodile|124/273|[from] item: Life Orb","|faint|p2a: Kangaskhan","|","|","|switch|p2a: Clawitzer|Clawitzer, L79, M|242/242","|turn|5","|","|switch|p1a: Maractus|Maractus, L83, M|260/260","|move|p2a: Clawitzer|Water Pulse|p1a: Maractus","|-immune|p1a: Maractus|[msg]","|","|turn|6","|","|switch|p2a: Vespiquen|Vespiquen, L83, F|251/251","|-ability|p2a: Vespiquen|Unnerve|p1: craig2897","|move|p1a: Maractus|Giga Drain|p2a: Vespiquen","|-resisted|p2a: Vespiquen","|-damage|p2a: Vespiquen|233/251","|","|-heal|p2a: Vespiquen|248/251|[from] item: Leftovers","|turn|7","|","|switch|p1a: Stunfisk|Stunfisk, L83, F|317/317","|-item|p1a: Stunfisk|Air Balloon","|move|p2a: Vespiquen|Substitute|p2a: Vespiquen","|-start|p2a: Vespiquen|Substitute","|-damage|p2a: Vespiquen|186/251","|","|-heal|p2a: Vespiquen|201/251|[from] item: Leftovers","|turn|8","|","|move|p2a: Vespiquen|Attack Order|p1a: Stunfisk","|-damage|p1a: Stunfisk|230/317","|-enditem|p1a: Stunfisk|Air Balloon","|move|p1a: Stunfisk|Stealth Rock|p2a: Vespiquen","|-sidestart|p2: Lsm|move: Stealth Rock","|","|-heal|p2a: Vespiquen|216/251|[from] item: Leftovers","|turn|9","|","|move|p2a: Vespiquen|Attack Order|p1a: Stunfisk","|-damage|p1a: Stunfisk|145/317","|move|p1a: Stunfisk|Scald|p2a: Vespiquen","|-activate|p2a: Vespiquen|Substitute|[damage]","|","|-heal|p2a: Vespiquen|231/251|[from] item: Leftovers","|turn|10","|","|switch|p2a: Landorus-Therian|Landorus-Therian, L75, M|257/257","|-damage|p2a: Landorus-Therian|225/257|[from] Stealth Rock","|-ability|p2a: Landorus-Therian|Intimidate","|-unboost|p1a: Stunfisk|atk|1","|move|p1a: Stunfisk|Scald|p2a: Landorus-Therian","|-supereffective|p2a: Landorus-Therian","|-damage|p2a: Landorus-Therian|113/257","|","|-heal|p2a: Landorus-Therian|129/257|[from] item: Leftovers","|turn|11","|","|move|p2a: Landorus-Therian|Earthquake|p1a: Stunfisk","|-supereffective|p1a: Stunfisk","|-damage|p1a: Stunfisk|0 fnt","|faint|p1a: Stunfisk","|","|-heal|p2a: Landorus-Therian|145/257|[from] item: Leftovers","|","|switch|p1a: Crawdaunt|Crawdaunt, L76, F|221/221","|turn|12","|","|move|p1a: Crawdaunt|Aqua Jet|p2a: Landorus-Therian","|-supereffective|p2a: Landorus-Therian","|-damage|p2a: Landorus-Therian|0 fnt","|-damage|p1a: Crawdaunt|199/221|[from] item: Life Orb","|faint|p2a: Landorus-Therian","|","|","|switch|p2a: Vespiquen|Vespiquen, L83, F|231/251","|-damage|p2a: Vespiquen|106/251|[from] Stealth Rock","|-ability|p2a: Vespiquen|Unnerve|p1: craig2897","|turn|13","|","|move|p1a: Crawdaunt|Crabhammer|p2a: Vespiquen|[miss]","|-miss|p1a: Crawdaunt|p2a: Vespiquen","|move|p2a: Vespiquen|Attack Order|p1a: Crawdaunt","|-supereffective|p1a: Crawdaunt","|-damage|p1a: Crawdaunt|17/221","|","|-heal|p2a: Vespiquen|121/251|[from] item: Leftovers","|turn|14","|","|move|p1a: Crawdaunt|Crabhammer|p2a: Vespiquen","|-damage|p2a: Vespiquen|0 fnt","|-damage|p1a: Crawdaunt|0 fnt|[from] item: Life Orb","|faint|p2a: Vespiquen","|faint|p1a: Crawdaunt","|","|","|switch|p1a: Purugly|Purugly, L83, F|254/254","|switch|p2a: Illumise|Illumise, L83, F|243/243","|-damage|p2a: Illumise|183/243|[from] Stealth Rock","|turn|15","|","|move|p1a: Purugly|Fake Out|p2a: Illumise","|-damage|p2a: Illumise|115/243","|-damage|p1a: Purugly|229/254|[from] item: Life Orb","|cant|p2a: Illumise|flinch","|","|-heal|p2a: Illumise|130/243|[from] item: Leftovers","|turn|16","|","|move|p2a: Illumise|Thunder Wave|p1a: Purugly","|-status|p1a: Purugly|par","|move|p1a: Purugly|Return|p2a: Illumise","|-damage|p2a: Illumise|0 fnt","|-damage|p1a: Purugly|204/254 par|[from] item: Life Orb","|faint|p2a: Illumise","|","|","|switch|p2a: Heliolisk|Heliolisk, L77, F|222/222","|-damage|p2a: Heliolisk|195/222|[from] Stealth Rock","|turn|17","|","|move|p2a: Heliolisk|Rain Dance|p2a: Heliolisk","|-weather|RainDance","|cant|p1a: Purugly|par","|","|-weather|RainDance|[upkeep]","|-heal|p2a: Heliolisk|222/222|[from] ability: Dry Skin","|turn|18","|","|move|p2a: Heliolisk|Surf|p1a: Purugly","|-damage|p1a: Purugly|95/254 par","|cant|p1a: Purugly|par","|","|-weather|RainDance|[upkeep]","|turn|19","|","|move|p1a: Purugly|Sucker Punch|p2a: Heliolisk","|-damage|p2a: Heliolisk|119/222","|-damage|p1a: Purugly|70/254 par|[from] item: Life Orb","|move|p2a: Heliolisk|Surf|p1a: Purugly","|-damage|p1a: Purugly|0 fnt","|faint|p1a: Purugly","|","|-weather|RainDance|[upkeep]","|-heal|p2a: Heliolisk|146/222|[from] ability: Dry Skin","|","|switch|p1a: Swellow|Swellow, L81, M|20/230 tox","|turn|20","|","|move|p1a: Swellow|Facade|p2a: Heliolisk","|-damage|p2a: Heliolisk|0 fnt","|faint|p2a: Heliolisk","|","|-weather|RainDance|[upkeep]","|-damage|p1a: Swellow|6/230 tox|[from] psn","|","|switch|p2a: Clawitzer|Clawitzer, L79, M|242/242","|-damage|p2a: Clawitzer|212/242|[from] Stealth Rock","|turn|21","|","|move|p1a: Swellow|Endeavor|p2a: Clawitzer","|-damage|p2a: Clawitzer|6/242","|move|p2a: Clawitzer|Ice Beam|p1a: Swellow","|-supereffective|p1a: Swellow","|-damage|p1a: Swellow|0 fnt","|faint|p1a: Swellow","|","|-weather|RainDance|[upkeep]","|","|switch|p1a: Krookodile|Krookodile, L77, M|124/273","|-ability|p1a: Krookodile|Intimidate","|-unboost|p2a: Clawitzer|atk|1","|turn|22","|","|move|p1a: Krookodile|Knock Off|p2a: Clawitzer","|-damage|p2a: Clawitzer|0 fnt","|-enditem|p2a: Clawitzer|Choice Specs|[from] move: Knock Off|[of] p1a: Krookodile","|-damage|p1a: Krookodile|97/273|[from] item: Life Orb","|faint|p2a: Clawitzer","|","|win|craig2897"],"p1rating":{"entryid":7543882,"formatid":"randombattle","userid":"craig2897","username":"craig2897","r":1500,"rd":130,"sigma":0,"rpr":1540.1606143388,"rprd":122.8583080769,"rpsigma":0,"rptime":1439197200,"w":1,"l":0,"t":0,"gxe":55,"acre":1040,"lacre":1040,"oldacre":1000},"p2rating":{"entryid":7543883,"formatid":"randombattle","userid":"lsm","username":"Lsm","r":1500,"rd":130,"sigma":0,"rpr":1459.8393856612,"rprd":122.8583080769,"rpsigma":0,"rptime":1439197200,"w":0,"l":1,"t":0,"gxe":45,"acre":1000,"lacre":1000,"oldacre":1000},"endType":"normal"}