{"seed":[20700,46601,36596,2357],"turns":23,"p1":"Lsm","p2":"EnergyEX","p1team":[{"name":"Sceptile","moves":["substitute","hiddenpowerfire","gigadrain","earthquake"],"ability":"Overgrow","evs":{"hp":85,"atk":85,"def":85,"spa":85,"spd":85,"spe":85},"ivs":{"hp":31,"atk":30,"def":31,"spa":30,"spd":31,"spe":30},"item":"Sceptilite","level":77,"shiny":false},{"name":"Reshiram","moves":["blueflare","dracometeor","roost","toxic"],"ability":"Turboblaze","evs":{"hp":85,"atk":85,"def":85,"spa":85,"spd":85,"spe":85},"ivs":{"hp":31,"atk":31,"def":31,"spa":31,"spd":31,"spe":31},"item":"Leftovers","level":73,"shiny":false},{"name":"Sableye","moves":["knockoff","willowisp","foulplay","taunt"],"ability":"Prankster","evs":{"hp":85,"atk":85,"def":85,"spa":85,"spd":85,"spe":85},"ivs":{"hp":31,"atk":31,"def":31,"spa":31,"spd":31,"spe":31},"item":"Leftovers","level":77,"shiny":false},{"name":"Rampardos","moves":["headsmash","firepunch","rockpolish","crunch"],"ability":"Sheer Force","evs":{"hp":85,"atk":85,"def":85,"spa":85,"spd":85,"spe":85},"ivs":{"hp":31,"atk":31,"def":31,"spa":31,"spd":31,"spe":31},"item":"Life Orb","level":83,"shiny":false},{"name":"Parasect","moves":["knockoff","xscissor","substitute","spore"],"ability":"Dry Skin","evs":{"hp":85,"atk":85,"def":85,"spa":85,"spd":85,"spe":85},"ivs":{"hp":31,"atk":31,"def":31,"spa":31,"spd":31,"spe":31},"item":"Leftovers","level":83,"shiny":false},{"name":"Bronzong","moves":["reflect","lightscreen","stealthrock","gyroball"],"ability":"Levitate","evs":{"hp":85,"atk":170,"def":85,"spa":85,"spd":85,"spe":0},"ivs":{"hp":31,"atk":31,"def":31,"spa":31,"spd":31,"spe":0},"item":"Light Clay","level":79,"shiny":false}],"p2team":[{"name":"Golem","moves":["rockblast","explosion","stealthrock","earthquake"],"ability":"Sturdy","evs":{"hp":85,"atk":85,"def":85,"spa":85,"spd":85,"spe":85},"ivs":{"hp":31,"atk":31,"def":31,"spa":31,"spd":31,"spe":31},"item":"Custap Berry","level":83,"shiny":false},{"name":"Dragalge","moves":["sludgewave","dracometeor","focusblast","scald"],"ability":"Adaptability","evs":{"hp":85,"atk":85,"def":85,"spa":85,"spd":85,"spe":85},"ivs":{"hp":31,"atk":31,"def":31,"spa":31,"spd":31,"spe":31},"item":"Choice Specs","level":77,"shiny":false},{"name":"Luvdisc","moves":["icebeam","scald","toxic","protect"],"ability":"Hydration","evs":{"hp":85,"atk":85,"def":85,"spa":85,"spd":85,"spe":85},"ivs":{"hp":31,"atk":31,"def":31,"spa":31,"spd":31,"spe":31},"item":"Leftovers","level":83,"shiny":false},{"name":"Smeargle","moves":["destinybond","stealthrock","spore","spikes"],"ability":"Technician","evs":{"hp":85,"atk":85,"def":85,"spa":85,"spd":85,"spe":85},"ivs":{"hp":31,"atk":31,"def":31,"spa":31,"spd":31,"spe":31},"item":"Leftovers","level":77,"shiny":false},{"name":"Castform","moves":["icebeam","sunnyday","weatherball","solarbeam"],"ability":"Forecast","evs":{"hp":81,"atk":85,"def":85,"spa":89,"spd":85,"spe":85},"ivs":{"hp":31,"atk":31,"def":31,"spa":31,"spd":31,"spe":31},"item":"Heat Rock","level":83,"shiny":false},{"name":"Deoxys-Speed","moves":["taunt","stealthrock","spikes","psychoboost"],"ability":"Pressure","evs":{"hp":85,"atk":85,"def":85,"spa":85,"spd":85,"spe":85},"ivs":{"hp":31,"atk":31,"def":31,"spa":31,"spd":31,"spe":31},"item":"Leftovers","level":73,"shiny":false}],"log":["|player|p1|Lsm|290","|player|p2|EnergyEX|10","|gametype|singles","|gen|6","|tier|Random Battle","|rated","|rule|Sleep Clause Mod: Limit one foe put to sleep","|rule|HP Percentage Mod: HP is shown in percentages","|","|start","|switch|p1a: Sceptile|Sceptile, L77, M|234/234","|switch|p2a: Golem|Golem, L83, M|268/268","|turn|1","|","|detailschange|p1a: Sceptile|Sceptile-Mega, L77, M","|-mega|p1a: Sceptile|Sceptile|Sceptilite","|move|p1a: Sceptile|Substitute|p1a: Sceptile","|-start|p1a: Sceptile|Substitute","|-damage|p1a: Sceptile|176/234","|move|p2a: Golem|Explosion|p1a: Sceptile","|-end|p1a: Sceptile|Substitute","|faint|p2a: Golem","|","|","|switch|p2a: Dragalge|Dragalge, L77, M|227/227","|turn|2","|","|move|p1a: Sceptile|Earthquake|p2a: Dragalge","|-supereffective|p2a: Dragalge","|-damage|p2a: Dragalge|99/227","|move|p2a: Dragalge|Draco Meteor|p1a: Sceptile","|-supereffective|p1a: Sceptile","|-damage|p1a: Sceptile|0 fnt","|-unboost|p2a: Dragalge|spa|2","|faint|p1a: Sceptile","|","|","|switch|p1a: Parasect|Parasect, L83, F|235/235","|turn|3","|","|switch|p2a: Luvdisc|Luvdisc, L83, M|207/207","|move|p1a: Parasect|Spore|p2a: Luvdisc","|-status|p2a: Luvdisc|slp","|","|turn|4","|","|cant|p2a: Luvdisc|slp","|move|p1a: Parasect|Substitute|p1a: Parasect","|-start|p1a: Parasect|Substitute","|-damage|p1a: Parasect|177/235","|","|-heal|p1a: Parasect|191/235|[from] item: Leftovers","|turn|5","|","|cant|p2a: Luvdisc|slp","|move|p1a: Parasect|Knock Off|p2a: Luvdisc","|-damage|p2a: Luvdisc|116/207 slp","|-enditem|p2a: Luvdisc|Leftovers|[from] move: Knock Off|[of] p1a: Parasect","|","|-heal|p1a: Parasect|205/235|[from] item: Leftovers","|turn|6","|","|switch|p2a: Deoxys-Speed|Deoxys-Speed, L73|193/193","|-ability|p2a: Deoxys-Speed|Pressure","|move|p1a: Parasect|X-Scissor|p2a: Deoxys-Speed","|-supereffective|p2a: Deoxys-Speed","|-damage|p2a: Deoxys-Speed|0 fnt","|faint|p2a: Deoxys-Speed","|","|-heal|p1a: Parasect|219/235|[from] item: Leftovers","|","|switch|p2a: Smeargle|Smeargle, L77, F|211/211","|turn|7","|","|move|p2a: Smeargle|Destiny Bond|p2a: Smeargle","|-singlemove|p2a: Smeargle|Destiny Bond","|move|p1a: Parasect|Spore|p2a: Smeargle","|-message|Sleep Clause Mod activated.","|-immune|p2a: Smeargle|[msg]","|","|-heal|p1a: Parasect|233/235|[from] item: Leftovers","|turn|8","|","|move|p2a: Smeargle|Spikes|p1a: Parasect","|-sidestart|p1: Lsm|Spikes","|move|p1a: Parasect|Spore|p2a: Smeargle","|-message|Sleep Clause Mod activated.","|-immune|p2a: Smeargle|[msg]","|","|-heal|p1a: Parasect|235/235|[from] item: Leftovers","|turn|9","|","|switch|p2a: Dragalge|Dragalge, L77, M|99/227","|move|p1a: Parasect|Spore|p2a: Dragalge","|-message|Sleep Clause Mod activated.","|-immune|p2a: Dragalge|[msg]","|","|turn|10","|","|move|p2a: Dragalge|Draco Meteor|p1a: Parasect","|-end|p1a: Parasect|Substitute","|-unboost|p2a: Dragalge|spa|2","|move|p1a: Parasect|Knock Off|p2a: Dragalge","|-damage|p2a: Dragalge|24/227","|-enditem|p2a: Dragalge|Choice Specs|[from] move: Knock Off|[of] p1a: Parasect","|","|turn|11","|","|move|p2a: Dragalge|Focus Blast|p1a: Parasect","|-resisted|p1a: Parasect","|-damage|p1a: Parasect|215/235","|move|p1a: Parasect|X-Scissor|p2a: Dragalge","|-resisted|p2a: Dragalge","|-damage|p2a: Dragalge|0 fnt","|faint|p2a: Dragalge","|","|-heal|p1a: Parasect|229/235|[from] item: Leftovers","|","|switch|p2a: Castform|Castform, L83, M|251/251","|turn|12","|","|move|p2a: Castform|Sunny Day|p2a: Castform","|-weather|SunnyDay","|-formechange|p2a: Castform|Castform-Sunny|[msg]","|move|p1a: Parasect|Knock Off|p2a: Castform","|-damage|p2a: Castform|172/251","|-enditem|p2a: Castform|Heat Rock|[from] move: Knock Off|[of] p1a: Parasect","|","|-weather|SunnyDay|[upkeep]","|-damage|p1a: Parasect|200/235|[from] ability: Dry Skin","|-heal|p1a: Parasect|214/235|[from] item: Leftovers","|turn|13","|","|move|p2a: Castform|Ice Beam|p1a: Parasect","|-supereffective|p1a: Parasect","|-damage|p1a: Parasect|100/235","|move|p1a: Parasect|Spore|p2a: Castform","|-message|Sleep Clause Mod activated.","|-immune|p2a: Castform|[msg]","|","|-weather|SunnyDay|[upkeep]","|-damage|p1a: Parasect|71/235|[from] ability: Dry Skin","|-heal|p1a: Parasect|85/235|[from] item: Leftovers","|turn|14","|","|move|p2a: Castform|Ice Beam|p1a: Parasect","|-supereffective|p1a: Parasect","|-damage|p1a: Parasect|0 fnt","|faint|p1a: Parasect","|","|-weather|SunnyDay|[upkeep]","|","|switch|p1a: Rampardos|Rampardos, L83, M|297/297","|-damage|p1a: Rampardos|260/297|[from] Spikes","|turn|15","|","|move|p2a: Castform|Ice Beam|p1a: Rampardos","|-damage|p1a: Rampardos|187/297","|move|p1a: Rampardos|Head Smash|p2a: Castform|[miss]","|-miss|p1a: Rampardos|p2a: Castform","|","|-weather|SunnyDay|[upkeep]","|turn|16","|","|move|p2a: Castform|Solar Beam|p1a: Rampardos|[still]","|-prepare|p2a: Castform|Solar Beam|p1a: Rampardos","|-anim|p2a: Castform|Solar Beam|p1a: Rampardos","|-supereffective|p1a: Rampardos","|-damage|p1a: Rampardos|7/297","|move|p1a: Rampardos|Head Smash|p2a: Castform|[miss]","|-miss|p1a: Rampardos|p2a: Castform","|","|-weather|SunnyDay|[upkeep]","|turn|17","|","|move|p2a: Castform|Solar Beam|p1a: Rampardos|[still]","|-prepare|p2a: Castform|Solar Beam|p1a: Rampardos","|-anim|p2a: Castform|Solar Beam|p1a: Rampardos","|-supereffective|p1a: Rampardos","|-damage|p1a: Rampardos|0 fnt","|faint|p1a: Rampardos","|","|-weather|SunnyDay|[upkeep]","|","|switch|p1a: Reshiram|Reshiram, L73|266/266","|-damage|p1a: Reshiram|233/266|[from] Spikes","|-ability|p1a: Reshiram|Turboblaze","|turn|18","|","|move|p1a: Reshiram|Toxic|p2a: Castform","|-status|p2a: Castform|tox","|move|p2a: Castform|Solar Beam|p1a: Reshiram|[still]","|-prepare|p2a: Castform|Solar Beam|p1a: Reshiram","|-anim|p2a: Castform|Solar Beam|p1a: Reshiram","|-resisted|p1a: Reshiram","|-damage|p1a: Reshiram|218/266","|","|-weather|SunnyDay|[upkeep]","|-heal|p1a: Reshiram|234/266|[from] item: Leftovers","|-damage|p2a: Castform|157/251 tox|[from] psn","|turn|19","|","|move|p1a: Reshiram|Draco Meteor|p2a: Castform|[miss]","|-miss|p1a: Reshiram|p2a: Castform","|move|p2a: Castform|Ice Beam|p1a: Reshiram","|-damage|p1a: Reshiram|193/266","|","|-weather|none","|-heal|p1a: Reshiram|209/266|[from] item: Leftovers","|-damage|p2a: Castform|127/251 tox|[from] psn","|-formechange|p2a: Castform|Castform|[msg]","|turn|20","|","|switch|p2a: Luvdisc|Luvdisc, L83, M|116/207 slp","|move|p1a: Reshiram|Blue Flare|p2a: Luvdisc","|-resisted|p2a: Luvdisc","|-damage|p2a: Luvdisc|28/207 slp","|","|-heal|p1a: Reshiram|225/266|[from] item: Leftovers","|turn|21","|","|-curestatus|p2a: Luvdisc|slp","|move|p2a: Luvdisc|Scald|p1a: Reshiram","|-damage|p1a: Reshiram|180/266","|move|p1a: Reshiram|Blue Flare|p2a: Luvdisc","|-resisted|p2a: Luvdisc","|-damage|p2a: Luvdisc|0 fnt","|faint|p2a: Luvdisc","|","|-heal|p1a: Reshiram|196/266|[from] item: Leftovers","|","|switch|p2a: Smeargle|Smeargle, L77, F|211/211","|turn|22","|","|move|p1a: Reshiram|Blue Flare|p2a: Smeargle","|-damage|p2a: Smeargle|0 fnt","|faint|p2a: Smeargle","|","|-heal|p1a: Reshiram|212/266|[from] item: Leftovers","|","|switch|p2a: Castform|Castform, L83, M|127/251 tox","|turn|23","|","|move|p1a: Reshiram|Blue Flare|p2a: Castform","|-damage|p2a: Castform|0 fnt","|faint|p2a: Castform","|","|win|Lsm"],"p1rating":{"entryid":"7543883","serverid":"eos","formatid":"randombattle","userid":"lsm","username":"Lsm","w":1,"l":"1","t":"0","gxe":50,"r":"1500","rd":"130","sigma":"0","rptime":"1439197200","rpr":1500,"rprd":116.77753930647,"rpsigma":"0","acre":1040,"lacre":1040,"oldacre":"1000"},"p2rating":{"entryid":7543990,"formatid":"randombattle","userid":"energyex","username":"EnergyEX","r":1500,"rd":130,"sigma":0,"rpr":1459.8393856612,"rprd":122.8583080769,"rpsigma":0,"rptime":1439197200,"w":0,"l":1,"t":0,"gxe":45,"acre":1000,"lacre":1000,"oldacre":1000},"endType":"normal"}