{"seed":[49974,64027,30632,13412],"turns":19,"p1":"GrassyLeafeon","p2":"Emg GL Linket","p1team":[{"name":"Scolipede","moves":["poisonjab","substitute","swordsdance","batonpass"],"ability":"Speed Boost","evs":{"hp":81,"atk":89,"def":85,"spa":85,"spd":85,"spe":85},"ivs":{"hp":31,"atk":31,"def":31,"spa":31,"spd":31,"spe":31},"item":"Black Sludge","level":76,"shiny":false},{"name":"Ludicolo","moves":["raindance","scald","focusblast","gigadrain"],"ability":"Swift Swim","evs":{"hp":85,"atk":85,"def":85,"spa":85,"spd":85,"spe":85},"ivs":{"hp":31,"atk":31,"def":31,"spa":31,"spd":31,"spe":31},"item":"Damp Rock","level":81,"shiny":false},{"name":"Audino","moves":["calmmind","wish","dazzlinggleam","hypervoice"],"ability":"Regenerator","evs":{"hp":85,"atk":85,"def":85,"spa":85,"spd":85,"spe":85},"ivs":{"hp":31,"atk":31,"def":31,"spa":31,"spd":31,"spe":31},"item":"Audinite","level":81,"shiny":false},{"name":"Sunflora","moves":["sunnyday","earthpower","hiddenpowerfire","solarbeam"],"ability":"Chlorophyll","evs":{"hp":85,"atk":85,"def":85,"spa":85,"spd":85,"spe":85},"ivs":{"hp":31,"atk":30,"def":31,"spa":30,"spd":31,"spe":30},"item":"Heat Rock","level":83,"shiny":false},{"name":"Thundurus-Therian","moves":["nastyplot","thunderbolt","hiddenpowerice","focusblast"],"ability":"Volt Absorb","evs":{"hp":85,"atk":85,"def":85,"spa":85,"spd":85,"spe":85},"ivs":{"hp":31,"atk":30,"def":30,"spa":31,"spd":31,"spe":31},"item":"Life Orb","level":76,"shiny":false},{"name":"Deoxys-Attack","moves":["psychoboost","stealthrock","firepunch","icebeam"],"ability":"Pressure","evs":{"hp":85,"atk":85,"def":85,"spa":85,"spd":85,"spe":85},"ivs":{"hp":31,"atk":31,"def":31,"spa":31,"spd":31,"spe":31},"item":"Life Orb","level":73,"shiny":false}],"p2team":[{"name":"Gengar","moves":["disable","destinybond","shadowball","focusblast"],"ability":"Levitate","evs":{"hp":85,"atk":85,"def":85,"spa":85,"spd":85,"spe":85},"ivs":{"hp":31,"atk":31,"def":31,"spa":31,"spd":31,"spe":31},"item":"Gengarite","level":73,"shiny":false},{"name":"Lilligant","moves":["hiddenpowerfire","sleeppowder","petaldance","quiverdance"],"ability":"Own Tempo","evs":{"hp":85,"atk":85,"def":85,"spa":85,"spd":85,"spe":85},"ivs":{"hp":31,"atk":30,"def":31,"spa":30,"spd":31,"spe":30},"item":"Leftovers","level":81,"shiny":false},{"name":"Raticate","moves":["suckerpunch","uturn","facade","flamewheel"],"ability":"Guts","evs":{"hp":85,"atk":85,"def":85,"spa":85,"spd":85,"spe":85},"ivs":{"hp":31,"atk":31,"def":31,"spa":31,"spd":31,"spe":31},"item":"Toxic Orb","level":83,"shiny":false},{"name":"Kyurem","moves":["substitute","dragonpulse","focusblast","roost"],"ability":"Pressure","evs":{"hp":85,"atk":85,"def":85,"spa":85,"spd":85,"spe":85},"ivs":{"hp":31,"atk":31,"def":31,"spa":31,"spd":31,"spe":31},"item":"Leftovers","level":78,"shiny":false},{"name":"Vileplume","moves":["sleeppowder","hiddenpowerfire","aromatherapy","gigadrain"],"ability":"Effect Spore","evs":{"hp":85,"atk":85,"def":85,"spa":85,"spd":85,"spe":85},"ivs":{"hp":31,"atk":30,"def":31,"spa":30,"spd":31,"spe":30},"item":"Black Sludge","level":81,"shiny":false},{"name":"Mawile","moves":["substitute","suckerpunch","playrough","ironhead"],"ability":"Sheer Force","evs":{"hp":85,"atk":85,"def":85,"spa":85,"spd":85,"spe":85},"ivs":{"hp":31,"atk":31,"def":31,"spa":31,"spd":31,"spe":31},"item":"Life Orb","level":81,"shiny":false}],"log":["|player|p1|GrassyLeafeon|grassyleafeon.gif","|player|p2|Emg GL Linket|265","|gametype|singles","|gen|6","|tier|Random Battle","|rated","|rule|Sleep Clause Mod: Limit one foe put to sleep","|rule|HP Percentage Mod: HP is shown in percentages","|","|start","|switch|p1a: Scolipede|Scolipede, L76, F|215/215","|switch|p2a: Gengar|Gengar, L73, F|208/208","|turn|1","|","|switch|p2a: Vileplume|Vileplume, L81, M|254/254","|move|p1a: Scolipede|Substitute|p1a: Scolipede","|-start|p1a: Scolipede|Substitute","|-damage|p1a: Scolipede|162/215","|","|-heal|p1a: Scolipede|175/215|[from] item: Black Sludge","|-boost|p1a: Scolipede|spe|1|[from] ability: Speed Boost","|turn|2","|","|move|p1a: Scolipede|Swords Dance|p1a: Scolipede","|-boost|p1a: Scolipede|atk|2","|move|p2a: Vileplume|Hidden Power|p1a: Scolipede","|-supereffective|p1a: Scolipede","|-end|p1a: Scolipede|Substitute","|","|-heal|p1a: Scolipede|188/215|[from] item: Black Sludge","|-boost|p1a: Scolipede|spe|1|[from] ability: Speed Boost","|turn|3","|","|move|p1a: Scolipede|Baton Pass|p1a: Scolipede","|","|switch|p1a: Deoxys-Attack|Deoxys-Attack, L73|193/193","|-ability|p1a: Deoxys-Attack|Pressure","|move|p2a: Vileplume|Sleep Powder|p1a: Deoxys-Attack","|-status|p1a: Deoxys-Attack|slp","|","|turn|4","|","|cant|p1a: Deoxys-Attack|slp","|move|p2a: Vileplume|Giga Drain|p1a: Deoxys-Attack","|-damage|p1a: Deoxys-Attack|0 fnt","|faint|p1a: Deoxys-Attack","|","|","|switch|p1a: Thundurus-Therian|Thundurus-Therian, L76, M|245/245","|turn|5","|","|move|p1a: Thundurus-Therian|Hidden Power|p2a: Vileplume","|-supereffective|p2a: Vileplume","|-damage|p2a: Vileplume|124/254","|-damage|p1a: Thundurus-Therian|221/245|[from] item: Life Orb","|move|p2a: Vileplume|Sleep Powder|p1a: Thundurus-Therian","|-status|p1a: Thundurus-Therian|slp","|","|-heal|p2a: Vileplume|139/254|[from] item: Black Sludge","|turn|6","|","|cant|p1a: Thundurus-Therian|slp","|move|p2a: Vileplume|Giga Drain|p1a: Thundurus-Therian","|-resisted|p1a: Thundurus-Therian","|-damage|p1a: Thundurus-Therian|169/245 slp","|-heal|p2a: Vileplume|165/254|[from] drain|[of] p1a: Thundurus-Therian","|","|-heal|p2a: Vileplume|180/254|[from] item: Black Sludge","|turn|7","|","|cant|p1a: Thundurus-Therian|slp","|move|p2a: Vileplume|Giga Drain|p1a: Thundurus-Therian","|-crit|p1a: Thundurus-Therian","|-resisted|p1a: Thundurus-Therian","|-damage|p1a: Thundurus-Therian|97/245 slp","|-heal|p2a: Vileplume|216/254|[from] drain|[of] p1a: Thundurus-Therian","|","|-heal|p2a: Vileplume|231/254|[from] item: Black Sludge","|turn|8","|","|-curestatus|p1a: Thundurus-Therian|slp","|move|p1a: Thundurus-Therian|Nasty Plot|p1a: Thundurus-Therian","|-boost|p1a: Thundurus-Therian|spa|2","|move|p2a: Vileplume|Giga Drain|p1a: Thundurus-Therian","|-resisted|p1a: Thundurus-Therian","|-damage|p1a: Thundurus-Therian|46/245","|-heal|p2a: Vileplume|254/254|[from] drain|[of] p1a: Thundurus-Therian","|","|turn|9","|","|move|p1a: Thundurus-Therian|Hidden Power|p2a: Vileplume","|-supereffective|p2a: Vileplume","|-damage|p2a: Vileplume|0 fnt","|-damage|p1a: Thundurus-Therian|22/245|[from] item: Life Orb","|faint|p2a: Vileplume","|","|","|switch|p2a: Raticate|Raticate, L83, F|227/227","|turn|10","|","|move|p2a: Raticate|Flame Wheel|p1a: Thundurus-Therian","|-damage|p1a: Thundurus-Therian|0 fnt","|faint|p1a: Thundurus-Therian","|","|-status|p2a: Raticate|tox|[from] item: Toxic Orb","|","|switch|p1a: Ludicolo|Ludicolo, L81, F|262/262","|turn|11","|","|move|p2a: Raticate|Facade|p1a: Ludicolo","|-damage|p1a: Ludicolo|45/262","|move|p1a: Ludicolo|Focus Blast|p2a: Raticate","|-supereffective|p2a: Raticate","|-damage|p2a: Raticate|43/227 tox","|","|-damage|p2a: Raticate|29/227 tox|[from] psn","|turn|12","|","|move|p2a: Raticate|Facade|p1a: Ludicolo","|-damage|p1a: Ludicolo|0 fnt","|faint|p1a: Ludicolo","|","|-damage|p2a: Raticate|1/227 tox|[from] psn","|","|switch|p1a: Scolipede|Scolipede, L76, F|188/215","|turn|13","|","|move|p1a: Scolipede|Substitute|p1a: Scolipede","|-start|p1a: Scolipede|Substitute","|-damage|p1a: Scolipede|135/215","|move|p2a: Raticate|Flame Wheel|p1a: Scolipede","|-supereffective|p1a: Scolipede","|-end|p1a: Scolipede|Substitute","|","|-heal|p1a: Scolipede|148/215|[from] item: Black Sludge","|-damage|p2a: Raticate|0 fnt|[from] psn","|-boost|p1a: Scolipede|spe|1|[from] ability: Speed Boost","|faint|p2a: Raticate","|","|switch|p2a: Mawile|Mawile, L81, M|214/214","|turn|14","|","|move|p1a: Scolipede|Baton Pass|p1a: Scolipede","|","|switch|p1a: Sunflora|Sunflora, L83, M|260/260","|move|p2a: Mawile|Iron Head|p1a: Sunflora","|-damage|p1a: Sunflora|75/260","|","|turn|15","|","|move|p2a: Mawile|Sucker Punch|p1a: Sunflora","|-damage|p1a: Sunflora|0 fnt","|-damage|p2a: Mawile|193/214|[from] item: Life Orb","|faint|p1a: Sunflora","|","|","|switch|p1a: Audino|Audino, L81, M|299/299","|turn|16","|","|detailschange|p1a: Audino|Audino-Mega, L81, M","|-mega|p1a: Audino|Audino|Audinite","|move|p1a: Audino|Hyper Voice|p2a: Mawile","|-resisted|p2a: Mawile","|-damage|p2a: Mawile|138/214","|move|p2a: Mawile|Iron Head|p1a: Audino","|-supereffective|p1a: Audino","|-damage|p1a: Audino|109/299","|","|turn|17","|","|move|p1a: Audino|Hyper Voice|p2a: Mawile","|-resisted|p2a: Mawile","|-damage|p2a: Mawile|83/214","|move|p2a: Mawile|Iron Head|p1a: Audino","|-supereffective|p1a: Audino","|-damage|p1a: Audino|0 fnt","|faint|p1a: Audino","|","|","|switch|p1a: Scolipede|Scolipede, L76, F|148/215","|turn|18","|","|move|p1a: Scolipede|Poison Jab|p2a: Mawile","|-immune|p2a: Mawile|[msg]","|move|p2a: Mawile|Iron Head|p1a: Scolipede","|-damage|p1a: Scolipede|10/215","|","|-heal|p1a: Scolipede|23/215|[from] item: Black Sludge","|-boost|p1a: Scolipede|spe|1|[from] ability: Speed Boost","|turn|19","|","|move|p1a: Scolipede|Poison Jab|p2a: Mawile","|-immune|p2a: Mawile|[msg]","|move|p2a: Mawile|Iron Head|p1a: Scolipede","|-damage|p1a: Scolipede|0 fnt","|faint|p1a: Scolipede","|","|win|Emg GL Linket"],"p1rating":{"entryid":"6203294","serverid":"eos","formatid":"randombattle","userid":"grassyleafeon","username":"GrassyLeafeon","w":"7","l":11,"t":"0","gxe":41.7,"r":"1471.1530145069","rd":"82.475357284292","sigma":"0","rptime":"1439197200","rpr":1435.6676884958,"rprd":78.399860690122,"rpsigma":"0","acre":1035.539438999,"lacre":1035.539438999,"oldacre":"1051.8158296048"},"p2rating":{"entryid":"7099396","serverid":"eos","formatid":"randombattle","userid":"emggllinket","username":"Emg GL Linket","w":5,"l":"5","t":"0","gxe":50.3,"r":"1481.0575593253","rd":"91.952914142994","sigma":"0","rptime":"1439197200","rpr":1502.5442180885,"rprd":89.08156400007,"rpsigma":"0","acre":1106.6182850374,"lacre":1106.6182850374,"oldacre":"1081.130473343"},"endType":"normal"}