{"seed":[19236,41050,52493,31138],"turns":21,"p1":"01AceKing","p2":"Emg Gl Linket","p1team":[{"name":"Haxorus","moves":["outrage","substitute","swordsdance","earthquake"],"ability":"Mold Breaker","evs":{"hp":85,"atk":85,"def":85,"spa":85,"spd":85,"spe":85},"ivs":{"hp":31,"atk":31,"def":31,"spa":31,"spd":31,"spe":31},"item":"Lum Berry","level":77,"shiny":false},{"name":"Swalot","moves":["sludgebomb","toxic","painsplit","earthquake"],"ability":"Sticky Hold","evs":{"hp":85,"atk":85,"def":85,"spa":85,"spd":85,"spe":85},"ivs":{"hp":31,"atk":31,"def":31,"spa":31,"spd":31,"spe":31},"item":"Black Sludge","level":83,"shiny":false},{"name":"Empoleon","moves":["icebeam","scald","flashcannon","stealthrock"],"ability":"Torrent","evs":{"hp":85,"atk":85,"def":85,"spa":85,"spd":85,"spe":85},"ivs":{"hp":31,"atk":31,"def":31,"spa":31,"spd":31,"spe":31},"item":"Life Orb","level":77,"shiny":false},{"name":"Ledian","moves":["roost","reflect","uturn","toxic"],"ability":"Early Bird","evs":{"hp":85,"atk":85,"def":85,"spa":85,"spd":85,"spe":85},"ivs":{"hp":31,"atk":31,"def":31,"spa":31,"spd":31,"spe":31},"item":"Light Clay","level":83,"shiny":false},{"name":"Samurott","moves":["aquajet","grassknot","icebeam","waterfall"],"ability":"Torrent","evs":{"hp":85,"atk":85,"def":85,"spa":85,"spd":85,"spe":85},"ivs":{"hp":31,"atk":31,"def":31,"spa":31,"spd":31,"spe":31},"item":"Expert Belt","level":81,"shiny":false},{"name":"Ambipom","moves":["acrobatics","seedbomb","knockoff","return"],"ability":"Technician","evs":{"hp":85,"atk":85,"def":85,"spa":85,"spd":85,"spe":85},"ivs":{"hp":31,"atk":31,"def":31,"spa":31,"spd":31,"spe":31},"item":"Flying Gem","level":79,"shiny":false}],"p2team":[{"name":"Deoxys-Speed","moves":["magiccoat","taunt","stealthrock","psychoboost"],"ability":"Pressure","evs":{"hp":85,"atk":85,"def":85,"spa":85,"spd":85,"spe":85},"ivs":{"hp":31,"atk":31,"def":31,"spa":31,"spd":31,"spe":31},"item":"Focus Sash","level":73,"shiny":false},{"name":"Granbull","moves":["earthquake","healbell","thunderwave","playrough"],"ability":"Intimidate","evs":{"hp":85,"atk":85,"def":85,"spa":85,"spd":85,"spe":85},"ivs":{"hp":31,"atk":31,"def":31,"spa":31,"spd":31,"spe":31},"item":"Leftovers","level":81,"shiny":false},{"name":"Butterfree","moves":["sleeppowder","quiverdance","bugbuzz","psychic"],"ability":"Compound Eyes","evs":{"hp":85,"atk":85,"def":85,"spa":85,"spd":85,"spe":85},"ivs":{"hp":31,"atk":31,"def":31,"spa":31,"spd":31,"spe":31},"item":"Leftovers","level":83,"shiny":false},{"name":"Swalot","moves":["toxic","earthquake","sludgebomb","painsplit"],"ability":"Liquid Ooze","evs":{"hp":85,"atk":85,"def":85,"spa":85,"spd":85,"spe":85},"ivs":{"hp":31,"atk":31,"def":31,"spa":31,"spd":31,"spe":31},"item":"Black Sludge","level":83,"shiny":false},{"name":"Chesnaught","moves":["woodhammer","leechseed","spikyshield","drainpunch"],"ability":"Bulletproof","evs":{"hp":85,"atk":85,"def":85,"spa":85,"spd":85,"spe":85},"ivs":{"hp":31,"atk":31,"def":31,"spa":31,"spd":31,"spe":31},"item":"Leftovers","level":77,"shiny":false},{"name":"Accelgor","moves":["spikes","hiddenpowerrock","bugbuzz","focusblast"],"ability":"Hydration","evs":{"hp":81,"atk":85,"def":85,"spa":89,"spd":85,"spe":85},"ivs":{"hp":31,"atk":31,"def":30,"spa":31,"spd":30,"spe":30},"item":"Life Orb","level":79,"shiny":false}],"log":["|player|p1|01AceKing|266","|player|p2|Emg Gl Linket|1","|gametype|singles","|gen|6","|tier|Random Battle","|rated","|rule|Sleep Clause Mod: Limit one foe put to sleep","|rule|HP Percentage Mod: HP is shown in percentages","|","|start","|switch|p1a: Haxorus|Haxorus, L77, M|244/244","|switch|p2a: Deoxys-Speed|Deoxys-Speed, L73|193/193","|-ability|p2a: Deoxys-Speed|Pressure","|-ability|p1a: Haxorus|Mold Breaker","|turn|1","|","|switch|p2a: Granbull|Granbull, L81, F|278/278","|-ability|p2a: Granbull|Intimidate","|-unboost|p1a: Haxorus|atk|1","|move|p1a: Haxorus|Swords Dance|p1a: Haxorus","|-boost|p1a: Haxorus|atk|2","|","|turn|2","|","|move|p1a: Haxorus|Earthquake|p2a: Granbull","|-damage|p2a: Granbull|124/278","|move|p2a: Granbull|Thunder Wave|p1a: Haxorus","|-status|p1a: Haxorus|par","|-enditem|p1a: Haxorus|Lum Berry|[eat]","|-curestatus|p1a: Haxorus|par","|","|-heal|p2a: Granbull|141/278|[from] item: Leftovers","|turn|3","|","|switch|p2a: Butterfree|Butterfree, L83, M|235/235","|move|p1a: Haxorus|Earthquake|p2a: Butterfree","|-immune|p2a: Butterfree|[msg]","|","|turn|4","|","|move|p1a: Haxorus|Outrage|p2a: Butterfree","|-damage|p2a: Butterfree|0 fnt","|faint|p2a: Butterfree","|","|","|switch|p2a: Granbull|Granbull, L81, F|141/278","|-ability|p2a: Granbull|Intimidate","|-unboost|p1a: Haxorus|atk|1","|turn|5","|","|move|p1a: Haxorus|Outrage|p2a: Granbull|[from]lockedmove","|-immune|p2a: Granbull|[msg]","|-start|p1a: Haxorus|confusion|[fatigue]","|move|p2a: Granbull|Thunder Wave|p1a: Haxorus","|-status|p1a: Haxorus|par","|","|-heal|p2a: Granbull|158/278|[from] item: Leftovers","|turn|6","|","|switch|p1a: Empoleon|Empoleon, L77, M|256/256","|move|p2a: Granbull|Play Rough|p1a: Empoleon","|-crit|p1a: Empoleon","|-resisted|p1a: Empoleon","|-damage|p1a: Empoleon|166/256","|","|-heal|p2a: Granbull|175/278|[from] item: Leftovers","|turn|7","|","|move|p1a: Empoleon|Flash Cannon|p2a: Granbull","|-supereffective|p2a: Granbull","|-damage|p2a: Granbull|0 fnt","|-damage|p1a: Empoleon|141/256|[from] item: Life Orb","|faint|p2a: Granbull","|","|","|switch|p2a: Swalot|Swalot, L83, M|302/302","|turn|8","|","|move|p2a: Swalot|Earthquake|p1a: Empoleon","|-supereffective|p1a: Empoleon","|-damage|p1a: Empoleon|15/256","|move|p1a: Empoleon|Stealth Rock|p2a: Swalot","|-sidestart|p2: Emg Gl Linket|move: Stealth Rock","|","|turn|9","|","|switch|p1a: Ledian|Ledian, L83, F|227/227","|move|p2a: Swalot|Earthquake|p1a: Ledian","|-immune|p1a: Ledian|[msg]","|","|turn|10","|","|move|p1a: Ledian|U-turn|p2a: Swalot","|-resisted|p2a: Swalot","|-damage|p2a: Swalot|281/302","|","|switch|p1a: Empoleon|Empoleon, L77, M|15/256","|move|p2a: Swalot|Toxic|p1a: Empoleon","|-immune|p1a: Empoleon|[msg]","|","|-heal|p2a: Swalot|299/302|[from] item: Black Sludge","|turn|11","|","|move|p2a: Swalot|Earthquake|p1a: Empoleon","|-supereffective|p1a: Empoleon","|-damage|p1a: Empoleon|0 fnt","|faint|p1a: Empoleon","|","|-heal|p2a: Swalot|302/302|[from] item: Black Sludge","|","|switch|p1a: Samurott|Samurott, L81, M|287/287","|turn|12","|","|move|p1a: Samurott|Waterfall|p2a: Swalot","|-damage|p2a: Swalot|221/302","|move|p2a: Swalot|Sludge Bomb|p1a: Samurott","|-damage|p1a: Samurott|190/287","|-status|p1a: Samurott|psn","|","|-heal|p2a: Swalot|239/302|[from] item: Black Sludge","|-damage|p1a: Samurott|155/287 psn|[from] psn","|turn|13","|","|move|p1a: Samurott|Waterfall|p2a: Swalot","|-damage|p2a: Swalot|154/302","|move|p2a: Swalot|Sludge Bomb|p1a: Samurott","|-damage|p1a: Samurott|53/287 psn","|","|-heal|p2a: Swalot|172/302|[from] item: Black Sludge","|-damage|p1a: Samurott|18/287 psn|[from] psn","|turn|14","|","|move|p1a: Samurott|Waterfall|p2a: Swalot","|-damage|p2a: Swalot|34/302","|move|p2a: Swalot|Sludge Bomb|p1a: Samurott","|-damage|p1a: Samurott|0 fnt","|faint|p1a: Samurott","|","|-heal|p2a: Swalot|52/302|[from] item: Black Sludge","|","|switch|p1a: Haxorus|Haxorus, L77, M|244/244 par","|-ability|p1a: Haxorus|Mold Breaker","|turn|15","|","|move|p2a: Swalot|Pain Split|p1a: Haxorus","|-sethp|p1a: Haxorus|148/244 par|p2a: Swalot|148/302|[from] move: Pain Split","|move|p1a: Haxorus|Earthquake|p2a: Swalot","|-supereffective|p2a: Swalot","|-damage|p2a: Swalot|0 fnt","|faint|p2a: Swalot","|","|","|switch|p2a: Chesnaught|Chesnaught, L77, M|262/262","|-damage|p2a: Chesnaught|246/262|[from] Stealth Rock","|turn|16","|","|move|p2a: Chesnaught|Spiky Shield|p2a: Chesnaught","|-singleturn|p2a: Chesnaught|move: Protect","|move|p1a: Haxorus|Outrage|p2a: Chesnaught","|-activate|p2a: Chesnaught|Protect","|-damage|p1a: Haxorus|118/244 par|[from] Spiky Shield|[of] p2a: Chesnaught","|","|-heal|p2a: Chesnaught|262/262|[from] item: Leftovers","|turn|17","|","|switch|p1a: Ledian|Ledian, L83, F|227/227","|move|p2a: Chesnaught|Drain Punch|p1a: Ledian","|-resisted|p1a: Ledian","|-damage|p1a: Ledian|200/227","|","|turn|18","|","|switch|p2a: Accelgor|Accelgor, L79, M|255/255","|-damage|p2a: Accelgor|192/255|[from] Stealth Rock","|move|p1a: Ledian|Toxic|p2a: Accelgor","|-status|p2a: Accelgor|tox","|","|-damage|p2a: Accelgor|177/255 tox|[from] psn","|turn|19","|","|move|p2a: Accelgor|Hidden Power|p1a: Ledian","|-supereffective|p1a: Ledian","|-damage|p1a: Ledian|23/227","|-damage|p2a: Accelgor|152/255 tox|[from] item: Life Orb","|move|p1a: Ledian|U-turn|p2a: Accelgor","|-damage|p2a: Accelgor|85/255 tox","|","|switch|p1a: Ambipom|Ambipom, L79, F|248/248","|","|-damage|p2a: Accelgor|55/255 tox|[from] psn","|turn|20","|","|move|p2a: Accelgor|Focus Blast|p1a: Ambipom","|-supereffective|p1a: Ambipom","|-damage|p1a: Ambipom|0 fnt","|-damage|p2a: Accelgor|30/255 tox|[from] item: Life Orb","|faint|p1a: Ambipom","|","|-damage|p2a: Accelgor|0 fnt|[from] psn","|faint|p2a: Accelgor","|","|switch|p2a: Deoxys-Speed|Deoxys-Speed, L73|193/193","|switch|p1a: Haxorus|Haxorus, L77, M|118/244 par","|-damage|p2a: Deoxys-Speed|169/193|[from] Stealth Rock","|-ability|p2a: Deoxys-Speed|Pressure","|-ability|p1a: Haxorus|Mold Breaker","|turn|21","|","|win|Emg Gl Linket"],"p1rating":{"entryid":"6844844","serverid":"eos","formatid":"randombattle","userid":"01aceking","username":"01AceKing~","w":"0","l":2,"t":"0","gxe":40.3,"r":1459.8393856612,"rd":128.01267927553,"sigma":"0","rptime":1439197200,"rpr":1421.9383439101,"rprd":120.7090991303,"rpsigma":"0","acre":1000,"lacre":1000,"oldacre":"1000"},"p2rating":{"entryid":"7099396","serverid":"eos","formatid":"randombattle","userid":"emggllinket","username":"Emg GL Linket","w":6,"l":"5","t":"0","gxe":52.9,"r":"1481.0575593253","rd":"91.952914142994","sigma":"0","rptime":"1439197200","rpr":1522.4044224597,"rprd":86.685963130751,"rpsigma":"0","acre":1124.1785636709,"lacre":1124.1785636709,"oldacre":"1106.6182850374"},"endType":"forfeit"}