{"seed":[34520,14861,49030,52213],"turns":24,"p1":"GrassyLeafeon","p2":"Shintu","p1team":[{"name":"Jynx","moves":["lovelykiss","psyshock","nastyplot","icebeam"],"ability":"Dry Skin","evs":{"hp":85,"atk":85,"def":85,"spa":85,"spd":85,"spe":85},"ivs":{"hp":31,"atk":31,"def":31,"spa":31,"spd":31,"spe":31},"item":"Focus Sash","level":81,"shiny":false},{"name":"Amoonguss","moves":["foulplay","stunspore","hiddenpowerfire","gigadrain"],"ability":"Regenerator","evs":{"hp":85,"atk":85,"def":85,"spa":85,"spd":85,"spe":85},"ivs":{"hp":31,"atk":30,"def":31,"spa":30,"spd":31,"spe":30},"item":"Life Orb","level":79,"shiny":false},{"name":"Ditto","moves":["transform"],"ability":"Imposter","evs":{"hp":85,"atk":85,"def":85,"spa":85,"spd":85,"spe":85},"ivs":{"hp":31,"atk":31,"def":31,"spa":31,"spd":31,"spe":31},"item":"Choice Scarf","level":83,"shiny":false},{"name":"Whimsicott","moves":["stunspore","memento","taunt","moonblast"],"ability":"Prankster","evs":{"hp":85,"atk":85,"def":85,"spa":85,"spd":85,"spe":85},"ivs":{"hp":31,"atk":31,"def":31,"spa":31,"spd":31,"spe":31},"item":"Leftovers","level":77,"shiny":false},{"name":"Gliscor","moves":["stealthrock","protect","taunt","earthquake"],"ability":"Poison Heal","evs":{"hp":85,"atk":85,"def":85,"spa":85,"spd":85,"spe":85},"ivs":{"hp":31,"atk":31,"def":31,"spa":31,"spd":31,"spe":31},"item":"Toxic Orb","level":75,"shiny":false},{"name":"Solrock","moves":["rockslide","willowisp","reflect","morningsun"],"ability":"Levitate","evs":{"hp":85,"atk":85,"def":85,"spa":85,"spd":85,"spe":85},"ivs":{"hp":31,"atk":31,"def":31,"spa":31,"spd":31,"spe":31},"item":"Light Clay","level":83,"shiny":false}],"p2team":[{"name":"Latios","moves":["defog","psyshock","memento","hiddenpowerfire"],"ability":"Levitate","evs":{"hp":85,"atk":85,"def":85,"spa":85,"spd":85,"spe":85},"ivs":{"hp":31,"atk":30,"def":31,"spa":30,"spd":31,"spe":30},"item":"Latiosite","level":75,"shiny":false},{"name":"Pidgeot","moves":["heatwave","bravebird","hurricane","doubleedge"],"ability":"Tangled Feet","evs":{"hp":85,"atk":85,"def":85,"spa":85,"spd":85,"spe":85},"ivs":{"hp":31,"atk":31,"def":31,"spa":31,"spd":31,"spe":31},"item":"Life Orb","level":83,"shiny":false},{"name":"Azumarill","moves":["bellydrum","playrough","aquajet","knockoff"],"ability":"Huge Power","evs":{"hp":85,"atk":85,"def":85,"spa":85,"spd":85,"spe":85},"ivs":{"hp":31,"atk":31,"def":31,"spa":31,"spd":31,"spe":31},"item":"Sitrus Berry","level":75,"shiny":false},{"name":"Regigigas","moves":["earthquake","drainpunch","substitute","return"],"ability":"Slow Start","evs":{"hp":85,"atk":85,"def":85,"spa":85,"spd":85,"spe":85},"ivs":{"hp":31,"atk":31,"def":31,"spa":31,"spd":31,"spe":31},"item":"Leftovers","level":83,"shiny":false},{"name":"Escavalier","moves":["swordsdance","drillrun","megahorn","ironhead"],"ability":"Overcoat","evs":{"hp":85,"atk":85,"def":85,"spa":85,"spd":85,"spe":85},"ivs":{"hp":31,"atk":31,"def":31,"spa":31,"spd":31,"spe":31},"item":"Life Orb","level":79,"shiny":false},{"name":"Venusaur","moves":["substitute","hiddenpowerfire","leechseed","sludgebomb"],"ability":"Overgrow","evs":{"hp":85,"atk":85,"def":85,"spa":85,"spd":85,"spe":85},"ivs":{"hp":31,"atk":30,"def":31,"spa":30,"spd":31,"spe":30},"item":"Black Sludge","level":79,"shiny":false}],"log":["|player|p1|GrassyLeafeon|grassyleafeon.gif","|player|p2|Shintu|292","|gametype|singles","|gen|6","|tier|Random Battle","|rated","|rule|Sleep Clause Mod: Limit one foe put to sleep","|rule|HP Percentage Mod: HP is shown in percentages","|","|start","|switch|p1a: Jynx|Jynx, L81, F|238/238","|switch|p2a: Latios|Latios, L75, M|244/244","|turn|1","|","|detailschange|p2a: Latios|Latios-Mega, L75, M","|-mega|p2a: Latios|Latios|Latiosite","|move|p2a: Latios|Hidden Power|p1a: Jynx","|-supereffective|p1a: Jynx","|-damage|p1a: Jynx|118/238","|move|p1a: Jynx|Nasty Plot|p1a: Jynx","|-boost|p1a: Jynx|spa|2","|","|turn|2","|","|move|p2a: Latios|Hidden Power|p1a: Jynx","|-supereffective|p1a: Jynx","|-damage|p1a: Jynx|0 fnt","|faint|p1a: Jynx","|","|","|switch|p1a: Ditto|Ditto, L83|215/215","|-transform|p1a: Ditto|p2a: Latios","|turn|3","|","|switch|p2a: Regigigas|Regigigas, L83|318/318","|-start|p2a: Regigigas|Slow Start","|move|p1a: Ditto|Hidden Power|p2a: Regigigas","|-damage|p2a: Regigigas|268/318","|","|-heal|p2a: Regigigas|287/318|[from] item: Leftovers","|turn|4","|","|switch|p1a: Gliscor|Gliscor, L75, F|236/236","|move|p2a: Regigigas|Substitute|p2a: Regigigas","|-start|p2a: Regigigas|Substitute","|-damage|p2a: Regigigas|208/318","|","|-heal|p2a: Regigigas|227/318|[from] item: Leftovers","|-status|p1a: Gliscor|tox|[from] item: Toxic Orb","|turn|5","|","|move|p1a: Gliscor|Earthquake|p2a: Regigigas","|-crit|p2a: Regigigas","|-end|p2a: Regigigas|Substitute","|move|p2a: Regigigas|Return|p1a: Gliscor","|-damage|p1a: Gliscor|167/236 tox","|","|-heal|p2a: Regigigas|246/318|[from] item: Leftovers","|-heal|p1a: Gliscor|196/236 tox|[from] ability: Poison Heal","|turn|6","|","|move|p1a: Gliscor|Taunt|p2a: Regigigas","|-start|p2a: Regigigas|move: Taunt","|move|p2a: Regigigas|Return|p1a: Gliscor","|-damage|p1a: Gliscor|123/236 tox","|","|-heal|p2a: Regigigas|265/318|[from] item: Leftovers","|-heal|p1a: Gliscor|152/236 tox|[from] ability: Poison Heal","|turn|7","|","|move|p1a: Gliscor|Stealth Rock|p2a: Regigigas","|-sidestart|p2: Shintu|move: Stealth Rock","|move|p2a: Regigigas|Return|p1a: Gliscor","|-damage|p1a: Gliscor|82/236 tox","|","|-end|p2a: Regigigas|Slow Start","|-heal|p2a: Regigigas|284/318|[from] item: Leftovers","|-heal|p1a: Gliscor|111/236 tox|[from] ability: Poison Heal","|turn|8","|","|move|p2a: Regigigas|Return|p1a: Gliscor","|-damage|p1a: Gliscor|0 fnt","|faint|p1a: Gliscor","|","|-heal|p2a: Regigigas|303/318|[from] item: Leftovers","|-end|p2a: Regigigas|move: Taunt","|","|switch|p1a: Amoonguss|Amoonguss, L79, M|310/310","|turn|9","|","|move|p2a: Regigigas|Earthquake|p1a: Amoonguss","|-damage|p1a: Amoonguss|178/310","|move|p1a: Amoonguss|Stun Spore|p2a: Regigigas","|-status|p2a: Regigigas|par","|","|-heal|p2a: Regigigas|318/318 par|[from] item: Leftovers","|turn|10","|","|move|p1a: Amoonguss|Giga Drain|p2a: Regigigas","|-damage|p2a: Regigigas|250/318 par","|-heal|p1a: Amoonguss|212/310|[from] drain|[of] p2a: Regigigas","|-damage|p1a: Amoonguss|181/310|[from] item: Life Orb","|cant|p2a: Regigigas|par","|","|-heal|p2a: Regigigas|269/318 par|[from] item: Leftovers","|turn|11","|","|move|p1a: Amoonguss|Giga Drain|p2a: Regigigas","|-damage|p2a: Regigigas|191/318 par","|-heal|p1a: Amoonguss|220/310|[from] drain|[of] p2a: Regigigas","|-damage|p1a: Amoonguss|189/310|[from] item: Life Orb","|move|p2a: Regigigas|Return|p1a: Amoonguss","|-damage|p1a: Amoonguss|5/310","|","|-heal|p2a: Regigigas|210/318 par|[from] item: Leftovers","|turn|12","|","|move|p1a: Amoonguss|Giga Drain|p2a: Regigigas","|-damage|p2a: Regigigas|139/318 par","|-heal|p1a: Amoonguss|41/310|[from] drain|[of] p2a: Regigigas","|-damage|p1a: Amoonguss|10/310|[from] item: Life Orb","|move|p2a: Regigigas|Drain Punch|p1a: Amoonguss","|-resisted|p1a: Amoonguss","|-damage|p1a: Amoonguss|0 fnt","|-heal|p2a: Regigigas|144/318 par|[from] drain|[of] p1a: Amoonguss","|faint|p1a: Amoonguss","|","|-heal|p2a: Regigigas|163/318 par|[from] item: Leftovers","|","|switch|p1a: Whimsicott|Whimsicott, L77, M|219/219","|turn|13","|","|move|p1a: Whimsicott|Moonblast|p2a: Regigigas","|-damage|p2a: Regigigas|97/318 par","|-unboost|p2a: Regigigas|spa|1","|move|p2a: Regigigas|Return|p1a: Whimsicott","|-damage|p1a: Whimsicott|42/219","|","|-heal|p1a: Whimsicott|55/219|[from] item: Leftovers","|-heal|p2a: Regigigas|116/318 par|[from] item: Leftovers","|turn|14","|","|move|p1a: Whimsicott|Moonblast|p2a: Regigigas","|-damage|p2a: Regigigas|50/318 par","|move|p2a: Regigigas|Return|p1a: Whimsicott","|-damage|p1a: Whimsicott|0 fnt","|faint|p1a: Whimsicott","|","|-heal|p2a: Regigigas|69/318 par|[from] item: Leftovers","|","|switch|p1a: Ditto|Ditto, L83|215/215","|-transform|p1a: Ditto|p2a: Regigigas","|-start|p1a: Ditto|Slow Start","|turn|15","|","|move|p1a: Ditto|Return|p2a: Regigigas","|-damage|p2a: Regigigas|2/318 par","|move|p2a: Regigigas|Drain Punch|p1a: Ditto","|-supereffective|p1a: Ditto","|-damage|p1a: Ditto|91/215","|-heal|p2a: Regigigas|64/318 par|[from] drain|[of] p1a: Ditto","|","|-heal|p2a: Regigigas|83/318 par|[from] item: Leftovers","|turn|16","|","|move|p1a: Ditto|Return|p2a: Regigigas","|-damage|p2a: Regigigas|20/318 par","|move|p2a: Regigigas|Drain Punch|p1a: Ditto","|-supereffective|p1a: Ditto","|-damage|p1a: Ditto|0 fnt","|-heal|p2a: Regigigas|66/318 par|[from] drain|[of] p1a: Ditto","|faint|p1a: Ditto","|-end|p1a: Ditto|Slow Start|[silent]","|","|-heal|p2a: Regigigas|85/318 par|[from] item: Leftovers","|","|-end|p1: Ditto|Slow Start|[silent]","|switch|p1a: Solrock|Solrock, L83|252/252","|turn|17","|","|move|p1a: Solrock|Rock Slide|p2a: Regigigas","|-miss|p1a: Solrock|p2a: Regigigas","|move|p2a: Regigigas|Drain Punch|p1a: Solrock","|-damage|p1a: Solrock|165/252","|-heal|p2a: Regigigas|129/318 par|[from] drain|[of] p1a: Solrock","|","|-heal|p2a: Regigigas|148/318 par|[from] item: Leftovers","|turn|18","|","|move|p1a: Solrock|Rock Slide|p2a: Regigigas","|-damage|p2a: Regigigas|85/318 par","|cant|p2a: Regigigas|par","|","|-heal|p2a: Regigigas|104/318 par|[from] item: Leftovers","|turn|19","|","|move|p1a: Solrock|Rock Slide|p2a: Regigigas","|-damage|p2a: Regigigas|37/318 par","|move|p2a: Regigigas|Earthquake|p1a: Solrock","|-immune|p1a: Solrock|[msg]","|","|-heal|p2a: Regigigas|56/318 par|[from] item: Leftovers","|turn|20","|","|move|p1a: Solrock|Rock Slide|p2a: Regigigas","|-damage|p2a: Regigigas|0 fnt","|faint|p2a: Regigigas","|-end|p2a: Regigigas|Slow Start|[silent]","|","|","|-end|p2: Regigigas|Slow Start|[silent]","|switch|p2a: Azumarill|Azumarill, L75, F|274/274","|-damage|p2a: Azumarill|240/274|[from] Stealth Rock","|turn|21","|","|move|p2a: Azumarill|Aqua Jet|p1a: Solrock","|-supereffective|p1a: Solrock","|-damage|p1a: Solrock|75/252","|move|p1a: Solrock|Rock Slide|p2a: Azumarill","|-damage|p2a: Azumarill|147/274","|","|turn|22","|","|move|p1a: Solrock|Morning Sun|p1a: Solrock","|-heal|p1a: Solrock|201/252","|move|p2a: Azumarill|Knock Off|p1a: Solrock","|-supereffective|p1a: Solrock","|-damage|p1a: Solrock|43/252","|-enditem|p1a: Solrock|Light Clay|[from] move: Knock Off|[of] p2a: Azumarill","|","|turn|23","|","|move|p1a: Solrock|Morning Sun|p1a: Solrock","|-heal|p1a: Solrock|169/252","|move|p2a: Azumarill|Knock Off|p1a: Solrock","|-supereffective|p1a: Solrock","|-damage|p1a: Solrock|67/252","|","|turn|24","|","|move|p2a: Azumarill|Aqua Jet|p1a: Solrock","|-supereffective|p1a: Solrock","|-damage|p1a: Solrock|0 fnt","|faint|p1a: Solrock","|","|win|Shintu"],"p1rating":{"entryid":"6203294","serverid":"eos","formatid":"randombattle","userid":"grassyleafeon","username":"GrassyLeafeon","w":"7","l":12,"t":"0","gxe":40.1,"r":"1471.1530145069","rd":"82.475357284292","sigma":"0","rptime":"1439197200","rpr":1422.6640047352,"rprd":76.757287545491,"rpsigma":"0","acre":1018.6457594104,"lacre":1018.6457594104,"oldacre":"1035.539438999"},"p2rating":{"entryid":7539959,"formatid":"randombattle","userid":"shintu","username":"Shintu","r":1500,"rd":130,"sigma":0,"rpr":1538.2992228004,"rprd":122.28373740393,"rpsigma":0,"rptime":1439197200,"w":1,"l":0,"t":0,"gxe":54.8,"acre":1044.0774178244,"lacre":1044.0774178244,"oldacre":1000},"endType":"normal"}