{"seed":[33298,33929,23341,11265],"turns":19,"p1":"Kidd Baddass","p2":"Aleiik","p1team":[{"name":"Vanilluxe","moves":["autotomize","explosion","freezedry","flashcannon"],"ability":"Ice Body","evs":{"hp":85,"atk":85,"def":85,"spa":85,"spd":85,"spe":85},"ivs":{"hp":31,"atk":31,"def":31,"spa":31,"spd":31,"spe":31},"item":"Life Orb","level":83,"shiny":false},{"name":"Gyarados","moves":["icefang","dragondance","substitute","waterfall"],"ability":"Moxie","evs":{"hp":85,"atk":85,"def":85,"spa":85,"spd":85,"spe":85},"ivs":{"hp":31,"atk":31,"def":31,"spa":31,"spd":31,"spe":31},"item":"Gyaradosite","level":75,"shiny":false},{"name":"Butterfree","moves":["bugbuzz","quiverdance","psychic","shadowball"],"ability":"Tinted Lens","evs":{"hp":85,"atk":85,"def":85,"spa":85,"spd":85,"spe":85},"ivs":{"hp":31,"atk":31,"def":31,"spa":31,"spd":31,"spe":31},"item":"Life Orb","level":83,"shiny":false},{"name":"Beedrill","moves":["endeavor","uturn","toxicspikes","poisonjab"],"ability":"Swarm","evs":{"hp":81,"atk":89,"def":85,"spa":85,"spd":85,"spe":85},"ivs":{"hp":31,"atk":31,"def":31,"spa":31,"spd":31,"spe":31},"item":"Focus Sash","level":83,"shiny":false},{"name":"Ludicolo","moves":["icebeam","raindance","scald","gigadrain"],"ability":"Swift Swim","evs":{"hp":85,"atk":85,"def":85,"spa":85,"spd":85,"spe":85},"ivs":{"hp":31,"atk":31,"def":31,"spa":31,"spd":31,"spe":31},"item":"Damp Rock","level":81,"shiny":false},{"name":"Audino","moves":["reflect","lightscreen","healbell","doubleedge"],"ability":"Regenerator","evs":{"hp":85,"atk":85,"def":85,"spa":85,"spd":85,"spe":85},"ivs":{"hp":31,"atk":31,"def":31,"spa":31,"spd":31,"spe":31},"item":"Light Clay","level":81,"shiny":false}],"p2team":[{"name":"Xerneas","moves":["geomancy","moonblast","hiddenpowerfire","psyshock"],"ability":"Fairy Aura","evs":{"hp":85,"atk":85,"def":85,"spa":85,"spd":85,"spe":85},"ivs":{"hp":31,"atk":30,"def":31,"spa":30,"spd":31,"spe":30},"item":"Power Herb","level":71,"shiny":false},{"name":"Farfetch'd","moves":["nightslash","return","swordsdance","leafblade"],"ability":"Defiant","evs":{"hp":85,"atk":85,"def":85,"spa":85,"spd":85,"spe":85},"ivs":{"hp":31,"atk":31,"def":31,"spa":31,"spd":31,"spe":31},"item":"Stick","level":83,"shiny":false},{"name":"Gorebyss","moves":["hiddenpowergrass","batonpass","shellsmash","hydropump"],"ability":"Hydration","evs":{"hp":85,"atk":85,"def":85,"spa":85,"spd":85,"spe":85},"ivs":{"hp":31,"atk":30,"def":31,"spa":30,"spd":31,"spe":31},"item":"White Herb","level":81,"shiny":false},{"name":"Escavalier","moves":["knockoff","megahorn","ironhead","pursuit"],"ability":"Overcoat","evs":{"hp":85,"atk":85,"def":85,"spa":85,"spd":85,"spe":85},"ivs":{"hp":31,"atk":31,"def":31,"spa":31,"spd":31,"spe":31},"item":"Choice Band","level":79,"shiny":false},{"name":"Vivillon","moves":["sleeppowder","bugbuzz","hurricane","quiverdance"],"ability":"Compound Eyes","evs":{"hp":81,"atk":85,"def":85,"spa":89,"spd":85,"spe":85},"ivs":{"hp":31,"atk":31,"def":31,"spa":31,"spd":31,"spe":31},"item":"Leftovers","level":81,"shiny":false},{"name":"Skuntank","moves":["suckerpunch","defog","crunch","poisonjab"],"ability":"Aftermath","evs":{"hp":85,"atk":85,"def":85,"spa":85,"spd":85,"spe":85},"ivs":{"hp":31,"atk":31,"def":31,"spa":31,"spd":31,"spe":31},"item":"Life Orb","level":81,"shiny":false}],"log":["|player|p1|Kidd Baddass|25","|player|p2|Aleiik|170","|gametype|singles","|gen|6","|tier|Random Battle","|rated","|rule|Sleep Clause Mod: Limit one foe put to sleep","|rule|HP Percentage Mod: HP is shown in percentages","|","|start","|switch|p1a: Vanilluxe|Vanilluxe, L83, M|254/254","|switch|p2a: Xerneas|Xerneas, L71|296/296","|-ability|p2a: Xerneas|Fairy Aura","|turn|1","|","|move|p2a: Xerneas|Hidden Power|p1a: Vanilluxe","|-supereffective|p1a: Vanilluxe","|-damage|p1a: Vanilluxe|176/254","|move|p1a: Vanilluxe|Autotomize|p1a: Vanilluxe","|-boost|p1a: Vanilluxe|spe|2","|-start|p1a: Vanilluxe|Autotomize","|","|turn|2","|","|move|p1a: Vanilluxe|Explosion|p2a: Xerneas","|-damage|p2a: Xerneas|41/296","|faint|p1a: Vanilluxe","|move|p2a: Xerneas|Hidden Power|p1: Vanilluxe|[notarget]","|-notarget","|","|","|switch|p1a: Gyarados|Gyarados, L75, F|266/266","|turn|3","|","|move|p2a: Xerneas|Moonblast|p1a: Gyarados","|-crit|p1a: Gyarados","|-damage|p1a: Gyarados|73/266","|-unboost|p1a: Gyarados|spa|1","|move|p1a: Gyarados|Dragon Dance|p1a: Gyarados","|-boost|p1a: Gyarados|atk|1","|-boost|p1a: Gyarados|spe|1","|","|turn|4","|","|detailschange|p1a: Gyarados|Gyarados-Mega, L75, F","|-mega|p1a: Gyarados|Gyarados|Gyaradosite","|-ability|p1a: Gyarados|Mold Breaker","|move|p1a: Gyarados|Waterfall|p2a: Xerneas","|-damage|p2a: Xerneas|0 fnt","|faint|p2a: Xerneas","|","|","|switch|p2a: Escavalier|Escavalier, L79, M|240/240","|turn|5","|","|move|p1a: Gyarados|Ice Fang|p2a: Escavalier","|-resisted|p2a: Escavalier","|-damage|p2a: Escavalier|201/240","|move|p2a: Escavalier|Megahorn|p1a: Gyarados","|-crit|p1a: Gyarados","|-supereffective|p1a: Gyarados","|-damage|p1a: Gyarados|0 fnt","|faint|p1a: Gyarados","|","|","|switch|p1a: Butterfree|Butterfree, L83, M|235/235","|turn|6","|","|switch|p2a: Vivillon|Vivillon, L81, M|261/261","|move|p1a: Butterfree|Quiver Dance|p1a: Butterfree","|-boost|p1a: Butterfree|spa|1","|-boost|p1a: Butterfree|spd|1","|-boost|p1a: Butterfree|spe|1","|","|turn|7","|","|move|p1a: Butterfree|Psychic|p2a: Vivillon","|-crit|p2a: Vivillon","|-damage|p2a: Vivillon|0 fnt","|-damage|p1a: Butterfree|212/235|[from] item: Life Orb","|faint|p2a: Vivillon","|","|","|switch|p2a: Farfetch'd|Farfetch'd, L83, M|222/222","|turn|8","|","|move|p1a: Butterfree|Psychic|p2a: Farfetch'd","|-damage|p2a: Farfetch'd|83/222","|-damage|p1a: Butterfree|189/235|[from] item: Life Orb","|move|p2a: Farfetch'd|Night Slash|p1a: Butterfree","|-crit|p1a: Butterfree","|-damage|p1a: Butterfree|109/235","|","|turn|9","|","|move|p1a: Butterfree|Shadow Ball|p2a: Farfetch'd","|-immune|p2a: Farfetch'd|[msg]","|move|p2a: Farfetch'd|Leaf Blade|p1a: Butterfree","|-crit|p1a: Butterfree","|-resisted|p1a: Butterfree","|-damage|p1a: Butterfree|82/235","|","|turn|10","|","|move|p1a: Butterfree|Psychic|p2a: Farfetch'd","|-damage|p2a: Farfetch'd|0 fnt","|-damage|p1a: Butterfree|59/235|[from] item: Life Orb","|faint|p2a: Farfetch'd","|","|","|switch|p2a: Skuntank|Skuntank, L81, F|299/299","|turn|11","|","|move|p2a: Skuntank|Sucker Punch|p1a: Butterfree","|-damage|p1a: Butterfree|0 fnt","|-damage|p2a: Skuntank|270/299|[from] item: Life Orb","|faint|p1a: Butterfree","|","|","|switch|p1a: Beedrill|Beedrill, L83, M|243/243","|turn|12","|","|move|p2a: Skuntank|Sucker Punch|p1a: Beedrill","|-damage|p1a: Beedrill|71/243","|-damage|p2a: Skuntank|241/299|[from] item: Life Orb","|move|p1a: Beedrill|Endeavor|p2a: Skuntank","|-damage|p2a: Skuntank|71/299","|","|turn|13","|","|move|p2a: Skuntank|Sucker Punch|p1a: Beedrill","|-fail|p2a: Skuntank","|move|p1a: Beedrill|Toxic Spikes|p2a: Skuntank","|-sidestart|p2: Aleiik|move: Toxic Spikes","|","|turn|14","|","|move|p2a: Skuntank|Crunch|p1a: Beedrill","|-damage|p1a: Beedrill|0 fnt","|-damage|p2a: Skuntank|42/299|[from] item: Life Orb","|faint|p1a: Beedrill","|","|","|switch|p1a: Ludicolo|Ludicolo, L81, F|262/262","|turn|15","|","|move|p2a: Skuntank|Poison Jab|p1a: Ludicolo","|-supereffective|p1a: Ludicolo","|-damage|p1a: Ludicolo|18/262","|-damage|p2a: Skuntank|13/299|[from] item: Life Orb","|move|p1a: Ludicolo|Rain Dance|p1a: Ludicolo","|-weather|RainDance","|","|-weather|RainDance|[upkeep]","|turn|16","|","|move|p1a: Ludicolo|Rain Dance|p1a: Ludicolo","|-fail|p1a: Ludicolo","|move|p2a: Skuntank|Poison Jab|p1a: Ludicolo","|-supereffective|p1a: Ludicolo","|-damage|p1a: Ludicolo|0 fnt","|-damage|p2a: Skuntank|0 fnt|[from] item: Life Orb","|faint|p1a: Ludicolo","|faint|p2a: Skuntank","|","|-weather|RainDance|[upkeep]","|","|switch|p1a: Audino|Audino, L81, F|299/299","|switch|p2a: Escavalier|Escavalier, L79, M|201/240","|turn|17","|","|move|p1a: Audino|Reflect|p1a: Audino","|-sidestart|p1: Kidd Baddass|Reflect","|move|p2a: Escavalier|Megahorn|p1a: Audino","|-damage|p1a: Audino|187/299","|","|-weather|RainDance|[upkeep]","|turn|18","|","|move|p1a: Audino|Light Screen|p1a: Audino","|-sidestart|p1: Kidd Baddass|move: Light Screen","|move|p2a: Escavalier|Megahorn|p1a: Audino","|-damage|p1a: Audino|82/299","|","|-weather|RainDance|[upkeep]","|turn|19","|","|move|p1a: Audino|Double-Edge|p2a: Escavalier","|-resisted|p2a: Escavalier","|-damage|p2a: Escavalier|165/240","|-damage|p1a: Audino|70/299|[from] recoil|[of] p2a: Escavalier","|move|p2a: Escavalier|Megahorn|p1a: Audino","|-damage|p1a: Audino|0 fnt","|faint|p1a: Audino","|","|win|Aleiik"],"p1rating":{"entryid":"7538954","serverid":"eos","formatid":"randombattle","userid":"kiddbaddass","username":"Kidd Baddass","w":"1","l":1,"t":"0","gxe":50,"r":"1500","rd":"130","sigma":"0","rptime":"1439197200","rpr":1500,"rprd":116.77753930647,"rpsigma":"0","acre":1022.1660277196,"lacre":1022.1660277196,"oldacre":"1040"},"p2rating":{"entryid":7539131,"formatid":"randombattle","userid":"aleiik","username":"Aleiik","r":1500,"rd":130,"sigma":0,"rpr":1540.1606143388,"rprd":122.8583080769,"rpsigma":0,"rptime":1439197200,"w":1,"l":0,"t":0,"gxe":55,"acre":1044.584930701,"lacre":1044.584930701,"oldacre":1000},"endType":"normal"}