{"seed":[12518,24038,27592,26870],"turns":19,"p1":"GrassyLeafeon","p2":"Galaxy Emilice","p1team":[{"name":"Lickilicky","moves":["wish","powerwhip","swordsdance","bodyslam"],"ability":"Cloud Nine","evs":{"hp":85,"atk":85,"def":85,"spa":85,"spd":85,"spe":85},"ivs":{"hp":31,"atk":31,"def":31,"spa":31,"spd":31,"spe":31},"item":"Leftovers","level":83,"shiny":false},{"name":"Sunflora","moves":["earthpower","gigadrain","hiddenpowerfire","sunnyday"],"ability":"Chlorophyll","evs":{"hp":85,"atk":85,"def":85,"spa":85,"spd":85,"spe":85},"ivs":{"hp":31,"atk":30,"def":31,"spa":30,"spd":31,"spe":30},"item":"Heat Rock","level":83,"shiny":false},{"name":"Primeape","moves":["gunkshot","icepunch","closecombat","earthquake"],"ability":"Anger Point","evs":{"hp":85,"atk":85,"def":85,"spa":85,"spd":85,"spe":85},"ivs":{"hp":31,"atk":31,"def":31,"spa":31,"spd":31,"spe":31},"item":"Choice Scarf","level":81,"shiny":false},{"name":"Bastiodon","moves":["roar","rockblast","stealthrock","toxic"],"ability":"Sturdy","evs":{"hp":85,"atk":85,"def":85,"spa":85,"spd":85,"spe":85},"ivs":{"hp":31,"atk":31,"def":31,"spa":31,"spd":31,"spe":31},"item":"Air Balloon","level":83,"shiny":false},{"name":"Jellicent","moves":["icebeam","toxic","scald","shadowball"],"ability":"Water Absorb","evs":{"hp":85,"atk":85,"def":85,"spa":85,"spd":85,"spe":85},"ivs":{"hp":31,"atk":31,"def":31,"spa":31,"spd":31,"spe":31},"item":"Life Orb","level":79,"shiny":false},{"name":"Volcarona","moves":["bugbuzz","fireblast","hiddenpowerground","quiverdance"],"ability":"Flame Body","evs":{"hp":81,"atk":85,"def":85,"spa":89,"spd":85,"spe":85},"ivs":{"hp":31,"atk":31,"def":31,"spa":30,"spd":30,"spe":31},"item":"Life Orb","level":76,"shiny":false}],"p2team":[{"name":"Wormadam-Sandy","moves":["toxic","stealthrock","protect","earthquake"],"ability":"Overcoat","evs":{"hp":85,"atk":85,"def":85,"spa":85,"spd":85,"spe":85},"ivs":{"hp":31,"atk":31,"def":31,"spa":31,"spd":31,"spe":31},"item":"Leftovers","level":83,"shiny":false},{"name":"Metagross","moves":["meteormash","zenheadbutt","icepunch","earthquake"],"ability":"Clear Body","evs":{"hp":85,"atk":85,"def":85,"spa":85,"spd":85,"spe":85},"ivs":{"hp":31,"atk":31,"def":31,"spa":31,"spd":31,"spe":31},"item":"Metagrossite","level":75,"shiny":false},{"name":"Zygarde","moves":["extremespeed","dragondance","stoneedge","outrage"],"ability":"Aura Break","evs":{"hp":85,"atk":85,"def":85,"spa":85,"spd":85,"spe":85},"ivs":{"hp":31,"atk":31,"def":31,"spa":31,"spd":31,"spe":31},"item":"Lum Berry","level":76,"shiny":false},{"name":"Emboar","moves":["stoneedge","flareblitz","superpower","wildcharge"],"ability":"Reckless","evs":{"hp":85,"atk":85,"def":85,"spa":85,"spd":85,"spe":85},"ivs":{"hp":31,"atk":31,"def":31,"spa":31,"spd":31,"spe":31},"item":"Choice Band","level":79,"shiny":false},{"name":"Sawk","moves":["bulkup","knockoff","poisonjab","closecombat"],"ability":"Mold Breaker","evs":{"hp":85,"atk":85,"def":85,"spa":85,"spd":85,"spe":85},"ivs":{"hp":31,"atk":31,"def":31,"spa":31,"spd":31,"spe":31},"item":"Life Orb","level":81,"shiny":false},{"name":"Cacturne","moves":["swordsdance","substitute","drainpunch","seedbomb"],"ability":"Water Absorb","evs":{"hp":85,"atk":85,"def":85,"spa":85,"spd":85,"spe":85},"ivs":{"hp":31,"atk":31,"def":31,"spa":31,"spd":31,"spe":31},"item":"Leftovers","level":81,"shiny":false}],"log":["|player|p1|GrassyLeafeon|grassyleafeon.gif","|player|p2|Galaxy Emilice|99","|gametype|singles","|gen|6","|tier|Random Battle","|rated","|rule|Sleep Clause Mod: Limit one foe put to sleep","|rule|HP Percentage Mod: HP is shown in percentages","|","|start","|switch|p1a: Lickilicky|Lickilicky, L83, M|318/318","|switch|p2a: Wormadam-Sandy|Wormadam-Sandy, L83, F|235/235","|-ability|p1a: Lickilicky|Cloud Nine","|turn|1","|","|move|p1a: Lickilicky|Swords Dance|p1a: Lickilicky","|-boost|p1a: Lickilicky|atk|2","|move|p2a: Wormadam-Sandy|Stealth Rock|p1a: Lickilicky","|-sidestart|p1: GrassyLeafeon|move: Stealth Rock","|","|turn|2","|","|move|p1a: Lickilicky|Body Slam|p2a: Wormadam-Sandy","|-damage|p2a: Wormadam-Sandy|85/235","|move|p2a: Wormadam-Sandy|Toxic|p1a: Lickilicky","|-status|p1a: Lickilicky|tox","|","|-heal|p2a: Wormadam-Sandy|99/235|[from] item: Leftovers","|-damage|p1a: Lickilicky|299/318 tox|[from] psn","|turn|3","|","|move|p2a: Wormadam-Sandy|Protect|p2a: Wormadam-Sandy","|-singleturn|p2a: Wormadam-Sandy|Protect","|move|p1a: Lickilicky|Body Slam|p2a: Wormadam-Sandy","|-activate|p2a: Wormadam-Sandy|Protect","|","|-heal|p1a: Lickilicky|318/318 tox|[from] item: Leftovers","|-heal|p2a: Wormadam-Sandy|113/235|[from] item: Leftovers","|-damage|p1a: Lickilicky|280/318 tox|[from] psn","|turn|4","|","|switch|p2a: Sawk|Sawk, L81, M|254/254","|-ability|p2a: Sawk|Mold Breaker","|move|p1a: Lickilicky|Body Slam|p2a: Sawk","|-damage|p2a: Sawk|65/254","|","|-heal|p1a: Lickilicky|299/318 tox|[from] item: Leftovers","|-damage|p1a: Lickilicky|242/318 tox|[from] psn","|turn|5","|","|move|p2a: Sawk|Close Combat|p1a: Lickilicky","|-supereffective|p1a: Lickilicky","|-damage|p1a: Lickilicky|0 fnt","|-unboost|p2a: Sawk|def|1","|-unboost|p2a: Sawk|spd|1","|-damage|p2a: Sawk|40/254|[from] item: Life Orb","|faint|p1a: Lickilicky","|","|","|switch|p1a: Jellicent|Jellicent, L79, M|288/288","|-damage|p1a: Jellicent|252/288|[from] Stealth Rock","|turn|6","|","|move|p2a: Sawk|Knock Off|p1a: Jellicent","|-supereffective|p1a: Jellicent","|-damage|p1a: Jellicent|8/288","|-enditem|p1a: Jellicent|Life Orb|[from] move: Knock Off|[of] p2a: Sawk","|-damage|p2a: Sawk|15/254|[from] item: Life Orb","|move|p1a: Jellicent|Scald|p2a: Sawk","|-damage|p2a: Sawk|0 fnt","|faint|p2a: Sawk","|","|","|switch|p2a: Zygarde|Zygarde, L76|289/289","|-ability|p2a: Zygarde|Aura Break","|turn|7","|","|move|p2a: Zygarde|Stone Edge|p1a: Jellicent","|-damage|p1a: Jellicent|0 fnt","|faint|p1a: Jellicent","|","|","|switch|p1a: Primeape|Primeape, L81, M|238/238","|-damage|p1a: Primeape|224/238|[from] Stealth Rock","|turn|8","|","|move|p2a: Zygarde|Extreme Speed|p1a: Primeape","|-damage|p1a: Primeape|155/238","|move|p1a: Primeape|Ice Punch|p2a: Zygarde","|-crit|p2a: Zygarde","|-supereffective|p2a: Zygarde","|-damage|p2a: Zygarde|33/289","|","|turn|9","|","|move|p1a: Primeape|Ice Punch|p2a: Zygarde","|-supereffective|p2a: Zygarde","|-damage|p2a: Zygarde|0 fnt","|faint|p2a: Zygarde","|","|","|switch|p2a: Metagross|Metagross, L75|244/244","|turn|10","|","|switch|p1a: Bastiodon|Bastiodon, L83, F|235/235","|-damage|p1a: Bastiodon|221/235|[from] Stealth Rock","|-item|p1a: Bastiodon|Air Balloon","|detailschange|p2a: Metagross|Metagross-Mega, L75","|-mega|p2a: Metagross|Metagross|Metagrossite","|move|p2a: Metagross|Zen Headbutt|p1a: Bastiodon","|-resisted|p1a: Bastiodon","|-damage|p1a: Bastiodon|185/235","|-enditem|p1a: Bastiodon|Air Balloon","|","|turn|11","|","|move|p2a: Metagross|Earthquake|p1a: Bastiodon","|-supereffective|p1a: Bastiodon","|-damage|p1a: Bastiodon|0 fnt","|faint|p1a: Bastiodon","|","|","|switch|p1a: Sunflora|Sunflora, L83, F|260/260","|-damage|p1a: Sunflora|228/260|[from] Stealth Rock","|turn|12","|","|move|p2a: Metagross|Ice Punch|p1a: Sunflora","|-supereffective|p1a: Sunflora","|-damage|p1a: Sunflora|22/260","|move|p1a: Sunflora|Sunny Day|p1a: Sunflora","|-weather|SunnyDay","|","|-weather|SunnyDay|[upkeep]","|turn|13","|","|move|p2a: Metagross|Ice Punch|p1a: Sunflora","|-supereffective|p1a: Sunflora","|-damage|p1a: Sunflora|0 fnt","|faint|p1a: Sunflora","|","|-weather|SunnyDay|[upkeep]","|","|switch|p1a: Volcarona|Volcarona, L76, M|253/253","|-damage|p1a: Volcarona|127/253|[from] Stealth Rock","|turn|14","|","|move|p2a: Metagross|Ice Punch|p1a: Volcarona","|-resisted|p1a: Volcarona","|-damage|p1a: Volcarona|72/253","|-status|p2a: Metagross|brn","|move|p1a: Volcarona|Fire Blast|p2a: Metagross","|-supereffective|p2a: Metagross","|-damage|p2a: Metagross|0 fnt","|-damage|p1a: Volcarona|47/253|[from] item: Life Orb","|faint|p2a: Metagross","|","|-weather|SunnyDay|[upkeep]","|","|switch|p2a: Emboar|Emboar, L79, F|303/303","|turn|15","|","|move|p1a: Volcarona|Hidden Power|p2a: Emboar","|-supereffective|p2a: Emboar","|-damage|p2a: Emboar|139/303","|-damage|p1a: Volcarona|22/253|[from] item: Life Orb","|move|p2a: Emboar|Wild Charge|p1a: Volcarona","|-damage|p1a: Volcarona|0 fnt","|-damage|p2a: Emboar|133/303|[from] recoil|[of] p1a: Volcarona","|faint|p1a: Volcarona","|","|-weather|SunnyDay|[upkeep]","|","|switch|p1a: Primeape|Primeape, L81, M|155/238","|-damage|p1a: Primeape|141/238|[from] Stealth Rock","|turn|16","|","|move|p1a: Primeape|Earthquake|p2a: Emboar","|-supereffective|p2a: Emboar","|-damage|p2a: Emboar|0 fnt","|faint|p2a: Emboar","|","|-weather|SunnyDay|[upkeep]","|","|switch|p2a: Cacturne|Cacturne, L81, F|246/246","|turn|17","|","|move|p1a: Primeape|Earthquake|p2a: Cacturne","|-resisted|p2a: Cacturne","|-damage|p2a: Cacturne|198/246","|move|p2a: Cacturne|Substitute|p2a: Cacturne","|-start|p2a: Cacturne|Substitute","|-damage|p2a: Cacturne|137/246","|","|-weather|SunnyDay|[upkeep]","|-heal|p2a: Cacturne|152/246|[from] item: Leftovers","|turn|18","|","|move|p1a: Primeape|Earthquake|p2a: Cacturne","|-crit|p2a: Cacturne","|-resisted|p2a: Cacturne","|-end|p2a: Cacturne|Substitute","|move|p2a: Cacturne|Swords Dance|p2a: Cacturne","|-boost|p2a: Cacturne|atk|2","|","|-weather|SunnyDay|[upkeep]","|-heal|p2a: Cacturne|167/246|[from] item: Leftovers","|turn|19","|","|move|p1a: Primeape|Earthquake|p2a: Cacturne","|-resisted|p2a: Cacturne","|-damage|p2a: Cacturne|117/246","|move|p2a: Cacturne|Drain Punch|p1a: Primeape","|-damage|p1a: Primeape|0 fnt","|-heal|p2a: Cacturne|188/246|[from] drain|[of] p1a: Primeape","|faint|p1a: Primeape","|","|win|Galaxy Emilice"],"p1rating":{"entryid":"6203294","serverid":"eos","formatid":"randombattle","userid":"grassyleafeon","username":"GrassyLeafeon","w":"7","l":10,"t":"0","gxe":43.7,"r":"1471.1530145069","rd":"82.475357284292","sigma":"0","rptime":"1439197200","rpr":1451.2527313521,"rprd":80.305131871783,"rpsigma":"0","acre":1051.8158296048,"lacre":1051.8158296048,"oldacre":"1072.5080998454"},"p2rating":{"entryid":"5976600","serverid":"eos","formatid":"randombattle","userid":"galaxyemilice","username":"Galaxy Emilice","w":41,"l":"55","t":"0","gxe":44.1,"r":"1441.7326435331","rd":"46.190602490247","sigma":"0","rptime":"1439197200","rpr":1454.8989214798,"rprd":45.500083373056,"rpsigma":"0","acre":1103.9815116341,"lacre":1103.9815116341,"oldacre":"1075.5695073466"},"endType":"normal"}