{"seed":[58049,31555,34972,10618],"turns":27,"p1":"Rain ☆ Suichika","p2":"MrNyanNyanz","p1team":[{"name":"Muhammad ashroom","species":"breloom","item":"focussash","ability":"Technician","moves":["spore","bulletseed","rocktomb","machpunch"],"nature":"Jolly","evs":{"hp":4,"atk":252,"def":0,"spa":0,"spd":0,"spe":252},"ivs":{"hp":31,"atk":31,"def":31,"spa":31,"spd":31,"spe":31}},{"name":"Platasaurus-rex","species":"venusaur","item":"venusaurite","ability":"Chlorophyll","moves":["synthesis","hiddenpowerrock","gigadrain","earthquake"],"nature":"Quiet","evs":{"hp":252,"atk":4,"def":0,"spa":252,"spd":0,"spe":0},"ivs":{"hp":31,"atk":31,"def":30,"spa":31,"spd":30,"spe":30}},{"name":"Vileplume's sister","species":"roserade","item":"choicescarf","ability":"Technician","moves":["hiddenpowerground","extrasensory","sludgebomb","shadowball"],"nature":"Timid","evs":{"hp":4,"atk":0,"def":0,"spa":252,"spd":0,"spe":252},"ivs":{"hp":31,"atk":31,"def":31,"spa":30,"spd":30,"spe":31}},{"name":"Celery the onion","species":"celebi","item":"lifeorb","ability":"Natural Cure","moves":["gigadrain","suckerpunch","earthpower","zenheadbutt"],"nature":"Naive","evs":{"hp":0,"atk":200,"def":0,"spa":56,"spd":0,"spe":252},"ivs":{"hp":31,"atk":31,"def":31,"spa":31,"spd":31,"spe":31}},{"name":"Iron Durian","species":"ferrothorn","item":"occaberry","ability":"Iron Barbs","moves":["stealthrock","knockoff","thunderwave","gyroball"],"nature":"Impish","evs":{"hp":252,"atk":0,"def":88,"spa":0,"spd":168,"spe":0},"ivs":{"hp":31,"atk":31,"def":31,"spa":31,"spd":31,"spe":31}},{"name":"liligant wannabe","species":"bellossom","item":"weaknesspolicy","ability":"Chlorophyll","moves":["gigadrain","hiddenpowerfire","moonblast","leafstorm"],"nature":"Modest","evs":{"hp":116,"atk":0,"def":0,"spa":252,"spd":0,"spe":140},"ivs":{"hp":31,"atk":30,"def":31,"spa":30,"spd":31,"spe":30}}],"p2team":[{"name":"Jirachi","species":"Jirachi","item":"leftovers","ability":"Serene Grace","moves":["thunderwave","ironhead","wish","stealthrock"],"nature":"Careful","evs":{"hp":252,"atk":0,"def":0,"spa":0,"spd":224,"spe":32},"ivs":{"hp":31,"atk":31,"def":31,"spa":31,"spd":31,"spe":31}},{"name":"Gardevoir","species":"Gardevoir","item":"gardevoirite","ability":"Trace","moves":["substitute","hypervoice","shadowball","psyshock"],"nature":"Timid","evs":{"hp":4,"atk":0,"def":0,"spa":252,"spd":0,"spe":252},"ivs":{"hp":31,"atk":30,"def":31,"spa":30,"spd":31,"spe":30}},{"name":"Slowbro","species":"Slowbro","item":"rockyhelmet","ability":"Regenerator","moves":["slackoff","scald","flamethrower","thunderwave"],"nature":"Bold","evs":{"hp":248,"atk":0,"def":252,"spa":8,"spd":0,"spe":0},"ivs":{"hp":31,"atk":31,"def":31,"spa":31,"spd":31,"spe":31}},{"name":"Victini","species":"Victini","item":"choicescarf","ability":"Victory Star","moves":["vcreate","boltstrike","uturn","zenheadbutt"],"nature":"Jolly","evs":{"hp":0,"atk":252,"def":0,"spa":0,"spd":4,"spe":252},"ivs":{"hp":31,"atk":31,"def":31,"spa":31,"spd":31,"spe":31}},{"name":"Hoopa-Unbound","species":"Hoopa-Unbound","item":"lifeorb","ability":"Magician","moves":["hyperspacefury","hyperspacehole","drainpunch","substitute"],"nature":"Lonely","evs":{"hp":252,"atk":252,"def":0,"spa":4,"spd":0,"spe":0},"ivs":{"hp":31,"atk":31,"def":31,"spa":31,"spd":31,"spe":31}},{"name":"Deoxys-Speed","species":"Deoxys-Speed","item":"lifeorb","ability":"Pressure","moves":["superpower","psychoboost","extremespeed","knockoff"],"nature":"Hasty","evs":{"hp":0,"atk":252,"def":0,"spa":4,"spd":0,"spe":252},"ivs":{"hp":31,"atk":31,"def":31,"spa":31,"spd":31,"spe":31}}],"log":["|player|p1|Rain ☆ Suichika|rainsuichika.png","|player|p2|MrNyanNyanz|mrnyannyanz.png","|gametype|singles","|gen|6","|tier|Monotype","|rated","|rule|Baton Pass Clause: Limit one Baton Passer, can't pass Spe and other stats simultaneously","|rule|Swagger Clause: Swagger is banned","|rule|Same Type Clause: Pokémon in a team must share a type","|clearpoke","|poke|p1|Breloom, F","|poke|p1|Venusaur, M","|poke|p1|Roserade, M","|poke|p1|Celebi","|poke|p1|Ferrothorn, F","|poke|p1|Bellossom, M","|poke|p2|Jirachi","|poke|p2|Gardevoir, F","|poke|p2|Slowbro, F","|poke|p2|Victini","|poke|p2|Hoopa-Unbound","|poke|p2|Deoxys-Speed","|rule|Sleep Clause Mod: Limit one foe put to sleep","|rule|Species Clause: Limit one of each Pokémon","|rule|OHKO Clause: OHKO moves are banned","|rule|Moody Clause: Moody is banned","|rule|Evasion Moves Clause: Evasion moves are banned","|rule|Endless Battle Clause: Forcing endless battles is banned","|rule|HP Percentage Mod: HP is shown in percentages","|teampreview","|","|start","|switch|p1a: Vileplume's sister|Roserade, M|262/262","|switch|p2a: Deoxys-Speed|Deoxys-Speed|241/241","|-ability|p2a: Deoxys-Speed|Pressure","|turn|1","|","|move|p2a: Deoxys-Speed|Psycho Boost|p1a: Vileplume's sister","|-supereffective|p1a: Vileplume's sister","|-damage|p1a: Vileplume's sister|0 fnt","|-unboost|p2a: Deoxys-Speed|spa|2","|-damage|p2a: Deoxys-Speed|217/241|[from] item: Life Orb","|faint|p1a: Vileplume's sister","|","|","|switch|p1a: Iron Durian|Ferrothorn, F|352/352","|turn|2","|","|switch|p2a: Jirachi|Jirachi|404/404","|move|p1a: Iron Durian|Knock Off|p2a: Jirachi","|-supereffective|p2a: Jirachi","|-damage|p2a: Jirachi|256/404","|-enditem|p2a: Jirachi|Leftovers|[from] move: Knock Off|[of] p1a: Iron Durian","|","|turn|3","|","|move|p2a: Jirachi|Stealth Rock|p1a: Iron Durian","|-sidestart|p1: Rain ☆ Suichika|move: Stealth Rock","|move|p1a: Iron Durian|Stealth Rock|p2a: Jirachi","|-sidestart|p2: MrNyanNyanz|move: Stealth Rock","|","|turn|4","|","|move|p2a: Jirachi|Thunder Wave|p1a: Iron Durian","|-status|p1a: Iron Durian|par","|move|p1a: Iron Durian|Thunder Wave|p2a: Jirachi","|-status|p2a: Jirachi|par","|","|turn|5","|","|move|p2a: Jirachi|Wish|p2a: Jirachi","|move|p1a: Iron Durian|Knock Off|p2a: Jirachi","|-supereffective|p2a: Jirachi","|-damage|p2a: Jirachi|150/404 par","|","|turn|6","|","|switch|p2a: Gardevoir|Gardevoir, F|278/278","|-damage|p2a: Gardevoir|244/278|[from] Stealth Rock","|-ability|p2a: Gardevoir|Iron Barbs|[from] ability: Trace|[of] p1a: Iron Durian","|cant|p1a: Iron Durian|par","|","|-heal|p2a: Gardevoir|278/278|[from] move: Wish|[wisher] Jirachi","|turn|7","|","|detailschange|p2a: Gardevoir|Gardevoir-Mega, F","|-mega|p2a: Gardevoir|Gardevoir|Gardevoirite","|move|p2a: Gardevoir|Substitute|p2a: Gardevoir","|-start|p2a: Gardevoir|Substitute","|-damage|p2a: Gardevoir|209/278","|move|p1a: Iron Durian|Gyro Ball|p2a: Gardevoir","|-supereffective|p2a: Gardevoir","|-end|p2a: Gardevoir|Substitute","|","|turn|8","|","|switch|p2a: Slowbro|Slowbro, F|393/393","|-damage|p2a: Slowbro|344/393|[from] Stealth Rock","|move|p1a: Iron Durian|Gyro Ball|p2a: Slowbro","|-resisted|p2a: Slowbro","|-damage|p2a: Slowbro|298/393","|-damage|p1a: Iron Durian|294/352 par|[from] item: Rocky Helmet|[of] p2a: Slowbro","|","|turn|9","|","|switch|p1a: liligant wannabe|Bellossom, M|320/320","|-damage|p1a: liligant wannabe|280/320|[from] Stealth Rock","|move|p2a: Slowbro|Flamethrower|p1a: liligant wannabe","|-supereffective|p1a: liligant wannabe","|-damage|p1a: liligant wannabe|148/320","|-enditem|p1a: liligant wannabe|Weakness Policy","|-boost|p1a: liligant wannabe|atk|2|[from] item: Weakness Policy","|-boost|p1a: liligant wannabe|spa|2|[from] item: Weakness Policy","|","|turn|10","|","|switch|p2a: Jirachi|Jirachi|150/404 par","|-damage|p2a: Jirachi|125/404 par|[from] Stealth Rock","|move|p1a: liligant wannabe|Giga Drain|p2a: Jirachi","|-resisted|p2a: Jirachi","|-damage|p2a: Jirachi|46/404 par","|-heal|p1a: liligant wannabe|188/320|[from] drain|[of] p2a: Jirachi","|","|turn|11","|","|move|p1a: liligant wannabe|Giga Drain|p2a: Jirachi","|-resisted|p2a: Jirachi","|-damage|p2a: Jirachi|0 fnt","|-heal|p1a: liligant wannabe|211/320|[from] drain|[of] p2a: Jirachi","|faint|p2a: Jirachi","|","|","|switch|p2a: Victini|Victini|341/341","|-damage|p2a: Victini|256/341|[from] Stealth Rock","|turn|12","|","|move|p2a: Victini|V-create|p1a: liligant wannabe","|-supereffective|p1a: liligant wannabe","|-damage|p1a: liligant wannabe|0 fnt","|-unboost|p2a: Victini|spe|1","|-unboost|p2a: Victini|def|1","|-unboost|p2a: Victini|spd|1","|faint|p1a: liligant wannabe","|","|","|switch|p1a: Celery the onion|Celebi|341/341","|-damage|p1a: Celery the onion|299/341|[from] Stealth Rock","|turn|13","|","|switch|p2a: Slowbro|Slowbro, F|393/393","|-damage|p2a: Slowbro|344/393|[from] Stealth Rock","|move|p1a: Celery the onion|Sucker Punch|p2a: Slowbro","|-fail|p1a: Celery the onion","|","|turn|14","|","|move|p1a: Celery the onion|Giga Drain|p2a: Slowbro","|-supereffective|p2a: Slowbro","|-damage|p2a: Slowbro|61/393","|-heal|p1a: Celery the onion|341/341|[from] drain|[of] p2a: Slowbro","|-damage|p1a: Celery the onion|307/341|[from] item: Life Orb","|move|p2a: Slowbro|Thunder Wave|p1a: Celery the onion","|-status|p1a: Celery the onion|par","|","|turn|15","|","|switch|p2a: Gardevoir|Gardevoir-Mega, F|209/278","|-damage|p2a: Gardevoir|175/278|[from] Stealth Rock","|move|p1a: Celery the onion|Giga Drain|p2a: Gardevoir","|-damage|p2a: Gardevoir|74/278","|-heal|p1a: Celery the onion|341/341 par|[from] drain|[of] p2a: Gardevoir","|-damage|p1a: Celery the onion|307/341 par|[from] item: Life Orb","|","|turn|16","|","|cant|p1a: Celery the onion|par","|move|p2a: Gardevoir|Substitute|p2a: Gardevoir","|-start|p2a: Gardevoir|Substitute","|-damage|p2a: Gardevoir|5/278","|","|turn|17","|","|switch|p1a: Iron Durian|Ferrothorn, F|294/352 par","|-damage|p1a: Iron Durian|272/352 par|[from] Stealth Rock","|move|p2a: Gardevoir|Hyper Voice|p1a: Iron Durian","|-crit|p1a: Iron Durian","|-resisted|p1a: Iron Durian","|-damage|p1a: Iron Durian|137/352 par","|","|turn|18","|","|move|p2a: Gardevoir|Shadow Ball|p1a: Iron Durian","|-damage|p1a: Iron Durian|55/352 par","|-unboost|p1a: Iron Durian|spd|1","|cant|p1a: Iron Durian|par","|","|turn|19","|","|move|p2a: Gardevoir|Shadow Ball|p1a: Iron Durian","|-damage|p1a: Iron Durian|0 fnt","|faint|p1a: Iron Durian","|","|","|switch|p1a: Platasaurus-rex|Venusaur, M|364/364","|-damage|p1a: Platasaurus-rex|319/364|[from] Stealth Rock","|turn|20","|","|detailschange|p1a: Platasaurus-rex|Venusaur-Mega, M","|-mega|p1a: Platasaurus-rex|Venusaur|Venusaurite","|move|p2a: Gardevoir|Psyshock|p1a: Platasaurus-rex","|-supereffective|p1a: Platasaurus-rex","|-damage|p1a: Platasaurus-rex|43/364","|move|p1a: Platasaurus-rex|Giga Drain|p2a: Gardevoir","|-end|p2a: Gardevoir|Substitute","|-heal|p1a: Platasaurus-rex|78/364|[from] drain|[of] p2a: Gardevoir","|","|turn|21","|","|move|p2a: Gardevoir|Psyshock|p1a: Platasaurus-rex","|-supereffective|p1a: Platasaurus-rex","|-damage|p1a: Platasaurus-rex|0 fnt","|faint|p1a: Platasaurus-rex","|","|","|switch|p1a: Celery the onion|Celebi|307/341","|-damage|p1a: Celery the onion|265/341|[from] Stealth Rock","|turn|22","|","|move|p1a: Celery the onion|Earth Power|p2a: Gardevoir","|-damage|p2a: Gardevoir|0 fnt","|-damage|p1a: Celery the onion|231/341|[from] item: Life Orb","|faint|p2a: Gardevoir","|","|","|switch|p2a: Hoopa-Unbound|Hoopa-Unbound|364/364","|-damage|p2a: Hoopa-Unbound|319/364|[from] Stealth Rock","|turn|23","|","|switch|p1a: Muhammad ashroom|Breloom, F|262/262","|-damage|p1a: Muhammad ashroom|246/262|[from] Stealth Rock","|move|p2a: Hoopa-Unbound|Substitute|p2a: Hoopa-Unbound","|-start|p2a: Hoopa-Unbound|Substitute","|-damage|p2a: Hoopa-Unbound|228/364","|","|turn|24","|","|move|p1a: Muhammad ashroom|Bullet Seed|p2a: Hoopa-Unbound","|-end|p2a: Hoopa-Unbound|Substitute","|-damage|p2a: Hoopa-Unbound|119/364","|-damage|p2a: Hoopa-Unbound|11/364","|-damage|p2a: Hoopa-Unbound|0 fnt","|-hitcount|p2a: Hoopa-Unbound|4","|faint|p2a: Hoopa-Unbound","|","|","|switch|p2a: Deoxys-Speed|Deoxys-Speed|217/241","|-damage|p2a: Deoxys-Speed|187/241|[from] Stealth Rock","|-ability|p2a: Deoxys-Speed|Pressure","|turn|25","|","|switch|p1a: Celery the onion|Celebi|231/341","|-damage|p1a: Celery the onion|189/341|[from] Stealth Rock","|move|p2a: Deoxys-Speed|Psycho Boost|p1a: Celery the onion","|-resisted|p1a: Celery the onion","|-damage|p1a: Celery the onion|81/341","|-unboost|p2a: Deoxys-Speed|spa|2","|-damage|p2a: Deoxys-Speed|163/241|[from] item: Life Orb","|","|turn|26","|","|move|p2a: Deoxys-Speed|Extreme Speed|p1a: Celery the onion","|-damage|p1a: Celery the onion|0 fnt","|-damage|p2a: Deoxys-Speed|139/241|[from] item: Life Orb","|faint|p1a: Celery the onion","|","|","|switch|p1a: Muhammad ashroom|Breloom, F|246/262","|-damage|p1a: Muhammad ashroom|230/262|[from] Stealth Rock","|turn|27","|","|move|p2a: Deoxys-Speed|Psycho Boost|p1a: Muhammad ashroom","|-supereffective|p1a: Muhammad ashroom","|-damage|p1a: Muhammad ashroom|0 fnt","|-unboost|p2a: Deoxys-Speed|spa|2","|-damage|p2a: Deoxys-Speed|115/241|[from] item: Life Orb","|faint|p1a: Muhammad ashroom","|","|win|MrNyanNyanz"],"p1rating":{"entryid":"6383869","serverid":"eos","formatid":"monotype","userid":"rainsuichika","username":"Rain ☆ Suichika","w":"50","l":29,"t":"0","gxe":62,"r":"1600.8860599954","rd":"47.915702560687","sigma":"0","rptime":"1438938000","rpr":1592.9937894677,"rprd":47.493051709881,"rpsigma":"0","acre":1281.2957579633,"lacre":1281.2957579633,"oldacre":"1307.6760864567"},"p2rating":{"entryid":"6703862","serverid":"eos","formatid":"monotype","userid":"mrnyannyanz","username":"MrNyanNyanz","w":69,"l":"56","t":"0","gxe":54.9,"r":"1521.8340019731","rd":"33.393445619211","sigma":"0","rptime":"1438938000","rpr":1537.3518383072,"rprd":32.609196012119,"rpsigma":"0","acre":1225.8060705805,"lacre":1225.8060705805,"oldacre":"1192.8306599638"},"endType":"normal"}