{"seed":[18251,53575,4295,50881],"turns":24,"p1":"IV DC","p2":"TTIL Skarlet#1","p1team":[{"name":"Skarmory","species":"Skarmory","item":"rockyhelmet","ability":"Sturdy","moves":["defog","toxic","roost","bravebird"],"nature":"Impish","evs":{"hp":252,"atk":0,"def":232,"spa":0,"spd":0,"spe":24},"ivs":{"hp":31,"atk":31,"def":31,"spa":31,"spd":31,"spe":31}},{"name":"Landorus-Therian","species":"Landorus-Therian","item":"choicescarf","ability":"Intimidate","moves":["earthquake","uturn","superpower","stoneedge"],"nature":"Jolly","evs":{"hp":0,"atk":252,"def":0,"spa":0,"spd":4,"spe":252},"ivs":{"hp":31,"atk":31,"def":31,"spa":31,"spd":31,"spe":31}},{"name":"Togekiss","species":"Togekiss","item":"leftovers","ability":"Serene Grace","moves":["airslash","thunderwave","roost","dazzlinggleam"],"nature":"Calm","evs":{"hp":252,"atk":0,"def":0,"spa":4,"spd":252,"spe":0},"ivs":{"hp":31,"atk":31,"def":31,"spa":31,"spd":31,"spe":31}},{"name":"Thundurus-Therian","species":"Thundurus-Therian","item":"choicescarf","ability":"Volt Absorb","moves":["thunderbolt","hiddenpowerice","focusblast","flashcannon"],"nature":"Timid","evs":{"hp":0,"atk":0,"def":0,"spa":252,"spd":4,"spe":252},"ivs":{"hp":31,"atk":30,"def":30,"spa":31,"spd":31,"spe":31}},{"name":"Gyarados","species":"Gyarados","item":"leftovers","ability":"Moxie","moves":["substitute","dragondance","waterfall","earthquake"],"nature":"Adamant","evs":{"hp":0,"atk":252,"def":0,"spa":0,"spd":4,"spe":252},"ivs":{"hp":31,"atk":31,"def":31,"spa":31,"spd":31,"spe":31}},{"name":"Charizard","species":"Charizard","item":"charizarditex","ability":"Blaze","moves":["roost","flareblitz","dragonclaw","willowisp"],"nature":"Careful","evs":{"hp":248,"atk":8,"def":0,"spa":0,"spd":252,"spe":0},"ivs":{"hp":31,"atk":31,"def":31,"spa":31,"spd":31,"spe":31}}],"p2team":[{"name":"Swampert","species":"Swampert","item":"swampertite","ability":"Damp","moves":["waterfall","earthquake","icepunch","poweruppunch"],"nature":"Adamant","evs":{"hp":248,"atk":252,"def":0,"spa":0,"spd":8,"spe":0},"ivs":{"hp":31,"atk":31,"def":31,"spa":31,"spd":31,"spe":31}},{"name":"Manaphy","species":"Manaphy","item":"sitrusberry","ability":"Hydration","moves":["tailglow","scald","icebeam","energyball"],"nature":"Timid","evs":{"hp":0,"atk":0,"def":0,"spa":252,"spd":4,"spe":252},"shiny":true,"ivs":{"hp":31,"atk":31,"def":31,"spa":31,"spd":31,"spe":31}},{"name":"Azumarill","species":"Azumarill","item":"sitrusberry","ability":"Huge Power","moves":["aquajet","aquatail","playrough","bellydrum"],"nature":"Adamant","evs":{"hp":252,"atk":252,"def":0,"spa":0,"spd":4,"spe":0},"shiny":true,"ivs":{"hp":31,"atk":31,"def":31,"spa":31,"spd":31,"spe":31}},{"name":"Cloyster","species":"Cloyster","item":"focussash","ability":"Skill Link","moves":["iciclespear","rockblast","shellsmash","iceshard"],"nature":"Adamant","evs":{"hp":0,"atk":252,"def":0,"spa":0,"spd":4,"spe":252},"shiny":true,"ivs":{"hp":31,"atk":31,"def":31,"spa":31,"spd":31,"spe":31}},{"name":"Starmie","species":"Starmie","item":"sitrusberry","ability":"Natural Cure","moves":["dazzlinggleam","rapidspin","scald","reflecttype"],"nature":"Timid","evs":{"hp":0,"atk":0,"def":0,"spa":252,"spd":4,"spe":252},"shiny":true,"ivs":{"hp":31,"atk":31,"def":31,"spa":31,"spd":31,"spe":31}},{"name":"Kingdra","species":"Kingdra","item":"scopelens","ability":"Sniper","moves":["clearsmog","scald","focusenergy","dragonpulse"],"nature":"Modest","evs":{"hp":252,"atk":0,"def":0,"spa":252,"spd":4,"spe":0},"shiny":true,"ivs":{"hp":31,"atk":31,"def":31,"spa":31,"spd":31,"spe":31}}],"log":["|player|p1|IV DC|102","|player|p2|TTIL Skarlet#1|155","|gametype|singles","|gen|6","|tier|Monotype","|rated","|rule|Baton Pass Clause: Limit one Baton Passer, can't pass Spe and other stats simultaneously","|rule|Swagger Clause: Swagger is banned","|rule|Same Type Clause: Pokémon in a team must share a type","|clearpoke","|poke|p1|Skarmory, F","|poke|p1|Landorus-Therian, M","|poke|p1|Togekiss, M","|poke|p1|Thundurus-Therian, M","|poke|p1|Gyarados, M","|poke|p1|Charizard, F","|poke|p2|Swampert, M","|poke|p2|Manaphy, shiny","|poke|p2|Azumarill, M, shiny","|poke|p2|Cloyster, M, shiny","|poke|p2|Starmie, shiny","|poke|p2|Kingdra, M, shiny","|rule|Sleep Clause Mod: Limit one foe put to sleep","|rule|Species Clause: Limit one of each Pokémon","|rule|OHKO Clause: OHKO moves are banned","|rule|Moody Clause: Moody is banned","|rule|Evasion Moves Clause: Evasion moves are banned","|rule|Endless Battle Clause: Forcing endless battles is banned","|rule|HP Percentage Mod: HP is shown in percentages","|teampreview","|","|start","|switch|p1a: Thundurus-Therian|Thundurus-Therian, M|299/299","|switch|p2a: Cloyster|Cloyster, M, shiny|241/241","|turn|1","|","|move|p1a: Thundurus-Therian|Thunderbolt|p2a: Cloyster","|-supereffective|p2a: Cloyster","|-enditem|p2a: Cloyster|Focus Sash","|-damage|p2a: Cloyster|1/241","|move|p2a: Cloyster|Shell Smash|p2a: Cloyster","|-unboost|p2a: Cloyster|def|1","|-unboost|p2a: Cloyster|spd|1","|-boost|p2a: Cloyster|atk|2","|-boost|p2a: Cloyster|spa|2","|-boost|p2a: Cloyster|spe|2","|","|turn|2","|","|move|p1a: Thundurus-Therian|Thunderbolt|p2a: Cloyster","|-supereffective|p2a: Cloyster","|-damage|p2a: Cloyster|0 fnt","|faint|p2a: Cloyster","|","|","|switch|p2a: Swampert|Swampert, M|403/403","|turn|3","|","|switch|p1a: Skarmory|Skarmory, F|334/334","|detailschange|p2a: Swampert|Swampert-Mega, M","|-mega|p2a: Swampert|Swampert|Swampertite","|move|p2a: Swampert|Ice Punch|p1a: Skarmory","|-damage|p1a: Skarmory|276/334","|-damage|p2a: Swampert|336/403|[from] item: Rocky Helmet|[of] p1a: Skarmory","|","|turn|4","|","|switch|p2a: Kingdra|Kingdra, M, shiny|354/354","|move|p1a: Skarmory|Toxic|p2a: Kingdra","|-status|p2a: Kingdra|tox","|","|-damage|p2a: Kingdra|332/354 tox|[from] psn","|turn|5","|","|move|p2a: Kingdra|Focus Energy|p2a: Kingdra","|-start|p2a: Kingdra|move: Focus Energy","|move|p1a: Skarmory|Brave Bird|p2a: Kingdra","|-damage|p2a: Kingdra|200/354 tox","|-damage|p1a: Skarmory|232/334|[from] recoil|[of] p2a: Kingdra","|","|-damage|p2a: Kingdra|156/354 tox|[from] psn","|turn|6","|","|move|p2a: Kingdra|Scald|p1a: Skarmory","|-crit|p1a: Skarmory","|-damage|p1a: Skarmory|0 fnt","|faint|p1a: Skarmory","|","|-damage|p2a: Kingdra|90/354 tox|[from] psn","|","|switch|p1a: Landorus-Therian|Landorus-Therian, M|319/319","|-ability|p1a: Landorus-Therian|Intimidate","|-unboost|p2a: Kingdra|atk|1","|turn|7","|","|move|p1a: Landorus-Therian|Earthquake|p2a: Kingdra","|-damage|p2a: Kingdra|0 fnt","|faint|p2a: Kingdra","|","|","|switch|p2a: Manaphy|Manaphy, shiny|341/341","|turn|8","|","|switch|p1a: Togekiss|Togekiss, M|374/374","|move|p2a: Manaphy|Scald|p1a: Togekiss","|-damage|p1a: Togekiss|299/374","|-status|p1a: Togekiss|brn","|","|-heal|p1a: Togekiss|322/374 brn|[from] item: Leftovers","|-damage|p1a: Togekiss|276/374 brn|[from] brn","|turn|9","|","|move|p2a: Manaphy|Tail Glow|p2a: Manaphy","|-boost|p2a: Manaphy|spa|3","|move|p1a: Togekiss|Thunder Wave|p2a: Manaphy","|-status|p2a: Manaphy|par","|","|-heal|p1a: Togekiss|299/374 brn|[from] item: Leftovers","|-damage|p1a: Togekiss|253/374 brn|[from] brn","|turn|10","|","|move|p1a: Togekiss|Air Slash|p2a: Manaphy","|-damage|p2a: Manaphy|238/341 par","|cant|p2a: Manaphy|flinch","|","|-heal|p1a: Togekiss|276/374 brn|[from] item: Leftovers","|-damage|p1a: Togekiss|230/374 brn|[from] brn","|turn|11","|","|move|p1a: Togekiss|Air Slash|p2a: Manaphy","|-damage|p2a: Manaphy|144/341 par","|-enditem|p2a: Manaphy|Sitrus Berry|[eat]","|-heal|p2a: Manaphy|229/341 par|[from] item: Sitrus Berry","|cant|p2a: Manaphy|flinch","|","|-heal|p1a: Togekiss|253/374 brn|[from] item: Leftovers","|-damage|p1a: Togekiss|207/374 brn|[from] brn","|turn|12","|","|move|p1a: Togekiss|Air Slash|p2a: Manaphy|[miss]","|-miss|p1a: Togekiss|p2a: Manaphy","|move|p2a: Manaphy|Ice Beam|p1a: Togekiss","|-supereffective|p1a: Togekiss","|-damage|p1a: Togekiss|0 fnt","|faint|p1a: Togekiss","|","|","|switch|p1a: Thundurus-Therian|Thundurus-Therian, M|299/299","|turn|13","|","|move|p1a: Thundurus-Therian|Thunderbolt|p2a: Manaphy","|-supereffective|p2a: Manaphy","|-damage|p2a: Manaphy|0 fnt","|faint|p2a: Manaphy","|","|","|switch|p2a: Swampert|Swampert-Mega, M|336/403","|turn|14","|","|switch|p1a: Gyarados|Gyarados, M|331/331","|move|p2a: Swampert|Ice Punch|p1a: Gyarados","|-damage|p1a: Gyarados|190/331","|","|-heal|p1a: Gyarados|210/331|[from] item: Leftovers","|turn|15","|","|move|p1a: Gyarados|Dragon Dance|p1a: Gyarados","|-boost|p1a: Gyarados|atk|1","|-boost|p1a: Gyarados|spe|1","|move|p2a: Swampert|Ice Punch|p1a: Gyarados","|-damage|p1a: Gyarados|69/331","|","|-heal|p1a: Gyarados|89/331|[from] item: Leftovers","|turn|16","|","|move|p1a: Gyarados|Waterfall|p2a: Swampert","|-damage|p2a: Swampert|125/403","|move|p2a: Swampert|Ice Punch|p1a: Gyarados","|-damage|p1a: Gyarados|0 fnt","|faint|p1a: Gyarados","|","|","|switch|p1a: Charizard|Charizard, F|359/359","|turn|17","|","|detailschange|p1a: Charizard|Charizard-Mega-X, F","|-mega|p1a: Charizard|Charizard|Charizardite X","|move|p1a: Charizard|Dragon Claw|p2a: Swampert","|-damage|p2a: Swampert|0 fnt","|faint|p2a: Swampert","|","|","|switch|p2a: Azumarill|Azumarill, M, shiny|404/404","|turn|18","|","|move|p1a: Charizard|Will-O-Wisp|p2a: Azumarill","|-status|p2a: Azumarill|brn","|move|p2a: Azumarill|Play Rough|p1a: Charizard","|-damage|p1a: Charizard|275/359","|","|-damage|p2a: Azumarill|354/404 brn|[from] brn","|turn|19","|","|switch|p1a: Landorus-Therian|Landorus-Therian, M|319/319","|-ability|p1a: Landorus-Therian|Intimidate","|-unboost|p2a: Azumarill|atk|1","|move|p2a: Azumarill|Aqua Tail|p1a: Landorus-Therian","|-supereffective|p1a: Landorus-Therian","|-damage|p1a: Landorus-Therian|175/319","|","|-damage|p2a: Azumarill|304/404 brn|[from] brn","|turn|20","|","|move|p1a: Landorus-Therian|Earthquake|p2a: Azumarill","|-damage|p2a: Azumarill|58/404 brn","|-enditem|p2a: Azumarill|Sitrus Berry|[eat]","|-heal|p2a: Azumarill|159/404 brn|[from] item: Sitrus Berry","|move|p2a: Azumarill|Belly Drum|p2a: Azumarill","|-fail|p2a: Azumarill","|","|-damage|p2a: Azumarill|109/404 brn|[from] brn","|turn|21","|","|move|p2a: Azumarill|Aqua Jet|p1a: Landorus-Therian","|-supereffective|p1a: Landorus-Therian","|-damage|p1a: Landorus-Therian|109/319","|move|p1a: Landorus-Therian|Earthquake|p2a: Azumarill","|-damage|p2a: Azumarill|0 fnt","|faint|p2a: Azumarill","|","|","|switch|p2a: Starmie|Starmie, shiny|261/261","|turn|22","|","|move|p1a: Landorus-Therian|Earthquake|p2a: Starmie","|-damage|p2a: Starmie|57/261","|-enditem|p2a: Starmie|Sitrus Berry|[eat]","|-heal|p2a: Starmie|122/261|[from] item: Sitrus Berry","|move|p2a: Starmie|Reflect Type|p1a: Landorus-Therian","|-start|p2a: Starmie|typechange|[from] move: Reflect Type|[of] p1a: Landorus-Therian","|","|turn|23","|","|move|p1a: Landorus-Therian|Earthquake|p2a: Starmie","|-immune|p2a: Starmie|[msg]","|move|p2a: Starmie|Scald|p1a: Landorus-Therian","|-supereffective|p1a: Landorus-Therian","|-damage|p1a: Landorus-Therian|0 fnt","|faint|p1a: Landorus-Therian","|","|","|switch|p1a: Thundurus-Therian|Thundurus-Therian, M|299/299","|turn|24","|","|move|p1a: Thundurus-Therian|Hidden Power|p2a: Starmie","|-supereffective|p2a: Starmie","|-damage|p2a: Starmie|0 fnt","|faint|p2a: Starmie","|","|win|IV DC"],"p1rating":{"entryid":"7444395","serverid":"eos","formatid":"monotype","userid":"ivdc","username":"IV DC","w":2,"l":"0","t":"0","gxe":58.7,"r":1540.1606143388,"rd":122.8583080769,"sigma":"0","rptime":1438938000,"rpr":1569.4182244072,"rprd":116.32869184976,"rpsigma":"0","acre":1084.5608955158,"lacre":1084.5608955158,"oldacre":"1040"},"p2rating":{"entryid":"6770757","serverid":"eos","formatid":"monotype","userid":"ttilskarlet1","username":"TTIL Skarlet#1","w":"40","l":53,"t":"0","gxe":43,"r":"1453.807399604","rd":"45.02476578852","sigma":"0","rptime":"1438938000","rpr":1446.4939619284,"rprd":44.44850708658,"rpsigma":"0","acre":1118.8397936695,"lacre":1118.8397936695,"oldacre":"1151.6051580194"},"endType":"normal"}