{"seed":[39642,23573,57890,13966],"turns":24,"p1":"Jake1079","p2":"Alliance - Warner","p1team":[{"name":"Aggron","species":"Aggron","item":"aggronite","ability":"Sturdy","moves":["thunderwave","earthquake","ironhead","endeavor"],"nature":"Adamant","evs":{"hp":252,"atk":68,"def":12,"spa":0,"spd":176,"spe":0},"ivs":{"hp":31,"atk":31,"def":31,"spa":31,"spd":31,"spe":31}},{"name":"Metagross","species":"Metagross","item":"lifeorb","ability":"Clear Body","moves":["agility","icepunch","earthquake","zenheadbutt"],"nature":"Adamant","evs":{"hp":4,"atk":252,"def":0,"spa":0,"spd":0,"spe":252},"ivs":{"hp":31,"atk":31,"def":31,"spa":31,"spd":31,"spe":31}},{"name":"Empoleon","species":"Empoleon","item":"choicespecs","ability":"Torrent","moves":["icebeam","scald","flashcannon","signalbeam"],"nature":"Modest","evs":{"hp":252,"atk":0,"def":0,"spa":252,"spd":4,"spe":0},"ivs":{"hp":31,"atk":31,"def":31,"spa":31,"spd":31,"spe":31}},{"name":"Excadrill","species":"Excadrill","item":"choicescarf","ability":"Mold Breaker","moves":["earthquake","xscissor","rockslide","ironhead"],"nature":"Jolly","evs":{"hp":4,"atk":252,"def":0,"spa":0,"spd":0,"spe":252},"ivs":{"hp":31,"atk":31,"def":31,"spa":31,"spd":31,"spe":31}},{"name":"Heatran","species":"Heatran","item":"airballoon","ability":"Flash Fire","moves":["darkpulse","earthpower","flamethrower","flashcannon"],"nature":"Modest","evs":{"hp":252,"atk":0,"def":0,"spa":252,"spd":4,"spe":0},"ivs":{"hp":31,"atk":31,"def":31,"spa":31,"spd":31,"spe":31}},{"name":"Scizor","species":"Scizor","item":"leftovers","ability":"Technician","moves":["bugbite","bulletpunch","swordsdance","roost"],"nature":"Adamant","evs":{"hp":252,"atk":252,"def":0,"spa":0,"spd":4,"spe":0},"ivs":{"hp":31,"atk":31,"def":31,"spa":31,"spd":31,"spe":31}}],"p2team":[{"name":"Scizor","species":"Scizor","item":"choiceband","ability":"Technician","moves":["bulletpunch","uturn","knockoff","pursuit"],"nature":"Adamant","evs":{"hp":248,"atk":252,"def":0,"spa":0,"spd":8,"spe":0},"ivs":{"hp":31,"atk":31,"def":31,"spa":31,"spd":31,"spe":31}},{"name":"Forretress","species":"Forretress","item":"leftovers","ability":"Overcoat","moves":["stealthrock","toxic","rapidspin","voltswitch"],"nature":"Bold","evs":{"hp":252,"atk":0,"def":252,"spa":4,"spd":0,"spe":0},"ivs":{"hp":31,"atk":31,"def":31,"spa":31,"spd":31,"spe":31}},{"name":"Pinsir","species":"Pinsir","item":"pinsirite","ability":"Hyper Cutter","moves":["quickattack","return","swordsdance","earthquake"],"nature":"Jolly","evs":{"hp":0,"atk":252,"def":0,"spa":0,"spd":4,"spe":252},"ivs":{"hp":31,"atk":31,"def":31,"spa":31,"spd":31,"spe":31}},{"name":"Volcarona","species":"Volcarona","item":"sitrusberry","ability":"Flame Body","moves":["fierydance","roost","gigadrain","quiverdance"],"nature":"Timid","evs":{"hp":0,"atk":0,"def":0,"spa":128,"spd":128,"spe":252},"ivs":{"hp":31,"atk":0,"def":31,"spa":31,"spd":31,"spe":31}},{"name":"Heracross","species":"Heracross","item":"choicescarf","ability":"Moxie","moves":["earthquake","megahorn","knockoff","closecombat"],"nature":"Jolly","evs":{"hp":0,"atk":252,"def":0,"spa":0,"spd":4,"spe":252},"ivs":{"hp":31,"atk":31,"def":31,"spa":31,"spd":31,"spe":31}},{"name":"Genesect","species":"Genesect","item":"choicescarf","ability":"Download","moves":["uturn","thunderbolt","icebeam","energyball"],"nature":"Serious","evs":{"hp":0,"atk":0,"def":0,"spa":252,"spd":4,"spe":252},"ivs":{"hp":31,"atk":31,"def":31,"spa":31,"spd":31,"spe":31}}],"log":["|player|p1|Jake1079|150","|player|p2|Alliance - Warner|167","|gametype|singles","|gen|6","|tier|Monotype","|rated","|rule|Baton Pass Clause: Limit one Baton Passer, can't pass Spe and other stats simultaneously","|rule|Swagger Clause: Swagger is banned","|rule|Same Type Clause: Pokémon in a team must share a type","|clearpoke","|poke|p1|Aggron, M","|poke|p1|Metagross","|poke|p1|Empoleon, F","|poke|p1|Excadrill, F","|poke|p1|Heatran, M","|poke|p1|Scizor, M","|poke|p2|Scizor, F","|poke|p2|Forretress, M","|poke|p2|Pinsir, F","|poke|p2|Volcarona, F","|poke|p2|Heracross, M","|poke|p2|Genesect-*","|rule|Sleep Clause Mod: Limit one foe put to sleep","|rule|Species Clause: Limit one of each Pokémon","|rule|OHKO Clause: OHKO moves are banned","|rule|Moody Clause: Moody is banned","|rule|Evasion Moves Clause: Evasion moves are banned","|rule|Endless Battle Clause: Forcing endless battles is banned","|rule|HP Percentage Mod: HP is shown in percentages","|teampreview","|","|start","|switch|p1a: Aggron|Aggron, M|344/344","|switch|p2a: Genesect|Genesect|283/283","|-boost|p2a: Genesect|spa|1|[from] ability: Download","|turn|1","|","|detailschange|p1a: Aggron|Aggron-Mega, M","|-mega|p1a: Aggron|Aggron|Aggronite","|move|p2a: Genesect|U-turn|p1a: Aggron","|-resisted|p1a: Aggron","|-damage|p1a: Aggron|322/344","|","|switch|p2a: Forretress|Forretress, M|354/354","|move|p1a: Aggron|Thunder Wave|p2a: Forretress","|-status|p2a: Forretress|par","|","|turn|2","|","|switch|p1a: Heatran|Heatran, M|386/386","|-item|p1a: Heatran|Air Balloon","|move|p2a: Forretress|Stealth Rock|p1a: Heatran","|-sidestart|p1: Jake1079|move: Stealth Rock","|","|turn|3","|","|switch|p2a: Volcarona|Volcarona, F|311/311","|move|p1a: Heatran|Flamethrower|p2a: Volcarona","|-damage|p2a: Volcarona|158/311","|","|turn|4","|","|move|p2a: Volcarona|Roost|p2a: Volcarona","|-heal|p2a: Volcarona|311/311","|move|p1a: Heatran|Earth Power|p2a: Volcarona","|-damage|p2a: Volcarona|214/311","|","|turn|5","|","|switch|p1a: Empoleon|Empoleon, F|372/372","|-damage|p1a: Empoleon|349/372|[from] Stealth Rock","|move|p2a: Volcarona|Quiver Dance|p2a: Volcarona","|-boost|p2a: Volcarona|spa|1","|-boost|p2a: Volcarona|spd|1","|-boost|p2a: Volcarona|spe|1","|","|turn|6","|","|move|p2a: Volcarona|Roost|p2a: Volcarona","|-heal|p2a: Volcarona|311/311","|move|p1a: Empoleon|Scald|p2a: Volcarona","|-supereffective|p2a: Volcarona","|-damage|p2a: Volcarona|83/311","|-enditem|p2a: Volcarona|Sitrus Berry|[eat]","|-heal|p2a: Volcarona|160/311|[from] item: Sitrus Berry","|","|turn|7","|","|move|p2a: Volcarona|Quiver Dance|p2a: Volcarona","|-boost|p2a: Volcarona|spa|1","|-boost|p2a: Volcarona|spd|1","|-boost|p2a: Volcarona|spe|1","|move|p1a: Empoleon|Scald|p2a: Volcarona","|-supereffective|p2a: Volcarona","|-damage|p2a: Volcarona|0 fnt","|faint|p2a: Volcarona","|","|","|switch|p2a: Heracross|Heracross, M|301/301","|turn|8","|","|move|p2a: Heracross|Close Combat|p1a: Empoleon","|-supereffective|p1a: Empoleon","|-damage|p1a: Empoleon|0 fnt","|-unboost|p2a: Heracross|def|1","|-unboost|p2a: Heracross|spd|1","|faint|p1a: Empoleon","|-boost|p2a: Heracross|atk|1|[from] ability: Moxie","|","|","|switch|p1a: Metagross|Metagross|302/302","|-damage|p1a: Metagross|284/302|[from] Stealth Rock","|turn|9","|","|switch|p2a: Forretress|Forretress, M|354/354 par","|move|p1a: Metagross|Agility|p1a: Metagross","|-boost|p1a: Metagross|spe|2","|","|turn|10","|","|move|p1a: Metagross|Earthquake|p2a: Forretress","|-damage|p2a: Forretress|263/354 par","|-damage|p1a: Metagross|254/302|[from] item: Life Orb","|move|p2a: Forretress|Volt Switch|p1a: Metagross","|-damage|p1a: Metagross|211/302","|","|switch|p2a: Scizor|Scizor, F|343/343","|","|turn|11","|","|move|p1a: Metagross|Earthquake|p2a: Scizor","|-damage|p2a: Scizor|161/343","|-damage|p1a: Metagross|181/302|[from] item: Life Orb","|move|p2a: Scizor|Knock Off|p1a: Metagross","|-supereffective|p1a: Metagross","|-damage|p1a: Metagross|0 fnt","|-enditem|p1a: Metagross|Life Orb|[from] move: Knock Off|[of] p2a: Scizor","|faint|p1a: Metagross","|","|","|switch|p1a: Aggron|Aggron-Mega, M|322/344","|-damage|p1a: Aggron|301/344|[from] Stealth Rock","|turn|12","|","|switch|p2a: Forretress|Forretress, M|263/354 par","|move|p1a: Aggron|Thunder Wave|p2a: Forretress","|-fail|p2a: Forretress|par","|","|-heal|p2a: Forretress|285/354 par|[from] item: Leftovers","|turn|13","|","|switch|p1a: Heatran|Heatran, M|386/386","|-damage|p1a: Heatran|338/386|[from] Stealth Rock","|-item|p1a: Heatran|Air Balloon","|move|p2a: Forretress|Volt Switch|p1a: Heatran","|-damage|p1a: Heatran|304/386","|-enditem|p1a: Heatran|Air Balloon","|","|switch|p2a: Heracross|Heracross, M|301/301","|","|turn|14","|","|switch|p1a: Aggron|Aggron-Mega, M|301/344","|-damage|p1a: Aggron|280/344|[from] Stealth Rock","|move|p2a: Heracross|Close Combat|p1a: Aggron","|-supereffective|p1a: Aggron","|-damage|p1a: Aggron|123/344","|-unboost|p2a: Heracross|def|1","|-unboost|p2a: Heracross|spd|1","|","|turn|15","|","|move|p2a: Heracross|Close Combat|p1a: Aggron","|-crit|p1a: Aggron","|-supereffective|p1a: Aggron","|-damage|p1a: Aggron|0 fnt","|-unboost|p2a: Heracross|def|1","|-unboost|p2a: Heracross|spd|1","|faint|p1a: Aggron","|-boost|p2a: Heracross|atk|1|[from] ability: Moxie","|","|","|switch|p1a: Excadrill|Excadrill, F|362/362","|-damage|p1a: Excadrill|351/362|[from] Stealth Rock","|-ability|p1a: Excadrill|Mold Breaker","|turn|16","|","|switch|p2a: Forretress|Forretress, M|285/354 par","|move|p1a: Excadrill|Rock Slide|p2a: Forretress","|-damage|p2a: Forretress|232/354 par","|","|-heal|p2a: Forretress|254/354 par|[from] item: Leftovers","|turn|17","|","|switch|p1a: Scizor|Scizor, M|344/344","|-damage|p1a: Scizor|301/344|[from] Stealth Rock","|move|p2a: Forretress|Rapid Spin|p1a: Scizor","|-resisted|p1a: Scizor","|-damage|p1a: Scizor|294/344","|","|-heal|p1a: Scizor|315/344|[from] item: Leftovers","|-heal|p2a: Forretress|276/354 par|[from] item: Leftovers","|turn|18","|","|move|p1a: Scizor|Swords Dance|p1a: Scizor","|-boost|p1a: Scizor|atk|2","|move|p2a: Forretress|Volt Switch|p1a: Scizor","|-damage|p1a: Scizor|271/344","|","|switch|p2a: Pinsir|Pinsir, F|271/271","|","|-heal|p1a: Scizor|292/344|[from] item: Leftovers","|turn|19","|","|detailschange|p2a: Pinsir|Pinsir-Mega, F","|-mega|p2a: Pinsir|Pinsir|Pinsirite","|move|p1a: Scizor|Bullet Punch|p2a: Pinsir","|-damage|p2a: Pinsir|72/271","|move|p2a: Pinsir|Return|p1a: Scizor","|-damage|p1a: Scizor|27/344","|","|-heal|p1a: Scizor|48/344|[from] item: Leftovers","|turn|20","|","|move|p2a: Pinsir|Quick Attack|p1a: Scizor","|-damage|p1a: Scizor|0 fnt","|faint|p1a: Scizor","|","|","|switch|p1a: Excadrill|Excadrill, F|351/362","|-damage|p1a: Excadrill|340/362|[from] Stealth Rock","|-ability|p1a: Excadrill|Mold Breaker","|turn|21","|","|switch|p2a: Forretress|Forretress, M|276/354 par","|move|p1a: Excadrill|Iron Head|p2a: Forretress","|-resisted|p2a: Forretress","|-damage|p2a: Forretress|237/354 par","|","|-heal|p2a: Forretress|259/354 par|[from] item: Leftovers","|turn|22","|","|switch|p1a: Heatran|Heatran, M|304/386","|-damage|p1a: Heatran|256/386|[from] Stealth Rock","|move|p2a: Forretress|Volt Switch|p1a: Heatran","|-damage|p1a: Heatran|219/386","|","|switch|p2a: Heracross|Heracross, M|301/301","|","|turn|23","|","|move|p2a: Heracross|Close Combat|p1a: Heatran","|-supereffective|p1a: Heatran","|-damage|p1a: Heatran|0 fnt","|-unboost|p2a: Heracross|def|1","|-unboost|p2a: Heracross|spd|1","|faint|p1a: Heatran","|-boost|p2a: Heracross|atk|1|[from] ability: Moxie","|","|","|switch|p1a: Excadrill|Excadrill, F|340/362","|-damage|p1a: Excadrill|329/362|[from] Stealth Rock","|-ability|p1a: Excadrill|Mold Breaker","|turn|24","|","|win|Alliance - Warner"],"p1rating":{"entryid":"7429437","serverid":"eos","formatid":"monotype","userid":"jake1079","username":"Jake1079","w":"14","l":19,"t":"0","gxe":43.9,"r":"1432.0215284905","rd":"63.342948455493","sigma":"0","rptime":"1438938000","rpr":1453.2136478399,"rprd":57.820539010836,"rpsigma":"0","acre":1103.7401495263,"lacre":1103.7401495263,"oldacre":"1130.470618084"},"p2rating":{"entryid":"7343610","serverid":"eos","formatid":"monotype","userid":"alliancewarner","username":"Alliance - Warner","w":11,"l":"7","t":"0","gxe":56.7,"r":1541.100252511,"rd":74.318263407349,"sigma":"0","rptime":1438938000,"rpr":1551.6132236133,"rprd":72.872902829663,"rpsigma":"0","acre":1133.1135133682,"lacre":1133.1135133682,"oldacre":"1106.3830448105"},"endType":"forfeit"}