{"seed":[59148,60626,14845,26085],"turns":29,"p1":"Emg E4 Bit","p2":"Guard Wulf","p1team":[{"name":"Rock God","species":"tyranitar","item":"tyranitarite","ability":"Sand Stream","moves":["dragondance","crunch","icepunch","earthquake"],"nature":"Jolly","evs":{"hp":0,"atk":252,"def":0,"spa":0,"spd":4,"spe":252},"gender":"M","shiny":true,"ivs":{"hp":31,"atk":31,"def":31,"spa":31,"spd":31,"spe":31}},{"name":"Last Thing You See","species":"terrakion","item":"choiceband","ability":"Justified","moves":["stoneedge","closecombat","earthquake","ironhead"],"nature":"Jolly","evs":{"hp":0,"atk":252,"def":4,"spa":0,"spd":0,"spe":252},"shiny":true,"ivs":{"hp":31,"atk":31,"def":31,"spa":31,"spd":31,"spe":31}},{"name":"Blown Back","species":"cradily","item":"leftovers","ability":"Storm Drain","moves":["gigadrain","recover","toxic","mirrorcoat"],"nature":"Calm","evs":{"hp":252,"atk":0,"def":36,"spa":0,"spd":220,"spe":0},"gender":"F","ivs":{"hp":31,"atk":31,"def":31,"spa":31,"spd":31,"spe":31}},{"name":"Unkillable","species":"rhyperior","item":"weaknesspolicy","ability":"Solid Rock","moves":["earthquake","stoneedge","firepunch","avalanche"],"nature":"Impish","evs":{"hp":252,"atk":80,"def":176,"spa":0,"spd":0,"spe":0},"gender":"M","shiny":true,"ivs":{"hp":31,"atk":31,"def":31,"spa":31,"spd":31,"spe":31}},{"name":"Comeback","species":"omastar","item":"focussash","ability":"Weak Armor","moves":["surf","icebeam","hiddenpowerfire","shellsmash"],"nature":"Timid","evs":{"hp":0,"atk":0,"def":4,"spa":252,"spd":0,"spe":252},"gender":"F","ivs":{"hp":31,"atk":30,"def":31,"spa":30,"spd":31,"spe":30}},{"name":"Mah Boy","species":"shuckle","item":"leftovers","ability":"Sturdy","moves":["stickyweb","stealthrock","encore","knockoff"],"nature":"Impish","evs":{"hp":252,"atk":0,"def":156,"spa":0,"spd":100,"spe":0},"gender":"M","shiny":true,"ivs":{"hp":31,"atk":31,"def":31,"spa":31,"spd":31,"spe":31}}],"p2team":[{"name":"Hippowdon","species":"Hippowdon","item":"leftovers","ability":"Sand Stream","moves":["stealthrock","slackoff","icefang","toxic"],"nature":"Impish","evs":{"hp":252,"atk":4,"def":252,"spa":0,"spd":0,"spe":0},"ivs":{"hp":31,"atk":31,"def":31,"spa":31,"spd":31,"spe":31}},{"name":"Excadrill","species":"Excadrill","item":"lifeorb","ability":"Sand Rush","moves":["ironhead","earthquake","rapidspin","rockslide"],"nature":"Jolly","evs":{"hp":0,"atk":252,"def":0,"spa":0,"spd":4,"spe":252},"ivs":{"hp":31,"atk":31,"def":31,"spa":31,"spd":31,"spe":31}},{"name":"Garchomp","species":"Garchomp","item":"garchompite","ability":"Sand Veil","moves":["fireblast","stoneedge","dracometeor","earthquake"],"nature":"Naive","evs":{"hp":0,"atk":100,"def":0,"spa":156,"spd":0,"spe":252},"ivs":{"hp":31,"atk":31,"def":31,"spa":31,"spd":31,"spe":31}},{"name":"Landorus","species":"Landorus","item":"lifeorb","ability":"Sheer Force","moves":["earthpower","knockoff","grassknot","psychic"],"nature":"Jolly","evs":{"hp":0,"atk":252,"def":0,"spa":0,"spd":4,"spe":252},"ivs":{"hp":31,"atk":30,"def":30,"spa":31,"spd":31,"spe":31}},{"name":"Seismitoad","species":"Seismitoad","item":"leftovers","ability":"Water Absorb","moves":["knockoff","scald","sludgewave","icepunch"],"nature":"Sassy","evs":{"hp":236,"atk":16,"def":0,"spa":4,"spd":252,"spe":0},"ivs":{"hp":31,"atk":31,"def":31,"spa":31,"spd":31,"spe":31}},{"name":"Diggersby","species":"Diggersby","item":"choicescarf","ability":"Huge Power","moves":["return","firepunch","uturn","earthquake"],"nature":"Jolly","evs":{"hp":0,"atk":252,"def":0,"spa":0,"spd":4,"spe":252},"ivs":{"hp":31,"atk":31,"def":31,"spa":31,"spd":31,"spe":31}}],"log":["|player|p1|Emg E4 Bit|154","|player|p2|Guard Wulf|143","|gametype|singles","|gen|6","|tier|Monotype","|rated","|rule|Baton Pass Clause: Limit one Baton Passer, can't pass Spe and other stats simultaneously","|rule|Swagger Clause: Swagger is banned","|rule|Same Type Clause: Pokémon in a team must share a type","|clearpoke","|poke|p1|Tyranitar, M, shiny","|poke|p1|Terrakion, shiny","|poke|p1|Cradily, F","|poke|p1|Rhyperior, M, shiny","|poke|p1|Omastar, F","|poke|p1|Shuckle, M, shiny","|poke|p2|Hippowdon, M","|poke|p2|Excadrill, M","|poke|p2|Garchomp, M","|poke|p2|Landorus, M","|poke|p2|Seismitoad, F","|poke|p2|Diggersby, M","|rule|Sleep Clause Mod: Limit one foe put to sleep","|rule|Species Clause: Limit one of each Pokémon","|rule|OHKO Clause: OHKO moves are banned","|rule|Moody Clause: Moody is banned","|rule|Evasion Moves Clause: Evasion moves are banned","|rule|Endless Battle Clause: Forcing endless battles is banned","|rule|HP Percentage Mod: HP is shown in percentages","|teampreview","|","|start","|switch|p1a: Comeback|Omastar, F|281/281","|switch|p2a: Excadrill|Excadrill, M|361/361","|turn|1","|","|switch|p2a: Seismitoad|Seismitoad, F|410/410","|move|p1a: Comeback|Surf|p2a: Seismitoad","|-immune|p2a: Seismitoad|[msg]","|","|turn|2","|","|switch|p1a: Blown Back|Cradily, F|376/376","|move|p2a: Seismitoad|Knock Off|p1a: Blown Back","|-damage|p1a: Blown Back|302/376","|-enditem|p1a: Blown Back|Leftovers|[from] move: Knock Off|[of] p2a: Seismitoad","|","|turn|3","|","|switch|p2a: Excadrill|Excadrill, M|361/361","|switch|p1a: Unkillable|Rhyperior, M, shiny|434/434","|","|turn|4","|","|switch|p2a: Seismitoad|Seismitoad, F|410/410","|move|p1a: Unkillable|Earthquake|p2a: Seismitoad","|-damage|p2a: Seismitoad|214/410","|","|-heal|p2a: Seismitoad|239/410|[from] item: Leftovers","|turn|5","|","|switch|p1a: Blown Back|Cradily, F|302/376","|move|p2a: Seismitoad|Ice Punch|p1a: Blown Back","|-supereffective|p1a: Blown Back","|-damage|p1a: Blown Back|188/376","|","|-heal|p2a: Seismitoad|264/410|[from] item: Leftovers","|turn|6","|","|move|p2a: Seismitoad|Ice Punch|p1a: Blown Back","|-supereffective|p1a: Blown Back","|-damage|p1a: Blown Back|64/376","|move|p1a: Blown Back|Recover|p1a: Blown Back","|-heal|p1a: Blown Back|252/376","|","|-heal|p2a: Seismitoad|289/410|[from] item: Leftovers","|turn|7","|","|switch|p2a: Excadrill|Excadrill, M|361/361","|move|p1a: Blown Back|Giga Drain|p2a: Excadrill","|-crit|p2a: Excadrill","|-damage|p2a: Excadrill|207/361","|-heal|p1a: Blown Back|329/376|[from] drain|[of] p2a: Excadrill","|","|turn|8","|","|switch|p1a: Unkillable|Rhyperior, M, shiny|434/434","|move|p2a: Excadrill|Iron Head|p1a: Unkillable","|-supereffective|p1a: Unkillable","|-damage|p1a: Unkillable|239/434","|-enditem|p1a: Unkillable|Weakness Policy","|-boost|p1a: Unkillable|atk|2|[from] item: Weakness Policy","|-boost|p1a: Unkillable|spa|2|[from] item: Weakness Policy","|-damage|p2a: Excadrill|171/361|[from] item: Life Orb","|","|turn|9","|","|move|p2a: Excadrill|Earthquake|p1a: Unkillable","|-supereffective|p1a: Unkillable","|-damage|p1a: Unkillable|0 fnt","|-damage|p2a: Excadrill|135/361|[from] item: Life Orb","|faint|p1a: Unkillable","|","|","|switch|p1a: Last Thing You See|Terrakion, shiny|323/323","|turn|10","|","|switch|p2a: Hippowdon|Hippowdon, M|420/420","|-weather|Sandstorm","|move|p1a: Last Thing You See|Close Combat|p2a: Hippowdon","|-crit|p2a: Hippowdon","|-damage|p2a: Hippowdon|117/420","|-unboost|p1a: Last Thing You See|def|1","|-unboost|p1a: Last Thing You See|spd|1","|","|-weather|Sandstorm|[upkeep]","|-heal|p2a: Hippowdon|143/420|[from] item: Leftovers","|turn|11","|","|move|p1a: Last Thing You See|Close Combat|p2a: Hippowdon","|-damage|p2a: Hippowdon|0 fnt","|-unboost|p1a: Last Thing You See|def|1","|-unboost|p1a: Last Thing You See|spd|1","|faint|p2a: Hippowdon","|","|-weather|Sandstorm|[upkeep]","|","|switch|p2a: Excadrill|Excadrill, M|135/361","|turn|12","|","|switch|p1a: Blown Back|Cradily, F|329/376","|move|p2a: Excadrill|Earthquake|p1a: Blown Back","|-damage|p1a: Blown Back|102/376","|-damage|p2a: Excadrill|99/361|[from] item: Life Orb","|","|-weather|Sandstorm|[upkeep]","|turn|13","|","|move|p2a: Excadrill|Iron Head|p1a: Blown Back","|-supereffective|p1a: Blown Back","|-damage|p1a: Blown Back|0 fnt","|-damage|p2a: Excadrill|63/361|[from] item: Life Orb","|faint|p1a: Blown Back","|","|-weather|Sandstorm|[upkeep]","|","|switch|p1a: Comeback|Omastar, F|281/281","|turn|14","|","|move|p2a: Excadrill|Earthquake|p1a: Comeback","|-supereffective|p1a: Comeback","|-enditem|p1a: Comeback|Focus Sash","|-damage|p1a: Comeback|1/281","|-unboost|p1a: Comeback|def|1|[from] ability: Weak Armor","|-boost|p1a: Comeback|spe|1|[from] ability: Weak Armor","|-damage|p2a: Excadrill|27/361|[from] item: Life Orb","|move|p1a: Comeback|Ice Beam|p2a: Excadrill","|-damage|p2a: Excadrill|0 fnt","|faint|p2a: Excadrill","|","|-weather|none","|","|switch|p2a: Diggersby|Diggersby, M|311/311","|turn|15","|","|move|p2a: Diggersby|U-turn|p1a: Comeback","|-damage|p1a: Comeback|0 fnt","|faint|p1a: Comeback","|","|switch|p2a: Seismitoad|Seismitoad, F|289/410","|","|-heal|p2a: Seismitoad|314/410|[from] item: Leftovers","|","|switch|p1a: Mah Boy|Shuckle, M, shiny|244/244","|turn|16","|","|move|p2a: Seismitoad|Scald|p1a: Mah Boy","|-supereffective|p1a: Mah Boy","|-damage|p1a: Mah Boy|164/244","|move|p1a: Mah Boy|Sticky Web|p2a: Seismitoad","|-sidestart|p2: Guard Wulf|move: Sticky Web","|","|-heal|p2a: Seismitoad|339/410|[from] item: Leftovers","|-heal|p1a: Mah Boy|179/244|[from] item: Leftovers","|turn|17","|","|switch|p2a: Garchomp|Garchomp, M|357/357","|-activate|p2a: Garchomp|move: Sticky Web","|-unboost|p2a: Garchomp|spe|1","|move|p1a: Mah Boy|Knock Off|p2a: Garchomp","|-damage|p2a: Garchomp|344/357","|","|-heal|p1a: Mah Boy|194/244|[from] item: Leftovers","|turn|18","|","|detailschange|p2a: Garchomp|Garchomp-Mega, M","|-mega|p2a: Garchomp|Garchomp|Garchompite","|move|p2a: Garchomp|Stone Edge|p1a: Mah Boy","|-supereffective|p1a: Mah Boy","|-damage|p1a: Mah Boy|88/244","|move|p1a: Mah Boy|Encore|p2a: Garchomp","|-start|p2a: Garchomp|Encore","|","|-heal|p1a: Mah Boy|103/244|[from] item: Leftovers","|turn|19","|","|switch|p1a: Last Thing You See|Terrakion, shiny|323/323","|move|p2a: Garchomp|Stone Edge|p1a: Last Thing You See","|-resisted|p1a: Last Thing You See","|-damage|p1a: Last Thing You See|249/323","|","|turn|20","|","|switch|p2a: Seismitoad|Seismitoad, F|339/410","|-activate|p2a: Seismitoad|move: Sticky Web","|-unboost|p2a: Seismitoad|spe|1","|move|p1a: Last Thing You See|Close Combat|p2a: Seismitoad","|-damage|p2a: Seismitoad|0 fnt","|-unboost|p1a: Last Thing You See|def|1","|-unboost|p1a: Last Thing You See|spd|1","|faint|p2a: Seismitoad","|","|","|switch|p2a: Landorus|Landorus, M|319/319","|turn|21","|","|switch|p1a: Mah Boy|Shuckle, M, shiny|103/244","|move|p2a: Landorus|Grass Knot|p1a: Mah Boy","|-damage|p1a: Mah Boy|84/244","|-damage|p2a: Landorus|288/319|[from] item: Life Orb","|","|-heal|p1a: Mah Boy|99/244|[from] item: Leftovers","|turn|22","|","|switch|p2a: Garchomp|Garchomp-Mega, M|344/357","|-activate|p2a: Garchomp|move: Sticky Web","|-unboost|p2a: Garchomp|spe|1","|move|p1a: Mah Boy|Knock Off|p2a: Garchomp","|-damage|p2a: Garchomp|331/357","|","|-heal|p1a: Mah Boy|114/244|[from] item: Leftovers","|turn|23","|","|move|p2a: Garchomp|Earthquake|p1a: Mah Boy","|-damage|p1a: Mah Boy|27/244","|move|p1a: Mah Boy|Encore|p2a: Garchomp","|-start|p2a: Garchomp|Encore","|","|-heal|p1a: Mah Boy|42/244|[from] item: Leftovers","|turn|24","|","|move|p2a: Garchomp|Earthquake|p1a: Mah Boy","|-damage|p1a: Mah Boy|0 fnt","|faint|p1a: Mah Boy","|","|","|switch|p1a: Rock God|Tyranitar, M, shiny|341/341","|-weather|Sandstorm","|turn|25","|","|detailschange|p1a: Rock God|Tyranitar-Mega, M, shiny","|-mega|p1a: Rock God|Tyranitar|Tyranitarite","|move|p1a: Rock God|Ice Punch|p2a: Garchomp","|-supereffective|p2a: Garchomp","|-damage|p2a: Garchomp|0 fnt","|faint|p2a: Garchomp","|","|-weather|Sandstorm|[upkeep]","|","|switch|p2a: Diggersby|Diggersby, M|311/311","|-activate|p2a: Diggersby|move: Sticky Web","|-unboost|p2a: Diggersby|spe|1","|turn|26","|","|move|p2a: Diggersby|Earthquake|p1a: Rock God","|-supereffective|p1a: Rock God","|-damage|p1a: Rock God|29/341","|move|p1a: Rock God|Ice Punch|p2a: Diggersby","|-supereffective|p2a: Diggersby","|-damage|p2a: Diggersby|47/311","|","|-weather|Sandstorm|[upkeep]","|turn|27","|","|move|p2a: Diggersby|Earthquake|p1a: Rock God","|-supereffective|p1a: Rock God","|-damage|p1a: Rock God|0 fnt","|faint|p1a: Rock God","|","|-weather|Sandstorm|[upkeep]","|","|switch|p1a: Last Thing You See|Terrakion, shiny|249/323","|turn|28","|","|move|p1a: Last Thing You See|Stone Edge|p2a: Diggersby","|-resisted|p2a: Diggersby","|-damage|p2a: Diggersby|0 fnt","|faint|p2a: Diggersby","|","|-weather|Sandstorm|[upkeep]","|","|switch|p2a: Landorus|Landorus, M|288/319","|turn|29","|","|move|p1a: Last Thing You See|Stone Edge|p2a: Landorus","|-damage|p2a: Landorus|0 fnt","|faint|p2a: Landorus","|","|win|Emg E4 Bit"],"p1rating":{"entryid":"7353288","serverid":"eos","formatid":"monotype","userid":"emge4bit","username":"Emg E4 Bit","w":4,"l":"3","t":"0","gxe":53.4,"r":"1403.9053670102","rd":"111.05835164322","sigma":"0","rptime":"1438938000","rpr":1526.3713382253,"rprd":95.613068258188,"rpsigma":"0","acre":1144.4414165658,"lacre":1144.4414165658,"oldacre":"1108.3502938664"},"p2rating":{"entryid":"7326062","serverid":"eos","formatid":"monotype","userid":"guardwulf","username":"Guard Wulf","w":"38","l":18,"t":"0","gxe":63.7,"r":"1615.5779242803","rd":"47.440196403096","sigma":"0","rptime":"1438938000","rpr":1606.4107101468,"rprd":47.155258708254,"rpsigma":"0","acre":1237.9024975999,"lacre":1237.9024975999,"oldacre":"1273.9936202993"},"endType":"normal"}