{"seed":[12546,20158,38312,25244],"turns":28,"p1":"Rustic Espeon","p2":"Doctor Glumanda","p1team":[{"name":"Torkoal","species":"Torkoal","item":"leftovers","ability":"White Smoke","moves":["rapidspin","lavaplume","stealthrock","yawn"],"nature":"Bold","evs":{"hp":252,"atk":0,"def":252,"spa":4,"spd":0,"spe":0},"ivs":{"hp":31,"atk":31,"def":31,"spa":31,"spd":31,"spe":31}},{"name":"Entei","species":"Entei","item":"choiceband","ability":"Pressure","moves":["stoneedge","sacredfire","extremespeed","ironhead"],"nature":"Adamant","evs":{"hp":4,"atk":252,"def":0,"spa":0,"spd":0,"spe":252},"shiny":true,"ivs":{"hp":31,"atk":31,"def":31,"spa":31,"spd":31,"spe":31}},{"name":"Victini","species":"Victini","item":"choicescarf","ability":"Victory Star","moves":["boltstrike","blueflare","vcreate","uturn"],"nature":"Hasty","evs":{"hp":0,"atk":252,"def":0,"spa":4,"spd":0,"spe":252},"ivs":{"hp":31,"atk":31,"def":31,"spa":31,"spd":31,"spe":31}},{"name":"Charizard","species":"Charizard","item":"charizarditex","ability":"Blaze","moves":["dragondance","flareblitz","earthquake","dragonclaw"],"nature":"Adamant","evs":{"hp":0,"atk":252,"def":0,"spa":0,"spd":4,"spe":252},"ivs":{"hp":31,"atk":31,"def":31,"spa":31,"spd":31,"spe":31}},{"name":"Ninetales","species":"Ninetales","item":"choicespecs","ability":"Drought","moves":["overheat","solarbeam","psyshock","hiddenpowerice"],"nature":"Timid","evs":{"hp":0,"atk":0,"def":0,"spa":252,"spd":4,"spe":252},"ivs":{"hp":31,"atk":30,"def":30,"spa":31,"spd":31,"spe":31}},{"name":"Arcanine","species":"Arcanine","item":"rockyhelmet","ability":"Intimidate","moves":["flareblitz","extremespeed","wildcharge","closecombat"],"nature":"Lonely","evs":{"hp":248,"atk":252,"def":0,"spa":8,"spd":0,"spe":0},"ivs":{"hp":31,"atk":31,"def":31,"spa":31,"spd":31,"spe":31}}],"p2team":[{"name":"Streamers","species":"deoxysdefense","item":"mentalherb","ability":"Pressure","moves":["thunderwave","spikes","stealthrock","taunt"],"nature":"Timid","evs":{"hp":252,"atk":0,"def":4,"spa":0,"spd":0,"spe":252},"ivs":{"hp":31,"atk":0,"def":31,"spa":31,"spd":31,"spe":31}},{"name":"Astral","species":"jirachi","item":"choicescarf","ability":"Serene Grace","moves":["uturn","trick","healingwish","ironhead"],"nature":"Jolly","evs":{"hp":0,"atk":252,"def":0,"spa":0,"spd":4,"spe":252},"ivs":{"hp":31,"atk":31,"def":31,"spa":31,"spd":31,"spe":31}},{"name":"Sheep","species":"slowbro","item":"rockyhelmet","ability":"Regenerator","moves":["slackoff","flamethrower","scald","thunderwave"],"nature":"Bold","evs":{"hp":252,"atk":0,"def":252,"spa":4,"spd":0,"spe":0},"ivs":{"hp":31,"atk":0,"def":31,"spa":31,"spd":31,"spe":31}},{"name":"Vendetta","species":"victini","item":"choiceband","ability":"Victory Star","moves":["vcreate","uturn","boltstrike","zenheadbutt"],"nature":"Adamant","evs":{"hp":0,"atk":252,"def":0,"spa":0,"spd":4,"spe":252},"ivs":{"hp":31,"atk":31,"def":31,"spa":31,"spd":31,"spe":31}},{"name":"Melee","species":"meloetta","item":"assaultvest","ability":"Serene Grace","moves":["energyball","psyshock","dazzlinggleam","shadowball"],"nature":"Modest","evs":{"hp":248,"atk":0,"def":0,"spa":212,"spd":48,"spe":0},"ivs":{"hp":31,"atk":0,"def":31,"spa":31,"spd":31,"spe":31}},{"name":"Hoopa-Unbound","species":"Hoopa-Unbound","item":"choicescarf","ability":"Magician","moves":["hyperspacefury","hyperspacehole","drainpunch","icepunch"],"nature":"Hasty","evs":{"hp":0,"atk":252,"def":0,"spa":4,"spd":0,"spe":252},"ivs":{"hp":30,"atk":30,"def":30,"spa":30,"spd":30,"spe":31}}],"log":["|player|p1|Rustic Espeon|70","|player|p2|Doctor Glumanda|doctorglumanda.gif","|gametype|singles","|gen|6","|tier|Monotype","|rated","|rule|Baton Pass Clause: Limit one Baton Passer, can't pass Spe and other stats simultaneously","|rule|Swagger Clause: Swagger is banned","|rule|Same Type Clause: Pokémon in a team must share a type","|clearpoke","|poke|p1|Torkoal, F","|poke|p1|Entei, shiny","|poke|p1|Victini","|poke|p1|Charizard, M","|poke|p1|Ninetales, F","|poke|p1|Arcanine, F","|poke|p2|Deoxys-Defense","|poke|p2|Jirachi","|poke|p2|Slowbro, M","|poke|p2|Victini","|poke|p2|Meloetta","|poke|p2|Hoopa-Unbound","|rule|Sleep Clause Mod: Limit one foe put to sleep","|rule|Species Clause: Limit one of each Pokémon","|rule|OHKO Clause: OHKO moves are banned","|rule|Moody Clause: Moody is banned","|rule|Evasion Moves Clause: Evasion moves are banned","|rule|Endless Battle Clause: Forcing endless battles is banned","|rule|HP Percentage Mod: HP is shown in percentages","|teampreview","|","|start","|switch|p1a: Victini|Victini|341/341","|switch|p2a: Streamers|Deoxys-Defense|304/304","|-ability|p2a: Streamers|Pressure","|turn|1","|","|move|p1a: Victini|U-turn|p2a: Streamers","|-supereffective|p2a: Streamers","|-damage|p2a: Streamers|210/304","|","|switch|p1a: Torkoal|Torkoal, F|344/344","|move|p2a: Streamers|Thunder Wave|p1a: Torkoal","|-status|p1a: Torkoal|par","|","|turn|2","|","|move|p2a: Streamers|Stealth Rock|p1a: Torkoal","|-sidestart|p1: Rustic Espeon|move: Stealth Rock","|move|p1a: Torkoal|Yawn|p2a: Streamers","|-start|p2a: Streamers|move: Yawn|[of] p1a: Torkoal","|","|turn|3","|","|switch|p2a: Sheep|Slowbro, M|394/394","|move|p1a: Torkoal|Stealth Rock|p2a: Sheep","|-sidestart|p2: Doctor Glumanda|move: Stealth Rock","|","|turn|4","|","|move|p2a: Sheep|Scald|p1a: Torkoal","|-supereffective|p1a: Torkoal","|-damage|p1a: Torkoal|92/344 par","|move|p1a: Torkoal|Rapid Spin|p2a: Sheep","|-damage|p2a: Sheep|386/394","|-damage|p1a: Torkoal|35/344 par|[from] item: Rocky Helmet|[of] p2a: Sheep","|-sideend|p1: Rustic Espeon|Stealth Rock|[from] move: Rapid Spin|[of] p1a: Torkoal","|","|-heal|p1a: Torkoal|56/344 par|[from] item: Leftovers","|turn|5","|","|switch|p1a: Ninetales|Ninetales, F|287/287","|-weather|SunnyDay","|move|p2a: Sheep|Scald|p1a: Ninetales","|-supereffective|p1a: Ninetales","|-damage|p1a: Ninetales|189/287","|","|-weather|SunnyDay|[upkeep]","|turn|6","|","|switch|p2a: Streamers|Deoxys-Defense|210/304","|-damage|p2a: Streamers|172/304|[from] Stealth Rock","|-ability|p2a: Streamers|Pressure","|move|p1a: Ninetales|Solar Beam|p2a: Streamers|[still]","|-prepare|p1a: Ninetales|Solar Beam|p2a: Streamers","|-anim|p1a: Ninetales|Solar Beam|p2a: Streamers","|-damage|p2a: Streamers|63/304","|","|-weather|SunnyDay|[upkeep]","|turn|7","|","|move|p1a: Ninetales|Solar Beam|p2a: Streamers|[still]","|-prepare|p1a: Ninetales|Solar Beam|p2a: Streamers","|-anim|p1a: Ninetales|Solar Beam|p2a: Streamers","|-damage|p2a: Streamers|0 fnt","|faint|p2a: Streamers","|","|-weather|SunnyDay|[upkeep]","|","|switch|p2a: Melee|Meloetta|403/403","|-damage|p2a: Melee|353/403|[from] Stealth Rock","|turn|8","|","|switch|p1a: Torkoal|Torkoal, F|56/344 par","|move|p2a: Melee|Psyshock|p1a: Torkoal","|-damage|p1a: Torkoal|0 fnt","|faint|p1a: Torkoal","|","|-weather|SunnyDay|[upkeep]","|","|switch|p1a: Ninetales|Ninetales, F|189/287","|turn|9","|","|move|p1a: Ninetales|Overheat|p2a: Melee","|-damage|p2a: Melee|154/403","|-unboost|p1a: Ninetales|spa|2","|move|p2a: Melee|Psyshock|p1a: Ninetales","|-damage|p1a: Ninetales|9/287","|","|-weather|none","|turn|10","|","|switch|p1a: Victini|Victini|341/341","|move|p2a: Melee|Shadow Ball|p1a: Victini","|-supereffective|p1a: Victini","|-damage|p1a: Victini|153/341","|-unboost|p1a: Victini|spd|1","|","|turn|11","|","|switch|p2a: Astral|Jirachi|341/341","|-damage|p2a: Astral|320/341|[from] Stealth Rock","|move|p1a: Victini|U-turn|p2a: Astral","|-damage|p2a: Astral|251/341","|","|switch|p1a: Ninetales|Ninetales, F|9/287","|-weather|SunnyDay","|","|-weather|SunnyDay|[upkeep]","|turn|12","|","|move|p2a: Astral|Iron Head|p1a: Ninetales","|-resisted|p1a: Ninetales","|-damage|p1a: Ninetales|0 fnt","|faint|p1a: Ninetales","|","|-weather|SunnyDay|[upkeep]","|","|switch|p1a: Arcanine|Arcanine, F|383/383","|-ability|p1a: Arcanine|Intimidate","|-unboost|p2a: Astral|atk|1","|turn|13","|","|switch|p2a: Sheep|Slowbro, M|394/394","|-damage|p2a: Sheep|345/394|[from] Stealth Rock","|move|p1a: Arcanine|Flare Blitz|p2a: Sheep","|-resisted|p2a: Sheep","|-damage|p2a: Sheep|237/394","|-damage|p1a: Arcanine|320/383|[from] item: Rocky Helmet|[of] p2a: Sheep","|-damage|p1a: Arcanine|284/383|[from] recoil|[of] p2a: Sheep","|","|-weather|SunnyDay|[upkeep]","|turn|14","|","|move|p1a: Arcanine|Wild Charge|p2a: Sheep","|-supereffective|p2a: Sheep","|-damage|p2a: Sheep|107/394","|-damage|p1a: Arcanine|221/383|[from] item: Rocky Helmet|[of] p2a: Sheep","|-damage|p1a: Arcanine|188/383|[from] recoil|[of] p2a: Sheep","|move|p2a: Sheep|Slack Off|p2a: Sheep","|-heal|p2a: Sheep|304/394","|","|-weather|SunnyDay|[upkeep]","|turn|15","|","|move|p1a: Arcanine|Wild Charge|p2a: Sheep","|-supereffective|p2a: Sheep","|-damage|p2a: Sheep|158/394","|-damage|p1a: Arcanine|125/383|[from] item: Rocky Helmet|[of] p2a: Sheep","|-damage|p1a: Arcanine|88/383|[from] recoil|[of] p2a: Sheep","|move|p2a: Sheep|Thunder Wave|p1a: Arcanine","|-status|p1a: Arcanine|par","|","|-weather|none","|turn|16","|","|move|p2a: Sheep|Slack Off|p2a: Sheep","|-heal|p2a: Sheep|355/394","|move|p1a: Arcanine|Wild Charge|p2a: Sheep","|-supereffective|p2a: Sheep","|-damage|p2a: Sheep|209/394","|-damage|p1a: Arcanine|25/383 par|[from] item: Rocky Helmet|[of] p2a: Sheep","|-damage|p1a: Arcanine|0 fnt|[from] recoil|[of] p2a: Sheep","|faint|p1a: Arcanine","|","|","|switch|p1a: Victini|Victini|153/341","|turn|17","|","|switch|p2a: Astral|Jirachi|251/341","|-damage|p2a: Astral|230/341|[from] Stealth Rock","|move|p1a: Victini|Bolt Strike|p2a: Astral","|-damage|p2a: Astral|96/341","|-status|p2a: Astral|par","|","|turn|18","|","|move|p1a: Victini|Bolt Strike|p2a: Astral|[miss]","|-miss|p1a: Victini|p2a: Astral","|move|p2a: Astral|Healing Wish|p2a: Astral","|faint|p2a: Astral","|","|","|switch|p2a: Melee|Meloetta|154/403","|-heal|p2a: Melee|403/403|[from] move: Healing Wish","|-damage|p2a: Melee|353/403|[from] Stealth Rock","|turn|19","|","|switch|p1a: Entei|Entei, shiny|372/372","|-ability|p1a: Entei|Pressure","|move|p2a: Melee|Shadow Ball|p1a: Entei","|-damage|p1a: Entei|244/372","|-unboost|p1a: Entei|spd|1","|","|turn|20","|","|move|p1a: Entei|Sacred Fire|p2a: Melee","|-damage|p2a: Melee|11/403","|-status|p2a: Melee|brn","|move|p2a: Melee|Shadow Ball|p1a: Entei","|-damage|p1a: Entei|64/372","|","|-damage|p2a: Melee|0 fnt|[from] brn","|faint|p2a: Melee","|","|switch|p2a: Sheep|Slowbro, M|340/394","|-damage|p2a: Sheep|291/394|[from] Stealth Rock","|turn|21","|","|move|p1a: Entei|Sacred Fire|p2a: Sheep","|-resisted|p2a: Sheep","|-damage|p2a: Sheep|202/394","|-status|p2a: Sheep|brn","|move|p2a: Sheep|Scald|p1a: Entei","|-supereffective|p1a: Entei","|-damage|p1a: Entei|0 fnt","|faint|p1a: Entei","|","|-damage|p2a: Sheep|153/394 brn|[from] brn","|","|switch|p1a: Victini|Victini|153/341","|turn|22","|","|switch|p2a: Vendetta|Victini|341/341","|-damage|p2a: Vendetta|256/341|[from] Stealth Rock","|move|p1a: Victini|Bolt Strike|p2a: Vendetta","|-damage|p2a: Vendetta|129/341","|","|turn|23","|","|switch|p1a: Charizard|Charizard, M|297/297","|move|p2a: Vendetta|U-turn|p1a: Charizard","|-resisted|p1a: Charizard","|-damage|p1a: Charizard|263/297","|","|switch|p2a: Hoopa-Unbound|Hoopa-Unbound|300/300","|-damage|p2a: Hoopa-Unbound|263/300|[from] Stealth Rock","|","|turn|24","|","|detailschange|p1a: Charizard|Charizard-Mega-X, M","|-mega|p1a: Charizard|Charizard|Charizardite X","|move|p2a: Hoopa-Unbound|Hyperspace Fury|p1a: Charizard","|-damage|p1a: Charizard|64/297","|-unboost|p2a: Hoopa-Unbound|def|1","|move|p1a: Charizard|Dragon Dance|p1a: Charizard","|-boost|p1a: Charizard|atk|1","|-boost|p1a: Charizard|spe|1","|","|turn|25","|","|move|p1a: Charizard|Earthquake|p2a: Hoopa-Unbound","|-damage|p2a: Hoopa-Unbound|0 fnt","|faint|p2a: Hoopa-Unbound","|","|","|switch|p2a: Sheep|Slowbro, M|284/394 brn","|-damage|p2a: Sheep|235/394 brn|[from] Stealth Rock","|turn|26","|","|move|p1a: Charizard|Dragon Claw|p2a: Sheep","|-damage|p2a: Sheep|12/394 brn","|-damage|p1a: Charizard|15/297|[from] item: Rocky Helmet|[of] p2a: Sheep","|move|p2a: Sheep|Slack Off|p2a: Sheep","|-heal|p2a: Sheep|209/394 brn","|","|-damage|p2a: Sheep|160/394 brn|[from] brn","|turn|27","|","|switch|p2a: Vendetta|Victini|129/341","|-damage|p2a: Vendetta|44/341|[from] Stealth Rock","|move|p1a: Charizard|Dragon Claw|p2a: Vendetta","|-damage|p2a: Vendetta|0 fnt","|faint|p2a: Vendetta","|","|","|switch|p2a: Sheep|Slowbro, M|291/394 brn","|-damage|p2a: Sheep|242/394 brn|[from] Stealth Rock","|turn|28","|","|move|p1a: Charizard|Dragon Claw|p2a: Sheep","|-crit|p2a: Sheep","|-damage|p2a: Sheep|0 fnt","|-damage|p1a: Charizard|0 fnt|[from] item: Rocky Helmet|[of] p2a: Sheep","|faint|p1a: Charizard","|faint|p2a: Sheep","|","|win|Rustic Espeon"],"p1rating":{"entryid":"7202561","serverid":"eos","formatid":"monotype","userid":"rusticespeon","username":"Rustic Espeon","w":14,"l":"8","t":"0","gxe":60.9,"r":"1564.9480011544","rd":"71.382759115292","sigma":"0","rptime":"1438938000","rpr":1584.6567547392,"rprd":69.183650679925,"rpsigma":"0","acre":1176.8708593196,"lacre":1176.8708593196,"oldacre":"1152.6052745128"},"p2rating":{"entryid":"6022760","serverid":"eos","formatid":"monotype","userid":"doctorglumanda","username":"Doctor Glumanda","w":"5","l":2,"t":"0","gxe":57.9,"r":"1593.793986308","rd":"105.90737381104","sigma":"0","rptime":"1438938000","rpr":1562.5114028746,"rprd":101.54312597089,"rpsigma":"0","acre":1118.1302732655,"lacre":1118.1302732655,"oldacre":"1142.3958580723"},"endType":"normal"}