{"seed":[41482,23097,11207,57487],"turns":38,"p1":"Metalyte","p2":"GTX♅Bzumzum","p1team":[{"name":"Scizor","species":"Scizor","item":"scizorite","ability":"Technician","moves":["roost","swordsdance","bulletpunch","bugbite"],"nature":"Adamant","evs":{"hp":248,"atk":252,"def":0,"spa":0,"spd":8,"spe":0},"ivs":{"hp":31,"atk":31,"def":31,"spa":31,"spd":31,"spe":31}},{"name":"Heatran","species":"Heatran","item":"airballoon","ability":"Flash Fire","moves":["fireblast","flashcannon","earthpower","ancientpower"],"nature":"Timid","evs":{"hp":4,"atk":0,"def":0,"spa":252,"spd":0,"spe":252},"ivs":{"hp":31,"atk":31,"def":31,"spa":31,"spd":31,"spe":31}},{"name":"Skarmory","species":"Skarmory","item":"leftovers","ability":"Sturdy","moves":["defog","whirlwind","drillpeck","roost"],"nature":"Impish","evs":{"hp":252,"atk":0,"def":252,"spa":0,"spd":0,"spe":4},"ivs":{"hp":31,"atk":31,"def":31,"spa":31,"spd":31,"spe":31}},{"name":"Magnezone","species":"Magnezone","item":"airballoon","ability":"Sturdy","moves":["thunderbolt","flashcannon","voltswitch","hiddenpowerice"],"nature":"Modest","evs":{"hp":248,"atk":0,"def":0,"spa":252,"spd":8,"spe":0},"ivs":{"hp":31,"atk":30,"def":30,"spa":31,"spd":31,"spe":31}},{"name":"Excadrill","species":"Excadrill","item":"choicescarf","ability":"Mold Breaker","moves":["earthquake","ironhead","rockslide","rapidspin"],"nature":"Jolly","evs":{"hp":0,"atk":252,"def":0,"spa":0,"spd":4,"spe":252},"ivs":{"hp":31,"atk":31,"def":31,"spa":31,"spd":31,"spe":31}},{"name":"Bisharp","species":"Bisharp","item":"lifeorb","ability":"Defiant","moves":["suckerpunch","swordsdance","knockoff","ironhead"],"nature":"Jolly","evs":{"hp":0,"atk":252,"def":0,"spa":0,"spd":4,"spe":252},"ivs":{"hp":31,"atk":31,"def":31,"spa":31,"spd":31,"spe":31}}],"p2team":[{"name":"Elec","species":"manectric","item":"manectite","ability":"Lightning Rod","moves":["thunderbolt","hiddenpowergrass","voltswitch","overheat"],"nature":"Timid","evs":{"hp":0,"atk":0,"def":0,"spa":252,"spd":4,"spe":252},"gender":"M","ivs":{"hp":31,"atk":30,"def":31,"spa":30,"spd":31,"spe":31}},{"name":"Water-Safe","species":"rotomwash","item":"chestoberry","ability":"Levitate","moves":["hydropump","hex","willowisp","rest"],"nature":"Calm","evs":{"hp":248,"atk":0,"def":0,"spa":8,"spd":252,"spe":0},"shiny":true,"ivs":{"hp":31,"atk":31,"def":31,"spa":31,"spd":31,"spe":31}},{"name":"MY ZONE!!!","species":"magnezone","item":"choicespecs","ability":"Sturdy","moves":["hiddenpowerice","flashcannon","triattack","signalbeam"],"nature":"Modest","evs":{"hp":248,"atk":0,"def":0,"spa":252,"spd":8,"spe":0},"ivs":{"hp":31,"atk":30,"def":30,"spa":31,"spd":31,"spe":31},"shiny":true},{"name":"Thundernor","species":"eelektross","item":"leftovers","ability":"Levitate","moves":["coil","drainpunch","knockoff","uturn"],"nature":"Adamant","evs":{"hp":252,"atk":252,"def":0,"spa":0,"spd":0,"spe":4},"gender":"M","shiny":true,"ivs":{"hp":31,"atk":31,"def":31,"spa":31,"spd":31,"spe":31}},{"name":"Zapz","species":"zapdos","item":"leftovers","ability":"Pressure","moves":["heatwave","roost","extrasensory","defog"],"nature":"Modest","evs":{"hp":252,"atk":0,"def":0,"spa":252,"spd":4,"spe":0},"shiny":true,"ivs":{"hp":31,"atk":31,"def":31,"spa":31,"spd":31,"spe":31}},{"name":"Plugg-in Failure","species":"electivire","item":"choicescarf","ability":"Vital Spirit","moves":["crosschop","earthquake","icepunch","rockslide"],"nature":"Adamant","evs":{"hp":0,"atk":252,"def":0,"spa":0,"spd":4,"spe":252},"gender":"M","shiny":true,"ivs":{"hp":31,"atk":31,"def":31,"spa":31,"spd":31,"spe":31}}],"log":["|player|p1|Metalyte|165","|player|p2|GTX♅Bzumzum|225","|gametype|singles","|gen|6","|tier|Monotype","|rated","|rule|Baton Pass Clause: Limit one Baton Passer, can't pass Spe and other stats simultaneously","|rule|Swagger Clause: Swagger is banned","|rule|Same Type Clause: Pokémon in a team must share a type","|clearpoke","|poke|p1|Scizor, F","|poke|p1|Heatran, F","|poke|p1|Skarmory, M","|poke|p1|Magnezone","|poke|p1|Excadrill, M","|poke|p1|Bisharp, M","|poke|p2|Manectric, M","|poke|p2|Rotom-Wash, shiny","|poke|p2|Magnezone, shiny","|poke|p2|Eelektross, M, shiny","|poke|p2|Zapdos, shiny","|poke|p2|Electivire, M, shiny","|rule|Sleep Clause Mod: Limit one foe put to sleep","|rule|Species Clause: Limit one of each Pokémon","|rule|OHKO Clause: OHKO moves are banned","|rule|Moody Clause: Moody is banned","|rule|Evasion Moves Clause: Evasion moves are banned","|rule|Endless Battle Clause: Forcing endless battles is banned","|rule|HP Percentage Mod: HP is shown in percentages","|teampreview","|","|start","|switch|p1a: Magnezone|Magnezone|343/343","|switch|p2a: Plugg-in Failure|Electivire, M, shiny|291/291","|-item|p1a: Magnezone|Air Balloon","|turn|1","|","|switch|p1a: Skarmory|Skarmory, M|334/334","|move|p2a: Plugg-in Failure|Cross Chop|p1a: Skarmory|[miss]","|-miss|p2a: Plugg-in Failure|p1a: Skarmory","|","|turn|2","|","|switch|p2a: MY ZONE!!!|Magnezone, shiny|343/343","|move|p1a: Skarmory|Drill Peck|p2a: MY ZONE!!!","|-resisted|p2a: MY ZONE!!!","|-damage|p2a: MY ZONE!!!|325/343","|","|turn|3","|","|switch|p1a: Heatran|Heatran, F|324/324","|-item|p1a: Heatran|Air Balloon","|move|p2a: MY ZONE!!!|Tri Attack|p1a: Heatran","|-resisted|p1a: Heatran","|-damage|p1a: Heatran|252/324","|-enditem|p1a: Heatran|Air Balloon","|","|turn|4","|","|switch|p1a: Bisharp|Bisharp, M|271/271","|switch|p2a: Water-Safe|Rotom-Wash, shiny|303/303","|","|turn|5","|","|switch|p1a: Skarmory|Skarmory, M|334/334","|move|p2a: Water-Safe|Will-O-Wisp|p1a: Skarmory","|-status|p1a: Skarmory|brn","|","|-damage|p1a: Skarmory|293/334 brn|[from] brn","|turn|6","|","|move|p2a: Water-Safe|Hex|p1a: Skarmory","|-damage|p1a: Skarmory|138/334 brn","|move|p1a: Skarmory|Drill Peck|p2a: Water-Safe","|-resisted|p2a: Water-Safe","|-damage|p2a: Water-Safe|284/303","|","|-heal|p1a: Skarmory|158/334 brn|[from] item: Leftovers","|-damage|p1a: Skarmory|117/334 brn|[from] brn","|turn|7","|","|move|p2a: Water-Safe|Hex|p1a: Skarmory","|-damage|p1a: Skarmory|0 fnt","|faint|p1a: Skarmory","|","|","|switch|p1a: Excadrill|Excadrill, M|361/361","|-ability|p1a: Excadrill|Mold Breaker","|turn|8","|","|switch|p2a: Zapz|Zapdos, shiny|384/384","|-ability|p2a: Zapz|Pressure","|move|p1a: Excadrill|Earthquake|p2a: Zapz","|-immune|p2a: Zapz|[msg]","|","|turn|9","|","|switch|p1a: Heatran|Heatran, F|252/324","|move|p2a: Zapz|Heat Wave|p1a: Heatran","|-start|p1a: Heatran|ability: Flash Fire","|","|turn|10","|","|switch|p2a: Water-Safe|Rotom-Wash, shiny|284/303","|move|p1a: Heatran|Fire Blast|p2a: Water-Safe","|-crit|p2a: Water-Safe","|-resisted|p2a: Water-Safe","|-damage|p2a: Water-Safe|135/303","|","|turn|11","|","|move|p1a: Heatran|Fire Blast|p2a: Water-Safe","|-resisted|p2a: Water-Safe","|-damage|p2a: Water-Safe|39/303","|move|p2a: Water-Safe|Hydro Pump|p1a: Heatran","|-supereffective|p1a: Heatran","|-damage|p1a: Heatran|12/324","|","|turn|12","|","|switch|p2a: Zapz|Zapdos, shiny|384/384","|-ability|p2a: Zapz|Pressure","|move|p1a: Heatran|Ancient Power|p2a: Zapz","|-supereffective|p2a: Zapz","|-damage|p2a: Zapz|238/384","|","|-heal|p2a: Zapz|262/384|[from] item: Leftovers","|turn|13","|","|move|p1a: Heatran|Fire Blast|p2a: Zapz","|-damage|p2a: Zapz|0 fnt","|faint|p2a: Zapz","|","|","|switch|p2a: Plugg-in Failure|Electivire, M, shiny|291/291","|turn|14","|","|move|p2a: Plugg-in Failure|Rock Slide|p1a: Heatran","|-damage|p1a: Heatran|0 fnt","|faint|p1a: Heatran","|","|","|switch|p1a: Scizor|Scizor, F|343/343","|turn|15","|","|detailschange|p1a: Scizor|Scizor-Mega, F","|-mega|p1a: Scizor|Scizor|Scizorite","|move|p2a: Plugg-in Failure|Rock Slide|p1a: Scizor","|-damage|p1a: Scizor|274/343","|move|p1a: Scizor|Bug Bite|p2a: Plugg-in Failure","|-damage|p2a: Plugg-in Failure|3/291","|","|turn|16","|","|switch|p2a: Elec|Manectric, M|281/281","|move|p1a: Scizor|Swords Dance|p1a: Scizor","|-boost|p1a: Scizor|atk|2","|","|turn|17","|","|switch|p1a: Magnezone|Magnezone|343/343","|-item|p1a: Magnezone|Air Balloon","|detailschange|p2a: Elec|Manectric-Mega, M","|-mega|p2a: Elec|Manectric|Manectite","|-ability|p2a: Elec|Intimidate","|-unboost|p1a: Magnezone|atk|1","|move|p2a: Elec|Overheat|p1a: Magnezone|[miss]","|-miss|p2a: Elec|p1a: Magnezone","|","|turn|18","|","|move|p2a: Elec|Volt Switch|p1a: Magnezone","|-resisted|p1a: Magnezone","|-damage|p1a: Magnezone|274/343","|-enditem|p1a: Magnezone|Air Balloon","|","|switch|p2a: Water-Safe|Rotom-Wash, shiny|39/303","|move|p1a: Magnezone|Flash Cannon|p2a: Water-Safe","|-resisted|p2a: Water-Safe","|-damage|p2a: Water-Safe|13/303","|","|turn|19","|","|move|p2a: Water-Safe|Rest|p2a: Water-Safe","|-status|p2a: Water-Safe|slp","|-heal|p2a: Water-Safe|303/303 slp|[silent]","|-status|p2a: Water-Safe|slp|[from] move: Rest","|-enditem|p2a: Water-Safe|Chesto Berry|[eat]","|-curestatus|p2a: Water-Safe|slp","|move|p1a: Magnezone|Thunderbolt|p2a: Water-Safe","|-damage|p2a: Water-Safe|182/303","|","|turn|20","|","|move|p2a: Water-Safe|Will-O-Wisp|p1a: Magnezone","|-status|p1a: Magnezone|brn","|move|p1a: Magnezone|Thunderbolt|p2a: Water-Safe","|-damage|p2a: Water-Safe|64/303","|","|-damage|p1a: Magnezone|232/343 brn|[from] brn","|turn|21","|","|move|p2a: Water-Safe|Rest|p2a: Water-Safe","|-status|p2a: Water-Safe|slp","|-heal|p2a: Water-Safe|303/303 slp|[silent]","|-status|p2a: Water-Safe|slp|[from] move: Rest","|move|p1a: Magnezone|Volt Switch|p2a: Water-Safe","|-damage|p2a: Water-Safe|212/303 slp","|","|switch|p1a: Excadrill|Excadrill, M|361/361","|-ability|p1a: Excadrill|Mold Breaker","|","|turn|22","|","|move|p1a: Excadrill|Earthquake|p2a: Water-Safe","|-supereffective|p2a: Water-Safe","|-damage|p2a: Water-Safe|0 fnt","|faint|p2a: Water-Safe","|","|","|switch|p2a: Elec|Manectric-Mega, M|281/281","|-ability|p2a: Elec|Intimidate","|-unboost|p1a: Excadrill|atk|1","|turn|23","|","|switch|p1a: Magnezone|Magnezone|232/343 brn","|move|p2a: Elec|Overheat|p1a: Magnezone","|-supereffective|p1a: Magnezone","|-damage|p1a: Magnezone|0 fnt","|-unboost|p2a: Elec|spa|2","|faint|p1a: Magnezone","|","|","|switch|p1a: Scizor|Scizor-Mega, F|274/343","|turn|24","|","|move|p2a: Elec|Volt Switch|p1a: Scizor","|-damage|p1a: Scizor|205/343","|","|switch|p2a: MY ZONE!!!|Magnezone, shiny|325/343","|move|p1a: Scizor|Swords Dance|p1a: Scizor","|-boost|p1a: Scizor|atk|2","|","|turn|25","|","|move|p1a: Scizor|Roost|p1a: Scizor","|-heal|p1a: Scizor|343/343","|move|p2a: MY ZONE!!!|Tri Attack|p1a: Scizor","|-resisted|p1a: Scizor","|-damage|p1a: Scizor|270/343","|","|turn|26","|","|move|p1a: Scizor|Swords Dance|p1a: Scizor","|-boost|p1a: Scizor|atk|2","|move|p2a: MY ZONE!!!|Tri Attack|p1a: Scizor","|-crit|p1a: Scizor","|-resisted|p1a: Scizor","|-damage|p1a: Scizor|163/343","|","|turn|27","|","|move|p1a: Scizor|Roost|p1a: Scizor","|-heal|p1a: Scizor|335/343","|move|p2a: MY ZONE!!!|Tri Attack|p1a: Scizor","|-resisted|p1a: Scizor","|-damage|p1a: Scizor|262/343","|","|turn|28","|","|move|p1a: Scizor|Swords Dance|p1a: Scizor","|-boost|p1a: Scizor|atk|2","|move|p2a: MY ZONE!!!|Tri Attack|p1a: Scizor","|-resisted|p1a: Scizor","|-damage|p1a: Scizor|181/343","|","|turn|29","|","|move|p1a: Scizor|Roost|p1a: Scizor","|-heal|p1a: Scizor|343/343","|move|p2a: MY ZONE!!!|Tri Attack|p1a: Scizor","|-resisted|p1a: Scizor","|-damage|p1a: Scizor|261/343","|","|turn|30","|","|move|p1a: Scizor|Bug Bite|p2a: MY ZONE!!!","|-resisted|p2a: MY ZONE!!!","|-damage|p2a: MY ZONE!!!|3/343","|move|p2a: MY ZONE!!!|Tri Attack|p1a: Scizor","|-resisted|p1a: Scizor","|-damage|p1a: Scizor|185/343","|-status|p1a: Scizor|par","|","|turn|31","|","|cant|p1a: Scizor|par","|move|p2a: MY ZONE!!!|Tri Attack|p1a: Scizor","|-resisted|p1a: Scizor","|-damage|p1a: Scizor|109/343 par","|","|turn|32","|","|move|p1a: Scizor|Bullet Punch|p2a: MY ZONE!!!","|-resisted|p2a: MY ZONE!!!","|-damage|p2a: MY ZONE!!!|0 fnt","|faint|p2a: MY ZONE!!!","|","|","|switch|p2a: Elec|Manectric-Mega, M|281/281","|-ability|p2a: Elec|Intimidate","|-unboost|p1a: Scizor|atk|1","|turn|33","|","|move|p1a: Scizor|Bullet Punch|p2a: Elec","|-resisted|p2a: Elec","|-damage|p2a: Elec|20/281","|move|p2a: Elec|Volt Switch|p1a: Scizor","|-damage|p1a: Scizor|0 fnt","|faint|p1a: Scizor","|","|switch|p2a: Thundernor|Eelektross, M, shiny|374/374","|","|","|switch|p1a: Bisharp|Bisharp, M|271/271","|turn|34","|","|move|p1a: Bisharp|Swords Dance|p1a: Bisharp","|-boost|p1a: Bisharp|atk|2","|move|p2a: Thundernor|Coil|p2a: Thundernor","|-boost|p2a: Thundernor|atk|1","|-boost|p2a: Thundernor|def|1","|-boost|p2a: Thundernor|accuracy|1","|","|turn|35","|","|move|p1a: Bisharp|Knock Off|p2a: Thundernor","|-damage|p2a: Thundernor|41/374","|-enditem|p2a: Thundernor|Leftovers|[from] move: Knock Off|[of] p1a: Bisharp","|-damage|p1a: Bisharp|244/271|[from] item: Life Orb","|move|p2a: Thundernor|Drain Punch|p1a: Bisharp","|-supereffective|p1a: Bisharp","|-damage|p1a: Bisharp|0 fnt","|-heal|p2a: Thundernor|163/374|[from] drain|[of] p1a: Bisharp","|faint|p1a: Bisharp","|","|","|switch|p1a: Excadrill|Excadrill, M|361/361","|-ability|p1a: Excadrill|Mold Breaker","|turn|36","|","|move|p1a: Excadrill|Earthquake|p2a: Thundernor","|-supereffective|p2a: Thundernor","|-damage|p2a: Thundernor|0 fnt","|faint|p2a: Thundernor","|","|","|switch|p2a: Elec|Manectric-Mega, M|20/281","|-ability|p2a: Elec|Intimidate","|-unboost|p1a: Excadrill|atk|1","|turn|37","|","|move|p1a: Excadrill|Earthquake|p2a: Elec","|-supereffective|p2a: Elec","|-damage|p2a: Elec|0 fnt","|faint|p2a: Elec","|","|","|switch|p2a: Plugg-in Failure|Electivire, M, shiny|3/291","|turn|38","|","|move|p1a: Excadrill|Earthquake|p2a: Plugg-in Failure","|-supereffective|p2a: Plugg-in Failure","|-damage|p2a: Plugg-in Failure|0 fnt","|faint|p2a: Plugg-in Failure","|","|win|Metalyte"],"p1rating":{"entryid":"6571486","serverid":"eos","formatid":"monotype","userid":"metalyte","username":"Metalyte","w":44,"l":"36","t":"0","gxe":54.3,"r":"1530.9209366685","rd":"43.154130349799","sigma":"0","rptime":"1438938000","rpr":1532.8934638996,"rprd":42.955952926578,"rpsigma":"0","acre":1151.7820601669,"lacre":1151.7820601669,"oldacre":"1130.7827055422"},"p2rating":{"entryid":"6857825","serverid":"eos","formatid":"monotype","userid":"gtxbzumzum","username":"GTX♅Bzumzum","w":"24","l":87,"t":"0","gxe":23,"r":"1273.8247855487","rd":"38.217168250411","sigma":"0","rptime":"1438938000","rpr":1271.5399705742,"rprd":38.007694480688,"rpsigma":"0","acre":1056.8901124954,"lacre":1056.8901124954,"oldacre":"1074.7020195426"},"endType":"normal"}