{"seed":[49585,41723,37916,4109],"turns":74,"p1":"WildAlt","p2":"Sovereign♕Cactus","p1team":[{"name":"Blissey","species":"Blissey","item":"leftovers","ability":"Natural Cure","moves":["stealthrock","softboiled","wish","flamethrower"],"nature":"Calm","evs":{"hp":248,"atk":0,"def":8,"spa":0,"spd":252,"spe":0},"ivs":{"hp":31,"atk":0,"def":31,"spa":31,"spd":31,"spe":31}},{"name":"Chansey","species":"Chansey","item":"eviolite","ability":"Natural Cure","moves":["toxic","healbell","softboiled","wish"],"nature":"Bold","evs":{"hp":248,"atk":0,"def":252,"spa":0,"spd":8,"spe":0},"ivs":{"hp":31,"atk":0,"def":31,"spa":31,"spd":31,"spe":31}},{"name":"Miltank","species":"Miltank","item":"leftovers","ability":"Thick Fat","moves":["hammerarm","seismictoss","milkdrink","toxic"],"nature":"Impish","evs":{"hp":248,"atk":96,"def":164,"spa":0,"spd":0,"spe":0},"ivs":{"hp":31,"atk":31,"def":31,"spa":31,"spd":31,"spe":31}},{"name":"Audino","species":"Audino","item":"audinite","ability":"Regenerator","moves":["calmmind","healbell","wish","drainingkiss"],"nature":"Bold","evs":{"hp":248,"atk":0,"def":252,"spa":8,"spd":0,"spe":0},"gender":"F","ivs":{"hp":31,"atk":0,"def":31,"spa":31,"spd":31,"spe":31}},{"name":"Staraptor","species":"Staraptor","item":"leftovers","ability":"Intimidate","moves":["bravebird","defog","featherdance","roost"],"nature":"Impish","evs":{"hp":248,"atk":8,"def":252,"spa":0,"spd":0,"spe":0},"gender":"M","ivs":{"hp":31,"atk":31,"def":31,"spa":31,"spd":31,"spe":31}},{"name":"Staravia","species":"Staravia","item":"eviolite","ability":"Intimidate","moves":["bravebird","defog","featherdance","roost"],"nature":"Impish","evs":{"hp":248,"atk":8,"def":252,"spa":0,"spd":0,"spe":0},"gender":"M","ivs":{"hp":31,"atk":31,"def":31,"spa":31,"spd":31,"spe":31}}],"p2team":[{"name":"Scrotom-Wash","species":"rotomwash","item":"leftovers","ability":"Levitate","moves":["shadowball","hydropump","voltswitch","willowisp"],"nature":"Calm","evs":{"hp":252,"atk":0,"def":0,"spa":4,"spd":252,"spe":0},"ivs":{"hp":31,"atk":31,"def":31,"spa":31,"spd":31,"spe":31}},{"name":"Butters The Doge","species":"azumarill","item":"assaultvest","ability":"Sap Sipper","moves":["waterfall","playrough","knockoff","superpower"],"nature":"Adamant","evs":{"hp":248,"atk":252,"def":0,"spa":0,"spd":8,"spe":0},"gender":"M","shiny":true,"ivs":{"hp":31,"atk":31,"def":31,"spa":31,"spd":31,"spe":31}},{"name":"2 1/2 Jaws","species":"sharpedo","item":"sharpedonite","ability":"Speed Boost","moves":["aquajet","crunch","protect","icefang"],"nature":"Adamant","evs":{"hp":0,"atk":252,"def":0,"spa":0,"spd":4,"spe":252},"ivs":{"hp":31,"atk":31,"def":31,"spa":31,"spd":31,"spe":31}},{"name":"Scrotum Sweeper","species":"manaphy","item":"salacberry","ability":"Hydration","moves":["icebeam","surf","substitute","tailglow"],"nature":"Timid","evs":{"hp":4,"atk":0,"def":0,"spa":252,"spd":0,"spe":252},"shiny":true,"ivs":{"hp":31,"atk":31,"def":31,"spa":31,"spd":31,"spe":31}},{"name":"Cotton The Douche","species":"politoed","item":"ejectbutton","ability":"Drizzle","moves":["encore","perishsong","scald","toxic"],"nature":"Bold","evs":{"hp":248,"atk":0,"def":252,"spa":0,"spd":8,"spe":0},"gender":"F","shiny":true,"ivs":{"hp":31,"atk":31,"def":31,"spa":31,"spd":31,"spe":31}},{"name":"Swagsire","species":"quagsire","item":"leftovers","ability":"Unaware","moves":["earthquake","waterfall","recover","stockpile"],"nature":"","gender":"M","shiny":true,"evs":{"hp":0,"atk":0,"def":0,"spa":0,"spd":0,"spe":0},"ivs":{"hp":31,"atk":31,"def":31,"spa":31,"spd":31,"spe":31}}],"log":["|player|p1|WildAlt|34","|player|p2|Sovereign♕Cactus|251","|gametype|singles","|gen|6","|tier|Monotype","|rated","|rule|Baton Pass Clause: Limit one Baton Passer, can't pass Spe and other stats simultaneously","|rule|Swagger Clause: Swagger is banned","|rule|Same Type Clause: Pokémon in a team must share a type","|clearpoke","|poke|p1|Blissey, F","|poke|p1|Chansey, F","|poke|p1|Miltank, F","|poke|p1|Audino, F","|poke|p1|Staraptor, M","|poke|p1|Staravia, M","|poke|p2|Rotom-Wash","|poke|p2|Azumarill, M, shiny","|poke|p2|Sharpedo, F","|poke|p2|Manaphy, shiny","|poke|p2|Politoed, F, shiny","|poke|p2|Quagsire, M, shiny","|rule|Sleep Clause Mod: Limit one foe put to sleep","|rule|Species Clause: Limit one of each Pokémon","|rule|OHKO Clause: OHKO moves are banned","|rule|Moody Clause: Moody is banned","|rule|Evasion Moves Clause: Evasion moves are banned","|rule|Endless Battle Clause: Forcing endless battles is banned","|rule|HP Percentage Mod: HP is shown in percentages","|teampreview","|","|start","|switch|p1a: Blissey|Blissey, F|713/713","|switch|p2a: Scrotom-Wash|Rotom-Wash|304/304","|turn|1","|","|move|p2a: Scrotom-Wash|Volt Switch|p1a: Blissey","|-damage|p1a: Blissey|661/713","|","|switch|p2a: Cotton The Douche|Politoed, F, shiny|383/383","|-weather|RainDance","|move|p1a: Blissey|Stealth Rock|p2a: Cotton The Douche","|-sidestart|p2: Sovereign♕Cactus|move: Stealth Rock","|","|-weather|RainDance|[upkeep]","|-heal|p1a: Blissey|705/713|[from] item: Leftovers","|turn|2","|","|switch|p1a: Chansey|Chansey, F|703/703","|move|p2a: Cotton The Douche|Perish Song|p2a: Cotton The Douche","|-start|p1a: Chansey|perish3|[silent]","|-start|p2a: Cotton The Douche|perish3|[silent]","|-fieldactivate|move: Perish Song","|","|-start|p2a: Cotton The Douche|perish3","|-start|p1a: Chansey|perish3","|-weather|RainDance|[upkeep]","|turn|3","|","|move|p2a: Cotton The Douche|Toxic|p1a: Chansey","|-status|p1a: Chansey|tox","|move|p1a: Chansey|Toxic|p2a: Cotton The Douche","|-status|p2a: Cotton The Douche|tox","|","|-start|p2a: Cotton The Douche|perish2","|-start|p1a: Chansey|perish2","|-weather|RainDance|[upkeep]","|-damage|p2a: Cotton The Douche|360/383 tox|[from] psn","|-damage|p1a: Chansey|660/703 tox|[from] psn","|turn|4","|","|switch|p2a: Scrotum Sweeper|Manaphy, shiny|342/342","|-damage|p2a: Scrotum Sweeper|300/342|[from] Stealth Rock","|switch|p1a: Blissey|Blissey, F|705/713","|","|-weather|RainDance|[upkeep]","|-heal|p1a: Blissey|713/713|[from] item: Leftovers","|turn|5","|","|move|p2a: Scrotum Sweeper|Substitute|p2a: Scrotum Sweeper","|-start|p2a: Scrotum Sweeper|Substitute","|-damage|p2a: Scrotum Sweeper|215/342","|move|p1a: Blissey|Wish|p1a: Blissey","|","|-weather|none","|turn|6","|","|switch|p1a: Audino|Audino, F|409/409","|move|p2a: Scrotum Sweeper|Tail Glow|p2a: Scrotum Sweeper","|-boost|p2a: Scrotum Sweeper|spa|3","|","|turn|7","|","|detailschange|p1a: Audino|Audino-Mega, F","|-mega|p1a: Audino|Audino|Audinite","|move|p2a: Scrotum Sweeper|Tail Glow|p2a: Scrotum Sweeper","|-boost|p2a: Scrotum Sweeper|spa|3","|move|p1a: Audino|Calm Mind|p1a: Audino","|-boost|p1a: Audino|spa|1","|-boost|p1a: Audino|spd|1","|","|turn|8","|","|move|p2a: Scrotum Sweeper|Surf|p1a: Audino","|-damage|p1a: Audino|118/409","|move|p1a: Audino|Wish|p1a: Audino","|","|turn|9","|","|switch|p1a: Chansey|Chansey, F|660/703","|move|p2a: Scrotum Sweeper|Surf|p1a: Chansey","|-damage|p1a: Chansey|293/703","|","|-heal|p1a: Chansey|497/703|[from] move: Wish|[wisher] Audino","|turn|10","|","|move|p2a: Scrotum Sweeper|Surf|p1a: Chansey","|-damage|p1a: Chansey|145/703","|move|p1a: Chansey|Soft-Boiled|p1a: Chansey","|-heal|p1a: Chansey|497/703","|","|turn|11","|","|move|p2a: Scrotum Sweeper|Surf|p1a: Chansey","|-damage|p1a: Chansey|182/703","|move|p1a: Chansey|Soft-Boiled|p1a: Chansey","|-heal|p1a: Chansey|534/703","|","|turn|12","|","|move|p2a: Scrotum Sweeper|Surf|p1a: Chansey","|-damage|p1a: Chansey|207/703","|move|p1a: Chansey|Soft-Boiled|p1a: Chansey","|-heal|p1a: Chansey|559/703","|","|turn|13","|","|move|p2a: Scrotum Sweeper|Ice Beam|p1a: Chansey","|-damage|p1a: Chansey|332/703","|move|p1a: Chansey|Soft-Boiled|p1a: Chansey","|-heal|p1a: Chansey|684/703","|","|turn|14","|","|move|p2a: Scrotum Sweeper|Ice Beam|p1a: Chansey","|-damage|p1a: Chansey|449/703","|-status|p1a: Chansey|frz","|cant|p1a: Chansey|frz","|","|turn|15","|","|switch|p1a: Audino|Audino-Mega, F|118/409","|move|p2a: Scrotum Sweeper|Surf|p1a: Audino","|-damage|p1a: Audino|0 fnt","|faint|p1a: Audino","|","|","|switch|p1a: Chansey|Chansey, F|449/703","|turn|16","|","|move|p2a: Scrotum Sweeper|Ice Beam|p1a: Chansey","|-damage|p1a: Chansey|241/703","|move|p1a: Chansey|Soft-Boiled|p1a: Chansey","|-heal|p1a: Chansey|593/703","|","|turn|17","|","|move|p2a: Scrotum Sweeper|Ice Beam|p1a: Chansey","|-damage|p1a: Chansey|368/703","|move|p1a: Chansey|Soft-Boiled|p1a: Chansey","|-heal|p1a: Chansey|703/703","|","|turn|18","|","|move|p2a: Scrotum Sweeper|Surf|p1a: Chansey","|-damage|p1a: Chansey|388/703","|move|p1a: Chansey|Wish|p1a: Chansey","|","|turn|19","|","|move|p2a: Scrotum Sweeper|Surf|p1a: Chansey","|-damage|p1a: Chansey|51/703","|move|p1a: Chansey|Toxic|p2a: Scrotum Sweeper","|-fail|p2a: Scrotum Sweeper","|","|-heal|p1a: Chansey|402/703|[from] move: Wish|[wisher] Chansey","|turn|20","|","|move|p2a: Scrotum Sweeper|Surf|p1a: Chansey","|-damage|p1a: Chansey|80/703","|move|p1a: Chansey|Soft-Boiled|p1a: Chansey","|-heal|p1a: Chansey|432/703","|","|turn|21","|","|move|p2a: Scrotum Sweeper|Ice Beam|p1a: Chansey","|-damage|p1a: Chansey|214/703","|move|p1a: Chansey|Soft-Boiled|p1a: Chansey","|-heal|p1a: Chansey|566/703","|","|turn|22","|","|move|p2a: Scrotum Sweeper|Tail Glow|p2a: Scrotum Sweeper","|-fail|p2a: Scrotum Sweeper","|move|p1a: Chansey|Soft-Boiled|p1a: Chansey","|-heal|p1a: Chansey|703/703","|","|turn|23","|","|switch|p1a: Blissey|Blissey, F|713/713","|move|p2a: Scrotum Sweeper|Tail Glow|p2a: Scrotum Sweeper","|-fail|p2a: Scrotum Sweeper","|","|turn|24","|","|move|p2a: Scrotum Sweeper|Surf|p1a: Blissey","|-damage|p1a: Blissey|403/713","|move|p1a: Blissey|Wish|p1a: Blissey","|","|-heal|p1a: Blissey|447/713|[from] item: Leftovers","|turn|25","|","|move|p2a: Scrotum Sweeper|Surf|p1a: Blissey","|-damage|p1a: Blissey|144/713","|move|p1a: Blissey|Flamethrower|p2a: Scrotum Sweeper","|-crit|p2a: Scrotum Sweeper","|-resisted|p2a: Scrotum Sweeper","|-activate|p2a: Scrotum Sweeper|Substitute|[damage]","|","|-heal|p1a: Blissey|500/713|[from] move: Wish|[wisher] Blissey","|-heal|p1a: Blissey|544/713|[from] item: Leftovers","|turn|26","|","|move|p2a: Scrotum Sweeper|Surf|p1a: Blissey","|-damage|p1a: Blissey|220/713","|move|p1a: Blissey|Soft-Boiled|p1a: Blissey","|-heal|p1a: Blissey|577/713","|","|-heal|p1a: Blissey|621/713|[from] item: Leftovers","|turn|27","|","|move|p2a: Scrotum Sweeper|Surf|p1a: Blissey","|-crit|p1a: Blissey","|-damage|p1a: Blissey|132/713","|move|p1a: Blissey|Soft-Boiled|p1a: Blissey","|-heal|p1a: Blissey|489/713","|","|-heal|p1a: Blissey|533/713|[from] item: Leftovers","|turn|28","|","|move|p2a: Scrotum Sweeper|Tail Glow|p2a: Scrotum Sweeper","|-fail|p2a: Scrotum Sweeper","|move|p1a: Blissey|Soft-Boiled|p1a: Blissey","|-heal|p1a: Blissey|713/713","|","|turn|29","|","|move|p2a: Scrotum Sweeper|Substitute|p2a: Scrotum Sweeper","|-fail|p2a: Scrotum Sweeper|move: Substitute","|move|p1a: Blissey|Flamethrower|p2a: Scrotum Sweeper","|-resisted|p2a: Scrotum Sweeper","|-activate|p2a: Scrotum Sweeper|Substitute|[damage]","|","|turn|30","|","|move|p2a: Scrotum Sweeper|Substitute|p2a: Scrotum Sweeper","|-fail|p2a: Scrotum Sweeper|move: Substitute","|move|p1a: Blissey|Flamethrower|p2a: Scrotum Sweeper","|-resisted|p2a: Scrotum Sweeper","|-end|p2a: Scrotum Sweeper|Substitute","|","|turn|31","|","|move|p2a: Scrotum Sweeper|Substitute|p2a: Scrotum Sweeper","|-start|p2a: Scrotum Sweeper|Substitute","|-damage|p2a: Scrotum Sweeper|130/342","|move|p1a: Blissey|Flamethrower|p2a: Scrotum Sweeper","|-resisted|p2a: Scrotum Sweeper","|-activate|p2a: Scrotum Sweeper|Substitute|[damage]","|","|turn|32","|","|move|p2a: Scrotum Sweeper|Surf|p1a: Blissey","|-damage|p1a: Blissey|413/713","|move|p1a: Blissey|Flamethrower|p2a: Scrotum Sweeper","|-resisted|p2a: Scrotum Sweeper","|-activate|p2a: Scrotum Sweeper|Substitute|[damage]","|","|-heal|p1a: Blissey|457/713|[from] item: Leftovers","|turn|33","|","|move|p2a: Scrotum Sweeper|Surf|p1a: Blissey","|-damage|p1a: Blissey|160/713","|move|p1a: Blissey|Soft-Boiled|p1a: Blissey","|-heal|p1a: Blissey|517/713","|","|-heal|p1a: Blissey|561/713|[from] item: Leftovers","|turn|34","|","|move|p2a: Scrotum Sweeper|Surf|p1a: Blissey","|-damage|p1a: Blissey|231/713","|move|p1a: Blissey|Soft-Boiled|p1a: Blissey","|-heal|p1a: Blissey|588/713","|","|-heal|p1a: Blissey|632/713|[from] item: Leftovers","|turn|35","|","|move|p2a: Scrotum Sweeper|Ice Beam|p1a: Blissey","|-damage|p1a: Blissey|428/713","|move|p1a: Blissey|Soft-Boiled|p1a: Blissey","|-heal|p1a: Blissey|713/713","|","|turn|36","|","|move|p2a: Scrotum Sweeper|Ice Beam|p1a: Blissey","|-damage|p1a: Blissey|502/713","|move|p1a: Blissey|Wish|p1a: Blissey","|","|-heal|p1a: Blissey|546/713|[from] item: Leftovers","|turn|37","|","|switch|p2a: Cotton The Douche|Politoed, F, shiny|360/383 tox","|-damage|p2a: Cotton The Douche|313/383 tox|[from] Stealth Rock","|-weather|RainDance","|move|p1a: Blissey|Flamethrower|p2a: Cotton The Douche","|-resisted|p2a: Cotton The Douche","|-damage|p2a: Cotton The Douche|300/383 tox","|-enditem|p2a: Cotton The Douche|Eject Button","|","|switch|p2a: Butters The Doge|Azumarill, M, shiny|403/403","|-damage|p2a: Butters The Doge|353/403|[from] Stealth Rock","|","|-weather|RainDance|[upkeep]","|-heal|p1a: Blissey|713/713|[from] move: Wish|[wisher] Blissey","|turn|38","|","|switch|p1a: Staravia|Staravia, M|313/313","|-ability|p1a: Staravia|Intimidate","|-unboost|p2a: Butters The Doge|atk|1","|move|p2a: Butters The Doge|Knock Off|p1a: Staravia","|-damage|p1a: Staravia|277/313","|-enditem|p1a: Staravia|Eviolite|[from] move: Knock Off|[of] p2a: Butters The Doge","|","|-weather|RainDance|[upkeep]","|turn|39","|","|switch|p2a: Swagsire|Quagsire, M, shiny|331/331","|-damage|p2a: Swagsire|311/331|[from] Stealth Rock","|move|p1a: Staravia|Feather Dance|p2a: Swagsire","|-unboost|p2a: Swagsire|atk|2","|","|-weather|RainDance|[upkeep]","|-heal|p2a: Swagsire|331/331|[from] item: Leftovers","|turn|40","|","|switch|p1a: Chansey|Chansey, F|703/703","|switch|p2a: Butters The Doge|Azumarill, M, shiny|353/403","|-damage|p2a: Butters The Doge|303/403|[from] Stealth Rock","|","|-weather|RainDance|[upkeep]","|turn|41","|","|switch|p1a: Staravia|Staravia, M|277/313","|-ability|p1a: Staravia|Intimidate","|-unboost|p2a: Butters The Doge|atk|1","|move|p2a: Butters The Doge|Knock Off|p1a: Staravia","|-damage|p1a: Staravia|242/313","|","|-weather|none","|turn|42","|","|switch|p2a: Cotton The Douche|Politoed, F, shiny|300/383 tox","|-damage|p2a: Cotton The Douche|253/383 tox|[from] Stealth Rock","|-weather|RainDance","|move|p1a: Staravia|Brave Bird|p2a: Cotton The Douche","|-damage|p2a: Cotton The Douche|153/383 tox","|-damage|p1a: Staravia|209/313|[from] recoil|[of] p2a: Cotton The Douche","|","|-weather|RainDance|[upkeep]","|-damage|p2a: Cotton The Douche|130/383 tox|[from] psn","|turn|43","|","|switch|p1a: Chansey|Chansey, F|703/703","|switch|p2a: Scrotom-Wash|Rotom-Wash|304/304","|-damage|p2a: Scrotom-Wash|266/304|[from] Stealth Rock","|","|-weather|RainDance|[upkeep]","|-heal|p2a: Scrotom-Wash|285/304|[from] item: Leftovers","|turn|44","|","|switch|p1a: Blissey|Blissey, F|713/713","|move|p2a: Scrotom-Wash|Hydro Pump|p1a: Blissey","|-damage|p1a: Blissey|598/713","|","|-weather|RainDance|[upkeep]","|-heal|p2a: Scrotom-Wash|304/304|[from] item: Leftovers","|-heal|p1a: Blissey|642/713|[from] item: Leftovers","|turn|45","|","|move|p2a: Scrotom-Wash|Will-O-Wisp|p1a: Blissey","|-status|p1a: Blissey|brn","|move|p1a: Blissey|Flamethrower|p2a: Scrotom-Wash","|-resisted|p2a: Scrotom-Wash","|-damage|p2a: Scrotom-Wash|294/304","|","|-weather|RainDance|[upkeep]","|-heal|p2a: Scrotom-Wash|304/304|[from] item: Leftovers","|-heal|p1a: Blissey|686/713 brn|[from] item: Leftovers","|-damage|p1a: Blissey|597/713 brn|[from] brn","|turn|46","|","|switch|p1a: Chansey|Chansey, F|703/703","|move|p2a: Scrotom-Wash|Volt Switch|p1a: Chansey","|-damage|p1a: Chansey|649/703","|","|switch|p2a: Butters The Doge|Azumarill, M, shiny|303/403","|-damage|p2a: Butters The Doge|253/403|[from] Stealth Rock","|","|-weather|none","|turn|47","|","|switch|p1a: Staravia|Staravia, M|209/313","|-ability|p1a: Staravia|Intimidate","|-unboost|p2a: Butters The Doge|atk|1","|move|p2a: Butters The Doge|Waterfall|p1a: Staravia","|-damage|p1a: Staravia|145/313","|","|turn|48","|","|switch|p2a: Cotton The Douche|Politoed, F, shiny|130/383 tox","|-damage|p2a: Cotton The Douche|83/383 tox|[from] Stealth Rock","|-weather|RainDance","|move|p1a: Staravia|Roost|p1a: Staravia","|-heal|p1a: Staravia|302/313","|","|-weather|RainDance|[upkeep]","|-damage|p2a: Cotton The Douche|60/383 tox|[from] psn","|turn|49","|","|switch|p1a: Blissey|Blissey, F|597/713","|move|p2a: Cotton The Douche|Scald|p1a: Blissey","|-damage|p1a: Blissey|524/713","|-status|p1a: Blissey|brn","|","|-weather|RainDance|[upkeep]","|-heal|p1a: Blissey|568/713 brn|[from] item: Leftovers","|-damage|p2a: Cotton The Douche|14/383 tox|[from] psn","|-damage|p1a: Blissey|479/713 brn|[from] brn","|turn|50","|","|move|p2a: Cotton The Douche|Perish Song|p2a: Cotton The Douche","|-start|p1a: Blissey|perish3|[silent]","|-start|p2a: Cotton The Douche|perish3|[silent]","|-fieldactivate|move: Perish Song","|move|p1a: Blissey|Soft-Boiled|p1a: Blissey","|-heal|p1a: Blissey|713/713 brn","|","|-start|p2a: Cotton The Douche|perish3","|-start|p1a: Blissey|perish3","|-weather|RainDance|[upkeep]","|-damage|p2a: Cotton The Douche|0 fnt|[from] psn","|-damage|p1a: Blissey|624/713 brn|[from] brn","|faint|p2a: Cotton The Douche","|","|switch|p2a: Scrotum Sweeper|Manaphy, shiny|130/342","|-damage|p2a: Scrotum Sweeper|88/342|[from] Stealth Rock","|turn|51","|","|switch|p1a: Chansey|Chansey, F|649/703","|move|p2a: Scrotum Sweeper|Tail Glow|p2a: Scrotum Sweeper","|-boost|p2a: Scrotum Sweeper|spa|3","|","|-weather|RainDance|[upkeep]","|turn|52","|","|move|p2a: Scrotum Sweeper|Surf|p1a: Chansey","|-damage|p1a: Chansey|327/703","|move|p1a: Chansey|Wish|p1a: Chansey","|","|-weather|none","|turn|53","|","|move|p2a: Scrotum Sweeper|Surf|p1a: Chansey","|-damage|p1a: Chansey|128/703","|move|p1a: Chansey|Toxic|p2a: Scrotum Sweeper","|-status|p2a: Scrotum Sweeper|tox","|","|-heal|p1a: Chansey|479/703|[from] move: Wish|[wisher] Chansey","|-damage|p2a: Scrotum Sweeper|67/342 tox|[from] psn","|-enditem|p2a: Scrotum Sweeper|Salac Berry|[eat]","|-boost|p2a: Scrotum Sweeper|spe|1|[from] item: Salac Berry","|turn|54","|","|move|p2a: Scrotum Sweeper|Tail Glow|p2a: Scrotum Sweeper","|-boost|p2a: Scrotum Sweeper|spa|3","|move|p1a: Chansey|Soft-Boiled|p1a: Chansey","|-heal|p1a: Chansey|703/703","|","|-damage|p2a: Scrotum Sweeper|25/342 tox|[from] psn","|turn|55","|","|move|p2a: Scrotum Sweeper|Surf|p1a: Chansey","|-damage|p1a: Chansey|343/703","|move|p1a: Chansey|Soft-Boiled|p1a: Chansey","|-heal|p1a: Chansey|695/703","|","|-damage|p2a: Scrotum Sweeper|0 fnt|[from] psn","|faint|p2a: Scrotum Sweeper","|","|switch|p2a: Butters The Doge|Azumarill, M, shiny|253/403","|-damage|p2a: Butters The Doge|203/403|[from] Stealth Rock","|turn|56","|","|switch|p2a: Scrotom-Wash|Rotom-Wash|304/304","|-damage|p2a: Scrotom-Wash|266/304|[from] Stealth Rock","|switch|p1a: Staravia|Staravia, M|302/313","|-ability|p1a: Staravia|Intimidate","|-unboost|p2a: Scrotom-Wash|atk|1","|","|-heal|p2a: Scrotom-Wash|285/304|[from] item: Leftovers","|turn|57","|","|switch|p1a: Blissey|Blissey, F|624/713","|move|p2a: Scrotom-Wash|Will-O-Wisp|p1a: Blissey","|-status|p1a: Blissey|brn","|","|-heal|p2a: Scrotom-Wash|304/304|[from] item: Leftovers","|-heal|p1a: Blissey|668/713 brn|[from] item: Leftovers","|-damage|p1a: Blissey|579/713 brn|[from] brn","|turn|58","|","|switch|p2a: 2 1/2 Jaws|Sharpedo, F|281/281","|-damage|p2a: 2 1/2 Jaws|246/281|[from] Stealth Rock","|move|p1a: Blissey|Wish|p1a: Blissey","|","|-heal|p1a: Blissey|623/713 brn|[from] item: Leftovers","|-damage|p1a: Blissey|534/713 brn|[from] brn","|turn|59","|","|switch|p1a: Staraptor|Staraptor, M|373/373","|-ability|p1a: Staraptor|Intimidate","|-unboost|p2a: 2 1/2 Jaws|atk|1","|move|p2a: 2 1/2 Jaws|Protect|p2a: 2 1/2 Jaws","|-fail|p2a: 2 1/2 Jaws","|","|-boost|p2a: 2 1/2 Jaws|spe|1|[from] ability: Speed Boost","|turn|60","|","|move|p2a: 2 1/2 Jaws|Protect|p2a: 2 1/2 Jaws","|-singleturn|p2a: 2 1/2 Jaws|Protect","|move|p1a: Staraptor|Brave Bird|p2a: 2 1/2 Jaws","|-activate|p2a: 2 1/2 Jaws|Protect","|","|-boost|p2a: 2 1/2 Jaws|spe|1|[from] ability: Speed Boost","|turn|61","|","|detailschange|p2a: 2 1/2 Jaws|Sharpedo-Mega, F","|-mega|p2a: 2 1/2 Jaws|Sharpedo|Sharpedonite","|move|p2a: 2 1/2 Jaws|Ice Fang|p1a: Staraptor","|-supereffective|p1a: Staraptor","|-damage|p1a: Staraptor|219/373","|move|p1a: Staraptor|Feather Dance|p2a: 2 1/2 Jaws","|-unboost|p2a: 2 1/2 Jaws|atk|2","|","|-heal|p1a: Staraptor|242/373|[from] item: Leftovers","|turn|62","|","|switch|p2a: Swagsire|Quagsire, M, shiny|331/331","|-damage|p2a: Swagsire|311/331|[from] Stealth Rock","|move|p1a: Staraptor|Roost|p1a: Staraptor","|-heal|p1a: Staraptor|373/373","|","|-heal|p2a: Swagsire|331/331|[from] item: Leftovers","|turn|63","|","|switch|p1a: Blissey|Blissey, F|534/713","|move|p2a: Swagsire|Stockpile|p2a: Swagsire","|-start|p2a: Swagsire|stockpile1","|-boost|p2a: Swagsire|def|1","|-boost|p2a: Swagsire|spd|1","|","|-heal|p1a: Blissey|578/713|[from] item: Leftovers","|turn|64","|","|switch|p1a: Chansey|Chansey, F|695/703","|move|p2a: Swagsire|Waterfall|p1a: Chansey","|-damage|p1a: Chansey|590/703","|","|turn|65","|","|move|p1a: Chansey|Toxic|p2a: Swagsire","|-status|p2a: Swagsire|tox","|move|p2a: Swagsire|Stockpile|p2a: Swagsire","|-start|p2a: Swagsire|stockpile2","|-boost|p2a: Swagsire|def|1","|-boost|p2a: Swagsire|spd|1","|","|-damage|p2a: Swagsire|311/331 tox|[from] psn","|turn|66","|","|switch|p1a: Blissey|Blissey, F|578/713","|move|p2a: Swagsire|Earthquake|p1a: Blissey","|-damage|p1a: Blissey|187/713","|","|-heal|p1a: Blissey|231/713|[from] item: Leftovers","|-heal|p2a: Swagsire|331/331 tox|[from] item: Leftovers","|-damage|p2a: Swagsire|291/331 tox|[from] psn","|turn|67","|","|switch|p1a: Staravia|Staravia, M|302/313","|-ability|p1a: Staravia|Intimidate","|-unboost|p2a: Swagsire|atk|1","|move|p2a: Swagsire|Waterfall|p1a: Staravia","|-damage|p1a: Staravia|241/313","|","|-heal|p2a: Swagsire|311/331 tox|[from] item: Leftovers","|-damage|p2a: Swagsire|251/331 tox|[from] psn","|turn|68","|","|switch|p1a: Chansey|Chansey, F|590/703","|switch|p2a: Scrotom-Wash|Rotom-Wash|304/304","|-damage|p2a: Scrotom-Wash|266/304|[from] Stealth Rock","|","|-heal|p2a: Scrotom-Wash|285/304|[from] item: Leftovers","|turn|69","|","|move|p2a: Scrotom-Wash|Will-O-Wisp|p1a: Chansey","|-status|p1a: Chansey|brn","|move|p1a: Chansey|Wish|p1a: Chansey","|","|-heal|p2a: Scrotom-Wash|304/304|[from] item: Leftovers","|-damage|p1a: Chansey|503/703 brn|[from] brn","|turn|70","|","|move|p2a: Scrotom-Wash|Hydro Pump|p1a: Chansey","|-damage|p1a: Chansey|424/703 brn","|move|p1a: Chansey|Toxic|p2a: Scrotom-Wash","|-status|p2a: Scrotom-Wash|tox","|","|-heal|p1a: Chansey|703/703 brn|[from] move: Wish|[wisher] Chansey","|-damage|p2a: Scrotom-Wash|285/304 tox|[from] psn","|-damage|p1a: Chansey|616/703 brn|[from] brn","|turn|71","|","|move|p2a: Scrotom-Wash|Volt Switch|p1a: Chansey","|-damage|p1a: Chansey|558/703 brn","|","|switch|p2a: Butters The Doge|Azumarill, M, shiny|203/403","|-damage|p2a: Butters The Doge|153/403|[from] Stealth Rock","|move|p1a: Chansey|Wish|p1a: Chansey","|","|-damage|p1a: Chansey|471/703 brn|[from] brn","|turn|72","|","|switch|p1a: Staravia|Staravia, M|241/313","|-ability|p1a: Staravia|Intimidate","|-unboost|p2a: Butters The Doge|atk|1","|move|p2a: Butters The Doge|Superpower|p1a: Staravia","|-damage|p1a: Staravia|179/313","|-unboost|p2a: Butters The Doge|atk|1","|-unboost|p2a: Butters The Doge|def|1","|","|-heal|p1a: Staravia|313/313|[from] move: Wish|[wisher] Chansey","|turn|73","|","|switch|p2a: Swagsire|Quagsire, M, shiny|251/331 tox","|-damage|p2a: Swagsire|231/331 tox|[from] Stealth Rock","|move|p1a: Staravia|Brave Bird|p2a: Swagsire","|-damage|p2a: Swagsire|98/331 tox","|-damage|p1a: Staravia|269/313|[from] recoil|[of] p2a: Swagsire","|","|-heal|p2a: Swagsire|118/331 tox|[from] item: Leftovers","|-damage|p2a: Swagsire|98/331 tox|[from] psn","|turn|74","|","|move|p1a: Staravia|Brave Bird|p2a: Swagsire","|-damage|p2a: Swagsire|0 fnt","|-damage|p1a: Staravia|237/313|[from] recoil|[of] p2a: Swagsire","|faint|p2a: Swagsire","|","|","|win|WildAlt"],"p1rating":{"entryid":"5790887","serverid":"eos","formatid":"monotype","userid":"wildalt","username":"WildAlt","w":27,"l":"22","t":"0","gxe":56.4,"r":"1553.9382041523","rd":"60.04617756566","sigma":"0","rptime":"1438938000","rpr":1548.8343884144,"rprd":58.489202951166,"rpsigma":"0","acre":1155.007808704,"lacre":1155.007808704,"oldacre":"1134.6530571292"},"p2rating":{"entryid":"6867552","serverid":"eos","formatid":"monotype","userid":"sovereigncactus","username":"Sovereign♕Cactus","w":"98","l":119,"t":"0","gxe":44.9,"r":1462.8206280308,"rd":25,"sigma":"0","rptime":1438938000,"rpr":1461.5051194209,"rprd":25,"rpsigma":"0","acre":1052.7273751592,"lacre":1052.7273751592,"oldacre":"1069.337342019"},"endType":"forfeit"}