{"seed":[22907,4975,16130,29485],"turns":81,"p1":"LTIL-Tahit","p2":"IV What","p1team":[{"name":"Aegi","species":"aegislash","item":"weaknesspolicy","ability":"Stance Change","moves":["kingsshield","shadowball","sacredsword","shadowsneak"],"nature":"Quiet","evs":{"hp":252,"atk":0,"def":0,"spa":252,"spd":4,"spe":0},"ivs":{"hp":31,"atk":31,"def":31,"spa":31,"spd":31,"spe":0}},{"name":"Hoopa","species":"Hoopa","item":"lifeorb","ability":"Magician","moves":["trickroom","psychic","shadowball","focusblast"],"nature":"Quiet","evs":{"hp":252,"atk":0,"def":4,"spa":252,"spd":0,"spe":0},"ivs":{"hp":31,"atk":31,"def":31,"spa":31,"spd":31,"spe":31}},{"name":"Treve","species":"trevenant","item":"sitrusberry","ability":"Harvest","moves":["substitute","leechseed","willowisp","rockslide"],"nature":"Impish","evs":{"hp":252,"atk":0,"def":148,"spa":0,"spd":108,"spe":0},"ivs":{"hp":31,"atk":31,"def":31,"spa":31,"spd":31,"spe":31}},{"name":"Sableye","species":"Sableye","item":"sablenite","ability":"Prankster","moves":["calmmind","willowisp","recover","dazzlinggleam"],"nature":"Calm","evs":{"hp":0,"atk":0,"def":248,"spa":0,"spd":252,"spe":8},"ivs":{"hp":31,"atk":31,"def":31,"spa":31,"spd":31,"spe":31}},{"name":"G-S","species":"gourgeistsuper","item":"leftovers","ability":"Frisk","moves":["flamecharge","willowisp","leechseed","painsplit"],"nature":"Careful","evs":{"hp":252,"atk":0,"def":252,"spa":0,"spd":4,"spe":0},"ivs":{"hp":31,"atk":31,"def":31,"spa":31,"spd":31,"spe":31}},{"name":"Cofagrigus","species":"Cofagrigus","item":"custapberry","ability":"Mummy","moves":["destinybond","disable","endure","infestation"],"nature":"Bold","evs":{"hp":252,"atk":0,"def":4,"spa":0,"spd":252,"spe":0},"ivs":{"hp":31,"atk":31,"def":31,"spa":31,"spd":31,"spe":31}}],"p2team":[{"name":"Magnezone","species":"Magnezone","item":"choicescarf","ability":"Sturdy","moves":["flashcannon","voltswitch","hiddenpowerice","triattack"],"nature":"Timid","evs":{"hp":0,"atk":0,"def":0,"spa":252,"spd":4,"spe":252},"ivs":{"hp":31,"atk":30,"def":30,"spa":31,"spd":31,"spe":31}},{"name":"Rotom-Wash","species":"Rotom-Wash","item":"choicescarf","ability":"Levitate","moves":["willowisp","hydropump","voltswitch","trick"],"nature":"Timid","evs":{"hp":4,"atk":0,"def":0,"spa":252,"spd":0,"spe":252},"ivs":{"hp":31,"atk":31,"def":31,"spa":31,"spd":31,"spe":31}},{"name":"Thundurus","species":"Thundurus","item":"lifeorb","ability":"Prankster","moves":["taunt","knockoff","superpower","voltswitch"],"nature":"Jolly","evs":{"hp":0,"atk":252,"def":0,"spa":0,"spd":4,"spe":252},"ivs":{"hp":31,"atk":31,"def":31,"spa":31,"spd":31,"spe":31}},{"name":"Manectric","species":"Manectric","item":"manectite","ability":"Static","moves":["voltswitch","hiddenpowerice","overheat","thunderbolt"],"nature":"Timid","evs":{"hp":0,"atk":0,"def":0,"spa":252,"spd":4,"spe":252},"ivs":{"hp":31,"atk":30,"def":30,"spa":31,"spd":31,"spe":31}},{"name":"Zapdos","species":"Zapdos","item":"leftovers","ability":"Pressure","moves":["defog","roost","toxic","discharge"],"nature":"Calm","evs":{"hp":252,"atk":0,"def":0,"spa":4,"spd":252,"spe":0},"ivs":{"hp":31,"atk":31,"def":31,"spa":31,"spd":31,"spe":31}},{"name":"Electivire","species":"Electivire","item":"choicescarf","ability":"Vital Spirit","moves":["wildcharge","crosschop","earthquake","icepunch"],"nature":"Jolly","evs":{"hp":0,"atk":252,"def":0,"spa":0,"spd":4,"spe":252},"ivs":{"hp":31,"atk":31,"def":31,"spa":31,"spd":31,"spe":31}}],"log":["|player|p1|LTIL-Tahit|169","|player|p2|IV What|201","|gametype|singles","|gen|6","|tier|Monotype","|rated","|rule|Baton Pass Clause: Limit one Baton Passer, can't pass Spe and other stats simultaneously","|rule|Swagger Clause: Swagger is banned","|rule|Same Type Clause: Pokémon in a team must share a type","|clearpoke","|poke|p1|Aegislash, M","|poke|p1|Hoopa","|poke|p1|Trevenant, M","|poke|p1|Sableye, M","|poke|p1|Gourgeist-*, F","|poke|p1|Cofagrigus, M","|poke|p2|Magnezone","|poke|p2|Rotom-Wash","|poke|p2|Thundurus, M","|poke|p2|Manectric, M","|poke|p2|Zapdos","|poke|p2|Electivire, F","|rule|Sleep Clause Mod: Limit one foe put to sleep","|rule|Species Clause: Limit one of each Pokémon","|rule|OHKO Clause: OHKO moves are banned","|rule|Moody Clause: Moody is banned","|rule|Evasion Moves Clause: Evasion moves are banned","|rule|Endless Battle Clause: Forcing endless battles is banned","|rule|HP Percentage Mod: HP is shown in percentages","|teampreview","|","|start","|switch|p1a: G-S|Gourgeist-Super, F|374/374","|switch|p2a: Rotom-Wash|Rotom-Wash|242/242","|-item|p2a: Rotom-Wash|Choice Scarf|[from] ability: Frisk|[of] p1a: G-S|[identify]","|turn|1","|","|move|p2a: Rotom-Wash|Trick|p1a: G-S","|-activate|p2a: Rotom-Wash|move: Trick|[of] p1a: G-S","|-item|p1a: G-S|Choice Scarf|[from] move: Trick","|-item|p2a: Rotom-Wash|Leftovers|[from] move: Trick","|move|p1a: G-S|Will-O-Wisp|p2a: Rotom-Wash|[miss]","|-miss|p1a: G-S|p2a: Rotom-Wash","|","|turn|2","|","|move|p2a: Rotom-Wash|Will-O-Wisp|p1a: G-S","|-status|p1a: G-S|brn","|move|p1a: G-S|Will-O-Wisp|p2a: Rotom-Wash","|-status|p2a: Rotom-Wash|brn","|","|-damage|p2a: Rotom-Wash|212/242 brn|[from] brn","|-damage|p1a: G-S|328/374 brn|[from] brn","|turn|3","|","|switch|p1a: Hoopa|Hoopa|364/364","|move|p2a: Rotom-Wash|Hydro Pump|p1a: Hoopa|[miss]","|-miss|p2a: Rotom-Wash|p1a: Hoopa","|","|-heal|p2a: Rotom-Wash|227/242 brn|[from] item: Leftovers","|-damage|p2a: Rotom-Wash|197/242 brn|[from] brn","|turn|4","|","|move|p2a: Rotom-Wash|Volt Switch|p1a: Hoopa","|-damage|p1a: Hoopa|283/364","|","|switch|p2a: Zapdos|Zapdos|384/384","|-ability|p2a: Zapdos|Pressure","|move|p1a: Hoopa|Trick Room|p1a: Hoopa","|-fieldstart|move: Trick Room|[of] p1a: Hoopa","|","|turn|5","|","|move|p1a: Hoopa|Psychic|p2a: Zapdos","|-damage|p2a: Zapdos|196/384","|-damage|p1a: Hoopa|247/364|[from] item: Life Orb","|move|p2a: Zapdos|Toxic|p1a: Hoopa","|-status|p1a: Hoopa|tox","|","|-heal|p2a: Zapdos|220/384|[from] item: Leftovers","|-damage|p1a: Hoopa|225/364 tox|[from] psn","|turn|6","|","|move|p1a: Hoopa|Psychic|p2a: Zapdos","|-damage|p2a: Zapdos|25/384","|-damage|p1a: Hoopa|189/364 tox|[from] item: Life Orb","|move|p2a: Zapdos|Roost|p2a: Zapdos","|-heal|p2a: Zapdos|217/384","|","|-heal|p2a: Zapdos|241/384|[from] item: Leftovers","|-damage|p1a: Hoopa|145/364 tox|[from] psn","|turn|7","|","|move|p1a: Hoopa|Psychic|p2a: Zapdos","|-damage|p2a: Zapdos|37/384","|-damage|p1a: Hoopa|109/364 tox|[from] item: Life Orb","|move|p2a: Zapdos|Roost|p2a: Zapdos","|-heal|p2a: Zapdos|229/384","|","|-heal|p2a: Zapdos|253/384|[from] item: Leftovers","|-damage|p1a: Hoopa|43/364 tox|[from] psn","|turn|8","|","|move|p1a: Hoopa|Psychic|p2a: Zapdos","|-damage|p2a: Zapdos|45/384","|-damage|p1a: Hoopa|7/364 tox|[from] item: Life Orb","|move|p2a: Zapdos|Roost|p2a: Zapdos","|-heal|p2a: Zapdos|237/384","|","|-heal|p2a: Zapdos|261/384|[from] item: Leftovers","|-damage|p1a: Hoopa|0 fnt|[from] psn","|-fieldend|move: Trick Room","|faint|p1a: Hoopa","|","|switch|p1a: G-S|Gourgeist-Super, F|328/374 brn","|-item|p2a: Zapdos|Leftovers|[from] ability: Frisk|[of] p1a: G-S|[identify]","|turn|9","|","|switch|p2a: Rotom-Wash|Rotom-Wash|197/242 brn","|move|p1a: G-S|Will-O-Wisp|p2a: Rotom-Wash","|-fail|p2a: Rotom-Wash|brn","|","|-heal|p2a: Rotom-Wash|212/242 brn|[from] item: Leftovers","|-damage|p2a: Rotom-Wash|182/242 brn|[from] brn","|-damage|p1a: G-S|282/374 brn|[from] brn","|turn|10","|","|move|p2a: Rotom-Wash|Will-O-Wisp|p1a: G-S","|-fail|p1a: G-S|brn","|move|p1a: G-S|Will-O-Wisp|p2a: Rotom-Wash","|-fail|p2a: Rotom-Wash|brn","|","|-heal|p2a: Rotom-Wash|197/242 brn|[from] item: Leftovers","|-damage|p2a: Rotom-Wash|167/242 brn|[from] brn","|-damage|p1a: G-S|236/374 brn|[from] brn","|turn|11","|","|move|p2a: Rotom-Wash|Hydro Pump|p1a: G-S","|-resisted|p1a: G-S","|-damage|p1a: G-S|145/374 brn","|move|p1a: G-S|Will-O-Wisp|p2a: Rotom-Wash","|-fail|p2a: Rotom-Wash|brn","|","|-heal|p2a: Rotom-Wash|182/242 brn|[from] item: Leftovers","|-damage|p2a: Rotom-Wash|152/242 brn|[from] brn","|-damage|p1a: G-S|99/374 brn|[from] brn","|turn|12","|","|switch|p1a: Sableye|Sableye, M|241/241","|move|p2a: Rotom-Wash|Will-O-Wisp|p1a: Sableye|[miss]","|-miss|p2a: Rotom-Wash|p1a: Sableye","|","|-heal|p2a: Rotom-Wash|167/242 brn|[from] item: Leftovers","|-damage|p2a: Rotom-Wash|137/242 brn|[from] brn","|turn|13","|","|detailschange|p1a: Sableye|Sableye-Mega, M","|-mega|p1a: Sableye|Sableye|Sablenite","|move|p1a: Sableye|Calm Mind|p1a: Sableye","|-boost|p1a: Sableye|spa|1","|-boost|p1a: Sableye|spd|1","|move|p2a: Rotom-Wash|Hydro Pump|p1a: Sableye","|-damage|p1a: Sableye|163/241","|","|-heal|p2a: Rotom-Wash|152/242 brn|[from] item: Leftovers","|-damage|p2a: Rotom-Wash|122/242 brn|[from] brn","|turn|14","|","|move|p2a: Rotom-Wash|Volt Switch|p1a: Sableye","|-damage|p1a: Sableye|118/241","|","|switch|p2a: Manectric|Manectric, M|281/281","|move|p1a: Sableye|Calm Mind|p1a: Sableye","|-boost|p1a: Sableye|spa|1","|-boost|p1a: Sableye|spd|1","|","|turn|15","|","|detailschange|p2a: Manectric|Manectric-Mega, M","|-mega|p2a: Manectric|Manectric|Manectite","|-ability|p2a: Manectric|Intimidate","|-unboost|p1a: Sableye|atk|1","|move|p2a: Manectric|Volt Switch|p1a: Sableye","|-damage|p1a: Sableye|78/241","|","|switch|p2a: Rotom-Wash|Rotom-Wash|122/242 brn","|move|p1a: Sableye|Recover|p1a: Sableye","|-heal|p1a: Sableye|199/241","|","|-heal|p2a: Rotom-Wash|137/242 brn|[from] item: Leftovers","|-damage|p2a: Rotom-Wash|107/242 brn|[from] brn","|turn|16","|","|move|p2a: Rotom-Wash|Hydro Pump|p1a: Sableye","|-damage|p1a: Sableye|142/241","|move|p1a: Sableye|Dazzling Gleam|p2a: Rotom-Wash","|-damage|p2a: Rotom-Wash|3/242 brn","|","|-heal|p2a: Rotom-Wash|18/242 brn|[from] item: Leftovers","|-damage|p2a: Rotom-Wash|0 fnt|[from] brn","|faint|p2a: Rotom-Wash","|","|switch|p2a: Magnezone|Magnezone|281/281","|turn|17","|","|move|p2a: Magnezone|Tri Attack|p1a: Sableye","|-immune|p1a: Sableye|[msg]","|move|p1a: Sableye|Recover|p1a: Sableye","|-heal|p1a: Sableye|241/241","|","|turn|18","|","|switch|p2a: Zapdos|Zapdos|261/384","|-ability|p2a: Zapdos|Pressure","|move|p1a: Sableye|Recover|p1a: Sableye","|-fail|p1a: Sableye","|","|-heal|p2a: Zapdos|285/384|[from] item: Leftovers","|turn|19","|","|switch|p2a: Magnezone|Magnezone|281/281","|move|p1a: Sableye|Will-O-Wisp|p2a: Magnezone","|-status|p2a: Magnezone|brn","|","|-damage|p2a: Magnezone|246/281 brn|[from] brn","|turn|20","|","|move|p2a: Magnezone|Volt Switch|p1a: Sableye","|-damage|p1a: Sableye|199/241","|","|switch|p2a: Zapdos|Zapdos|285/384","|-ability|p2a: Zapdos|Pressure","|move|p1a: Sableye|Calm Mind|p1a: Sableye","|-boost|p1a: Sableye|spa|1","|-boost|p1a: Sableye|spd|1","|","|-heal|p2a: Zapdos|309/384|[from] item: Leftovers","|turn|21","|","|switch|p2a: Magnezone|Magnezone|246/281 brn","|move|p1a: Sableye|Dazzling Gleam|p2a: Magnezone","|-resisted|p2a: Magnezone","|-damage|p2a: Magnezone|178/281 brn","|","|-damage|p2a: Magnezone|143/281 brn|[from] brn","|turn|22","|","|move|p2a: Magnezone|Flash Cannon|p1a: Sableye","|-damage|p1a: Sableye|162/241","|move|p1a: Sableye|Calm Mind|p1a: Sableye","|-boost|p1a: Sableye|spa|1","|-boost|p1a: Sableye|spd|1","|","|-damage|p2a: Magnezone|108/281 brn|[from] brn","|turn|23","|","|move|p2a: Magnezone|Flash Cannon|p1a: Sableye","|-damage|p1a: Sableye|129/241","|move|p1a: Sableye|Recover|p1a: Sableye","|-heal|p1a: Sableye|241/241","|","|-damage|p2a: Magnezone|73/281 brn|[from] brn","|turn|24","|","|move|p2a: Magnezone|Flash Cannon|p1a: Sableye","|-damage|p1a: Sableye|210/241","|move|p1a: Sableye|Will-O-Wisp|p2a: Magnezone|[miss]","|-miss|p1a: Sableye|p2a: Magnezone","|","|-damage|p2a: Magnezone|38/281 brn|[from] brn","|turn|25","|","|move|p2a: Magnezone|Flash Cannon|p1a: Sableye","|-crit|p1a: Sableye","|-damage|p1a: Sableye|81/241","|move|p1a: Sableye|Calm Mind|p1a: Sableye","|-boost|p1a: Sableye|spa|1","|-boost|p1a: Sableye|spd|1","|","|-damage|p2a: Magnezone|3/281 brn|[from] brn","|turn|26","|","|move|p2a: Magnezone|Flash Cannon|p1a: Sableye","|-damage|p1a: Sableye|53/241","|move|p1a: Sableye|Recover|p1a: Sableye","|-heal|p1a: Sableye|174/241","|","|-damage|p2a: Magnezone|0 fnt|[from] brn","|faint|p2a: Magnezone","|","|switch|p2a: Zapdos|Zapdos|309/384","|-ability|p2a: Zapdos|Pressure","|turn|27","|","|move|p2a: Zapdos|Discharge|p1a: Sableye","|-damage|p1a: Sableye|152/241","|move|p1a: Sableye|Will-O-Wisp|p2a: Zapdos","|-status|p2a: Zapdos|brn","|","|-heal|p2a: Zapdos|333/384 brn|[from] item: Leftovers","|-damage|p2a: Zapdos|285/384 brn|[from] brn","|turn|28","|","|move|p2a: Zapdos|Discharge|p1a: Sableye","|-damage|p1a: Sableye|131/241","|-status|p1a: Sableye|par","|move|p1a: Sableye|Recover|p1a: Sableye","|-heal|p1a: Sableye|241/241 par","|","|-heal|p2a: Zapdos|309/384 brn|[from] item: Leftovers","|-damage|p2a: Zapdos|261/384 brn|[from] brn","|turn|29","|","|move|p2a: Zapdos|Roost|p2a: Zapdos","|-heal|p2a: Zapdos|384/384 brn","|move|p1a: Sableye|Calm Mind|p1a: Sableye","|-boost|p1a: Sableye|spa|1","|-boost|p1a: Sableye|spd|1","|","|-damage|p2a: Zapdos|336/384 brn|[from] brn","|turn|30","|","|move|p2a: Zapdos|Roost|p2a: Zapdos","|-heal|p2a: Zapdos|384/384 brn","|cant|p1a: Sableye|par","|","|-damage|p2a: Zapdos|336/384 brn|[from] brn","|turn|31","|","|move|p2a: Zapdos|Discharge|p1a: Sableye","|-damage|p1a: Sableye|222/241 par","|cant|p1a: Sableye|par","|","|-heal|p2a: Zapdos|360/384 brn|[from] item: Leftovers","|-damage|p2a: Zapdos|312/384 brn|[from] brn","|turn|32","|","|move|p2a: Zapdos|Discharge|p1a: Sableye","|-damage|p1a: Sableye|201/241 par","|move|p1a: Sableye|Dazzling Gleam|p2a: Zapdos","|-damage|p2a: Zapdos|141/384 brn","|","|-heal|p2a: Zapdos|165/384 brn|[from] item: Leftovers","|-damage|p2a: Zapdos|117/384 brn|[from] brn","|turn|33","|","|move|p2a: Zapdos|Roost|p2a: Zapdos","|-heal|p2a: Zapdos|309/384 brn","|move|p1a: Sableye|Dazzling Gleam|p2a: Zapdos","|-damage|p2a: Zapdos|153/384 brn","|","|-heal|p2a: Zapdos|177/384 brn|[from] item: Leftovers","|-damage|p2a: Zapdos|129/384 brn|[from] brn","|turn|34","|","|move|p2a: Zapdos|Roost|p2a: Zapdos","|-heal|p2a: Zapdos|321/384 brn","|cant|p1a: Sableye|par","|","|-heal|p2a: Zapdos|345/384 brn|[from] item: Leftovers","|-damage|p2a: Zapdos|297/384 brn|[from] brn","|turn|35","|","|move|p2a: Zapdos|Discharge|p1a: Sableye","|-damage|p1a: Sableye|180/241 par","|move|p1a: Sableye|Dazzling Gleam|p2a: Zapdos","|-damage|p2a: Zapdos|143/384 brn","|","|-heal|p2a: Zapdos|167/384 brn|[from] item: Leftovers","|-damage|p2a: Zapdos|119/384 brn|[from] brn","|turn|36","|","|move|p2a: Zapdos|Roost|p2a: Zapdos","|-heal|p2a: Zapdos|311/384 brn","|move|p1a: Sableye|Dazzling Gleam|p2a: Zapdos","|-crit|p2a: Zapdos","|-damage|p2a: Zapdos|58/384 brn","|","|-heal|p2a: Zapdos|82/384 brn|[from] item: Leftovers","|-damage|p2a: Zapdos|34/384 brn|[from] brn","|turn|37","|","|move|p2a: Zapdos|Roost|p2a: Zapdos","|-heal|p2a: Zapdos|226/384 brn","|move|p1a: Sableye|Dazzling Gleam|p2a: Zapdos","|-damage|p2a: Zapdos|44/384 brn","|","|-heal|p2a: Zapdos|68/384 brn|[from] item: Leftovers","|-damage|p2a: Zapdos|20/384 brn|[from] brn","|turn|38","|","|move|p2a: Zapdos|Roost|p2a: Zapdos","|-heal|p2a: Zapdos|212/384 brn","|move|p1a: Sableye|Dazzling Gleam|p2a: Zapdos","|-damage|p2a: Zapdos|49/384 brn","|","|-heal|p2a: Zapdos|73/384 brn|[from] item: Leftovers","|-damage|p2a: Zapdos|25/384 brn|[from] brn","|turn|39","|","|move|p2a: Zapdos|Roost|p2a: Zapdos","|-heal|p2a: Zapdos|217/384 brn","|move|p1a: Sableye|Dazzling Gleam|p2a: Zapdos","|-damage|p2a: Zapdos|46/384 brn","|","|-heal|p2a: Zapdos|70/384 brn|[from] item: Leftovers","|-damage|p2a: Zapdos|22/384 brn|[from] brn","|turn|40","|","|move|p2a: Zapdos|Roost|p2a: Zapdos","|-heal|p2a: Zapdos|214/384 brn","|move|p1a: Sableye|Recover|p1a: Sableye","|-heal|p1a: Sableye|241/241 par","|","|-heal|p2a: Zapdos|238/384 brn|[from] item: Leftovers","|-damage|p2a: Zapdos|190/384 brn|[from] brn","|turn|41","|","|move|p2a: Zapdos|Roost|p2a: Zapdos","|-heal|p2a: Zapdos|382/384 brn","|move|p1a: Sableye|Calm Mind|p1a: Sableye","|-fail|p1a: Sableye","|","|-heal|p2a: Zapdos|384/384 brn|[from] item: Leftovers","|-damage|p2a: Zapdos|336/384 brn|[from] brn","|turn|42","|","|switch|p2a: Thundurus|Thundurus, M|299/299","|move|p1a: Sableye|Calm Mind|p1a: Sableye","|-fail|p1a: Sableye","|","|turn|43","|","|switch|p2a: Zapdos|Zapdos|336/384 brn","|-ability|p2a: Zapdos|Pressure","|move|p1a: Sableye|Will-O-Wisp|p2a: Zapdos","|-fail|p2a: Zapdos|brn","|","|-heal|p2a: Zapdos|360/384 brn|[from] item: Leftovers","|-damage|p2a: Zapdos|312/384 brn|[from] brn","|turn|44","|","|move|p2a: Zapdos|Discharge|p1a: Sableye","|-damage|p1a: Sableye|220/241 par","|cant|p1a: Sableye|par","|","|-heal|p2a: Zapdos|336/384 brn|[from] item: Leftovers","|-damage|p2a: Zapdos|288/384 brn|[from] brn","|turn|45","|","|move|p2a: Zapdos|Discharge|p1a: Sableye","|-damage|p1a: Sableye|199/241 par","|move|p1a: Sableye|Calm Mind|p1a: Sableye","|-fail|p1a: Sableye","|","|-heal|p2a: Zapdos|312/384 brn|[from] item: Leftovers","|-damage|p2a: Zapdos|264/384 brn|[from] brn","|turn|46","|","|move|p2a: Zapdos|Discharge|p1a: Sableye","|-damage|p1a: Sableye|178/241 par","|move|p1a: Sableye|Calm Mind|p1a: Sableye","|-fail|p1a: Sableye","|","|-heal|p2a: Zapdos|288/384 brn|[from] item: Leftovers","|-damage|p2a: Zapdos|240/384 brn|[from] brn","|turn|47","|","|move|p2a: Zapdos|Discharge|p1a: Sableye","|-damage|p1a: Sableye|159/241 par","|cant|p1a: Sableye|par","|","|-heal|p2a: Zapdos|264/384 brn|[from] item: Leftovers","|-damage|p2a: Zapdos|216/384 brn|[from] brn","|turn|48","|","|move|p2a: Zapdos|Discharge|p1a: Sableye","|-damage|p1a: Sableye|140/241 par","|move|p1a: Sableye|Calm Mind|p1a: Sableye","|-fail|p1a: Sableye","|","|-heal|p2a: Zapdos|240/384 brn|[from] item: Leftovers","|-damage|p2a: Zapdos|192/384 brn|[from] brn","|turn|49","|","|switch|p2a: Thundurus|Thundurus, M|299/299","|move|p1a: Sableye|Recover|p1a: Sableye","|-heal|p1a: Sableye|241/241 par","|","|turn|50","|","|move|p2a: Thundurus|Volt Switch|p1a: Sableye","|-damage|p1a: Sableye|222/241 par","|-damage|p2a: Thundurus|270/299|[from] item: Life Orb","|","|switch|p2a: Zapdos|Zapdos|192/384 brn","|-ability|p2a: Zapdos|Pressure","|move|p1a: Sableye|Calm Mind|p1a: Sableye","|-fail|p1a: Sableye","|","|-heal|p2a: Zapdos|216/384 brn|[from] item: Leftovers","|-damage|p2a: Zapdos|168/384 brn|[from] brn","|turn|51","|","|move|p2a: Zapdos|Roost|p2a: Zapdos","|-heal|p2a: Zapdos|360/384 brn","|move|p1a: Sableye|Calm Mind|p1a: Sableye","|-fail|p1a: Sableye","|","|-heal|p2a: Zapdos|384/384 brn|[from] item: Leftovers","|-damage|p2a: Zapdos|336/384 brn|[from] brn","|turn|52","|","|move|p2a: Zapdos|Toxic|p1a: Sableye","|move|p1a: Sableye|Toxic|p2a: Zapdos|[from]Magic Bounce","|-fail|p2a: Zapdos","|move|p1a: Sableye|Calm Mind|p1a: Sableye","|-fail|p1a: Sableye","|","|-heal|p2a: Zapdos|360/384 brn|[from] item: Leftovers","|-damage|p2a: Zapdos|312/384 brn|[from] brn","|turn|53","|","|move|p2a: Zapdos|Toxic|p1a: Sableye","|move|p1a: Sableye|Toxic|p2a: Zapdos|[from]Magic Bounce","|-fail|p2a: Zapdos","|move|p1a: Sableye|Calm Mind|p1a: Sableye","|-fail|p1a: Sableye","|","|-heal|p2a: Zapdos|336/384 brn|[from] item: Leftovers","|-damage|p2a: Zapdos|288/384 brn|[from] brn","|turn|54","|","|move|p2a: Zapdos|Toxic|p1a: Sableye","|move|p1a: Sableye|Toxic|p2a: Zapdos|[from]Magic Bounce","|-fail|p2a: Zapdos","|move|p1a: Sableye|Calm Mind|p1a: Sableye","|-fail|p1a: Sableye","|","|-heal|p2a: Zapdos|312/384 brn|[from] item: Leftovers","|-damage|p2a: Zapdos|264/384 brn|[from] brn","|turn|55","|","|move|p2a: Zapdos|Discharge|p1a: Sableye","|-damage|p1a: Sableye|201/241 par","|move|p1a: Sableye|Will-O-Wisp|p2a: Zapdos","|-fail|p2a: Zapdos|brn","|","|-heal|p2a: Zapdos|288/384 brn|[from] item: Leftovers","|-damage|p2a: Zapdos|240/384 brn|[from] brn","|turn|56","|","|move|p2a: Zapdos|Discharge|p1a: Sableye","|-damage|p1a: Sableye|182/241 par","|cant|p1a: Sableye|par","|","|-heal|p2a: Zapdos|264/384 brn|[from] item: Leftovers","|-damage|p2a: Zapdos|216/384 brn|[from] brn","|turn|57","|","|move|p2a: Zapdos|Discharge|p1a: Sableye","|-damage|p1a: Sableye|163/241 par","|move|p1a: Sableye|Calm Mind|p1a: Sableye","|-fail|p1a: Sableye","|","|-heal|p2a: Zapdos|240/384 brn|[from] item: Leftovers","|-damage|p2a: Zapdos|192/384 brn|[from] brn","|turn|58","|","|move|p2a: Zapdos|Discharge|p1a: Sableye","|-damage|p1a: Sableye|142/241 par","|cant|p1a: Sableye|par","|","|-heal|p2a: Zapdos|216/384 brn|[from] item: Leftovers","|-damage|p2a: Zapdos|168/384 brn|[from] brn","|turn|59","|","|move|p2a: Zapdos|Discharge|p1a: Sableye","|-damage|p1a: Sableye|123/241 par","|move|p1a: Sableye|Recover|p1a: Sableye","|-heal|p1a: Sableye|241/241 par","|","|-heal|p2a: Zapdos|192/384 brn|[from] item: Leftovers","|-damage|p2a: Zapdos|144/384 brn|[from] brn","|turn|60","|","|move|p2a: Zapdos|Roost|p2a: Zapdos","|-heal|p2a: Zapdos|336/384 brn","|move|p1a: Sableye|Calm Mind|p1a: Sableye","|-fail|p1a: Sableye","|","|-heal|p2a: Zapdos|360/384 brn|[from] item: Leftovers","|-damage|p2a: Zapdos|312/384 brn|[from] brn","|turn|61","|","|move|p2a: Zapdos|Discharge|p1a: Sableye","|-damage|p1a: Sableye|222/241 par","|move|p1a: Sableye|Calm Mind|p1a: Sableye","|-fail|p1a: Sableye","|","|-heal|p2a: Zapdos|336/384 brn|[from] item: Leftovers","|-damage|p2a: Zapdos|288/384 brn|[from] brn","|turn|62","|","|move|p2a: Zapdos|Toxic|p1a: Sableye","|move|p1a: Sableye|Toxic|p2a: Zapdos|[from]Magic Bounce|[miss]","|-miss|p1a: Sableye|p2a: Zapdos","|move|p1a: Sableye|Calm Mind|p1a: Sableye","|-fail|p1a: Sableye","|","|-heal|p2a: Zapdos|312/384 brn|[from] item: Leftovers","|-damage|p2a: Zapdos|264/384 brn|[from] brn","|turn|63","|","|move|p2a: Zapdos|Discharge|p1a: Sableye","|-damage|p1a: Sableye|201/241 par","|move|p1a: Sableye|Calm Mind|p1a: Sableye","|-fail|p1a: Sableye","|","|-heal|p2a: Zapdos|288/384 brn|[from] item: Leftovers","|-damage|p2a: Zapdos|240/384 brn|[from] brn","|turn|64","|","|move|p2a: Zapdos|Toxic|p1a: Sableye","|move|p1a: Sableye|Toxic|p2a: Zapdos|[from]Magic Bounce","|-fail|p2a: Zapdos","|move|p1a: Sableye|Calm Mind|p1a: Sableye","|-fail|p1a: Sableye","|","|-heal|p2a: Zapdos|264/384 brn|[from] item: Leftovers","|-damage|p2a: Zapdos|216/384 brn|[from] brn","|turn|65","|","|move|p2a: Zapdos|Discharge|p1a: Sableye","|-damage|p1a: Sableye|182/241 par","|cant|p1a: Sableye|par","|","|-heal|p2a: Zapdos|240/384 brn|[from] item: Leftovers","|-damage|p2a: Zapdos|192/384 brn|[from] brn","|turn|66","|","|move|p2a: Zapdos|Discharge|p1a: Sableye","|-damage|p1a: Sableye|161/241 par","|cant|p1a: Sableye|par","|","|-heal|p2a: Zapdos|216/384 brn|[from] item: Leftovers","|-damage|p2a: Zapdos|168/384 brn|[from] brn","|turn|67","|","|move|p2a: Zapdos|Toxic|p1a: Sableye","|move|p1a: Sableye|Toxic|p2a: Zapdos|[from]Magic Bounce","|-fail|p2a: Zapdos","|move|p1a: Sableye|Calm Mind|p1a: Sableye","|-fail|p1a: Sableye","|","|-heal|p2a: Zapdos|192/384 brn|[from] item: Leftovers","|-damage|p2a: Zapdos|144/384 brn|[from] brn","|turn|68","|","|switch|p2a: Manectric|Manectric-Mega, M|281/281","|-ability|p2a: Manectric|Intimidate","|-unboost|p1a: Sableye|atk|1","|cant|p1a: Sableye|par","|","|turn|69","|","|move|p2a: Manectric|Volt Switch|p1a: Sableye","|-damage|p1a: Sableye|140/241 par","|","|switch|p2a: Thundurus|Thundurus, M|270/299","|move|p1a: Sableye|Recover|p1a: Sableye","|-heal|p1a: Sableye|241/241 par","|","|turn|70","|","|switch|p2a: Zapdos|Zapdos|144/384 brn","|-ability|p2a: Zapdos|Pressure","|move|p1a: Sableye|Calm Mind|p1a: Sableye","|-fail|p1a: Sableye","|","|-heal|p2a: Zapdos|168/384 brn|[from] item: Leftovers","|-damage|p2a: Zapdos|120/384 brn|[from] brn","|turn|71","|","|move|p2a: Zapdos|Roost|p2a: Zapdos","|-heal|p2a: Zapdos|312/384 brn","|move|p1a: Sableye|Calm Mind|p1a: Sableye","|-fail|p1a: Sableye","|","|-heal|p2a: Zapdos|336/384 brn|[from] item: Leftovers","|-damage|p2a: Zapdos|288/384 brn|[from] brn","|turn|72","|","|switch|p2a: Manectric|Manectric-Mega, M|281/281","|-ability|p2a: Manectric|Intimidate","|-unboost|p1a: Sableye|atk|1","|cant|p1a: Sableye|par","|","|turn|73","|","|move|p2a: Manectric|Volt Switch|p1a: Sableye","|-damage|p1a: Sableye|216/241 par","|","|switch|p2a: Zapdos|Zapdos|288/384 brn","|-ability|p2a: Zapdos|Pressure","|move|p1a: Sableye|Calm Mind|p1a: Sableye","|-fail|p1a: Sableye","|","|-heal|p2a: Zapdos|312/384 brn|[from] item: Leftovers","|-damage|p2a: Zapdos|264/384 brn|[from] brn","|turn|74","|","|switch|p2a: Manectric|Manectric-Mega, M|281/281","|-ability|p2a: Manectric|Intimidate","|-unboost|p1a: Sableye|atk|1","|move|p1a: Sableye|Will-O-Wisp|p2a: Manectric","|-status|p2a: Manectric|brn","|","|-damage|p2a: Manectric|246/281 brn|[from] brn","|turn|75","|","|move|p2a: Manectric|Volt Switch|p1a: Sableye","|-damage|p1a: Sableye|192/241 par","|","|switch|p2a: Zapdos|Zapdos|264/384 brn","|-ability|p2a: Zapdos|Pressure","|move|p1a: Sableye|Calm Mind|p1a: Sableye","|-fail|p1a: Sableye","|","|-heal|p2a: Zapdos|288/384 brn|[from] item: Leftovers","|-damage|p2a: Zapdos|240/384 brn|[from] brn","|turn|76","|","|switch|p2a: Manectric|Manectric-Mega, M|246/281 brn","|-ability|p2a: Manectric|Intimidate","|-unboost|p1a: Sableye|atk|1","|cant|p1a: Sableye|par","|","|-damage|p2a: Manectric|211/281 brn|[from] brn","|turn|77","|","|move|p2a: Manectric|Thunderbolt|p1a: Sableye","|-damage|p1a: Sableye|164/241 par","|move|p1a: Sableye|Calm Mind|p1a: Sableye","|-fail|p1a: Sableye","|","|-damage|p2a: Manectric|176/281 brn|[from] brn","|turn|78","|","|move|p2a: Manectric|Volt Switch|p1a: Sableye","|-damage|p1a: Sableye|142/241 par","|","|switch|p2a: Zapdos|Zapdos|240/384 brn","|-ability|p2a: Zapdos|Pressure","|cant|p1a: Sableye|par","|","|-heal|p2a: Zapdos|264/384 brn|[from] item: Leftovers","|-damage|p2a: Zapdos|216/384 brn|[from] brn","|turn|79","|","|move|p2a: Zapdos|Toxic|p1a: Sableye","|move|p1a: Sableye|Toxic|p2a: Zapdos|[from]Magic Bounce","|-fail|p2a: Zapdos","|move|p1a: Sableye|Recover|p1a: Sableye","|-heal|p1a: Sableye|241/241 par","|","|-heal|p2a: Zapdos|240/384 brn|[from] item: Leftovers","|-damage|p2a: Zapdos|192/384 brn|[from] brn","|turn|80","|","|move|p2a: Zapdos|Discharge|p1a: Sableye","|-damage|p1a: Sableye|220/241 par","|cant|p1a: Sableye|par","|","|-heal|p2a: Zapdos|216/384 brn|[from] item: Leftovers","|-damage|p2a: Zapdos|168/384 brn|[from] brn","|turn|81","|","|win|IV What"],"p1rating":{"entryid":"6925118","serverid":"eos","formatid":"monotype","userid":"ltiltahit","username":"LTIL-Tahit","w":"54","l":57,"t":"0","gxe":50.5,"r":"1500.8882441454","rd":"38.052066678641","sigma":"0","rptime":"1438938000","rpr":1503.5997563919,"rprd":37.061896123178,"rpsigma":"0","acre":1079.2902477567,"lacre":1079.2902477567,"oldacre":"1112.0869195518"},"p2rating":{"entryid":7460310,"formatid":"monotype","userid":"ivwhat","username":"IV What","r":1500,"rd":130,"sigma":0,"rpr":1542.5432654629,"rprd":121.8636437763,"rpsigma":0,"rptime":1438938000,"w":1,"l":0,"t":0,"gxe":55.3,"acre":1052.4746748722,"lacre":1052.4746748722,"oldacre":1000},"endType":"forfeit"}