{"seed":[55334,36516,50280,27437],"turns":26,"p1":"Crystal★Klefki","p2":"Amateurized","p1team":[{"name":"Gengar","species":"Gengar","item":"choicescarf","ability":"Levitate","moves":["shadowball","sludgebomb","dazzlinggleam","thunderbolt"],"nature":"Timid","evs":{"hp":4,"atk":0,"def":0,"spa":252,"spd":0,"spe":252},"ivs":{"hp":31,"atk":31,"def":31,"spa":31,"spd":31,"spe":31}},{"name":"Sableye","species":"Sableye","item":"leftovers","ability":"Prankster","moves":["knockoff","willowisp","taunt","recover"],"nature":"Careful","evs":{"hp":248,"atk":0,"def":0,"spa":0,"spd":248,"spe":12},"ivs":{"hp":31,"atk":31,"def":31,"spa":31,"spd":31,"spe":31}},{"name":"Golurk","species":"Golurk","item":"focussash","ability":"No Guard","moves":["earthquake","dynamicpunch","stoneedge","stealthrock"],"nature":"Adamant","evs":{"hp":252,"atk":252,"def":0,"spa":0,"spd":4,"spe":0},"ivs":{"hp":31,"atk":31,"def":31,"spa":31,"spd":31,"spe":31}},{"name":"Jellicent","species":"Jellicent","item":"leftovers","ability":"Water Absorb","moves":["recover","scald","hex","toxic"],"nature":"Bold","evs":{"hp":252,"atk":0,"def":252,"spa":4,"spd":0,"spe":0},"ivs":{"hp":31,"atk":31,"def":31,"spa":31,"spd":31,"spe":31}},{"name":"Chandelure","species":"Chandelure","item":"choicescarf","ability":"Flash Fire","moves":["flamethrower","energyball","shadowball","trick"],"nature":"Timid","evs":{"hp":0,"atk":0,"def":0,"spa":252,"spd":4,"spe":252},"ivs":{"hp":31,"atk":31,"def":31,"spa":31,"spd":31,"spe":31}},{"name":"Aegislash","species":"Aegislash","item":"leftovers","ability":"Stance Change","moves":["shadowsneak","sacredsword","kingsshield","swordsdance"],"nature":"Adamant","evs":{"hp":252,"atk":252,"def":0,"spa":0,"spd":4,"spe":0},"ivs":{"hp":31,"atk":31,"def":31,"spa":31,"spd":31,"spe":31}}],"p2team":[{"name":"Maskless Hollow","species":"hoopaunbound","item":"lifeorb","ability":"Magician","moves":["substitute","hyperspacehole","darkpulse","nastyplot"],"nature":"Timid","evs":{"hp":4,"atk":0,"def":0,"spa":252,"spd":0,"spe":252},"ivs":{"hp":31,"atk":31,"def":31,"spa":31,"spd":31,"spe":31}},{"name":"Krookodile","species":"Krookodile","item":"focussash","ability":"Intimidate","moves":["stealthrock","earthquake","knockoff","substitute"],"nature":"Impish","evs":{"hp":248,"atk":8,"def":252,"spa":0,"spd":0,"spe":0},"ivs":{"hp":31,"atk":31,"def":31,"spa":31,"spd":31,"spe":31}},{"name":"Turd-Birds","species":"murkrow","item":"eviolite","ability":"Prankster","moves":["featherdance","perishsong","tailwind","taunt"],"nature":"Calm","evs":{"hp":248,"atk":0,"def":8,"spa":0,"spd":252,"spe":0},"ivs":{"hp":31,"atk":31,"def":31,"spa":31,"spd":31,"spe":31}},{"name":"Triple Collateral","species":"hydreigon","item":"choicescarf","ability":"Levitate","moves":["darkpulse","earthpower","flamethrower","dragonpulse"],"nature":"Timid","evs":{"hp":0,"atk":0,"def":0,"spa":252,"spd":4,"spe":252},"ivs":{"hp":31,"atk":31,"def":31,"spa":31,"spd":31,"spe":31}},{"name":"Sharpedo","species":"Sharpedo","item":"sharpedonite","ability":"Speed Boost","moves":["crunch","waterfall","zenheadbutt","protect"],"nature":"Adamant","evs":{"hp":0,"atk":252,"def":0,"spa":0,"spd":4,"spe":252},"ivs":{"hp":31,"atk":31,"def":31,"spa":31,"spd":31,"spe":31}},{"name":"Pain to kill","species":"mandibuzz","item":"leftovers","ability":"Overcoat","moves":["tailwind","uturn","roost","toxic"],"nature":"Careful","evs":{"hp":248,"atk":0,"def":8,"spa":0,"spd":252,"spe":0},"ivs":{"hp":31,"atk":31,"def":31,"spa":31,"spd":31,"spe":31}}],"log":["|player|p1|Crystal★Klefki|crystalklefki.png","|player|p2|Amateurized|170","|gametype|singles","|gen|6","|tier|Monotype","|rated","|rule|Baton Pass Clause: Limit one Baton Passer, can't pass Spe and other stats simultaneously","|rule|Swagger Clause: Swagger is banned","|rule|Same Type Clause: Pokémon in a team must share a type","|clearpoke","|poke|p1|Gengar, M","|poke|p1|Sableye, M","|poke|p1|Golurk","|poke|p1|Jellicent, M","|poke|p1|Chandelure, M","|poke|p1|Aegislash, M","|poke|p2|Hoopa-Unbound","|poke|p2|Krookodile, F","|poke|p2|Murkrow, M","|poke|p2|Hydreigon, F","|poke|p2|Sharpedo, M","|poke|p2|Mandibuzz, F","|rule|Sleep Clause Mod: Limit one foe put to sleep","|rule|Species Clause: Limit one of each Pokémon","|rule|OHKO Clause: OHKO moves are banned","|rule|Moody Clause: Moody is banned","|rule|Evasion Moves Clause: Evasion moves are banned","|rule|Endless Battle Clause: Forcing endless battles is banned","|rule|HP Percentage Mod: HP is shown in percentages","|teampreview","|","|start","|switch|p1a: Aegislash|Aegislash, M|324/324","|switch|p2a: Turd-Birds|Murkrow, M|323/323","|turn|1","|","|move|p2a: Turd-Birds|Feather Dance|p1a: Aegislash","|-unboost|p1a: Aegislash|atk|2","|move|p1a: Aegislash|Swords Dance|p1a: Aegislash","|-boost|p1a: Aegislash|atk|2","|","|turn|2","|","|move|p2a: Turd-Birds|Taunt|p1a: Aegislash","|-start|p1a: Aegislash|move: Taunt","|cant|p1a: Aegislash|move: Taunt|Swords Dance","|","|turn|3","|","|move|p2a: Turd-Birds|Feather Dance|p1a: Aegislash","|-unboost|p1a: Aegislash|atk|2","|-formechange|p1a: Aegislash|Aegislash-Blade","|move|p1a: Aegislash|Sacred Sword|p2a: Turd-Birds","|-damage|p2a: Turd-Birds|238/323","|","|turn|4","|","|switch|p1a: Golurk|Golurk|382/382","|move|p2a: Turd-Birds|Perish Song|p2a: Turd-Birds","|-start|p1a: Golurk|perish3|[silent]","|-start|p2a: Turd-Birds|perish3|[silent]","|-fieldactivate|move: Perish Song","|","|-start|p2a: Turd-Birds|perish3","|-start|p1a: Golurk|perish3","|turn|5","|","|move|p2a: Turd-Birds|Taunt|p1a: Golurk","|-start|p1a: Golurk|move: Taunt","|move|p1a: Golurk|Stone Edge|p2a: Turd-Birds","|-supereffective|p2a: Turd-Birds","|-damage|p2a: Turd-Birds|0 fnt","|faint|p2a: Turd-Birds","|","|-start|p1a: Golurk|perish2","|","|switch|p2a: Krookodile|Krookodile, F|393/393","|-ability|p2a: Krookodile|Intimidate","|-unboost|p1a: Golurk|atk|1","|turn|6","|","|switch|p1a: Jellicent|Jellicent, M|404/404","|move|p2a: Krookodile|Stealth Rock|p1a: Jellicent","|-sidestart|p1: Crystal★Klefki|move: Stealth Rock","|","|turn|7","|","|move|p2a: Krookodile|Knock Off|p1a: Jellicent","|-supereffective|p1a: Jellicent","|-damage|p1a: Jellicent|168/404","|-enditem|p1a: Jellicent|Leftovers|[from] move: Knock Off|[of] p2a: Krookodile","|move|p1a: Jellicent|Scald|p2a: Krookodile","|-crit|p2a: Krookodile","|-supereffective|p2a: Krookodile","|-damage|p2a: Krookodile|63/393","|-status|p2a: Krookodile|brn","|","|-damage|p2a: Krookodile|14/393 brn|[from] brn","|turn|8","|","|move|p2a: Krookodile|Knock Off|p1a: Jellicent","|-supereffective|p1a: Jellicent","|-damage|p1a: Jellicent|92/404","|move|p1a: Jellicent|Recover|p1a: Jellicent","|-heal|p1a: Jellicent|294/404","|","|-damage|p2a: Krookodile|0 fnt|[from] brn","|faint|p2a: Krookodile","|","|switch|p2a: Sharpedo|Sharpedo, M|281/281","|turn|9","|","|switch|p1a: Sableye|Sableye, M|303/303","|-damage|p1a: Sableye|266/303|[from] Stealth Rock","|detailschange|p2a: Sharpedo|Sharpedo-Mega, M","|-mega|p2a: Sharpedo|Sharpedo|Sharpedonite","|move|p2a: Sharpedo|Crunch|p1a: Sableye","|-damage|p1a: Sableye|0 fnt","|faint|p1a: Sableye","|","|","|switch|p1a: Chandelure|Chandelure, M|261/261","|-damage|p1a: Chandelure|196/261|[from] Stealth Rock","|turn|10","|","|switch|p2a: Triple Collateral|Hydreigon, F|325/325","|move|p1a: Chandelure|Energy Ball|p2a: Triple Collateral","|-resisted|p2a: Triple Collateral","|-damage|p2a: Triple Collateral|262/325","|","|turn|11","|","|switch|p1a: Aegislash|Aegislash, M|324/324","|-damage|p1a: Aegislash|304/324|[from] Stealth Rock","|move|p2a: Triple Collateral|Dark Pulse|p1a: Aegislash","|-supereffective|p1a: Aegislash","|-damage|p1a: Aegislash|122/324","|","|-heal|p1a: Aegislash|142/324|[from] item: Leftovers","|turn|12","|","|move|p2a: Triple Collateral|Dark Pulse|p1a: Aegislash","|-supereffective|p1a: Aegislash","|-damage|p1a: Aegislash|0 fnt","|faint|p1a: Aegislash","|","|","|switch|p1a: Golurk|Golurk|382/382","|-damage|p1a: Golurk|359/382|[from] Stealth Rock","|turn|13","|","|move|p2a: Triple Collateral|Dark Pulse|p1a: Golurk","|-supereffective|p1a: Golurk","|-damage|p1a: Golurk|23/382","|cant|p1a: Golurk|flinch","|","|turn|14","|","|switch|p1a: Jellicent|Jellicent, M|294/404","|-damage|p1a: Jellicent|244/404|[from] Stealth Rock","|move|p2a: Triple Collateral|Dark Pulse|p1a: Jellicent","|-supereffective|p1a: Jellicent","|-damage|p1a: Jellicent|0 fnt","|faint|p1a: Jellicent","|","|","|switch|p1a: Gengar|Gengar, M|262/262","|-damage|p1a: Gengar|230/262|[from] Stealth Rock","|turn|15","|","|move|p1a: Gengar|Dazzling Gleam|p2a: Triple Collateral","|-supereffective|p2a: Triple Collateral","|-damage|p2a: Triple Collateral|0 fnt","|faint|p2a: Triple Collateral","|","|","|switch|p2a: Pain to kill|Mandibuzz, F|423/423","|turn|16","|","|move|p1a: Gengar|Dazzling Gleam|p2a: Pain to kill","|-supereffective|p2a: Pain to kill","|-damage|p2a: Pain to kill|267/423","|move|p2a: Pain to kill|Tailwind|p2a: Pain to kill","|-sidestart|p2: Amateurized|move: Tailwind","|","|-heal|p2a: Pain to kill|293/423|[from] item: Leftovers","|turn|17","|","|move|p1a: Gengar|Dazzling Gleam|p2a: Pain to kill","|-supereffective|p2a: Pain to kill","|-damage|p2a: Pain to kill|153/423","|move|p2a: Pain to kill|Toxic|p1a: Gengar","|-immune|p1a: Gengar|[msg]","|","|-heal|p2a: Pain to kill|179/423|[from] item: Leftovers","|turn|18","|","|move|p1a: Gengar|Dazzling Gleam|p2a: Pain to kill","|-supereffective|p2a: Pain to kill","|-damage|p2a: Pain to kill|31/423","|move|p2a: Pain to kill|Roost|p2a: Pain to kill","|-heal|p2a: Pain to kill|243/423","|","|-heal|p2a: Pain to kill|269/423|[from] item: Leftovers","|turn|19","|","|move|p1a: Gengar|Dazzling Gleam|p2a: Pain to kill","|-supereffective|p2a: Pain to kill","|-damage|p2a: Pain to kill|125/423","|move|p2a: Pain to kill|Roost|p2a: Pain to kill","|-heal|p2a: Pain to kill|337/423","|","|-heal|p2a: Pain to kill|363/423|[from] item: Leftovers","|-sideend|p2: Amateurized|move: Tailwind","|turn|20","|","|switch|p1a: Golurk|Golurk|23/382","|-damage|p1a: Golurk|0 fnt|[from] Stealth Rock","|faint|p1a: Golurk","|move|p2a: Pain to kill|Tailwind|p2a: Pain to kill","|-sidestart|p2: Amateurized|move: Tailwind","|","|-heal|p2a: Pain to kill|389/423|[from] item: Leftovers","|","|switch|p1a: Chandelure|Chandelure, M|196/261","|-damage|p1a: Chandelure|131/261|[from] Stealth Rock","|turn|21","|","|move|p1a: Chandelure|Trick|p2a: Pain to kill","|-activate|p1a: Chandelure|move: Trick|[of] p2a: Pain to kill","|-item|p2a: Pain to kill|Choice Scarf|[from] move: Trick","|-item|p1a: Chandelure|Leftovers|[from] move: Trick","|move|p2a: Pain to kill|Toxic|p1a: Chandelure","|-status|p1a: Chandelure|tox","|","|-heal|p1a: Chandelure|147/261 tox|[from] item: Leftovers","|-damage|p1a: Chandelure|131/261 tox|[from] psn","|turn|22","|","|switch|p2a: Sharpedo|Sharpedo-Mega, M|281/281","|switch|p1a: Gengar|Gengar, M|230/262","|-damage|p1a: Gengar|198/262|[from] Stealth Rock","|","|turn|23","|","|move|p2a: Sharpedo|Crunch|p1a: Gengar","|-supereffective|p1a: Gengar","|-damage|p1a: Gengar|0 fnt","|faint|p1a: Gengar","|","|-sideend|p2: Amateurized|move: Tailwind","|","|switch|p1a: Chandelure|Chandelure, M|131/261 tox","|-damage|p1a: Chandelure|66/261 tox|[from] Stealth Rock","|turn|24","|","|move|p2a: Sharpedo|Protect|p2a: Sharpedo","|-singleturn|p2a: Sharpedo|Protect","|move|p1a: Chandelure|Energy Ball|p2a: Sharpedo","|-activate|p2a: Sharpedo|Protect","|","|-heal|p1a: Chandelure|82/261 tox|[from] item: Leftovers","|-damage|p1a: Chandelure|66/261 tox|[from] psn","|turn|25","|","|switch|p2a: Pain to kill|Mandibuzz, F|389/423","|move|p1a: Chandelure|Energy Ball|p2a: Pain to kill","|-resisted|p2a: Pain to kill","|-damage|p2a: Pain to kill|345/423","|","|-heal|p1a: Chandelure|82/261 tox|[from] item: Leftovers","|-damage|p1a: Chandelure|50/261 tox|[from] psn","|turn|26","|","|win|Amateurized"],"p1rating":{"entryid":"7447404","serverid":"eos","formatid":"monotype","userid":"crystalklefki","username":"Crystal★Klefki","w":"0","l":5,"t":"0","gxe":32.8,"r":"1458.049509527","rd":"122.02169557332","sigma":"0","rptime":"1438938000","rpr":1359.2399750465,"rprd":101.78612617225,"rpsigma":"0","acre":1000,"lacre":1000,"oldacre":"1000"},"p2rating":{"entryid":"6102252","serverid":"eos","formatid":"monotype","userid":"amateurized","username":"Amateurized","w":19,"l":"17","t":"0","gxe":50.2,"r":"1478.7934185303","rd":"60.674266966526","sigma":"0","rptime":"1438938000","rpr":1501.8809588138,"rprd":59.181958993811,"rpsigma":"0","acre":1186.057835233,"lacre":1186.057835233,"oldacre":"1172.5442504673"},"endType":"forfeit"}