{"seed":[2560,57823,29000,9026],"turns":23,"p1":"Alliance- WU용의TANG","p2":"SWL Neßki","p1team":[{"name":"ラティオス","species":"latios","item":"choicescarf","ability":"Levitate","moves":["hiddenpowerfire","dragonpulse","psyshock","icebeam"],"nature":"Timid","evs":{"hp":0,"atk":0,"def":4,"spa":252,"spd":0,"spe":252},"ivs":{"hp":31,"atk":30,"def":31,"spa":30,"spd":31,"spe":30}},{"name":"キュレム","species":"kyuremblack","item":"lifeorb","ability":"Teravolt","moves":["icebeam","outrage","fusionbolt","ironhead"],"nature":"Naive","evs":{"hp":0,"atk":100,"def":0,"spa":180,"spd":0,"spe":228},"shiny":true,"ivs":{"hp":31,"atk":31,"def":31,"spa":31,"spd":31,"spe":31}},{"name":"ボーマンダ","species":"salamence","item":"choicescarf","ability":"Moxie","moves":["outrage","aerialace","steelwing","earthquake"],"nature":"Jolly","evs":{"hp":0,"atk":252,"def":4,"spa":0,"spd":0,"spe":252},"ivs":{"hp":31,"atk":31,"def":31,"spa":31,"spd":31,"spe":31}},{"name":"サザンドラ","species":"hydreigon","item":"lifeorb","ability":"Levitate","moves":["darkpulse","flamethrower","dracometeor","flashcannon"],"nature":"Timid","evs":{"hp":4,"atk":0,"def":0,"spa":252,"spd":0,"spe":252},"shiny":true,"ivs":{"hp":31,"atk":31,"def":31,"spa":31,"spd":31,"spe":31}},{"name":"ガブリアス","species":"garchomp","item":"rockyhelmet","ability":"Rough Skin","moves":["stealthrock","earthquake","dragontail","endure"],"nature":"Impish","evs":{"hp":252,"atk":0,"def":232,"spa":0,"spd":24,"spe":0},"ivs":{"hp":31,"atk":31,"def":31,"spa":31,"spd":31,"spe":31}},{"name":"ラティアス","species":"latias","item":"latiasite","ability":"Levitate","moves":["calmmind","recover","psyshock","dragonbreath"],"nature":"Bold","evs":{"hp":252,"atk":0,"def":224,"spa":0,"spd":0,"spe":32},"ivs":{"hp":31,"atk":0,"def":31,"spa":31,"spd":31,"spe":31}}],"p2team":[{"name":"Mamoswine","species":"Mamoswine","item":"choiceband","ability":"Thick Fat","moves":["iceshard","iciclecrash","earthquake","knockoff"],"nature":"Adamant","evs":{"hp":4,"atk":252,"def":0,"spa":0,"spd":0,"spe":252},"ivs":{"hp":31,"atk":31,"def":31,"spa":31,"spd":31,"spe":31}},{"name":"Excadrill","species":"Excadrill","item":"choiceband","ability":"Sand Rush","moves":["rockslide","earthquake","ironhead","xscissor"],"nature":"Adamant","evs":{"hp":0,"atk":252,"def":0,"spa":0,"spd":4,"spe":252},"ivs":{"hp":31,"atk":31,"def":31,"spa":31,"spd":31,"spe":31}},{"name":"Nidoking","species":"Nidoking","item":"lifeorb","ability":"Sheer Force","moves":["flamethrower","sludgewave","icebeam","earthpower"],"nature":"Modest","evs":{"hp":4,"atk":0,"def":0,"spa":252,"spd":0,"spe":252},"ivs":{"hp":31,"atk":31,"def":31,"spa":31,"spd":31,"spe":31}},{"name":"Landorus","species":"Landorus","item":"choicescarf","ability":"Sheer Force","moves":["psychic","earthpower","knockoff","uturn"],"nature":"Mild","evs":{"hp":0,"atk":24,"def":0,"spa":252,"spd":0,"spe":232},"shiny":true,"ivs":{"hp":31,"atk":31,"def":31,"spa":31,"spd":31,"spe":31}},{"name":"Seismitoad","species":"Seismitoad","item":"leftovers","ability":"Water Absorb","moves":["stealthrock","grassknot","toxic","scald"],"nature":"Calm","evs":{"hp":244,"atk":0,"def":0,"spa":0,"spd":252,"spe":12},"ivs":{"hp":31,"atk":0,"def":31,"spa":31,"spd":31,"spe":31}},{"name":"Hippopotas","species":"Hippopotas","item":"eviolite","ability":"Sand Stream","moves":["yawn","whirlwind","stealthrock","slackoff"],"nature":"Bold","evs":{"hp":248,"atk":0,"def":252,"spa":0,"spd":8,"spe":0},"ivs":{"hp":31,"atk":0,"def":31,"spa":31,"spd":31,"spe":31}}],"log":["|player|p1|Alliance- WU용의TANG|alliancewutang.png","|player|p2|SWL Neßki|swlneki.png","|gametype|singles","|gen|6","|tier|Monotype","|rated","|rule|Baton Pass Clause: Limit one Baton Passer, can't pass Spe and other stats simultaneously","|rule|Swagger Clause: Swagger is banned","|rule|Same Type Clause: Pokémon in a team must share a type","|clearpoke","|poke|p1|Latios, M","|poke|p1|Kyurem-Black, shiny","|poke|p1|Salamence, F","|poke|p1|Hydreigon, F, shiny","|poke|p1|Garchomp, M","|poke|p1|Latias, F","|poke|p2|Mamoswine, M","|poke|p2|Excadrill, M","|poke|p2|Nidoking, M","|poke|p2|Landorus, M, shiny","|poke|p2|Seismitoad, M","|poke|p2|Hippopotas, F","|rule|Sleep Clause Mod: Limit one foe put to sleep","|rule|Species Clause: Limit one of each Pokémon","|rule|OHKO Clause: OHKO moves are banned","|rule|Moody Clause: Moody is banned","|rule|Evasion Moves Clause: Evasion moves are banned","|rule|Endless Battle Clause: Forcing endless battles is banned","|rule|HP Percentage Mod: HP is shown in percentages","|teampreview","|","|start","|switch|p1a: キュレム|Kyurem-Black, shiny|391/391","|switch|p2a: Seismitoad|Seismitoad, M|412/412","|-ability|p1a: キュレム|Teravolt","|turn|1","|","|move|p1a: キュレム|Outrage|p2a: Seismitoad","|-damage|p2a: Seismitoad|34/412","|-damage|p1a: キュレム|352/391|[from] item: Life Orb","|move|p2a: Seismitoad|Stealth Rock|p1a: キュレム","|-sidestart|p1: Alliance- WU용의TANG|move: Stealth Rock","|","|-heal|p2a: Seismitoad|59/412|[from] item: Leftovers","|turn|2","|","|switch|p2a: Hippopotas|Hippopotas, F|339/339","|-weather|Sandstorm","|move|p1a: キュレム|Outrage|p2a: Hippopotas|[from]lockedmove","|-damage|p2a: Hippopotas|174/339","|-damage|p1a: キュレム|313/391|[from] item: Life Orb","|-start|p1a: キュレム|confusion|[fatigue]","|","|-weather|Sandstorm|[upkeep]","|-damage|p1a: キュレム|289/391|[from] sandstorm","|turn|3","|","|switch|p1a: ガブリアス|Garchomp, M|420/420","|-damage|p1a: ガブリアス|394/420|[from] Stealth Rock","|switch|p2a: Excadrill|Excadrill, M|361/361","|","|-weather|Sandstorm|[upkeep]","|turn|4","|","|switch|p2a: Seismitoad|Seismitoad, M|59/412","|move|p1a: ガブリアス|Stealth Rock|p2a: Seismitoad","|-sidestart|p2: SWL Neßki|move: Stealth Rock","|","|-weather|Sandstorm|[upkeep]","|-heal|p2a: Seismitoad|84/412|[from] item: Leftovers","|turn|5","|","|move|p1a: ガブリアス|Earthquake|p2a: Seismitoad","|-damage|p2a: Seismitoad|0 fnt","|faint|p2a: Seismitoad","|","|-weather|Sandstorm|[upkeep]","|","|switch|p2a: Mamoswine|Mamoswine, M|362/362","|-damage|p2a: Mamoswine|317/362|[from] Stealth Rock","|turn|6","|","|switch|p1a: キュレム|Kyurem-Black, shiny|289/391","|-damage|p1a: キュレム|192/391|[from] Stealth Rock","|-ability|p1a: キュレム|Teravolt","|move|p2a: Mamoswine|Ice Shard|p1a: キュレム","|-damage|p1a: キュレム|65/391","|","|-weather|none","|turn|7","|","|move|p2a: Mamoswine|Ice Shard|p1a: キュレム","|-damage|p1a: キュレム|0 fnt","|faint|p1a: キュレム","|","|","|switch|p1a: サザンドラ|Hydreigon, F, shiny|326/326","|-damage|p1a: サザンドラ|286/326|[from] Stealth Rock","|turn|8","|","|switch|p2a: Nidoking|Nidoking, M|304/304","|-damage|p2a: Nidoking|285/304|[from] Stealth Rock","|move|p1a: サザンドラ|Flash Cannon|p2a: Nidoking","|-damage|p2a: Nidoking|124/304","|-damage|p1a: サザンドラ|254/326|[from] item: Life Orb","|","|turn|9","|","|move|p1a: サザンドラ|Flash Cannon|p2a: Nidoking","|-damage|p2a: Nidoking|0 fnt","|-damage|p1a: サザンドラ|222/326|[from] item: Life Orb","|faint|p2a: Nidoking","|","|","|switch|p2a: Mamoswine|Mamoswine, M|317/362","|-damage|p2a: Mamoswine|272/362|[from] Stealth Rock","|turn|10","|","|move|p2a: Mamoswine|Ice Shard|p1a: サザンドラ","|-supereffective|p1a: サザンドラ","|-damage|p1a: サザンドラ|0 fnt","|faint|p1a: サザンドラ","|","|","|switch|p1a: ラティアス|Latias, F|364/364","|-damage|p1a: ラティアス|319/364|[from] Stealth Rock","|turn|11","|","|switch|p2a: Hippopotas|Hippopotas, F|174/339","|-damage|p2a: Hippopotas|153/339|[from] Stealth Rock","|-weather|Sandstorm","|detailschange|p1a: ラティアス|Latias-Mega, F","|-mega|p1a: ラティアス|Latias|Latiasite","|move|p1a: ラティアス|Calm Mind|p1a: ラティアス","|-boost|p1a: ラティアス|spa|1","|-boost|p1a: ラティアス|spd|1","|","|-weather|Sandstorm|[upkeep]","|-damage|p1a: ラティアス|297/364|[from] sandstorm","|turn|12","|","|switch|p2a: Landorus|Landorus, M, shiny|319/319","|-damage|p2a: Landorus|280/319|[from] Stealth Rock","|move|p1a: ラティアス|Dragon Breath|p2a: Landorus","|-damage|p2a: Landorus|96/319","|-status|p2a: Landorus|par","|","|-weather|Sandstorm|[upkeep]","|-damage|p1a: ラティアス|275/364|[from] sandstorm","|turn|13","|","|move|p1a: ラティアス|Dragon Breath|p2a: Landorus","|-damage|p2a: Landorus|0 fnt","|faint|p2a: Landorus","|","|-weather|Sandstorm|[upkeep]","|-damage|p1a: ラティアス|253/364|[from] sandstorm","|","|switch|p2a: Excadrill|Excadrill, M|361/361","|-damage|p2a: Excadrill|350/361|[from] Stealth Rock","|turn|14","|","|switch|p1a: ガブリアス|Garchomp, M|394/420","|-damage|p1a: ガブリアス|368/420|[from] Stealth Rock","|move|p2a: Excadrill|Iron Head|p1a: ガブリアス","|-damage|p1a: ガブリアス|188/420","|-damage|p2a: Excadrill|305/361|[from] ability: Rough Skin|[of] p1a: ガブリアス","|-damage|p2a: Excadrill|245/361|[from] item: Rocky Helmet|[of] p1a: ガブリアス","|","|-weather|Sandstorm|[upkeep]","|turn|15","|","|move|p2a: Excadrill|Iron Head|p1a: ガブリアス","|-damage|p1a: ガブリアス|0 fnt","|-damage|p2a: Excadrill|200/361|[from] ability: Rough Skin|[of] p1a: ガブリアス","|-damage|p2a: Excadrill|140/361|[from] item: Rocky Helmet|[of] p1a: ガブリアス","|faint|p1a: ガブリアス","|","|-weather|none","|","|switch|p1a: ラティアス|Latias-Mega, F|253/364","|-damage|p1a: ラティアス|208/364|[from] Stealth Rock","|turn|16","|","|switch|p2a: Hippopotas|Hippopotas, F|153/339","|-damage|p2a: Hippopotas|132/339|[from] Stealth Rock","|-weather|Sandstorm","|move|p1a: ラティアス|Recover|p1a: ラティアス","|-heal|p1a: ラティアス|364/364","|","|-weather|Sandstorm|[upkeep]","|-damage|p1a: ラティアス|342/364|[from] sandstorm","|turn|17","|","|move|p1a: ラティアス|Dragon Breath|p2a: Hippopotas","|-damage|p2a: Hippopotas|6/339","|move|p2a: Hippopotas|Whirlwind|p1a: ラティアス","|drag|p1a: ラティオス|Latios, M|301/301","|-damage|p1a: ラティオス|264/301|[from] Stealth Rock","|","|-weather|Sandstorm|[upkeep]","|-damage|p1a: ラティオス|246/301|[from] sandstorm","|turn|18","|","|move|p1a: ラティオス|Dragon Pulse|p2a: Hippopotas","|-damage|p2a: Hippopotas|0 fnt","|faint|p2a: Hippopotas","|","|-weather|Sandstorm|[upkeep]","|-damage|p1a: ラティオス|228/301|[from] sandstorm","|","|switch|p2a: Excadrill|Excadrill, M|140/361","|-damage|p2a: Excadrill|129/361|[from] Stealth Rock","|turn|19","|","|move|p2a: Excadrill|Iron Head|p1a: ラティオス","|-damage|p1a: ラティオス|0 fnt","|faint|p1a: ラティオス","|","|-weather|Sandstorm|[upkeep]","|","|switch|p1a: ラティアス|Latias-Mega, F|342/364","|-damage|p1a: ラティアス|297/364|[from] Stealth Rock","|turn|20","|","|move|p2a: Excadrill|Iron Head|p1a: ラティアス","|-damage|p1a: ラティアス|128/364","|move|p1a: ラティアス|Psyshock|p2a: Excadrill","|-resisted|p2a: Excadrill","|-damage|p2a: Excadrill|41/361","|","|-weather|none","|turn|21","|","|move|p2a: Excadrill|Iron Head|p1a: ラティアス","|-damage|p1a: ラティアス|0 fnt","|faint|p1a: ラティアス","|","|","|switch|p1a: ボーマンダ|Salamence, F|331/331","|-damage|p1a: ボーマンダ|249/331|[from] Stealth Rock","|turn|22","|","|move|p1a: ボーマンダ|Outrage|p2a: Excadrill","|-resisted|p2a: Excadrill","|-damage|p2a: Excadrill|0 fnt","|faint|p2a: Excadrill","|-boost|p1a: ボーマンダ|atk|1|[from] ability: Moxie","|","|","|switch|p2a: Mamoswine|Mamoswine, M|272/362","|-damage|p2a: Mamoswine|227/362|[from] Stealth Rock","|turn|23","|","|move|p2a: Mamoswine|Ice Shard|p1a: ボーマンダ","|-crit|p1a: ボーマンダ","|-supereffective|p1a: ボーマンダ","|-damage|p1a: ボーマンダ|0 fnt","|faint|p1a: ボーマンダ","|","|win|SWL Neßki"],"p1rating":{"entryid":"7022950","serverid":"eos","formatid":"monotype","userid":"alliancewutang","username":"Alliance - Wu Tang","w":"40","l":16,"t":"0","gxe":68.9,"r":"1656.2145089817","rd":"50.371973774151","sigma":"0","rptime":"1438938000","rpr":1651.2484908276,"rprd":48.354132263494,"rpsigma":"0","acre":1306.965264387,"lacre":1306.965264387,"oldacre":"1326.1817482953"},"p2rating":{"entryid":"6746789","serverid":"eos","formatid":"monotype","userid":"swlneki","username":"SWL Neßki","w":32,"l":"14","t":"0","gxe":69.4,"r":"1647.4381365796","rd":53.971461871233,"sigma":"0","rptime":1438938000,"rpr":1655.7285778528,"rprd":53.347862215472,"rpsigma":"0","acre":1359.0162703948,"lacre":1359.0162703948,"oldacre":"1339.7997864865"},"endType":"normal"}