{"seed":[54380,31272,40034,37169],"turns":37,"p1":"Shining Yin","p2":"Intern Twizz","p1team":[{"name":"Zapdos","species":"Zapdos","item":"leftovers","ability":"Pressure","moves":["roost","defog","heatwave","discharge"],"nature":"Bold","evs":{"hp":248,"atk":0,"def":176,"spa":68,"spd":0,"spe":16},"ivs":{"hp":31,"atk":0,"def":31,"spa":31,"spd":31,"spe":31}},{"name":"Thundurus","species":"Thundurus","item":"lifeorb","ability":"Prankster","moves":["superpower","discharge","knockoff","psychic"],"nature":"Naive","evs":{"hp":0,"atk":72,"def":0,"spa":184,"spd":0,"spe":252},"ivs":{"hp":31,"atk":31,"def":31,"spa":31,"spd":31,"spe":31}},{"name":"Rotom-Wash","species":"Rotom-Wash","item":"leftovers","ability":"Levitate","moves":["willowisp","hydropump","voltswitch","painsplit"],"nature":"Calm","evs":{"hp":248,"atk":0,"def":0,"spa":0,"spd":216,"spe":44},"ivs":{"hp":31,"atk":0,"def":31,"spa":31,"spd":31,"spe":31}},{"name":"Magnezone","species":"Magnezone","item":"choicescarf","ability":"Sturdy","moves":["voltswitch","discharge","hiddenpowerice","flashcannon"],"nature":"Timid","evs":{"hp":0,"atk":0,"def":0,"spa":252,"spd":4,"spe":252},"ivs":{"hp":31,"atk":30,"def":30,"spa":31,"spd":31,"spe":31}},{"name":"Manectric","species":"Manectric","item":"manectite","ability":"Static","moves":["voltswitch","discharge","overheat","hiddenpowergrass"],"nature":"Timid","evs":{"hp":0,"atk":0,"def":0,"spa":252,"spd":4,"spe":252},"ivs":{"hp":31,"atk":30,"def":31,"spa":30,"spd":31,"spe":31}},{"name":"Luxray","species":"Luxray","item":"choiceband","ability":"Guts","moves":["wildcharge","crunch","superpower","icefang"],"nature":"Jolly","evs":{"hp":0,"atk":252,"def":0,"spa":0,"spd":4,"spe":252},"shiny":true,"ivs":{"hp":31,"atk":31,"def":31,"spa":31,"spd":31,"spe":31}}],"p2team":[{"name":"Magnezone","species":"Magnezone","item":"leftovers","ability":"Sturdy","moves":["flashcannon","thunderbolt","protect","hiddenpowerice"],"nature":"Modest","evs":{"hp":76,"atk":0,"def":180,"spa":252,"spd":0,"spe":0},"ivs":{"hp":31,"atk":30,"def":30,"spa":31,"spd":31,"spe":31}},{"name":"Zapdos","species":"Zapdos","item":"leftovers","ability":"Pressure","moves":["discharge","heatwave","toxic","roost"],"nature":"Bold","evs":{"hp":4,"atk":0,"def":252,"spa":0,"spd":252,"spe":0},"ivs":{"hp":31,"atk":31,"def":31,"spa":31,"spd":31,"spe":31}},{"name":"Ampharos","species":"Ampharos","item":"ampharosite","ability":"Static","moves":["cottonguard","rest","sleeptalk","dragonpulse"],"nature":"Bold","evs":{"hp":0,"atk":0,"def":252,"spa":136,"spd":120,"spe":0},"ivs":{"hp":31,"atk":31,"def":31,"spa":31,"spd":31,"spe":31}},{"name":"Raikou","species":"Raikou","item":"leftovers","ability":"Pressure","moves":["calmmind","substitute","thunderbolt","extrasensory"],"nature":"Timid","evs":{"hp":0,"atk":0,"def":0,"spa":252,"spd":4,"spe":252},"ivs":{"hp":31,"atk":31,"def":31,"spa":31,"spd":31,"spe":31}},{"name":"Rotom-Wash","species":"Rotom-Wash","item":"choicescarf","ability":"Levitate","moves":["voltswitch","hydropump","willowisp","trick"],"nature":"Timid","evs":{"hp":0,"atk":0,"def":0,"spa":252,"spd":4,"spe":252},"ivs":{"hp":31,"atk":31,"def":31,"spa":31,"spd":31,"spe":31}},{"name":"Condom","species":"eelektross","item":"assaultvest","ability":"Levitate","moves":["gigadrain","thunderbolt","drainpunch","knockoff"],"nature":"Quiet","evs":{"hp":3,"atk":136,"def":0,"spa":108,"spd":252,"spe":0},"ivs":{"hp":31,"atk":31,"def":31,"spa":31,"spd":31,"spe":31}}],"log":["|player|p1|Shining Yin|167","|player|p2|Intern Twizz|122","|gametype|singles","|gen|6","|tier|Monotype","|rated","|rule|Baton Pass Clause: Limit one Baton Passer, can't pass Spe and other stats simultaneously","|rule|Swagger Clause: Swagger is banned","|rule|Same Type Clause: Pokémon in a team must share a type","|clearpoke","|poke|p1|Zapdos","|poke|p1|Thundurus, M","|poke|p1|Rotom-Wash","|poke|p1|Magnezone","|poke|p1|Manectric, F","|poke|p1|Luxray, M, shiny","|poke|p2|Magnezone","|poke|p2|Zapdos","|poke|p2|Ampharos, F","|poke|p2|Raikou","|poke|p2|Rotom-Wash","|poke|p2|Eelektross, M","|rule|Sleep Clause Mod: Limit one foe put to sleep","|rule|Species Clause: Limit one of each Pokémon","|rule|OHKO Clause: OHKO moves are banned","|rule|Moody Clause: Moody is banned","|rule|Evasion Moves Clause: Evasion moves are banned","|rule|Endless Battle Clause: Forcing endless battles is banned","|rule|HP Percentage Mod: HP is shown in percentages","|teampreview","|","|start","|switch|p1a: Rotom-Wash|Rotom-Wash|303/303","|switch|p2a: Rotom-Wash|Rotom-Wash|241/241","|turn|1","|","|move|p2a: Rotom-Wash|Volt Switch|p1a: Rotom-Wash","|-damage|p1a: Rotom-Wash|227/303","|","|switch|p2a: Ampharos|Ampharos, F|321/321","|move|p1a: Rotom-Wash|Will-O-Wisp|p2a: Ampharos","|-status|p2a: Ampharos|brn","|","|-heal|p1a: Rotom-Wash|245/303|[from] item: Leftovers","|-damage|p2a: Ampharos|281/321 brn|[from] brn","|turn|2","|","|detailschange|p2a: Ampharos|Ampharos-Mega, F","|-mega|p2a: Ampharos|Ampharos|Ampharosite","|-ability|p2a: Ampharos|Mold Breaker","|move|p1a: Rotom-Wash|Volt Switch|p2a: Ampharos","|-resisted|p2a: Ampharos","|-damage|p2a: Ampharos|264/321 brn","|","|switch|p1a: Magnezone|Magnezone|281/281","|move|p2a: Ampharos|Cotton Guard|p2a: Ampharos","|-boost|p2a: Ampharos|def|3","|","|-damage|p2a: Ampharos|224/321 brn|[from] brn","|turn|3","|","|move|p1a: Magnezone|Volt Switch|p2a: Ampharos","|-resisted|p2a: Ampharos","|-damage|p2a: Ampharos|199/321 brn","|","|switch|p1a: Thundurus|Thundurus, M|299/299","|move|p2a: Ampharos|Rest|p2a: Ampharos","|-status|p2a: Ampharos|slp","|-heal|p2a: Ampharos|321/321 slp|[silent]","|-status|p2a: Ampharos|slp|[from] move: Rest","|","|turn|4","|","|switch|p2a: Rotom-Wash|Rotom-Wash|241/241","|move|p1a: Thundurus|Psychic|p2a: Rotom-Wash","|-damage|p2a: Rotom-Wash|128/241","|-damage|p1a: Thundurus|270/299|[from] item: Life Orb","|","|turn|5","|","|move|p2a: Rotom-Wash|Volt Switch|p1a: Thundurus","|-damage|p1a: Thundurus|137/299","|","|switch|p2a: Condom|Eelektross, M|311/311","|move|p1a: Thundurus|Discharge|p2a: Condom","|-resisted|p2a: Condom","|-damage|p2a: Condom|258/311","|-damage|p1a: Thundurus|108/299|[from] item: Life Orb","|","|turn|6","|","|move|p1a: Thundurus|Knock Off|p2a: Condom","|-damage|p2a: Condom|112/311","|-enditem|p2a: Condom|Assault Vest|[from] move: Knock Off|[of] p1a: Thundurus","|-damage|p1a: Thundurus|79/299|[from] item: Life Orb","|move|p2a: Condom|Knock Off|p1a: Thundurus","|-damage|p1a: Thundurus|0 fnt","|-enditem|p1a: Thundurus|Life Orb|[from] move: Knock Off|[of] p2a: Condom","|faint|p1a: Thundurus","|","|","|switch|p1a: Luxray|Luxray, M, shiny|301/301","|turn|7","|","|move|p1a: Luxray|Superpower|p2a: Condom","|-damage|p2a: Condom|0 fnt","|-unboost|p1a: Luxray|atk|1","|-unboost|p1a: Luxray|def|1","|faint|p2a: Condom","|","|","|switch|p2a: Zapdos|Zapdos|322/322","|-ability|p2a: Zapdos|Pressure","|turn|8","|","|switch|p1a: Zapdos|Zapdos|383/383","|-ability|p1a: Zapdos|Pressure","|move|p2a: Zapdos|Toxic|p1a: Zapdos","|-status|p1a: Zapdos|tox","|","|-damage|p1a: Zapdos|360/383 tox|[from] psn","|turn|9","|","|switch|p1a: Luxray|Luxray, M, shiny|301/301","|switch|p2a: Magnezone|Magnezone|300/300","|","|turn|10","|","|move|p2a: Magnezone|Protect|p2a: Magnezone","|-singleturn|p2a: Magnezone|Protect","|move|p1a: Luxray|Superpower|p2a: Magnezone","|-activate|p2a: Magnezone|Protect","|","|turn|11","|","|switch|p1a: Manectric|Manectric, F|281/281","|switch|p2a: Zapdos|Zapdos|322/322","|-ability|p2a: Zapdos|Pressure","|","|turn|12","|","|detailschange|p1a: Manectric|Manectric-Mega, F","|-mega|p1a: Manectric|Manectric|Manectite","|-ability|p1a: Manectric|Intimidate","|-unboost|p2a: Zapdos|atk|1","|move|p1a: Manectric|Discharge|p2a: Zapdos","|-damage|p2a: Zapdos|199/322","|move|p2a: Zapdos|Roost|p2a: Zapdos","|-heal|p2a: Zapdos|322/322","|","|turn|13","|","|move|p1a: Manectric|Discharge|p2a: Zapdos","|-crit|p2a: Zapdos","|-damage|p2a: Zapdos|120/322","|move|p2a: Zapdos|Toxic|p1a: Manectric","|-status|p1a: Manectric|tox","|","|-heal|p2a: Zapdos|140/322|[from] item: Leftovers","|-damage|p1a: Manectric|264/281 tox|[from] psn","|turn|14","|","|move|p1a: Manectric|Discharge|p2a: Zapdos","|-damage|p2a: Zapdos|22/322","|move|p2a: Zapdos|Roost|p2a: Zapdos","|-heal|p2a: Zapdos|183/322","|","|-heal|p2a: Zapdos|203/322|[from] item: Leftovers","|-damage|p1a: Manectric|230/281 tox|[from] psn","|turn|15","|","|move|p1a: Manectric|Volt Switch|p2a: Zapdos","|-damage|p2a: Zapdos|97/322","|","|switch|p1a: Luxray|Luxray, M, shiny|301/301","|move|p2a: Zapdos|Roost|p2a: Zapdos","|-heal|p2a: Zapdos|258/322","|","|-heal|p2a: Zapdos|278/322|[from] item: Leftovers","|turn|16","|","|move|p1a: Luxray|Wild Charge|p2a: Zapdos","|-damage|p2a: Zapdos|98/322","|-damage|p1a: Luxray|256/301|[from] recoil|[of] p2a: Zapdos","|move|p2a: Zapdos|Toxic|p1a: Luxray","|-status|p1a: Luxray|tox","|","|-heal|p2a: Zapdos|118/322|[from] item: Leftovers","|-damage|p1a: Luxray|238/301 tox|[from] psn","|turn|17","|","|switch|p2a: Magnezone|Magnezone|300/300","|move|p1a: Luxray|Wild Charge|p2a: Magnezone","|-resisted|p2a: Magnezone","|-damage|p2a: Magnezone|170/300","|-damage|p1a: Luxray|205/301 tox|[from] recoil|[of] p2a: Magnezone","|","|-heal|p2a: Magnezone|188/300|[from] item: Leftovers","|-damage|p1a: Luxray|169/301 tox|[from] psn","|turn|18","|","|switch|p1a: Magnezone|Magnezone|281/281","|move|p2a: Magnezone|Hidden Power|p1a: Magnezone","|-crit|p1a: Magnezone","|-resisted|p1a: Magnezone","|-damage|p1a: Magnezone|216/281","|","|-heal|p2a: Magnezone|206/300|[from] item: Leftovers","|turn|19","|","|move|p2a: Magnezone|Protect|p2a: Magnezone","|-singleturn|p2a: Magnezone|Protect","|move|p1a: Magnezone|Volt Switch|p2a: Magnezone","|-activate|p2a: Magnezone|Protect","|","|-heal|p2a: Magnezone|224/300|[from] item: Leftovers","|turn|20","|","|switch|p2a: Ampharos|Ampharos-Mega, F|321/321 slp","|-ability|p2a: Ampharos|Mold Breaker","|move|p1a: Magnezone|Volt Switch|p2a: Ampharos","|-resisted|p2a: Ampharos","|-damage|p2a: Ampharos|296/321 slp","|","|switch|p1a: Luxray|Luxray, M, shiny|169/301 tox","|","|-damage|p1a: Luxray|151/301 tox|[from] psn","|turn|21","|","|move|p1a: Luxray|Ice Fang|p2a: Ampharos","|-supereffective|p2a: Ampharos","|-damage|p2a: Ampharos|86/321 slp","|cant|p2a: Ampharos|slp","|move|p2a: Ampharos|Sleep Talk|p2a: Ampharos","|move|p2a: Ampharos|Rest|p2a: Ampharos|[from]Sleep Talk","|-fail|p2a: Ampharos","|","|-damage|p1a: Luxray|115/301 tox|[from] psn","|turn|22","|","|switch|p2a: Magnezone|Magnezone|224/300","|move|p1a: Luxray|Ice Fang|p2a: Magnezone","|-crit|p2a: Magnezone","|-resisted|p2a: Magnezone","|-damage|p2a: Magnezone|122/300","|","|-heal|p2a: Magnezone|140/300|[from] item: Leftovers","|-damage|p1a: Luxray|61/301 tox|[from] psn","|turn|23","|","|switch|p1a: Magnezone|Magnezone|216/281","|move|p2a: Magnezone|Hidden Power|p1a: Magnezone","|-resisted|p1a: Magnezone","|-damage|p1a: Magnezone|171/281","|","|-heal|p2a: Magnezone|158/300|[from] item: Leftovers","|turn|24","|","|move|p2a: Magnezone|Protect|p2a: Magnezone","|-singleturn|p2a: Magnezone|Protect","|move|p1a: Magnezone|Volt Switch|p2a: Magnezone","|-activate|p2a: Magnezone|Protect","|","|-heal|p2a: Magnezone|176/300|[from] item: Leftovers","|turn|25","|","|switch|p2a: Ampharos|Ampharos-Mega, F|86/321 slp","|-ability|p2a: Ampharos|Mold Breaker","|move|p1a: Magnezone|Volt Switch|p2a: Ampharos","|-resisted|p2a: Ampharos","|-damage|p2a: Ampharos|60/321 slp","|","|switch|p1a: Manectric|Manectric-Mega, F|230/281 tox","|-ability|p1a: Manectric|Intimidate","|-unboost|p2a: Ampharos|atk|1","|","|-damage|p1a: Manectric|213/281 tox|[from] psn","|turn|26","|","|move|p1a: Manectric|Overheat|p2a: Ampharos","|-resisted|p2a: Ampharos","|-damage|p2a: Ampharos|0 fnt","|-unboost|p1a: Manectric|spa|2","|faint|p2a: Ampharos","|","|-damage|p1a: Manectric|179/281 tox|[from] psn","|","|switch|p2a: Rotom-Wash|Rotom-Wash|128/241","|turn|27","|","|switch|p1a: Rotom-Wash|Rotom-Wash|245/303","|move|p2a: Rotom-Wash|Hydro Pump|p1a: Rotom-Wash","|-resisted|p1a: Rotom-Wash","|-damage|p1a: Rotom-Wash|180/303","|","|-heal|p1a: Rotom-Wash|198/303|[from] item: Leftovers","|turn|28","|","|switch|p2a: Raikou|Raikou|321/321","|-ability|p2a: Raikou|Pressure","|move|p1a: Rotom-Wash|Will-O-Wisp|p2a: Raikou","|-status|p2a: Raikou|brn","|","|-heal|p1a: Rotom-Wash|216/303|[from] item: Leftovers","|-damage|p2a: Raikou|281/321 brn|[from] brn","|turn|29","|","|move|p2a: Raikou|Calm Mind|p2a: Raikou","|-boost|p2a: Raikou|spa|1","|-boost|p2a: Raikou|spd|1","|move|p1a: Rotom-Wash|Volt Switch|p2a: Raikou","|-resisted|p2a: Raikou","|-damage|p2a: Raikou|254/321 brn","|","|switch|p1a: Zapdos|Zapdos|360/383 tox","|-ability|p1a: Zapdos|Pressure","|","|-heal|p2a: Raikou|274/321 brn|[from] item: Leftovers","|-heal|p1a: Zapdos|383/383 tox|[from] item: Leftovers","|-damage|p2a: Raikou|234/321 brn|[from] brn","|-damage|p1a: Zapdos|360/383 tox|[from] psn","|turn|30","|","|move|p2a: Raikou|Thunderbolt|p1a: Zapdos","|-damage|p1a: Zapdos|126/383 tox","|move|p1a: Zapdos|Roost|p1a: Zapdos","|-heal|p1a: Zapdos|318/383 tox","|","|-heal|p2a: Raikou|254/321 brn|[from] item: Leftovers","|-heal|p1a: Zapdos|341/383 tox|[from] item: Leftovers","|-damage|p2a: Raikou|214/321 brn|[from] brn","|-damage|p1a: Zapdos|295/383 tox|[from] psn","|turn|31","|","|move|p2a: Raikou|Calm Mind|p2a: Raikou","|-boost|p2a: Raikou|spa|1","|-boost|p2a: Raikou|spd|1","|move|p1a: Zapdos|Heat Wave|p2a: Raikou","|-miss|p1a: Zapdos|p2a: Raikou","|","|-heal|p2a: Raikou|234/321 brn|[from] item: Leftovers","|-heal|p1a: Zapdos|318/383 tox|[from] item: Leftovers","|-damage|p2a: Raikou|194/321 brn|[from] brn","|-damage|p1a: Zapdos|249/383 tox|[from] psn","|turn|32","|","|move|p2a: Raikou|Thunderbolt|p1a: Zapdos","|-damage|p1a: Zapdos|0 fnt","|faint|p1a: Zapdos","|","|-heal|p2a: Raikou|214/321 brn|[from] item: Leftovers","|-damage|p2a: Raikou|174/321 brn|[from] brn","|","|switch|p1a: Rotom-Wash|Rotom-Wash|216/303","|turn|33","|","|move|p2a: Raikou|Thunderbolt|p1a: Rotom-Wash","|-damage|p1a: Rotom-Wash|12/303","|move|p1a: Rotom-Wash|Pain Split|p2a: Raikou","|-sethp|p2a: Raikou|93/321 brn|p1a: Rotom-Wash|93/303|[from] move: Pain Split","|","|-heal|p2a: Raikou|113/321 brn|[from] item: Leftovers","|-heal|p1a: Rotom-Wash|111/303|[from] item: Leftovers","|-damage|p2a: Raikou|73/321 brn|[from] brn","|turn|34","|","|move|p2a: Raikou|Thunderbolt|p1a: Rotom-Wash","|-damage|p1a: Rotom-Wash|0 fnt","|faint|p1a: Rotom-Wash","|","|-heal|p2a: Raikou|93/321 brn|[from] item: Leftovers","|-damage|p2a: Raikou|53/321 brn|[from] brn","|","|switch|p1a: Magnezone|Magnezone|171/281","|turn|35","|","|move|p2a: Raikou|Thunderbolt|p1a: Magnezone","|-resisted|p1a: Magnezone","|-damage|p1a: Magnezone|0 fnt","|faint|p1a: Magnezone","|","|-heal|p2a: Raikou|73/321 brn|[from] item: Leftovers","|-damage|p2a: Raikou|33/321 brn|[from] brn","|","|switch|p1a: Manectric|Manectric-Mega, F|179/281 tox","|-ability|p1a: Manectric|Intimidate","|-unboost|p2a: Raikou|atk|1","|turn|36","|","|move|p1a: Manectric|Overheat|p2a: Raikou","|-damage|p2a: Raikou|0 fnt","|-unboost|p1a: Manectric|spa|2","|faint|p2a: Raikou","|","|-damage|p1a: Manectric|162/281 tox|[from] psn","|","|switch|p2a: Rotom-Wash|Rotom-Wash|128/241","|turn|37","|","|move|p2a: Rotom-Wash|Hydro Pump|p1a: Manectric","|-damage|p1a: Manectric|0 fnt","|faint|p1a: Manectric","|","|","|win|Intern Twizz"],"p1rating":{"entryid":"7208708","serverid":"eos","formatid":"monotype","userid":"shiningyin","username":"Shining Yin","w":"29","l":15,"t":"0","gxe":63.4,"r":"1615.7776540841","rd":"53.76280948558","sigma":"0","rptime":"1438938000","rpr":1604.7663054942,"rprd":53.29257242468,"rpsigma":"0","acre":1218.0107717235,"lacre":1218.0107717235,"oldacre":"1254.9058471083"},"p2rating":{"entryid":"7448162","serverid":"eos","formatid":"monotype","userid":"interntwizz","username":"Intern Twizz","w":4,"l":"4","t":"0","gxe":51.4,"r":"1451.5297298288","rd":"105.46575590565","sigma":"0","rptime":"1438938000","rpr":1510.8334805682,"rprd":91.761503882471,"rpsigma":"0","acre":1117.5012019522,"lacre":1117.5012019522,"oldacre":"1075.0922971135"},"endType":"forfeit"}