{"seed":[32704,59861,53331,13733],"turns":31,"p1":"MrNyanNyanz","p2":"Intern Blu98","p1team":[{"name":"Jirachi","species":"Jirachi","item":"leftovers","ability":"Serene Grace","moves":["thunderwave","ironhead","wish","stealthrock"],"nature":"Careful","evs":{"hp":252,"atk":0,"def":0,"spa":0,"spd":224,"spe":32},"ivs":{"hp":31,"atk":31,"def":31,"spa":31,"spd":31,"spe":31}},{"name":"Gardevoir","species":"Gardevoir","item":"gardevoirite","ability":"Trace","moves":["substitute","hypervoice","shadowball","psyshock"],"nature":"Timid","evs":{"hp":4,"atk":0,"def":0,"spa":252,"spd":0,"spe":252},"ivs":{"hp":31,"atk":30,"def":31,"spa":30,"spd":31,"spe":30}},{"name":"Slowbro","species":"Slowbro","item":"rockyhelmet","ability":"Regenerator","moves":["slackoff","scald","flamethrower","thunderwave"],"nature":"Bold","evs":{"hp":248,"atk":0,"def":252,"spa":8,"spd":0,"spe":0},"ivs":{"hp":31,"atk":31,"def":31,"spa":31,"spd":31,"spe":31}},{"name":"Victini","species":"Victini","item":"choicescarf","ability":"Victory Star","moves":["vcreate","boltstrike","uturn","zenheadbutt"],"nature":"Jolly","evs":{"hp":0,"atk":252,"def":0,"spa":0,"spd":4,"spe":252},"ivs":{"hp":31,"atk":31,"def":31,"spa":31,"spd":31,"spe":31}},{"name":"Hoopa-Unbound","species":"Hoopa-Unbound","item":"lifeorb","ability":"Magician","moves":["hyperspacefury","hyperspacehole","drainpunch","substitute"],"nature":"Lonely","evs":{"hp":252,"atk":252,"def":0,"spa":4,"spd":0,"spe":0},"ivs":{"hp":31,"atk":31,"def":31,"spa":31,"spd":31,"spe":31}},{"name":"Deoxys-Speed","species":"Deoxys-Speed","item":"lifeorb","ability":"Pressure","moves":["superpower","psychoboost","extremespeed","knockoff"],"nature":"Hasty","evs":{"hp":0,"atk":252,"def":0,"spa":4,"spd":0,"spe":252},"ivs":{"hp":31,"atk":31,"def":31,"spa":31,"spd":31,"spe":31}}],"p2team":[{"name":"Blitzkreig","species":"charizard","item":"charizarditey","ability":"Blaze","moves":["fireblast","solarbeam","roost","dragonpulse"],"nature":"Timid","evs":{"hp":0,"atk":0,"def":4,"spa":252,"spd":0,"spe":252},"ivs":{"hp":31,"atk":31,"def":31,"spa":31,"spd":31,"spe":31}},{"name":"Mineturtle","species":"torkoal","item":"leftovers","ability":"Shell Armor","moves":["stealthrock","lavaplume","yawn","rapidspin"],"nature":"Bold","evs":{"hp":248,"atk":0,"def":232,"spa":0,"spd":28,"spe":0},"ivs":{"hp":31,"atk":31,"def":31,"spa":31,"spd":31,"spe":31}},{"name":"Firebrows","species":"darmanitan","item":"lifeorb","ability":"Sheer Force","moves":["flareblitz","rockslide","uturn","superpower"],"nature":"Jolly","evs":{"hp":0,"atk":252,"def":0,"spa":0,"spd":4,"spe":252},"ivs":{"hp":31,"atk":31,"def":31,"spa":31,"spd":31,"spe":31}},{"name":"Furnace Boiiii","species":"rotomheat","item":"leftovers","ability":"Levitate","moves":["willowisp","painsplit","overheat","voltswitch"],"nature":"Bold","evs":{"hp":252,"atk":0,"def":128,"spa":0,"spd":128,"spe":0},"ivs":{"hp":31,"atk":30,"def":30,"spa":31,"spd":31,"spe":31}},{"name":"Ears","species":"victini","item":"choicescarf","ability":"Victory Star","moves":["vcreate","boltstrike","uturn","zenheadbutt"],"nature":"Jolly","evs":{"hp":4,"atk":252,"def":0,"spa":0,"spd":0,"spe":252},"ivs":{"hp":31,"atk":31,"def":31,"spa":31,"spd":31,"spe":31}},{"name":"Iron Man","species":"heatran","item":"airballoon","ability":"Flash Fire","moves":["lavaplume","flashcannon","protect","toxic"],"nature":"Calm","evs":{"hp":248,"atk":0,"def":0,"spa":8,"spd":252,"spe":0},"ivs":{"hp":31,"atk":31,"def":31,"spa":31,"spd":31,"spe":31}}],"log":["|player|p1|MrNyanNyanz|mrnyannyanz.png","|player|p2|Intern Blu98|1","|gametype|singles","|gen|6","|tier|Monotype","|rated","|rule|Baton Pass Clause: Limit one Baton Passer, can't pass Spe and other stats simultaneously","|rule|Swagger Clause: Swagger is banned","|rule|Same Type Clause: Pokémon in a team must share a type","|clearpoke","|poke|p1|Jirachi","|poke|p1|Gardevoir, M","|poke|p1|Slowbro, F","|poke|p1|Victini","|poke|p1|Hoopa-Unbound","|poke|p1|Deoxys-Speed","|poke|p2|Charizard, F","|poke|p2|Torkoal, M","|poke|p2|Darmanitan, M","|poke|p2|Rotom-Heat","|poke|p2|Victini","|poke|p2|Heatran, F","|rule|Sleep Clause Mod: Limit one foe put to sleep","|rule|Species Clause: Limit one of each Pokémon","|rule|OHKO Clause: OHKO moves are banned","|rule|Moody Clause: Moody is banned","|rule|Evasion Moves Clause: Evasion moves are banned","|rule|Endless Battle Clause: Forcing endless battles is banned","|rule|HP Percentage Mod: HP is shown in percentages","|teampreview","|","|start","|switch|p1a: Slowbro|Slowbro, F|393/393","|switch|p2a: Furnace Boiiii|Rotom-Heat|304/304","|turn|1","|","|switch|p1a: Hoopa-Unbound|Hoopa-Unbound|364/364","|move|p2a: Furnace Boiiii|Volt Switch|p1a: Hoopa-Unbound","|-damage|p1a: Hoopa-Unbound|289/364","|","|switch|p2a: Firebrows|Darmanitan, M|351/351","|","|turn|2","|","|switch|p1a: Slowbro|Slowbro, F|393/393","|move|p2a: Firebrows|U-turn|p1a: Slowbro","|-supereffective|p1a: Slowbro","|-damage|p1a: Slowbro|245/393","|-damage|p2a: Firebrows|293/351|[from] item: Rocky Helmet|[of] p1a: Slowbro","|-damage|p2a: Firebrows|258/351|[from] item: Life Orb","|","|switch|p2a: Furnace Boiiii|Rotom-Heat|304/304","|","|turn|3","|","|switch|p1a: Jirachi|Jirachi|404/404","|move|p2a: Furnace Boiiii|Will-O-Wisp|p1a: Jirachi","|-status|p1a: Jirachi|brn","|","|-damage|p1a: Jirachi|354/404 brn|[from] brn","|turn|4","|","|move|p1a: Jirachi|Stealth Rock|p2a: Furnace Boiiii","|-sidestart|p2: Intern Blu98|move: Stealth Rock","|move|p2a: Furnace Boiiii|Overheat|p1a: Jirachi|[miss]","|-miss|p2a: Furnace Boiiii|p1a: Jirachi","|","|-heal|p1a: Jirachi|379/404 brn|[from] item: Leftovers","|-damage|p1a: Jirachi|329/404 brn|[from] brn","|turn|5","|","|move|p1a: Jirachi|Wish|p1a: Jirachi","|move|p2a: Furnace Boiiii|Overheat|p1a: Jirachi","|-supereffective|p1a: Jirachi","|-damage|p1a: Jirachi|105/404 brn","|-unboost|p2a: Furnace Boiiii|spa|2","|","|-heal|p1a: Jirachi|130/404 brn|[from] item: Leftovers","|-damage|p1a: Jirachi|80/404 brn|[from] brn","|turn|6","|","|switch|p1a: Hoopa-Unbound|Hoopa-Unbound|289/364","|move|p2a: Furnace Boiiii|Volt Switch|p1a: Hoopa-Unbound","|-damage|p1a: Hoopa-Unbound|255/364","|","|switch|p2a: Mineturtle|Torkoal, M|343/343","|-damage|p2a: Mineturtle|258/343|[from] Stealth Rock","|","|-heal|p1a: Hoopa-Unbound|364/364|[from] move: Wish|[wisher] Jirachi","|-heal|p2a: Mineturtle|279/343|[from] item: Leftovers","|turn|7","|","|move|p1a: Hoopa-Unbound|Substitute|p1a: Hoopa-Unbound","|-start|p1a: Hoopa-Unbound|Substitute","|-damage|p1a: Hoopa-Unbound|273/364","|move|p2a: Mineturtle|Stealth Rock|p1a: Hoopa-Unbound","|-sidestart|p1: MrNyanNyanz|move: Stealth Rock","|","|-heal|p2a: Mineturtle|300/343|[from] item: Leftovers","|turn|8","|","|move|p1a: Hoopa-Unbound|Hyperspace Hole|p2a: Mineturtle","|-damage|p2a: Mineturtle|50/343","|-damage|p1a: Hoopa-Unbound|237/364|[from] item: Life Orb","|move|p2a: Mineturtle|Rapid Spin|p1a: Hoopa-Unbound","|-activate|p1a: Hoopa-Unbound|Substitute|[damage]","|-sideend|p2: Intern Blu98|Stealth Rock|[from] move: Rapid Spin|[of] p2a: Mineturtle","|","|-heal|p2a: Mineturtle|71/343|[from] item: Leftovers","|turn|9","|","|switch|p2a: Firebrows|Darmanitan, M|258/351","|move|p1a: Hoopa-Unbound|Drain Punch|p2a: Firebrows","|-damage|p2a: Firebrows|21/351","|-heal|p1a: Hoopa-Unbound|356/364|[from] drain|[of] p2a: Firebrows","|-damage|p1a: Hoopa-Unbound|320/364|[from] item: Life Orb","|","|turn|10","|","|move|p2a: Firebrows|U-turn|p1a: Hoopa-Unbound","|-supereffective|p1a: Hoopa-Unbound","|-end|p1a: Hoopa-Unbound|Substitute","|-damage|p2a: Firebrows|0 fnt|[from] item: Life Orb","|faint|p2a: Firebrows","|move|p1a: Hoopa-Unbound|Hyperspace Hole|p2: Firebrows|[notarget]","|-notarget","|","|","|switch|p2a: Ears|Victini|342/342","|turn|11","|","|switch|p1a: Jirachi|Jirachi|80/404 brn","|-damage|p1a: Jirachi|55/404 brn|[from] Stealth Rock","|move|p2a: Ears|U-turn|p1a: Jirachi","|-damage|p1a: Jirachi|0 fnt","|faint|p1a: Jirachi","|","|switch|p2a: Furnace Boiiii|Rotom-Heat|304/304","|","|","|switch|p1a: Gardevoir|Gardevoir, M|278/278","|-damage|p1a: Gardevoir|244/278|[from] Stealth Rock","|-ability|p1a: Gardevoir|Levitate|[from] ability: Trace|[of] p2a: Furnace Boiiii","|turn|12","|","|detailschange|p1a: Gardevoir|Gardevoir-Mega, M","|-mega|p1a: Gardevoir|Gardevoir|Gardevoirite","|move|p1a: Gardevoir|Substitute|p1a: Gardevoir","|-start|p1a: Gardevoir|Substitute","|-damage|p1a: Gardevoir|175/278","|move|p2a: Furnace Boiiii|Will-O-Wisp|p1a: Gardevoir|[miss]","|-miss|p2a: Furnace Boiiii|p1a: Gardevoir","|","|turn|13","|","|move|p1a: Gardevoir|Psyshock|p2a: Furnace Boiiii","|-damage|p2a: Furnace Boiiii|174/304","|move|p2a: Furnace Boiiii|Volt Switch|p1a: Gardevoir","|-activate|p1a: Gardevoir|Substitute|[damage]","|","|switch|p2a: Iron Man|Heatran, F|385/385","|-item|p2a: Iron Man|Air Balloon","|","|turn|14","|","|move|p1a: Gardevoir|Shadow Ball|p2a: Iron Man","|-damage|p2a: Iron Man|302/385","|-enditem|p2a: Iron Man|Air Balloon","|move|p2a: Iron Man|Flash Cannon|p1a: Gardevoir","|-supereffective|p1a: Gardevoir","|-end|p1a: Gardevoir|Substitute","|","|turn|15","|","|switch|p1a: Slowbro|Slowbro, F|376/393","|-damage|p1a: Slowbro|327/393|[from] Stealth Rock","|move|p2a: Iron Man|Flash Cannon|p1a: Slowbro","|-resisted|p1a: Slowbro","|-damage|p1a: Slowbro|261/393","|","|turn|16","|","|switch|p2a: Mineturtle|Torkoal, M|71/343","|move|p1a: Slowbro|Scald|p2a: Mineturtle","|-supereffective|p2a: Mineturtle","|-damage|p2a: Mineturtle|0 fnt","|faint|p2a: Mineturtle","|","|","|switch|p2a: Furnace Boiiii|Rotom-Heat|174/304","|turn|17","|","|switch|p1a: Gardevoir|Gardevoir-Mega, M|175/278","|-damage|p1a: Gardevoir|141/278|[from] Stealth Rock","|move|p2a: Furnace Boiiii|Will-O-Wisp|p1a: Gardevoir","|-status|p1a: Gardevoir|brn","|","|-heal|p2a: Furnace Boiiii|193/304|[from] item: Leftovers","|-damage|p1a: Gardevoir|107/278 brn|[from] brn","|turn|18","|","|move|p1a: Gardevoir|Shadow Ball|p2a: Furnace Boiiii","|-crit|p2a: Furnace Boiiii","|-damage|p2a: Furnace Boiiii|61/304","|move|p2a: Furnace Boiiii|Overheat|p1a: Gardevoir","|-damage|p1a: Gardevoir|0 fnt","|-unboost|p2a: Furnace Boiiii|spa|2","|faint|p1a: Gardevoir","|","|-heal|p2a: Furnace Boiiii|80/304|[from] item: Leftovers","|","|switch|p1a: Deoxys-Speed|Deoxys-Speed|241/241","|-damage|p1a: Deoxys-Speed|211/241|[from] Stealth Rock","|-ability|p1a: Deoxys-Speed|Pressure","|turn|19","|","|move|p1a: Deoxys-Speed|Knock Off|p2a: Furnace Boiiii","|-crit|p2a: Furnace Boiiii","|-damage|p2a: Furnace Boiiii|0 fnt","|-enditem|p2a: Furnace Boiiii|Leftovers|[from] move: Knock Off|[of] p1a: Deoxys-Speed","|-damage|p1a: Deoxys-Speed|187/241|[from] item: Life Orb","|faint|p2a: Furnace Boiiii","|","|","|switch|p2a: Iron Man|Heatran, F|302/385","|turn|20","|","|switch|p1a: Slowbro|Slowbro, F|392/393","|-damage|p1a: Slowbro|343/393|[from] Stealth Rock","|move|p2a: Iron Man|Toxic|p1a: Slowbro","|-status|p1a: Slowbro|tox","|","|-damage|p1a: Slowbro|319/393 tox|[from] psn","|turn|21","|","|move|p2a: Iron Man|Protect|p2a: Iron Man","|-singleturn|p2a: Iron Man|Protect","|move|p1a: Slowbro|Scald|p2a: Iron Man","|-activate|p2a: Iron Man|Protect","|","|-damage|p1a: Slowbro|271/393 tox|[from] psn","|turn|22","|","|switch|p2a: Blitzkreig|Charizard, F|297/297","|move|p1a: Slowbro|Thunder Wave|p2a: Blitzkreig","|-status|p2a: Blitzkreig|par","|","|-damage|p1a: Slowbro|199/393 tox|[from] psn","|turn|23","|","|detailschange|p2a: Blitzkreig|Charizard-Mega-Y, F","|-mega|p2a: Blitzkreig|Charizard|Charizardite Y","|-weather|SunnyDay","|move|p1a: Slowbro|Scald|p2a: Blitzkreig","|-supereffective|p2a: Blitzkreig","|-damage|p2a: Blitzkreig|207/297 par","|move|p2a: Blitzkreig|Solar Beam|p1a: Slowbro|[still]","|-prepare|p2a: Blitzkreig|Solar Beam|p1a: Slowbro","|-anim|p2a: Blitzkreig|Solar Beam|p1a: Slowbro","|-supereffective|p1a: Slowbro","|-damage|p1a: Slowbro|0 fnt","|faint|p1a: Slowbro","|","|-weather|SunnyDay|[upkeep]","|","|switch|p1a: Deoxys-Speed|Deoxys-Speed|187/241","|-damage|p1a: Deoxys-Speed|157/241|[from] Stealth Rock","|-ability|p1a: Deoxys-Speed|Pressure","|turn|24","|","|move|p1a: Deoxys-Speed|Psycho Boost|p2a: Blitzkreig","|-damage|p2a: Blitzkreig|26/297 par","|-unboost|p1a: Deoxys-Speed|spa|2","|-damage|p1a: Deoxys-Speed|133/241|[from] item: Life Orb","|move|p2a: Blitzkreig|Fire Blast|p1a: Deoxys-Speed","|-damage|p1a: Deoxys-Speed|0 fnt","|faint|p1a: Deoxys-Speed","|","|-weather|SunnyDay|[upkeep]","|","|switch|p1a: Hoopa-Unbound|Hoopa-Unbound|320/364","|-damage|p1a: Hoopa-Unbound|275/364|[from] Stealth Rock","|turn|25","|","|move|p1a: Hoopa-Unbound|Substitute|p1a: Hoopa-Unbound","|-start|p1a: Hoopa-Unbound|Substitute","|-damage|p1a: Hoopa-Unbound|184/364","|move|p2a: Blitzkreig|Roost|p2a: Blitzkreig","|-heal|p2a: Blitzkreig|175/297 par","|","|-weather|SunnyDay|[upkeep]","|turn|26","|","|move|p1a: Hoopa-Unbound|Hyperspace Fury|p2a: Blitzkreig","|-damage|p2a: Blitzkreig|0 fnt","|-unboost|p1a: Hoopa-Unbound|def|1","|-damage|p1a: Hoopa-Unbound|148/364|[from] item: Life Orb","|faint|p2a: Blitzkreig","|","|-weather|SunnyDay|[upkeep]","|","|switch|p2a: Iron Man|Heatran, F|302/385","|turn|27","|","|move|p1a: Hoopa-Unbound|Drain Punch|p2a: Iron Man","|-supereffective|p2a: Iron Man","|-damage|p2a: Iron Man|37/385","|-heal|p1a: Hoopa-Unbound|281/364|[from] drain|[of] p2a: Iron Man","|-damage|p1a: Hoopa-Unbound|245/364|[from] item: Life Orb","|move|p2a: Iron Man|Lava Plume|p1a: Hoopa-Unbound","|-end|p1a: Hoopa-Unbound|Substitute","|","|-weather|none","|turn|28","|","|move|p1a: Hoopa-Unbound|Hyperspace Fury|p2a: Iron Man","|-damage|p2a: Iron Man|0 fnt","|-unboost|p1a: Hoopa-Unbound|def|1","|-damage|p1a: Hoopa-Unbound|209/364|[from] item: Life Orb","|faint|p2a: Iron Man","|","|","|switch|p2a: Ears|Victini|342/342","|turn|29","|","|move|p2a: Ears|Bolt Strike|p1a: Hoopa-Unbound","|-damage|p1a: Hoopa-Unbound|0 fnt","|faint|p1a: Hoopa-Unbound","|","|","|switch|p1a: Victini|Victini|341/341","|-damage|p1a: Victini|256/341|[from] Stealth Rock","|turn|30","|","|move|p2a: Ears|Bolt Strike|p1a: Victini","|-crit|p1a: Victini","|-damage|p1a: Victini|55/341","|move|p1a: Victini|Bolt Strike|p2a: Ears","|-damage|p2a: Ears|202/342","|","|turn|31","|","|move|p2a: Ears|Bolt Strike|p1a: Victini","|-damage|p1a: Victini|0 fnt","|faint|p1a: Victini","|","|win|Intern Blu98"],"p1rating":{"entryid":"6703862","serverid":"eos","formatid":"monotype","userid":"mrnyannyanz","username":"MrNyanNyanz","w":"69","l":58,"t":"0","gxe":54.1,"r":"1521.8340019731","rd":"33.393445619211","sigma":"0","rptime":"1438938000","rpr":1530.7656534871,"rprd":32.365163345423,"rpsigma":"0","acre":1156.9425591448,"lacre":1156.9425591448,"oldacre":"1189.9050514034"},"p2rating":{"entryid":"7271227","serverid":"eos","formatid":"monotype","userid":"internblu98","username":"Intern Blu98","w":5,"l":"6","t":"0","gxe":44.3,"r":1428.6260975549,"rd":88.399764038179,"sigma":"0","rptime":1438938000,"rpr":1455.2344683188,"rprd":85.874824780319,"rpsigma":"0","acre":1113.1150126529,"lacre":1113.1150126529,"oldacre":"1075.2594615519"},"endType":"normal"}