{"seed":[0,10715,39163,40902],"turns":25,"p1":"KGBeast","p2":"IV HairyChild","p1team":[{"name":"Excadrill","species":"Excadrill","item":"leftovers","ability":"Mold Breaker","moves":["ironhead","earthquake","rapidspin","toxic"],"nature":"Careful","evs":{"hp":252,"atk":0,"def":0,"spa":0,"spd":252,"spe":4},"ivs":{"hp":31,"atk":31,"def":31,"spa":31,"spd":31,"spe":31}},{"name":"Camerupt","species":"Camerupt","item":"cameruptite","ability":"Solid Rock","moves":["willowisp","flamethrower","earthpower","ancientpower"],"nature":"Modest","evs":{"hp":168,"atk":0,"def":0,"spa":252,"spd":0,"spe":88},"ivs":{"hp":31,"atk":0,"def":31,"spa":31,"spd":31,"spe":31}},{"name":"Landorus","species":"Landorus","item":"lifeorb","ability":"Sheer Force","moves":["earthpower","sludgewave","substitute","gravity"],"nature":"Modest","evs":{"hp":0,"atk":0,"def":4,"spa":252,"spd":0,"spe":252},"ivs":{"hp":31,"atk":0,"def":31,"spa":31,"spd":31,"spe":31}},{"name":"Garchomp","species":"Garchomp","item":"rockyhelmet","ability":"Rough Skin","moves":["stealthrock","earthquake","dragontail","rest"],"nature":"Impish","evs":{"hp":252,"atk":0,"def":252,"spa":0,"spd":0,"spe":4},"ivs":{"hp":31,"atk":31,"def":31,"spa":31,"spd":31,"spe":31}},{"name":"Diggersby","species":"Diggersby","item":"choiceband","ability":"Huge Power","moves":["return","earthquake","knockoff","quickattack"],"nature":"Adamant","evs":{"hp":0,"atk":252,"def":4,"spa":0,"spd":0,"spe":252},"ivs":{"hp":31,"atk":31,"def":31,"spa":31,"spd":31,"spe":31}},{"name":"Gastrodon","species":"Gastrodon","item":"leftovers","ability":"Storm Drain","moves":["scald","earthquake","toxic","recover"],"nature":"Sassy","evs":{"hp":252,"atk":4,"def":0,"spa":0,"spd":252,"spe":0},"ivs":{"hp":31,"atk":31,"def":31,"spa":31,"spd":31,"spe":31}}],"p2team":[{"name":"Cancer bulk","species":"chansey","item":"eviolite","ability":"Natural Cure","moves":["toxic","stealthrock","wish","seismictoss"],"nature":"Bold","evs":{"hp":128,"atk":0,"def":252,"spa":0,"spd":128,"spe":0},"ivs":{"hp":31,"atk":31,"def":31,"spa":31,"spd":31,"spe":31}},{"name":"Cancer mega","species":"lopunny","item":"lopunnite","ability":"Limber","moves":["highjumpkick","substitute","poweruppunch","return"],"nature":"Jolly","evs":{"hp":0,"atk":252,"def":0,"spa":0,"spd":4,"spe":252},"shiny":true,"ivs":{"hp":31,"atk":31,"def":31,"spa":31,"spd":31,"spe":31}},{"name":"Cancer Bird","species":"staraptor","item":"leftovers","ability":"Intimidate","moves":["bravebird","featherdance","roost","defog"],"nature":"Impish","evs":{"hp":252,"atk":0,"def":176,"spa":0,"spd":80,"spe":0},"ivs":{"hp":31,"atk":31,"def":31,"spa":31,"spd":31,"spe":31}},{"name":"Cancer Specs","species":"meloetta","item":"choicespecs","ability":"Serene Grace","moves":["psychic","focusblast","thunderbolt","shadowball"],"nature":"Modest","evs":{"hp":8,"atk":0,"def":0,"spa":252,"spd":8,"spe":240},"ivs":{"hp":31,"atk":31,"def":31,"spa":31,"spd":31,"spe":31}},{"name":"Cancer transform","species":"ditto","item":"choicescarf","ability":"Imposter","moves":["transform"],"nature":"Bold","evs":{"hp":248,"atk":0,"def":252,"spa":0,"spd":8,"spe":0},"ivs":{"hp":31,"atk":31,"def":31,"spa":31,"spd":31,"spe":31}},{"name":"Cancer orb","species":"diggersby","item":"lifeorb","ability":"Huge Power","moves":["return","earthquake","quickattack","swordsdance"],"nature":"Jolly","evs":{"hp":0,"atk":252,"def":4,"spa":0,"spd":0,"spe":252},"shiny":true,"ivs":{"hp":31,"atk":31,"def":31,"spa":31,"spd":31,"spe":31}}],"log":["|player|p1|KGBeast|kgbeast.png","|player|p2|IV HairyChild|293","|gametype|singles","|gen|6","|tier|Monotype","|rated","|rule|Baton Pass Clause: Limit one Baton Passer, can't pass Spe and other stats simultaneously","|rule|Swagger Clause: Swagger is banned","|rule|Same Type Clause: Pokémon in a team must share a type","|clearpoke","|poke|p1|Excadrill, F","|poke|p1|Camerupt, M","|poke|p1|Landorus, M","|poke|p1|Garchomp, M","|poke|p1|Diggersby, M","|poke|p1|Gastrodon, F","|poke|p2|Chansey, F","|poke|p2|Lopunny, M, shiny","|poke|p2|Staraptor, F","|poke|p2|Meloetta","|poke|p2|Ditto","|poke|p2|Diggersby, M, shiny","|rule|Sleep Clause Mod: Limit one foe put to sleep","|rule|Species Clause: Limit one of each Pokémon","|rule|OHKO Clause: OHKO moves are banned","|rule|Moody Clause: Moody is banned","|rule|Evasion Moves Clause: Evasion moves are banned","|rule|Endless Battle Clause: Forcing endless battles is banned","|rule|HP Percentage Mod: HP is shown in percentages","|teampreview","|","|start","|switch|p1a: Diggersby|Diggersby, M|311/311","|switch|p2a: Cancer bulk|Chansey, F|673/673","|turn|1","|","|move|p1a: Diggersby|Return|p2a: Cancer bulk","|-damage|p2a: Cancer bulk|204/673","|move|p2a: Cancer bulk|Toxic|p1a: Diggersby","|-status|p1a: Diggersby|tox","|","|-damage|p1a: Diggersby|292/311 tox|[from] psn","|turn|2","|","|switch|p2a: Cancer Bird|Staraptor, F|374/374","|-ability|p2a: Cancer Bird|Intimidate","|-unboost|p1a: Diggersby|atk|1","|move|p1a: Diggersby|Return|p2a: Cancer Bird","|-damage|p2a: Cancer Bird|157/374","|","|-heal|p2a: Cancer Bird|180/374|[from] item: Leftovers","|-damage|p1a: Diggersby|254/311 tox|[from] psn","|turn|3","|","|switch|p2a: Cancer bulk|Chansey, F|204/673","|move|p1a: Diggersby|Return|p2a: Cancer bulk","|-damage|p2a: Cancer bulk|0 fnt","|faint|p2a: Cancer bulk","|","|-damage|p1a: Diggersby|197/311 tox|[from] psn","|","|switch|p2a: Cancer Bird|Staraptor, F|180/374","|-ability|p2a: Cancer Bird|Intimidate","|-unboost|p1a: Diggersby|atk|1","|turn|4","|","|switch|p1a: Excadrill|Excadrill, F|424/424","|-ability|p1a: Excadrill|Mold Breaker","|move|p2a: Cancer Bird|Brave Bird|p1a: Excadrill","|-resisted|p1a: Excadrill","|-damage|p1a: Excadrill|304/424","|-damage|p2a: Cancer Bird|140/374|[from] recoil|[of] p1a: Excadrill","|","|-heal|p2a: Cancer Bird|163/374|[from] item: Leftovers","|-heal|p1a: Excadrill|330/424|[from] item: Leftovers","|turn|5","|","|move|p2a: Cancer Bird|Feather Dance|p1a: Excadrill","|-unboost|p1a: Excadrill|atk|2","|move|p1a: Excadrill|Iron Head|p2a: Cancer Bird","|-damage|p2a: Cancer Bird|103/374","|","|-heal|p2a: Cancer Bird|126/374|[from] item: Leftovers","|-heal|p1a: Excadrill|356/424|[from] item: Leftovers","|turn|6","|","|move|p2a: Cancer Bird|Roost|p2a: Cancer Bird","|-heal|p2a: Cancer Bird|313/374","|move|p1a: Excadrill|Toxic|p2a: Cancer Bird","|-status|p2a: Cancer Bird|tox","|","|-heal|p2a: Cancer Bird|336/374 tox|[from] item: Leftovers","|-heal|p1a: Excadrill|382/424|[from] item: Leftovers","|-damage|p2a: Cancer Bird|313/374 tox|[from] psn","|turn|7","|","|switch|p2a: Cancer mega|Lopunny, M, shiny|271/271","|move|p1a: Excadrill|Iron Head|p2a: Cancer mega","|-damage|p2a: Cancer mega|196/271","|","|-heal|p1a: Excadrill|408/424|[from] item: Leftovers","|turn|8","|","|switch|p1a: Garchomp|Garchomp, M|420/420","|detailschange|p2a: Cancer mega|Lopunny-Mega, M, shiny","|-mega|p2a: Cancer mega|Lopunny|Lopunnite","|move|p2a: Cancer mega|Substitute|p2a: Cancer mega","|-start|p2a: Cancer mega|Substitute","|-damage|p2a: Cancer mega|129/271","|","|turn|9","|","|move|p2a: Cancer mega|Power-Up Punch|p1a: Garchomp","|-damage|p1a: Garchomp|363/420","|-damage|p2a: Cancer mega|96/271|[from] ability: Rough Skin|[of] p1a: Garchomp","|-damage|p2a: Cancer mega|51/271|[from] item: Rocky Helmet|[of] p1a: Garchomp","|-boost|p2a: Cancer mega|atk|1","|move|p1a: Garchomp|Earthquake|p2a: Cancer mega","|-end|p2a: Cancer mega|Substitute","|","|turn|10","|","|move|p2a: Cancer mega|High Jump Kick|p1a: Garchomp","|-damage|p1a: Garchomp|113/420","|-damage|p2a: Cancer mega|18/271|[from] ability: Rough Skin|[of] p1a: Garchomp","|-damage|p2a: Cancer mega|0 fnt|[from] item: Rocky Helmet|[of] p1a: Garchomp","|faint|p2a: Cancer mega","|move|p1a: Garchomp|Stealth Rock|p2: Cancer mega","|-sidestart|p2: IV HairyChild|move: Stealth Rock","|","|","|switch|p2a: Cancer transform|Ditto|299/299","|-damage|p2a: Cancer transform|262/299|[from] Stealth Rock","|-transform|p2a: Cancer transform|p1a: Garchomp","|turn|11","|","|move|p1a: Garchomp|Rest|p1a: Garchomp","|-status|p1a: Garchomp|slp","|-heal|p1a: Garchomp|420/420 slp|[silent]","|-status|p1a: Garchomp|slp|[from] move: Rest","|move|p2a: Cancer transform|Dragon Tail|p1a: Garchomp","|-supereffective|p1a: Garchomp","|-damage|p1a: Garchomp|294/420 slp","|-damage|p2a: Cancer transform|225/299|[from] ability: Rough Skin|[of] p1a: Garchomp","|-damage|p2a: Cancer transform|176/299|[from] item: Rocky Helmet|[of] p1a: Garchomp","|drag|p1a: Diggersby|Diggersby, M|197/311 tox","|","|-damage|p1a: Diggersby|178/311 tox|[from] psn","|turn|12","|","|move|p1a: Diggersby|Earthquake|p2a: Cancer transform","|-damage|p2a: Cancer transform|0 fnt","|faint|p2a: Cancer transform","|","|-damage|p1a: Diggersby|140/311 tox|[from] psn","|","|switch|p2a: Cancer orb|Diggersby, M, shiny|311/311","|-damage|p2a: Cancer orb|292/311|[from] Stealth Rock","|turn|13","|","|switch|p1a: Garchomp|Garchomp, M|294/420 slp","|move|p2a: Cancer orb|Quick Attack|p1a: Garchomp","|-damage|p1a: Garchomp|211/420 slp","|-damage|p2a: Cancer orb|254/311|[from] ability: Rough Skin|[of] p1a: Garchomp","|-damage|p2a: Cancer orb|203/311|[from] item: Rocky Helmet|[of] p1a: Garchomp","|-damage|p2a: Cancer orb|172/311|[from] item: Life Orb","|","|turn|14","|","|switch|p1a: Landorus|Landorus, M|319/319","|move|p2a: Cancer orb|Swords Dance|p2a: Cancer orb","|-boost|p2a: Cancer orb|atk|2","|","|turn|15","|","|switch|p1a: Garchomp|Garchomp, M|211/420 slp","|move|p2a: Cancer orb|Quick Attack|p1a: Garchomp","|-damage|p1a: Garchomp|59/420 slp","|-damage|p2a: Cancer orb|134/311|[from] ability: Rough Skin|[of] p1a: Garchomp","|-damage|p2a: Cancer orb|83/311|[from] item: Rocky Helmet|[of] p1a: Garchomp","|-damage|p2a: Cancer orb|52/311|[from] item: Life Orb","|","|turn|16","|","|move|p2a: Cancer orb|Quick Attack|p1a: Garchomp","|-damage|p1a: Garchomp|0 fnt","|-damage|p2a: Cancer orb|14/311|[from] ability: Rough Skin|[of] p1a: Garchomp","|-damage|p2a: Cancer orb|0 fnt|[from] item: Rocky Helmet|[of] p1a: Garchomp","|faint|p2a: Cancer orb","|faint|p1a: Garchomp","|","|","|switch|p2a: Cancer Specs|Meloetta|343/343","|switch|p1a: Excadrill|Excadrill, F|408/424","|-damage|p2a: Cancer Specs|301/343|[from] Stealth Rock","|-ability|p1a: Excadrill|Mold Breaker","|turn|17","|","|switch|p1a: Gastrodon|Gastrodon, F|426/426","|move|p2a: Cancer Specs|Psychic|p1a: Gastrodon","|-damage|p1a: Gastrodon|227/426","|","|-heal|p1a: Gastrodon|253/426|[from] item: Leftovers","|turn|18","|","|move|p2a: Cancer Specs|Psychic|p1a: Gastrodon","|-damage|p1a: Gastrodon|28/426","|-unboost|p1a: Gastrodon|spd|1","|move|p1a: Gastrodon|Recover|p1a: Gastrodon","|-heal|p1a: Gastrodon|241/426","|","|-heal|p1a: Gastrodon|267/426|[from] item: Leftovers","|turn|19","|","|switch|p1a: Excadrill|Excadrill, F|408/424","|-ability|p1a: Excadrill|Mold Breaker","|move|p2a: Cancer Specs|Psychic|p1a: Excadrill","|-resisted|p1a: Excadrill","|-damage|p1a: Excadrill|288/424","|","|-heal|p1a: Excadrill|314/424|[from] item: Leftovers","|turn|20","|","|switch|p2a: Cancer Bird|Staraptor, F|313/374 tox","|-damage|p2a: Cancer Bird|220/374 tox|[from] Stealth Rock","|-ability|p2a: Cancer Bird|Intimidate","|-unboost|p1a: Excadrill|atk|1","|move|p1a: Excadrill|Iron Head|p2a: Cancer Bird","|-damage|p2a: Cancer Bird|136/374 tox","|","|-heal|p2a: Cancer Bird|159/374 tox|[from] item: Leftovers","|-heal|p1a: Excadrill|340/424|[from] item: Leftovers","|-damage|p2a: Cancer Bird|136/374 tox|[from] psn","|turn|21","|","|move|p2a: Cancer Bird|Feather Dance|p1a: Excadrill","|-unboost|p1a: Excadrill|atk|2","|move|p1a: Excadrill|Iron Head|p2a: Cancer Bird","|-damage|p2a: Cancer Bird|93/374 tox","|","|-heal|p2a: Cancer Bird|116/374 tox|[from] item: Leftovers","|-heal|p1a: Excadrill|366/424|[from] item: Leftovers","|-damage|p2a: Cancer Bird|70/374 tox|[from] psn","|turn|22","|","|switch|p1a: Diggersby|Diggersby, M|140/311 tox","|move|p2a: Cancer Bird|Brave Bird|p1a: Diggersby","|-damage|p1a: Diggersby|0 fnt","|-damage|p2a: Cancer Bird|24/374 tox|[from] recoil|[of] p1a: Diggersby","|faint|p1a: Diggersby","|","|-heal|p2a: Cancer Bird|47/374 tox|[from] item: Leftovers","|-damage|p2a: Cancer Bird|0 fnt|[from] psn","|faint|p2a: Cancer Bird","|","|switch|p2a: Cancer Specs|Meloetta|301/343","|switch|p1a: Excadrill|Excadrill, F|366/424","|-damage|p2a: Cancer Specs|259/343|[from] Stealth Rock","|-ability|p1a: Excadrill|Mold Breaker","|turn|23","|","|move|p2a: Cancer Specs|Focus Blast|p1a: Excadrill","|-supereffective|p1a: Excadrill","|-damage|p1a: Excadrill|0 fnt","|faint|p1a: Excadrill","|","|","|switch|p1a: Landorus|Landorus, M|319/319","|turn|24","|","|move|p1a: Landorus|Earth Power|p2a: Cancer Specs","|-damage|p2a: Cancer Specs|41/343","|move|p2a: Cancer Specs|Focus Blast|p1a: Landorus|[miss]","|-miss|p2a: Cancer Specs|p1a: Landorus","|","|turn|25","|","|win|KGBeast"],"p1rating":{"entryid":"6349485","serverid":"eos","formatid":"monotype","userid":"kgbeast","username":"KGBeast","w":60,"l":"27","t":"0","gxe":67.7,"r":"1636.5642975851","rd":"41.975700287194","sigma":"0","rptime":"1438938000","rpr":1640.2100700876,"rprd":41.71474811059,"rpsigma":"0","acre":1345.1973166579,"lacre":1345.1973166579,"oldacre":"1338.1705600383"},"p2rating":{"entryid":"7396689","serverid":"eos","formatid":"monotype","userid":"ivhairychild","username":"IV HairyChild","w":"4","l":4,"t":"0","gxe":49.3,"r":"1548.4649853839","rd":"98.368135664266","sigma":"0","rptime":"1438938000","rpr":1494.1921879667,"rprd":92.505706604249,"rpsigma":"0","acre":1062.4260979984,"lacre":1062.4260979984,"oldacre":"1069.6078573514"},"endType":"forfeit"}