{"seed":[36438,55816,64695,48929],"turns":28,"p1":"Vin Sythraxx","p2":"Topaz~Pikel","p1team":[{"name":"Diancie","species":"Diancie","item":"diancite","ability":"Clear Body","moves":["moonblast","calmmind","diamondstorm","earthpower"],"nature":"Hasty","evs":{"hp":0,"atk":128,"def":0,"spa":128,"spd":0,"spe":252},"ivs":{"hp":31,"atk":31,"def":31,"spa":31,"spd":31,"spe":31}},{"name":"Togekiss","species":"Togekiss","item":"leftovers","ability":"Serene Grace","moves":["airslash","aurasphere","roost","nastyplot"],"nature":"Modest","evs":{"hp":248,"atk":0,"def":0,"spa":252,"spd":8,"spe":0},"ivs":{"hp":31,"atk":31,"def":31,"spa":31,"spd":31,"spe":31}},{"name":"Azumarill","species":"Azumarill","item":"sitrusberry","ability":"Huge Power","moves":["aquajet","playrough","substitute","focuspunch"],"nature":"Adamant","evs":{"hp":244,"atk":252,"def":0,"spa":0,"spd":12,"spe":0},"ivs":{"hp":31,"atk":31,"def":31,"spa":31,"spd":31,"spe":31}},{"name":"Granbull","species":"Granbull","item":"expertbelt","ability":"Intimidate","moves":["playrough","superfang","closecombat","thunderwave"],"nature":"","evs":{"hp":0,"atk":0,"def":0,"spa":0,"spd":0,"spe":0},"ivs":{"hp":31,"atk":31,"def":31,"spa":31,"spd":31,"spe":31}},{"name":"Sylveon","species":"Sylveon","item":"leftovers","ability":"Pixilate","moves":["healbell","hypervoice","wish","calmmind"],"nature":"Bold","evs":{"hp":248,"atk":0,"def":252,"spa":8,"spd":0,"spe":0},"ivs":{"hp":31,"atk":31,"def":31,"spa":31,"spd":31,"spe":31}},{"name":"Whimsicott","species":"Whimsicott","item":"leftovers","ability":"Prankster","moves":["leechseed","substitute","encore","moonblast"],"nature":"Timid","evs":{"hp":0,"atk":0,"def":0,"spa":252,"spd":0,"spe":252},"ivs":{"hp":31,"atk":31,"def":31,"spa":31,"spd":31,"spe":31}}],"p2team":[{"name":"BR34ST L3GZ","species":"medicham","item":"medichamite","ability":"Pure Power","moves":["highjumpkick","zenheadbutt","icepunch","fakeout"],"nature":"Jolly","evs":{"hp":0,"atk":252,"def":0,"spa":0,"spd":4,"spe":252},"ivs":{"hp":31,"atk":31,"def":31,"spa":31,"spd":31,"spe":31}},{"name":"BarsForEons","species":"latios","item":"lifeorb","ability":"Levitate","moves":["defog","dracometeor","psyshock","hiddenpowerfire"],"nature":"Timid","evs":{"hp":0,"atk":0,"def":0,"spa":252,"spd":4,"spe":252},"ivs":{"hp":31,"atk":30,"def":31,"spa":30,"spd":31,"spe":30}},{"name":"Zarel","species":"meloetta","item":"choicespecs","ability":"Serene Grace","moves":["shadowball","thunderbolt","hypervoice","psychic"],"nature":"Timid","evs":{"hp":0,"atk":0,"def":4,"spa":252,"spd":0,"spe":252},"ivs":{"hp":31,"atk":31,"def":31,"spa":31,"spd":31,"spe":31}},{"name":"Wish Maker","species":"jirachi","item":"leftovers","ability":"Serene Grace","moves":["stealthrock","wish","thunderwave","ironhead"],"nature":"Careful","evs":{"hp":252,"atk":0,"def":4,"spa":0,"spd":252,"spe":0},"ivs":{"hp":31,"atk":31,"def":31,"spa":31,"spd":31,"spe":31}},{"name":"V1C70RY","species":"victini","item":"choicescarf","ability":"Victory Star","moves":["boltstrike","zenheadbutt","uturn","vcreate"],"nature":"Jolly","evs":{"hp":0,"atk":252,"def":0,"spa":0,"spd":4,"spe":252},"ivs":{"hp":31,"atk":31,"def":31,"spa":31,"spd":31,"spe":31}},{"name":"Internet Explorer","species":"slowbro","item":"rockyhelmet","ability":"Regenerator","moves":["scald","slackoff","thunderwave","fireblast"],"nature":"Bold","evs":{"hp":248,"atk":0,"def":252,"spa":8,"spd":0,"spe":0},"ivs":{"hp":31,"atk":31,"def":31,"spa":31,"spd":31,"spe":31}}],"log":["|player|p1|Vin Sythraxx|266","|player|p2|Topaz~Pikel|164","|gametype|singles","|gen|6","|tier|Monotype","|rated","|rule|Baton Pass Clause: Limit one Baton Passer, can't pass Spe and other stats simultaneously","|rule|Swagger Clause: Swagger is banned","|rule|Same Type Clause: Pokémon in a team must share a type","|clearpoke","|poke|p1|Diancie","|poke|p1|Togekiss, F","|poke|p1|Azumarill, F","|poke|p1|Granbull, M","|poke|p1|Sylveon, F","|poke|p1|Whimsicott, F","|poke|p2|Medicham, F","|poke|p2|Latios, M","|poke|p2|Meloetta","|poke|p2|Jirachi","|poke|p2|Victini","|poke|p2|Slowbro, M","|rule|Sleep Clause Mod: Limit one foe put to sleep","|rule|Species Clause: Limit one of each Pokémon","|rule|OHKO Clause: OHKO moves are banned","|rule|Moody Clause: Moody is banned","|rule|Evasion Moves Clause: Evasion moves are banned","|rule|Endless Battle Clause: Forcing endless battles is banned","|rule|HP Percentage Mod: HP is shown in percentages","|teampreview","|","|start","|switch|p1a: Azumarill|Azumarill, F|402/402","|switch|p2a: Wish Maker|Jirachi|404/404","|turn|1","|","|move|p2a: Wish Maker|Thunder Wave|p1a: Azumarill","|-status|p1a: Azumarill|par","|move|p1a: Azumarill|Substitute|p1a: Azumarill","|-start|p1a: Azumarill|Substitute","|-damage|p1a: Azumarill|302/402 par","|","|turn|2","|","|-singleturn|p1a: Azumarill|move: Focus Punch","|move|p2a: Wish Maker|Iron Head|p1a: Azumarill","|-end|p1a: Azumarill|Substitute","|cant|p1a: Azumarill|par","|","|turn|3","|","|move|p1a: Azumarill|Aqua Jet|p2a: Wish Maker","|-damage|p2a: Wish Maker|323/404","|move|p2a: Wish Maker|Iron Head|p1a: Azumarill","|-damage|p1a: Azumarill|199/402 par","|-enditem|p1a: Azumarill|Sitrus Berry|[eat]","|-heal|p1a: Azumarill|299/402 par|[from] item: Sitrus Berry","|","|-heal|p2a: Wish Maker|348/404|[from] item: Leftovers","|turn|4","|","|switch|p1a: Whimsicott|Whimsicott, F|261/261","|move|p2a: Wish Maker|Wish|p2a: Wish Maker","|","|-heal|p2a: Wish Maker|373/404|[from] item: Leftovers","|turn|5","|","|move|p1a: Whimsicott|Encore|p2a: Wish Maker","|-start|p2a: Wish Maker|Encore","|move|p2a: Wish Maker|Wish|p2a: Wish Maker","|-fail|p2a: Wish Maker","|","|-heal|p2a: Wish Maker|404/404|[from] move: Wish|[wisher] Wish Maker","|turn|6","|","|switch|p2a: Zarel|Meloetta|341/341","|move|p1a: Whimsicott|Substitute|p1a: Whimsicott","|-start|p1a: Whimsicott|Substitute","|-damage|p1a: Whimsicott|196/261","|","|-heal|p1a: Whimsicott|212/261|[from] item: Leftovers","|turn|7","|","|switch|p1a: Diancie|Diancie|241/241","|move|p2a: Zarel|Hyper Voice|p1a: Diancie","|-crit|p1a: Diancie","|-resisted|p1a: Diancie","|-damage|p1a: Diancie|114/241","|","|turn|8","|","|detailschange|p1a: Diancie|Diancie-Mega","|-mega|p1a: Diancie|Diancie|Diancite","|move|p2a: Zarel|Hyper Voice|p1a: Diancie","|-resisted|p1a: Diancie","|-damage|p1a: Diancie|4/241","|move|p1a: Diancie|Calm Mind|p1a: Diancie","|-boost|p1a: Diancie|spa|1","|-boost|p1a: Diancie|spd|1","|","|turn|9","|","|move|p1a: Diancie|Moonblast|p2a: Zarel","|-damage|p2a: Zarel|118/341","|move|p2a: Zarel|Hyper Voice|p1a: Diancie","|-resisted|p1a: Diancie","|-damage|p1a: Diancie|0 fnt","|faint|p1a: Diancie","|","|","|switch|p1a: Azumarill|Azumarill, F|299/402 par","|turn|10","|","|move|p1a: Azumarill|Aqua Jet|p2a: Zarel","|-damage|p2a: Zarel|16/341","|move|p2a: Zarel|Hyper Voice|p1a: Azumarill","|-damage|p1a: Azumarill|16/402 par","|","|turn|11","|","|move|p1a: Azumarill|Aqua Jet|p2a: Zarel","|-damage|p2a: Zarel|0 fnt","|faint|p2a: Zarel","|","|","|switch|p2a: BR34ST L3GZ|Medicham, F|261/261","|turn|12","|","|detailschange|p2a: BR34ST L3GZ|Medicham-Mega, F","|-mega|p2a: BR34ST L3GZ|Medicham|Medichamite","|move|p2a: BR34ST L3GZ|Fake Out|p1a: Azumarill","|-damage|p1a: Azumarill|0 fnt","|faint|p1a: Azumarill","|","|","|switch|p1a: Whimsicott|Whimsicott, F|212/261","|turn|13","|","|move|p1a: Whimsicott|Substitute|p1a: Whimsicott","|-start|p1a: Whimsicott|Substitute","|-damage|p1a: Whimsicott|147/261","|move|p2a: BR34ST L3GZ|Ice Punch|p1a: Whimsicott","|-supereffective|p1a: Whimsicott","|-end|p1a: Whimsicott|Substitute","|","|-heal|p1a: Whimsicott|163/261|[from] item: Leftovers","|turn|14","|","|switch|p1a: Granbull|Granbull, M|321/321","|-ability|p1a: Granbull|Intimidate","|-unboost|p2a: BR34ST L3GZ|atk|1","|move|p2a: BR34ST L3GZ|Ice Punch|p1a: Granbull","|-damage|p1a: Granbull|192/321","|","|turn|15","|","|move|p2a: BR34ST L3GZ|Zen Headbutt|p1a: Granbull|[miss]","|-miss|p2a: BR34ST L3GZ|p1a: Granbull","|move|p1a: Granbull|Thunder Wave|p2a: BR34ST L3GZ","|-status|p2a: BR34ST L3GZ|par","|","|turn|16","|","|move|p1a: Granbull|Play Rough|p2a: BR34ST L3GZ","|-supereffective|p2a: BR34ST L3GZ","|-damage|p2a: BR34ST L3GZ|0 fnt","|faint|p2a: BR34ST L3GZ","|","|","|switch|p2a: V1C70RY|Victini|341/341","|turn|17","|","|move|p2a: V1C70RY|V-create|p1a: Granbull","|-damage|p1a: Granbull|0 fnt","|-unboost|p2a: V1C70RY|spe|1","|-unboost|p2a: V1C70RY|def|1","|-unboost|p2a: V1C70RY|spd|1","|faint|p1a: Granbull","|","|","|switch|p1a: Togekiss|Togekiss, F|373/373","|turn|18","|","|switch|p2a: Internet Explorer|Slowbro, M|393/393","|move|p1a: Togekiss|Nasty Plot|p1a: Togekiss","|-boost|p1a: Togekiss|spa|2","|","|turn|19","|","|move|p1a: Togekiss|Air Slash|p2a: Internet Explorer","|-damage|p2a: Internet Explorer|32/393","|move|p2a: Internet Explorer|Thunder Wave|p1a: Togekiss","|-status|p1a: Togekiss|par","|","|turn|20","|","|move|p2a: Internet Explorer|Scald|p1a: Togekiss","|-damage|p1a: Togekiss|285/373 par","|cant|p1a: Togekiss|par","|","|-heal|p1a: Togekiss|308/373 par|[from] item: Leftovers","|turn|21","|","|move|p2a: Internet Explorer|Fire Blast|p1a: Togekiss","|-damage|p1a: Togekiss|232/373 par","|move|p1a: Togekiss|Air Slash|p2a: Internet Explorer","|-damage|p2a: Internet Explorer|0 fnt","|faint|p2a: Internet Explorer","|","|-heal|p1a: Togekiss|255/373 par|[from] item: Leftovers","|","|switch|p2a: Wish Maker|Jirachi|404/404","|turn|22","|","|move|p2a: Wish Maker|Iron Head|p1a: Togekiss","|-supereffective|p1a: Togekiss","|-damage|p1a: Togekiss|73/373 par","|cant|p1a: Togekiss|flinch","|","|-heal|p1a: Togekiss|96/373 par|[from] item: Leftovers","|turn|23","|","|move|p2a: Wish Maker|Iron Head|p1a: Togekiss","|-supereffective|p1a: Togekiss","|-damage|p1a: Togekiss|0 fnt","|faint|p1a: Togekiss","|","|","|switch|p1a: Whimsicott|Whimsicott, F|163/261","|turn|24","|","|move|p1a: Whimsicott|Leech Seed|p2a: Wish Maker|[miss]","|-miss|p1a: Whimsicott|p2a: Wish Maker","|move|p2a: Wish Maker|Iron Head|p1a: Whimsicott","|-supereffective|p1a: Whimsicott","|-damage|p1a: Whimsicott|0 fnt","|faint|p1a: Whimsicott","|","|","|switch|p1a: Sylveon|Sylveon, F|393/393","|turn|25","|","|move|p2a: Wish Maker|Thunder Wave|p1a: Sylveon","|-status|p1a: Sylveon|par","|move|p1a: Sylveon|Hyper Voice|p2a: Wish Maker","|-resisted|p2a: Wish Maker","|-damage|p2a: Wish Maker|353/404","|","|-heal|p2a: Wish Maker|378/404|[from] item: Leftovers","|turn|26","|","|move|p2a: Wish Maker|Iron Head|p1a: Sylveon","|-supereffective|p1a: Sylveon","|-damage|p1a: Sylveon|217/393 par","|move|p1a: Sylveon|Hyper Voice|p2a: Wish Maker","|-resisted|p2a: Wish Maker","|-damage|p2a: Wish Maker|327/404","|","|-heal|p2a: Wish Maker|352/404|[from] item: Leftovers","|-heal|p1a: Sylveon|241/393 par|[from] item: Leftovers","|turn|27","|","|move|p2a: Wish Maker|Iron Head|p1a: Sylveon","|-supereffective|p1a: Sylveon","|-damage|p1a: Sylveon|61/393 par","|cant|p1a: Sylveon|flinch","|","|-heal|p2a: Wish Maker|377/404|[from] item: Leftovers","|-heal|p1a: Sylveon|85/393 par|[from] item: Leftovers","|turn|28","|","|move|p2a: Wish Maker|Iron Head|p1a: Sylveon","|-supereffective|p1a: Sylveon","|-damage|p1a: Sylveon|0 fnt","|faint|p1a: Sylveon","|","|win|Topaz~Pikel"],"p1rating":{"entryid":"5765578","serverid":"eos","formatid":"monotype","userid":"vinsythraxx","username":"Vin Sythraxx","w":"14","l":15,"t":"0","gxe":50.3,"r":"1511.7750716668","rd":"75.682497245502","sigma":"0","rptime":"1438938000","rpr":1502.1072817795,"rprd":74.26032625256,"rpsigma":"0","acre":1100.5981593339,"lacre":1100.5981593339,"oldacre":"1118.130873734"},"p2rating":{"entryid":"7419563","serverid":"eos","formatid":"monotype","userid":"topazpikel","username":"Topaz~Pikel","w":15,"l":"4","t":"0","gxe":70.9,"r":"1652.1923965924","rd":"73.996642178575","sigma":"0","rptime":"1438938000","rpr":1670.9670034415,"rprd":71.380981794831,"rpsigma":"0","acre":1242.7023172991,"lacre":1242.7023172991,"oldacre":"1225.169602899"},"endType":"normal"}