{"seed":[58913,24535,12705,36794],"turns":24,"p1":"SovereignDooms","p2":"LTIL-Tahit","p1team":[{"name":"Master","species":"medicham","item":"medichamite","ability":"Pure Power","moves":["fakeout","highjumpkick","psychocut","bulletpunch"],"nature":"Jolly","evs":{"hp":0,"atk":252,"def":0,"spa":0,"spd":4,"spe":252},"gender":"M","shiny":true,"ivs":{"hp":31,"atk":31,"def":31,"spa":31,"spd":31,"spe":31}},{"name":"get on peak","species":"hawlucha","item":"sitrusberry","ability":"Unburden","moves":["swordsdance","substitute","highjumpkick","ironhead"],"nature":"Jolly","evs":{"hp":0,"atk":252,"def":4,"spa":0,"spd":0,"spe":252},"gender":"M","ivs":{"hp":30,"atk":31,"def":31,"spa":31,"spd":31,"spe":31},"shiny":true},{"name":"Blatha","species":"conkeldurr","item":"assaultvest","ability":"Guts","moves":["drainpunch","knockoff","machpunch","icepunch"],"nature":"Adamant","evs":{"hp":8,"atk":252,"def":0,"spa":0,"spd":248,"spe":0},"gender":"M","shiny":true,"ivs":{"hp":31,"atk":31,"def":31,"spa":31,"spd":31,"spe":31}},{"name":"Flitha","species":"terrakion","item":"choicescarf","ability":"Justified","moves":["stoneedge","closecombat","earthquake","ironhead"],"nature":"Jolly","evs":{"hp":0,"atk":252,"def":0,"spa":0,"spd":4,"spe":252},"shiny":true,"ivs":{"hp":31,"atk":31,"def":31,"spa":31,"spd":31,"spe":31}},{"name":"Blaze","species":"infernape","item":"focussash","ability":"Blaze","moves":["taunt","stealthrock","endeavor","flareblitz"],"nature":"Jolly","evs":{"hp":4,"atk":252,"def":0,"spa":0,"spd":0,"spe":252},"gender":"M","shiny":true,"ivs":{"hp":31,"atk":31,"def":31,"spa":31,"spd":31,"spe":31}},{"name":"Broli","species":"breloom","item":"focussash","ability":"Technician","moves":["spore","machpunch","bulletseed","swordsdance"],"nature":"Jolly","evs":{"hp":4,"atk":252,"def":0,"spa":0,"spd":0,"spe":252},"gender":"M","ivs":{"hp":31,"atk":31,"def":31,"spa":31,"spd":31,"spe":31}}],"p2team":[{"name":"Aegi","species":"aegislash","item":"weaknesspolicy","ability":"Stance Change","moves":["kingsshield","shadowball","sacredsword","shadowsneak"],"nature":"Quiet","evs":{"hp":252,"atk":0,"def":0,"spa":252,"spd":4,"spe":0},"ivs":{"hp":31,"atk":31,"def":31,"spa":31,"spd":31,"spe":0}},{"name":"Hoopa","species":"Hoopa","item":"lifeorb","ability":"Magician","moves":["trickroom","psychic","shadowball","focusblast"],"nature":"Quiet","evs":{"hp":252,"atk":0,"def":4,"spa":252,"spd":0,"spe":0},"ivs":{"hp":31,"atk":31,"def":31,"spa":31,"spd":31,"spe":31}},{"name":"Treve","species":"trevenant","item":"sitrusberry","ability":"Harvest","moves":["substitute","leechseed","willowisp","rockslide"],"nature":"Impish","evs":{"hp":252,"atk":0,"def":148,"spa":0,"spd":108,"spe":0},"ivs":{"hp":31,"atk":31,"def":31,"spa":31,"spd":31,"spe":31}},{"name":"Sableye","species":"Sableye","item":"sablenite","ability":"Prankster","moves":["calmmind","willowisp","recover","dazzlinggleam"],"nature":"Calm","evs":{"hp":0,"atk":0,"def":248,"spa":0,"spd":252,"spe":8},"ivs":{"hp":31,"atk":31,"def":31,"spa":31,"spd":31,"spe":31}},{"name":"G-S","species":"gourgeistsuper","item":"leftovers","ability":"Frisk","moves":["flamecharge","willowisp","leechseed","painsplit"],"nature":"Careful","evs":{"hp":252,"atk":0,"def":252,"spa":0,"spd":4,"spe":0},"ivs":{"hp":31,"atk":31,"def":31,"spa":31,"spd":31,"spe":31}},{"name":"Cofagrigus","species":"Cofagrigus","item":"custapberry","ability":"Mummy","moves":["destinybond","disable","endure","infestation"],"nature":"Bold","evs":{"hp":252,"atk":0,"def":4,"spa":0,"spd":252,"spe":0},"ivs":{"hp":31,"atk":31,"def":31,"spa":31,"spd":31,"spe":31}}],"log":["|player|p1|SovereignDooms|20","|player|p2|LTIL-Tahit|169","|gametype|singles","|gen|6","|tier|Monotype","|rated","|rule|Baton Pass Clause: Limit one Baton Passer, can't pass Spe and other stats simultaneously","|rule|Swagger Clause: Swagger is banned","|rule|Same Type Clause: Pokémon in a team must share a type","|clearpoke","|poke|p1|Medicham, M, shiny","|poke|p1|Hawlucha, M, shiny","|poke|p1|Conkeldurr, M, shiny","|poke|p1|Terrakion, shiny","|poke|p1|Infernape, M, shiny","|poke|p1|Breloom, M","|poke|p2|Aegislash, M","|poke|p2|Hoopa","|poke|p2|Trevenant, F","|poke|p2|Sableye, M","|poke|p2|Gourgeist-*, F","|poke|p2|Cofagrigus, M","|rule|Sleep Clause Mod: Limit one foe put to sleep","|rule|Species Clause: Limit one of each Pokémon","|rule|OHKO Clause: OHKO moves are banned","|rule|Moody Clause: Moody is banned","|rule|Evasion Moves Clause: Evasion moves are banned","|rule|Endless Battle Clause: Forcing endless battles is banned","|rule|HP Percentage Mod: HP is shown in percentages","|teampreview","|","|start","|switch|p1a: Broli|Breloom, M|262/262","|switch|p2a: G-S|Gourgeist-Super, F|374/374","|-item|p1a: Broli|Focus Sash|[from] ability: Frisk|[of] p2a: G-S|[identify]","|turn|1","|","|switch|p1a: Blaze|Infernape, M, shiny|294/294","|move|p2a: G-S|Will-O-Wisp|p1a: Blaze","|-immune|p1a: Blaze|[msg]","|","|turn|2","|","|move|p1a: Blaze|Stealth Rock|p2a: G-S","|-sidestart|p2: LTIL-Tahit|move: Stealth Rock","|move|p2a: G-S|Leech Seed|p1a: Blaze","|-start|p1a: Blaze|move: Leech Seed","|","|-damage|p1a: Blaze|258/294|[from] Leech Seed|[of] p2a: G-S","|turn|3","|","|switch|p1a: get on peak|Hawlucha, M, shiny|296/296","|move|p2a: G-S|Flame Charge|p1a: get on peak","|-damage|p1a: get on peak|247/296","|-boost|p2a: G-S|spe|1","|","|turn|4","|","|move|p1a: get on peak|Substitute|p1a: get on peak","|-start|p1a: get on peak|Substitute","|-damage|p1a: get on peak|173/296","|move|p2a: G-S|Will-O-Wisp|p1a: get on peak","|-fail|p1a: get on peak","|","|turn|5","|","|move|p1a: get on peak|Swords Dance|p1a: get on peak","|-boost|p1a: get on peak|atk|2","|move|p2a: G-S|Flame Charge|p1a: get on peak","|-activate|p1a: get on peak|Substitute|[damage]","|-boost|p2a: G-S|spe|1","|","|turn|6","|","|move|p1a: get on peak|Iron Head|p2a: G-S","|-damage|p2a: G-S|273/374","|move|p2a: G-S|Flame Charge|p1a: get on peak","|-end|p1a: get on peak|Substitute","|-boost|p2a: G-S|spe|1","|","|-heal|p2a: G-S|296/374|[from] item: Leftovers","|turn|7","|","|move|p1a: get on peak|Substitute|p1a: get on peak","|-start|p1a: get on peak|Substitute","|-damage|p1a: get on peak|99/296","|-enditem|p1a: get on peak|Sitrus Berry|[eat]","|-heal|p1a: get on peak|173/296|[from] item: Sitrus Berry","|move|p2a: G-S|Will-O-Wisp|p1a: get on peak","|-fail|p1a: get on peak","|","|-heal|p2a: G-S|319/374|[from] item: Leftovers","|turn|8","|","|move|p1a: get on peak|Swords Dance|p1a: get on peak","|-boost|p1a: get on peak|atk|2","|move|p2a: G-S|Flame Charge|p1a: get on peak","|-crit|p1a: get on peak","|-end|p1a: get on peak|Substitute","|-boost|p2a: G-S|spe|1","|","|-heal|p2a: G-S|342/374|[from] item: Leftovers","|turn|9","|","|move|p1a: get on peak|Substitute|p1a: get on peak","|-start|p1a: get on peak|Substitute","|-damage|p1a: get on peak|99/296","|move|p2a: G-S|Flame Charge|p1a: get on peak","|-activate|p1a: get on peak|Substitute|[damage]","|-boost|p2a: G-S|spe|1","|","|-heal|p2a: G-S|365/374|[from] item: Leftovers","|turn|10","|","|move|p1a: get on peak|Swords Dance|p1a: get on peak","|-boost|p1a: get on peak|atk|2","|move|p2a: G-S|Flame Charge|p1a: get on peak","|-end|p1a: get on peak|Substitute","|-boost|p2a: G-S|spe|1","|","|-heal|p2a: G-S|374/374|[from] item: Leftovers","|turn|11","|","|move|p1a: get on peak|Iron Head|p2a: G-S","|-damage|p2a: G-S|178/374","|move|p2a: G-S|Will-O-Wisp|p1a: get on peak|[miss]","|-miss|p2a: G-S|p1a: get on peak","|","|-heal|p2a: G-S|201/374|[from] item: Leftovers","|turn|12","|","|move|p1a: get on peak|Iron Head|p2a: G-S","|-damage|p2a: G-S|12/374","|move|p2a: G-S|Pain Split|p1a: get on peak","|-sethp|p1a: get on peak|55/296|p2a: G-S|55/374|[from] move: Pain Split","|","|-heal|p2a: G-S|78/374|[from] item: Leftovers","|turn|13","|","|move|p1a: get on peak|Iron Head|p2a: G-S","|-damage|p2a: G-S|0 fnt","|faint|p2a: G-S","|","|","|switch|p2a: Aegi|Aegislash, M|324/324","|-damage|p2a: Aegi|304/324|[from] Stealth Rock","|turn|14","|","|-formechange|p2a: Aegi|Aegislash-Blade","|move|p2a: Aegi|Shadow Sneak|p1a: get on peak","|-damage|p1a: get on peak|0 fnt","|faint|p1a: get on peak","|","|","|switch|p1a: Blaze|Infernape, M, shiny|258/294","|turn|15","|","|-formechange|p2a: Aegi|Aegislash","|move|p2a: Aegi|King's Shield|p2a: Aegi","|-singleturn|p2a: Aegi|Protect","|move|p1a: Blaze|Taunt|p2a: Aegi","|-start|p2a: Aegi|move: Taunt","|","|turn|16","|","|move|p1a: Blaze|Flare Blitz|p2a: Aegi","|-supereffective|p2a: Aegi","|-damage|p2a: Aegi|26/324","|-enditem|p2a: Aegi|Weakness Policy","|-boost|p2a: Aegi|atk|2|[from] item: Weakness Policy","|-boost|p2a: Aegi|spa|2|[from] item: Weakness Policy","|-damage|p1a: Blaze|166/294|[from] recoil|[of] p2a: Aegi","|-formechange|p2a: Aegi|Aegislash-Blade","|move|p2a: Aegi|Shadow Ball|p1a: Blaze","|-damage|p1a: Blaze|0 fnt","|faint|p1a: Blaze","|","|","|switch|p1a: Master|Medicham, M, shiny|261/261","|turn|17","|","|switch|p1a: Broli|Breloom, M|262/262","|move|p2a: Aegi|Shadow Sneak|p1a: Broli","|-damage|p1a: Broli|94/262","|","|turn|18","|","|move|p2a: Aegi|Shadow Sneak|p1a: Broli","|-damage|p1a: Broli|0 fnt","|faint|p1a: Broli","|","|-end|p2a: Aegi|move: Taunt","|","|switch|p1a: Flitha|Terrakion, shiny|323/323","|turn|19","|","|-formechange|p2a: Aegi|Aegislash","|move|p2a: Aegi|King's Shield|p2a: Aegi","|-singleturn|p2a: Aegi|Protect","|move|p1a: Flitha|Earthquake|p2a: Aegi","|-activate|p2a: Aegi|Protect","|","|turn|20","|","|-formechange|p2a: Aegi|Aegislash-Blade","|move|p2a: Aegi|Shadow Sneak|p1a: Flitha","|-damage|p1a: Flitha|182/323","|move|p1a: Flitha|Earthquake|p2a: Aegi","|-supereffective|p2a: Aegi","|-damage|p2a: Aegi|0 fnt","|faint|p2a: Aegi","|","|","|switch|p2a: Treve|Trevenant, F|374/374","|-damage|p2a: Treve|328/374|[from] Stealth Rock","|turn|21","|","|switch|p1a: Blatha|Conkeldurr, M, shiny|353/353","|move|p2a: Treve|Substitute|p2a: Treve","|-start|p2a: Treve|Substitute","|-damage|p2a: Treve|235/374","|","|turn|22","|","|move|p2a: Treve|Leech Seed|p1a: Blatha","|-start|p1a: Blatha|move: Leech Seed","|move|p1a: Blatha|Knock Off|p2a: Treve","|-supereffective|p2a: Treve","|-end|p2a: Treve|Substitute","|","|-damage|p1a: Blatha|309/353|[from] Leech Seed|[of] p2a: Treve","|-heal|p2a: Treve|279/374|[silent]","|turn|23","|","|move|p2a: Treve|Substitute|p2a: Treve","|-start|p2a: Treve|Substitute","|-damage|p2a: Treve|186/374","|-enditem|p2a: Treve|Sitrus Berry|[eat]","|-heal|p2a: Treve|279/374|[from] item: Sitrus Berry","|move|p1a: Blatha|Knock Off|p2a: Treve","|-supereffective|p2a: Treve","|-end|p2a: Treve|Substitute","|","|-damage|p1a: Blatha|265/353|[from] Leech Seed|[of] p2a: Treve","|-heal|p2a: Treve|323/374|[silent]","|turn|24","|","|win|LTIL-Tahit"],"p1rating":{"entryid":"7390241","serverid":"eos","formatid":"monotype","userid":"sovereigndooms","username":"Sovereign♕Dooms","w":"21","l":21,"t":"0","gxe":51.1,"r":"1509.1000157817","rd":"54.165309223292","sigma":"0","rptime":"1438938000","rpr":1508.1781929451,"rprd":52.993854459408,"rpsigma":"0","acre":1061.9891551962,"lacre":1061.9891551962,"oldacre":"1084.6824807943"},"p2rating":{"entryid":"6925118","serverid":"eos","formatid":"monotype","userid":"ltiltahit","username":"LTIL-Tahit","w":54,"l":"56","t":"0","gxe":51,"r":"1500.8882441454","rd":"38.052066678641","sigma":"0","rptime":"1438938000","rpr":1507.325645875,"rprd":37.243411950799,"rpsigma":"0","acre":1112.0869195518,"lacre":1112.0869195518,"oldacre":"1084.8209281543"},"endType":"forfeit"}