{"seed":[39725,23754,22990,17133],"turns":24,"p1":"IV DC","p2":"LTIL-Tahit","p1team":[{"name":"Skarmory","species":"Skarmory","item":"rockyhelmet","ability":"Sturdy","moves":["defog","toxic","roost","bravebird"],"nature":"Impish","evs":{"hp":252,"atk":0,"def":232,"spa":0,"spd":0,"spe":24},"ivs":{"hp":31,"atk":31,"def":31,"spa":31,"spd":31,"spe":31}},{"name":"Landorus-Therian","species":"Landorus-Therian","item":"choicescarf","ability":"Intimidate","moves":["earthquake","uturn","superpower","stoneedge"],"nature":"Jolly","evs":{"hp":0,"atk":252,"def":0,"spa":0,"spd":4,"spe":252},"ivs":{"hp":31,"atk":31,"def":31,"spa":31,"spd":31,"spe":31}},{"name":"Togekiss","species":"Togekiss","item":"leftovers","ability":"Serene Grace","moves":["airslash","thunderwave","roost","dazzlinggleam"],"nature":"Calm","evs":{"hp":252,"atk":0,"def":0,"spa":4,"spd":252,"spe":0},"ivs":{"hp":31,"atk":31,"def":31,"spa":31,"spd":31,"spe":31}},{"name":"Thundurus-Therian","species":"Thundurus-Therian","item":"choicescarf","ability":"Volt Absorb","moves":["thunderbolt","hiddenpowerice","focusblast","flashcannon"],"nature":"Timid","evs":{"hp":0,"atk":0,"def":0,"spa":252,"spd":4,"spe":252},"ivs":{"hp":31,"atk":30,"def":30,"spa":31,"spd":31,"spe":31}},{"name":"Gyarados","species":"Gyarados","item":"leftovers","ability":"Moxie","moves":["substitute","dragondance","waterfall","earthquake"],"nature":"Adamant","evs":{"hp":0,"atk":252,"def":0,"spa":0,"spd":4,"spe":252},"ivs":{"hp":31,"atk":31,"def":31,"spa":31,"spd":31,"spe":31}},{"name":"Charizard","species":"Charizard","item":"charizarditex","ability":"Blaze","moves":["roost","flareblitz","dragonclaw","willowisp"],"nature":"Careful","evs":{"hp":248,"atk":8,"def":0,"spa":0,"spd":252,"spe":0},"ivs":{"hp":31,"atk":31,"def":31,"spa":31,"spd":31,"spe":31}}],"p2team":[{"name":"Azumarill","species":"Azumarill","item":"sitrusberry","ability":"Huge Power","moves":["bellydrum","aquajet","playrough","knockoff"],"nature":"Adamant","evs":{"hp":92,"atk":252,"def":0,"spa":0,"spd":0,"spe":164},"ivs":{"hp":31,"atk":31,"def":31,"spa":31,"spd":31,"spe":31}},{"name":"Diancie","species":"Diancie","item":"diancite","ability":"Clear Body","moves":["moonblast","diamondstorm","earthpower","protect"],"nature":"Naive","evs":{"hp":0,"atk":32,"def":0,"spa":224,"spd":0,"spe":252},"ivs":{"hp":31,"atk":31,"def":31,"spa":31,"spd":31,"spe":31}},{"name":"Klefki","species":"Klefki","item":"leftovers","ability":"Prankster","moves":["spikes","thunderwave","toxic","playrough"],"nature":"Careful","evs":{"hp":252,"atk":0,"def":4,"spa":0,"spd":252,"spe":0},"ivs":{"hp":31,"atk":31,"def":31,"spa":31,"spd":31,"spe":31}},{"name":"Slurpuff","species":"Slurpuff","item":"sitrusberry","ability":"Unburden","moves":["bellydrum","playrough","return","drainpunch"],"nature":"Jolly","evs":{"hp":28,"atk":252,"def":0,"spa":0,"spd":0,"spe":228},"ivs":{"hp":31,"atk":31,"def":31,"spa":31,"spd":31,"spe":31}},{"name":"Wigglytuff","species":"Wigglytuff","item":"lifeorb","ability":"Competitive","moves":["stealthrock","hypervoice","dazzlinggleam","focusblast"],"nature":"Modest","evs":{"hp":4,"atk":0,"def":0,"spa":252,"spd":0,"spe":252},"ivs":{"hp":31,"atk":31,"def":31,"spa":31,"spd":31,"spe":31}},{"name":"Togekiss","species":"Togekiss","item":"leftovers","ability":"Serene Grace","moves":["nastyplot","airslash","thunderwave","roost"],"nature":"Timid","evs":{"hp":248,"atk":0,"def":76,"spa":0,"spd":8,"spe":176},"ivs":{"hp":31,"atk":31,"def":31,"spa":31,"spd":31,"spe":31}}],"log":["|player|p1|IV DC|102","|player|p2|LTIL-Tahit|169","|gametype|singles","|gen|6","|tier|Monotype","|rated","|rule|Baton Pass Clause: Limit one Baton Passer, can't pass Spe and other stats simultaneously","|rule|Swagger Clause: Swagger is banned","|rule|Same Type Clause: Pokémon in a team must share a type","|clearpoke","|poke|p1|Skarmory, M","|poke|p1|Landorus-Therian, M","|poke|p1|Togekiss, F","|poke|p1|Thundurus-Therian, M","|poke|p1|Gyarados, M","|poke|p1|Charizard, M","|poke|p2|Azumarill, F","|poke|p2|Diancie","|poke|p2|Klefki, M","|poke|p2|Slurpuff, F","|poke|p2|Wigglytuff, M","|poke|p2|Togekiss, F","|rule|Sleep Clause Mod: Limit one foe put to sleep","|rule|Species Clause: Limit one of each Pokémon","|rule|OHKO Clause: OHKO moves are banned","|rule|Moody Clause: Moody is banned","|rule|Evasion Moves Clause: Evasion moves are banned","|rule|Endless Battle Clause: Forcing endless battles is banned","|rule|HP Percentage Mod: HP is shown in percentages","|teampreview","|","|start","|switch|p1a: Charizard|Charizard, M|359/359","|switch|p2a: Klefki|Klefki, M|318/318","|turn|1","|","|detailschange|p1a: Charizard|Charizard-Mega-X, M","|-mega|p1a: Charizard|Charizard|Charizardite X","|move|p2a: Klefki|Thunder Wave|p1a: Charizard","|-status|p1a: Charizard|par","|cant|p1a: Charizard|par","|","|turn|2","|","|move|p2a: Klefki|Play Rough|p1a: Charizard","|-damage|p1a: Charizard|281/359 par","|move|p1a: Charizard|Flare Blitz|p2a: Klefki","|-supereffective|p2a: Klefki","|-damage|p2a: Klefki|0 fnt","|-damage|p1a: Charizard|176/359 par|[from] recoil|[of] p2a: Klefki","|faint|p2a: Klefki","|","|","|switch|p2a: Wigglytuff|Wigglytuff, M|422/422","|turn|3","|","|move|p2a: Wigglytuff|Stealth Rock|p1a: Charizard","|-sidestart|p1: IV DC|move: Stealth Rock","|cant|p1a: Charizard|par","|","|turn|4","|","|move|p2a: Wigglytuff|Hyper Voice|p1a: Charizard","|-damage|p1a: Charizard|46/359 par","|-damage|p2a: Wigglytuff|380/422|[from] item: Life Orb","|move|p1a: Charizard|Flare Blitz|p2a: Wigglytuff","|-damage|p2a: Wigglytuff|0 fnt","|-damage|p1a: Charizard|0 fnt|[from] recoil|[of] p2a: Wigglytuff","|faint|p2a: Wigglytuff","|faint|p1a: Charizard","|","|","|switch|p2a: Diancie|Diancie|241/241","|switch|p1a: Skarmory|Skarmory, M|334/334","|-damage|p1a: Skarmory|293/334|[from] Stealth Rock","|turn|5","|","|detailschange|p2a: Diancie|Diancie-Mega","|-mega|p2a: Diancie|Diancie|Diancite","|move|p2a: Diancie|Protect|p2a: Diancie","|-singleturn|p2a: Diancie|Protect","|move|p1a: Skarmory|Defog|p2a: Diancie","|-activate|p2a: Diancie|Protect","|","|turn|6","|","|move|p2a: Diancie|Diamond Storm|p1a: Skarmory","|-damage|p1a: Skarmory|190/334","|move|p1a: Skarmory|Defog|p2a: Diancie","|move|p2a: Diancie|Defog|p1a: Skarmory|[from]Magic Bounce","|-unboost|p1a: Skarmory|evasion|1","|-sideend|p1: IV DC|Stealth Rock|[from] move: Defog|[of] p1a: Skarmory","|","|turn|7","|","|move|p2a: Diancie|Diamond Storm|p1a: Skarmory","|-damage|p1a: Skarmory|91/334","|move|p1a: Skarmory|Toxic|p2a: Diancie","|move|p2a: Diancie|Toxic|p1a: Skarmory|[from]Magic Bounce","|-immune|p1a: Skarmory|[msg]","|","|turn|8","|","|move|p2a: Diancie|Diamond Storm|p1a: Skarmory","|-damage|p1a: Skarmory|0 fnt","|faint|p1a: Skarmory","|","|","|switch|p1a: Thundurus-Therian|Thundurus-Therian, M|299/299","|turn|9","|","|move|p2a: Diancie|Protect|p2a: Diancie","|-singleturn|p2a: Diancie|Protect","|move|p1a: Thundurus-Therian|Flash Cannon|p2a: Diancie","|-activate|p2a: Diancie|Protect","|","|turn|10","|","|move|p1a: Thundurus-Therian|Flash Cannon|p2a: Diancie","|-supereffective|p2a: Diancie","|-damage|p2a: Diancie|0 fnt","|faint|p2a: Diancie","|","|","|switch|p2a: Togekiss|Togekiss, F|373/373","|turn|11","|","|move|p1a: Thundurus-Therian|Flash Cannon|p2a: Togekiss","|-supereffective|p2a: Togekiss","|-damage|p2a: Togekiss|205/373","|move|p2a: Togekiss|Air Slash|p1a: Thundurus-Therian","|-resisted|p1a: Thundurus-Therian","|-damage|p1a: Thundurus-Therian|240/299","|","|-heal|p2a: Togekiss|228/373|[from] item: Leftovers","|turn|12","|","|move|p1a: Thundurus-Therian|Flash Cannon|p2a: Togekiss","|-supereffective|p2a: Togekiss","|-damage|p2a: Togekiss|52/373","|move|p2a: Togekiss|Roost|p2a: Togekiss","|-heal|p2a: Togekiss|239/373","|","|-heal|p2a: Togekiss|262/373|[from] item: Leftovers","|turn|13","|","|switch|p1a: Landorus-Therian|Landorus-Therian, M|319/319","|-ability|p1a: Landorus-Therian|Intimidate","|-unboost|p2a: Togekiss|atk|1","|move|p2a: Togekiss|Roost|p2a: Togekiss","|-heal|p2a: Togekiss|373/373","|","|turn|14","|","|move|p1a: Landorus-Therian|Stone Edge|p2a: Togekiss|[miss]","|-miss|p1a: Landorus-Therian|p2a: Togekiss","|move|p2a: Togekiss|Nasty Plot|p2a: Togekiss","|-boost|p2a: Togekiss|spa|2","|","|turn|15","|","|move|p1a: Landorus-Therian|Stone Edge|p2a: Togekiss","|-supereffective|p2a: Togekiss","|-damage|p2a: Togekiss|115/373","|move|p2a: Togekiss|Roost|p2a: Togekiss","|-heal|p2a: Togekiss|302/373","|","|-heal|p2a: Togekiss|325/373|[from] item: Leftovers","|turn|16","|","|switch|p1a: Togekiss|Togekiss, F|374/374","|move|p2a: Togekiss|Air Slash|p1a: Togekiss","|-damage|p1a: Togekiss|245/374","|","|-heal|p2a: Togekiss|348/373|[from] item: Leftovers","|-heal|p1a: Togekiss|268/374|[from] item: Leftovers","|turn|17","|","|move|p2a: Togekiss|Thunder Wave|p1a: Togekiss","|-status|p1a: Togekiss|par","|move|p1a: Togekiss|Thunder Wave|p2a: Togekiss","|-status|p2a: Togekiss|par","|","|-heal|p2a: Togekiss|371/373 par|[from] item: Leftovers","|-heal|p1a: Togekiss|291/374 par|[from] item: Leftovers","|turn|18","|","|switch|p1a: Thundurus-Therian|Thundurus-Therian, M|240/299","|move|p2a: Togekiss|Air Slash|p1a: Thundurus-Therian","|-resisted|p1a: Thundurus-Therian","|-damage|p1a: Thundurus-Therian|114/299","|","|-heal|p2a: Togekiss|373/373 par|[from] item: Leftovers","|turn|19","|","|move|p1a: Thundurus-Therian|Thunderbolt|p2a: Togekiss","|-supereffective|p2a: Togekiss","|-damage|p2a: Togekiss|83/373 par","|move|p2a: Togekiss|Air Slash|p1a: Thundurus-Therian","|-resisted|p1a: Thundurus-Therian","|-damage|p1a: Thundurus-Therian|0 fnt","|faint|p1a: Thundurus-Therian","|","|-heal|p2a: Togekiss|106/373 par|[from] item: Leftovers","|","|switch|p1a: Landorus-Therian|Landorus-Therian, M|319/319","|-ability|p1a: Landorus-Therian|Intimidate","|-unboost|p2a: Togekiss|atk|1","|turn|20","|","|move|p1a: Landorus-Therian|Stone Edge|p2a: Togekiss","|-supereffective|p2a: Togekiss","|-damage|p2a: Togekiss|0 fnt","|faint|p2a: Togekiss","|","|","|switch|p2a: Azumarill|Azumarill, F|364/364","|turn|21","|","|switch|p1a: Togekiss|Togekiss, F|291/374 par","|move|p2a: Azumarill|Belly Drum|p2a: Azumarill","|-damage|p2a: Azumarill|182/364","|-setboost|p2a: Azumarill|atk|6|[from] move: Belly Drum","|-enditem|p2a: Azumarill|Sitrus Berry|[eat]","|-heal|p2a: Azumarill|273/364|[from] item: Sitrus Berry","|","|-heal|p1a: Togekiss|314/374 par|[from] item: Leftovers","|turn|22","|","|move|p2a: Azumarill|Play Rough|p1a: Togekiss","|-damage|p1a: Togekiss|0 fnt","|faint|p1a: Togekiss","|","|","|switch|p1a: Gyarados|Gyarados, M|331/331","|turn|23","|","|move|p1a: Gyarados|Earthquake|p2a: Azumarill","|-damage|p2a: Azumarill|116/364","|move|p2a: Azumarill|Knock Off|p1a: Gyarados","|-damage|p1a: Gyarados|0 fnt","|-enditem|p1a: Gyarados|Leftovers|[from] move: Knock Off|[of] p2a: Azumarill","|faint|p1a: Gyarados","|","|","|switch|p1a: Landorus-Therian|Landorus-Therian, M|319/319","|-ability|p1a: Landorus-Therian|Intimidate","|-unboost|p2a: Azumarill|atk|1","|turn|24","|","|move|p2a: Azumarill|Aqua Jet|p1a: Landorus-Therian","|-supereffective|p1a: Landorus-Therian","|-damage|p1a: Landorus-Therian|0 fnt","|faint|p1a: Landorus-Therian","|","|win|LTIL-Tahit"],"p1rating":{"entryid":"7444395","serverid":"eos","formatid":"monotype","userid":"ivdc","username":"IV DC","w":"2","l":1,"t":"0","gxe":53.5,"r":"1540.1606143388","rd":"122.8583080769","sigma":"0","rptime":"1438938000","rpr":1527.7796216921,"rprd":110.45841705386,"rpsigma":"0","acre":1063.4384474142,"lacre":1063.4384474142,"oldacre":"1084.5608955158"},"p2rating":{"entryid":"6925118","serverid":"eos","formatid":"monotype","userid":"ltiltahit","username":"LTIL-Tahit","w":56,"l":"57","t":"0","gxe":51.5,"r":"1500.8882441454","rd":"38.052066678641","sigma":"0","rptime":"1438938000","rpr":1511.2287621292,"rprd":36.688413217855,"rpsigma":"0","acre":1131.7968277632,"lacre":1131.7968277632,"oldacre":"1108.5179494547"},"endType":"normal"}