{"seed":[57423,354,62125,61167],"turns":24,"p1":"LTIL-Tahit","p2":"Yung Mentalist","p1team":[{"name":"Azumarill","species":"Azumarill","item":"sitrusberry","ability":"Huge Power","moves":["bellydrum","aquajet","playrough","knockoff"],"nature":"Adamant","evs":{"hp":92,"atk":252,"def":0,"spa":0,"spd":0,"spe":164},"ivs":{"hp":31,"atk":31,"def":31,"spa":31,"spd":31,"spe":31}},{"name":"Diancie","species":"Diancie","item":"diancite","ability":"Clear Body","moves":["moonblast","diamondstorm","earthpower","protect"],"nature":"Naive","evs":{"hp":0,"atk":32,"def":0,"spa":224,"spd":0,"spe":252},"ivs":{"hp":31,"atk":31,"def":31,"spa":31,"spd":31,"spe":31}},{"name":"Klefki","species":"Klefki","item":"leftovers","ability":"Prankster","moves":["spikes","thunderwave","toxic","playrough"],"nature":"Careful","evs":{"hp":252,"atk":0,"def":4,"spa":0,"spd":252,"spe":0},"ivs":{"hp":31,"atk":31,"def":31,"spa":31,"spd":31,"spe":31}},{"name":"Slurpuff","species":"Slurpuff","item":"sitrusberry","ability":"Unburden","moves":["bellydrum","playrough","return","drainpunch"],"nature":"Jolly","evs":{"hp":28,"atk":252,"def":0,"spa":0,"spd":0,"spe":228},"ivs":{"hp":31,"atk":31,"def":31,"spa":31,"spd":31,"spe":31}},{"name":"Wigglytuff","species":"Wigglytuff","item":"lifeorb","ability":"Competitive","moves":["stealthrock","hypervoice","dazzlinggleam","focusblast"],"nature":"Modest","evs":{"hp":4,"atk":0,"def":0,"spa":252,"spd":0,"spe":252},"ivs":{"hp":31,"atk":31,"def":31,"spa":31,"spd":31,"spe":31}},{"name":"Togekiss","species":"Togekiss","item":"leftovers","ability":"Serene Grace","moves":["nastyplot","airslash","thunderwave","roost"],"nature":"Timid","evs":{"hp":248,"atk":0,"def":76,"spa":0,"spd":8,"spe":176},"ivs":{"hp":31,"atk":31,"def":31,"spa":31,"spd":31,"spe":31}}],"p2team":[{"name":"Sableye","species":"Sableye","item":"sablenite","ability":"Prankster","moves":["calmmind","recover","willowisp","snarl"],"nature":"Bold","evs":{"hp":252,"atk":0,"def":196,"spa":0,"spd":60,"spe":0},"ivs":{"hp":31,"atk":31,"def":31,"spa":31,"spd":31,"spe":31}},{"name":"Tyranitar","species":"Tyranitar","item":"leftovers","ability":"Sand Stream","moves":["stoneedge","fireblast","stealthrock","thunderwave"],"nature":"Brave","evs":{"hp":252,"atk":56,"def":0,"spa":0,"spd":200,"spe":0},"ivs":{"hp":31,"atk":31,"def":31,"spa":31,"spd":31,"spe":31}},{"name":"Altercation","species":"hoopaunbound","item":"choicescarf","ability":"Magician","moves":["hyperspacefury","hyperspacehole","gunkshot","energyball"],"nature":"Hasty","evs":{"hp":0,"atk":180,"def":0,"spa":76,"spd":0,"spe":252},"ivs":{"hp":31,"atk":31,"def":31,"spa":31,"spd":31,"spe":31}},{"name":"Damien","species":"crawdaunt","item":"lifeorb","ability":"Adaptability","moves":["knockoff","aquajet","swordsdance","crabhammer"],"nature":"Adamant","evs":{"hp":0,"atk":252,"def":0,"spa":0,"spd":4,"spe":252},"ivs":{"hp":31,"atk":31,"def":31,"spa":31,"spd":31,"spe":31}},{"name":"Billy","species":"mandibuzz","item":"rockyhelmet","ability":"Overcoat","moves":["bravebird","foulplay","roost","defog"],"nature":"Impish","evs":{"hp":248,"atk":8,"def":252,"spa":0,"spd":0,"spe":0},"ivs":{"hp":31,"atk":31,"def":31,"spa":31,"spd":31,"spe":31}},{"name":"Sharp","species":"bisharp","item":"lumberry","ability":"Defiant","moves":["swordsdance","knockoff","ironhead","suckerpunch"],"nature":"Adamant","evs":{"hp":0,"atk":252,"def":0,"spa":0,"spd":4,"spe":252},"ivs":{"hp":31,"atk":31,"def":31,"spa":31,"spd":31,"spe":31}}],"log":["|player|p1|LTIL-Tahit|169","|player|p2|Yung Mentalist|184","|gametype|singles","|gen|6","|tier|Monotype","|rated","|rule|Baton Pass Clause: Limit one Baton Passer, can't pass Spe and other stats simultaneously","|rule|Swagger Clause: Swagger is banned","|rule|Same Type Clause: Pokémon in a team must share a type","|clearpoke","|poke|p1|Azumarill, M","|poke|p1|Diancie","|poke|p1|Klefki, F","|poke|p1|Slurpuff, M","|poke|p1|Wigglytuff, M","|poke|p1|Togekiss, M","|poke|p2|Sableye, M","|poke|p2|Tyranitar, M","|poke|p2|Hoopa-Unbound","|poke|p2|Crawdaunt, F","|poke|p2|Mandibuzz, F","|poke|p2|Bisharp, F","|rule|Sleep Clause Mod: Limit one foe put to sleep","|rule|Species Clause: Limit one of each Pokémon","|rule|OHKO Clause: OHKO moves are banned","|rule|Moody Clause: Moody is banned","|rule|Evasion Moves Clause: Evasion moves are banned","|rule|Endless Battle Clause: Forcing endless battles is banned","|rule|HP Percentage Mod: HP is shown in percentages","|teampreview","|","|start","|switch|p1a: Klefki|Klefki, F|318/318","|switch|p2a: Sableye|Sableye, M|304/304","|turn|1","|","|move|p2a: Sableye|Will-O-Wisp|p1a: Klefki","|-status|p1a: Klefki|brn","|move|p1a: Klefki|Play Rough|p2a: Sableye","|-supereffective|p2a: Sableye","|-damage|p2a: Sableye|228/304","|","|-damage|p1a: Klefki|279/318 brn|[from] brn","|turn|2","|","|detailschange|p2a: Sableye|Sableye-Mega, M","|-mega|p2a: Sableye|Sableye|Sablenite","|move|p1a: Klefki|Toxic|p2a: Sableye","|move|p2a: Sableye|Toxic|p1a: Klefki|[from]Magic Bounce","|-fail|p1a: Klefki","|move|p2a: Sableye|Calm Mind|p2a: Sableye","|-boost|p2a: Sableye|spa|1","|-boost|p2a: Sableye|spd|1","|","|-heal|p1a: Klefki|298/318 brn|[from] item: Leftovers","|-damage|p1a: Klefki|259/318 brn|[from] brn","|turn|3","|","|move|p1a: Klefki|Play Rough|p2a: Sableye","|-supereffective|p2a: Sableye","|-damage|p2a: Sableye|173/304","|move|p2a: Sableye|Calm Mind|p2a: Sableye","|-boost|p2a: Sableye|spa|1","|-boost|p2a: Sableye|spd|1","|","|-heal|p1a: Klefki|278/318 brn|[from] item: Leftovers","|-damage|p1a: Klefki|239/318 brn|[from] brn","|turn|4","|","|move|p1a: Klefki|Play Rough|p2a: Sableye","|-supereffective|p2a: Sableye","|-damage|p2a: Sableye|110/304","|move|p2a: Sableye|Recover|p2a: Sableye","|-heal|p2a: Sableye|262/304","|","|-heal|p1a: Klefki|258/318 brn|[from] item: Leftovers","|-damage|p1a: Klefki|219/318 brn|[from] brn","|turn|5","|","|move|p1a: Klefki|Play Rough|p2a: Sableye","|-supereffective|p2a: Sableye","|-damage|p2a: Sableye|202/304","|-unboost|p2a: Sableye|atk|1","|move|p2a: Sableye|Snarl|p1a: Klefki","|-resisted|p1a: Klefki","|-damage|p1a: Klefki|176/318 brn","|-unboost|p1a: Klefki|spa|1","|","|-heal|p1a: Klefki|195/318 brn|[from] item: Leftovers","|-damage|p1a: Klefki|156/318 brn|[from] brn","|turn|6","|","|switch|p2a: Billy|Mandibuzz, F|423/423","|move|p1a: Klefki|Play Rough|p2a: Billy","|-crit|p2a: Billy","|-supereffective|p2a: Billy","|-damage|p2a: Billy|330/423","|-damage|p1a: Klefki|103/318 brn|[from] item: Rocky Helmet|[of] p2a: Billy","|","|-heal|p1a: Klefki|122/318 brn|[from] item: Leftovers","|-damage|p1a: Klefki|83/318 brn|[from] brn","|turn|7","|","|move|p1a: Klefki|Toxic|p2a: Billy","|-status|p2a: Billy|tox","|move|p2a: Billy|Roost|p2a: Billy","|-heal|p2a: Billy|423/423 tox","|","|-heal|p1a: Klefki|102/318 brn|[from] item: Leftovers","|-damage|p2a: Billy|397/423 tox|[from] psn","|-damage|p1a: Klefki|63/318 brn|[from] brn","|turn|8","|","|move|p1a: Klefki|Spikes|p2a: Billy","|-sidestart|p2: Yung Mentalist|Spikes","|move|p2a: Billy|Foul Play|p1a: Klefki","|-resisted|p1a: Klefki","|-damage|p1a: Klefki|15/318 brn","|","|-heal|p1a: Klefki|34/318 brn|[from] item: Leftovers","|-damage|p2a: Billy|345/423 tox|[from] psn","|-damage|p1a: Klefki|0 fnt|[from] brn","|faint|p1a: Klefki","|","|switch|p1a: Wigglytuff|Wigglytuff, M|422/422","|turn|9","|","|move|p2a: Billy|Defog|p1a: Wigglytuff","|-unboost|p1a: Wigglytuff|evasion|1","|-boost|p1a: Wigglytuff|spa|2|[from] ability: Competitive","|-sideend|p2: Yung Mentalist|Spikes|[from] move: Defog|[of] p2a: Billy","|move|p1a: Wigglytuff|Stealth Rock|p2a: Billy","|-sidestart|p2: Yung Mentalist|move: Stealth Rock","|","|-damage|p2a: Billy|267/423 tox|[from] psn","|turn|10","|","|move|p2a: Billy|Defog|p1a: Wigglytuff","|-unboost|p1a: Wigglytuff|evasion|1","|-boost|p1a: Wigglytuff|spa|2|[from] ability: Competitive","|-sideend|p2: Yung Mentalist|Stealth Rock|[from] move: Defog|[of] p2a: Billy","|move|p1a: Wigglytuff|Dazzling Gleam|p2a: Billy","|-supereffective|p2a: Billy","|-damage|p2a: Billy|0 fnt","|-damage|p1a: Wigglytuff|380/422|[from] item: Life Orb","|faint|p2a: Billy","|","|","|switch|p2a: Sharp|Bisharp, F|271/271","|turn|11","|","|move|p2a: Sharp|Iron Head|p1a: Wigglytuff","|-supereffective|p1a: Wigglytuff","|-damage|p1a: Wigglytuff|0 fnt","|faint|p1a: Wigglytuff","|","|","|switch|p1a: Togekiss|Togekiss, M|373/373","|turn|12","|","|move|p1a: Togekiss|Thunder Wave|p2a: Sharp","|-status|p2a: Sharp|par","|-enditem|p2a: Sharp|Lum Berry|[eat]","|-curestatus|p2a: Sharp|par","|move|p2a: Sharp|Iron Head|p1a: Togekiss","|-supereffective|p1a: Togekiss","|-damage|p1a: Togekiss|85/373","|","|-heal|p1a: Togekiss|108/373|[from] item: Leftovers","|turn|13","|","|switch|p2a: Sableye|Sableye-Mega, M|202/304","|move|p1a: Togekiss|Thunder Wave|p2a: Sableye","|move|p2a: Sableye|Thunder Wave|p1a: Togekiss|[from]Magic Bounce","|-status|p1a: Togekiss|par","|","|-heal|p1a: Togekiss|131/373 par|[from] item: Leftovers","|turn|14","|","|move|p2a: Sableye|Recover|p2a: Sableye","|-heal|p2a: Sableye|304/304","|move|p1a: Togekiss|Roost|p1a: Togekiss","|-heal|p1a: Togekiss|318/373 par","|","|-heal|p1a: Togekiss|341/373 par|[from] item: Leftovers","|turn|15","|","|move|p2a: Sableye|Calm Mind|p2a: Sableye","|-boost|p2a: Sableye|spa|1","|-boost|p2a: Sableye|spd|1","|move|p1a: Togekiss|Nasty Plot|p1a: Togekiss","|-boost|p1a: Togekiss|spa|2","|","|-heal|p1a: Togekiss|364/373 par|[from] item: Leftovers","|turn|16","|","|switch|p2a: Tyranitar|Tyranitar, M|404/404","|-weather|Sandstorm","|cant|p1a: Togekiss|par","|","|-weather|Sandstorm|[upkeep]","|-damage|p1a: Togekiss|341/373 par|[from] sandstorm","|-heal|p1a: Togekiss|364/373 par|[from] item: Leftovers","|turn|17","|","|move|p2a: Tyranitar|Stone Edge|p1a: Togekiss","|-supereffective|p1a: Togekiss","|-damage|p1a: Togekiss|8/373 par","|move|p1a: Togekiss|Thunder Wave|p2a: Tyranitar","|-status|p2a: Tyranitar|par","|","|-weather|Sandstorm|[upkeep]","|-damage|p1a: Togekiss|0 fnt|[from] sandstorm","|faint|p1a: Togekiss","|","|switch|p1a: Diancie|Diancie|241/241","|turn|18","|","|switch|p2a: Sableye|Sableye-Mega, M|304/304","|detailschange|p1a: Diancie|Diancie-Mega","|-mega|p1a: Diancie|Diancie|Diancite","|move|p1a: Diancie|Moonblast|p2a: Sableye","|-supereffective|p2a: Sableye","|-damage|p2a: Sableye|0 fnt","|faint|p2a: Sableye","|","|-weather|Sandstorm|[upkeep]","|","|switch|p2a: Altercation|Hoopa-Unbound|301/301","|turn|19","|","|move|p1a: Diancie|Protect|p1a: Diancie","|-singleturn|p1a: Diancie|Protect","|move|p2a: Altercation|Gunk Shot|p1a: Diancie","|-activate|p1a: Diancie|Protect","|","|-weather|Sandstorm|[upkeep]","|-damage|p2a: Altercation|283/301|[from] sandstorm","|turn|20","|","|move|p2a: Altercation|Gunk Shot|p1a: Diancie","|-damage|p1a: Diancie|100/241","|-status|p1a: Diancie|psn","|move|p1a: Diancie|Moonblast|p2a: Altercation","|-supereffective|p2a: Altercation","|-damage|p2a: Altercation|0 fnt","|faint|p2a: Altercation","|","|-weather|none","|-damage|p1a: Diancie|70/241 psn|[from] psn","|","|switch|p2a: Sharp|Bisharp, F|271/271","|turn|21","|","|move|p2a: Sharp|Sucker Punch|p1a: Diancie","|-resisted|p1a: Diancie","|-damage|p1a: Diancie|3/241 psn","|move|p1a: Diancie|Earth Power|p2a: Sharp","|-supereffective|p2a: Sharp","|-damage|p2a: Sharp|0 fnt","|faint|p2a: Sharp","|","|-damage|p1a: Diancie|0 fnt|[from] psn","|faint|p1a: Diancie","|","|switch|p2a: Damien|Crawdaunt, F|267/267","|switch|p1a: Azumarill|Azumarill, M|364/364","|turn|22","|","|move|p2a: Damien|Swords Dance|p2a: Damien","|-boost|p2a: Damien|atk|2","|move|p1a: Azumarill|Belly Drum|p1a: Azumarill","|-damage|p1a: Azumarill|182/364","|-setboost|p1a: Azumarill|atk|6|[from] move: Belly Drum","|-enditem|p1a: Azumarill|Sitrus Berry|[eat]","|-heal|p1a: Azumarill|273/364|[from] item: Sitrus Berry","|","|turn|23","|","|move|p2a: Damien|Knock Off|p1a: Azumarill","|-resisted|p1a: Azumarill","|-damage|p1a: Azumarill|21/364","|-damage|p2a: Damien|241/267|[from] item: Life Orb","|move|p1a: Azumarill|Play Rough|p2a: Damien","|-supereffective|p2a: Damien","|-damage|p2a: Damien|0 fnt","|faint|p2a: Damien","|","|","|switch|p2a: Tyranitar|Tyranitar, M|404/404 par","|-weather|Sandstorm","|turn|24","|","|move|p1a: Azumarill|Aqua Jet|p2a: Tyranitar","|-supereffective|p2a: Tyranitar","|-damage|p2a: Tyranitar|0 fnt","|faint|p2a: Tyranitar","|","|win|LTIL-Tahit"],"p1rating":{"entryid":"6925118","serverid":"eos","formatid":"monotype","userid":"ltiltahit","username":"LTIL-Tahit","w":55,"l":"57","t":"0","gxe":51,"r":"1500.8882441454","rd":"38.052066678641","sigma":"0","rptime":"1438938000","rpr":1507.3018970641,"rprd":36.865288347409,"rpsigma":"0","acre":1108.5179494547,"lacre":1108.5179494547,"oldacre":"1079.2902477567"},"p2rating":{"entryid":"6359373","serverid":"eos","formatid":"monotype","userid":"yungmentalist","username":"Yung Mentalist","w":"8","l":9,"t":"0","gxe":47,"r":"1495.0411242648","rd":83.62778924236,"sigma":"0","rptime":1438938000,"rpr":1476.4521687126,"rprd":81.338299450223,"rpsigma":"0","acre":1068.227677341,"lacre":1068.227677341,"oldacre":"1093.1577034387"},"endType":"normal"}