{"seed":[52292,32060,20656,34203],"turns":23,"p1":"SovereignAltair","p2":"Rustic Espeon","p1team":[{"name":"Money Shark","species":"sharpedo","item":"sharpedonite","ability":"Speed Boost","moves":["protect","crunch","waterfall","poisonfang"],"nature":"Jolly","evs":{"hp":0,"atk":0,"def":0,"spa":0,"spd":0,"spe":0},"ivs":{"hp":31,"atk":31,"def":31,"spa":31,"spd":31,"spe":31}},{"name":"Your Mother","species":"hydreigon","item":"choicescarf","ability":"Levitate","moves":["dracometeor","darkpulse","flashcannon","fireblast"],"nature":"Timid","evs":{"hp":0,"atk":4,"def":0,"spa":252,"spd":0,"spe":252},"ivs":{"hp":31,"atk":31,"def":31,"spa":31,"spd":31,"spe":31}},{"name":"Gary MF Oak","species":"umbreon","item":"leftovers","ability":"Synchronize","moves":["wish","protect","healbell","foulplay"],"nature":"Calm","evs":{"hp":252,"atk":0,"def":4,"spa":0,"spd":252,"spe":0},"ivs":{"hp":31,"atk":31,"def":31,"spa":31,"spd":31,"spe":31}},{"name":"The Dark Magician","species":"hoopaunbound","item":"lifeorb","ability":"Magician","moves":["firepunch","hyperspacefury","gunkshot","zenheadbutt"],"nature":"Jolly","evs":{"hp":4,"atk":252,"def":0,"spa":0,"spd":0,"spe":252},"ivs":{"hp":31,"atk":31,"def":31,"spa":31,"spd":31,"spe":31}},{"name":"Greedy ho","species":"sableye","item":"leftovers","ability":"Prankster","moves":["willowisp","knockoff","taunt","recover"],"nature":"Careful","evs":{"hp":248,"atk":8,"def":0,"spa":0,"spd":252,"spe":0},"gender":"M","ivs":{"hp":31,"atk":31,"def":31,"spa":31,"spd":31,"spe":31}},{"name":"Me Tbh","species":"weavile","item":"lifeorb","ability":"Pressure","moves":["iciclecrash","knockoff","iceshard","lowkick"],"nature":"Jolly","evs":{"hp":0,"atk":252,"def":4,"spa":0,"spd":0,"spe":252},"ivs":{"hp":31,"atk":31,"def":31,"spa":31,"spd":31,"spe":31}}],"p2team":[{"name":"Torkoal","species":"Torkoal","item":"leftovers","ability":"White Smoke","moves":["rapidspin","lavaplume","stealthrock","yawn"],"nature":"Bold","evs":{"hp":252,"atk":0,"def":252,"spa":4,"spd":0,"spe":0},"ivs":{"hp":31,"atk":31,"def":31,"spa":31,"spd":31,"spe":31}},{"name":"Entei","species":"Entei","item":"choiceband","ability":"Pressure","moves":["stoneedge","sacredfire","extremespeed","ironhead"],"nature":"Adamant","evs":{"hp":4,"atk":252,"def":0,"spa":0,"spd":0,"spe":252},"shiny":true,"ivs":{"hp":31,"atk":31,"def":31,"spa":31,"spd":31,"spe":31}},{"name":"Victini","species":"Victini","item":"choicescarf","ability":"Victory Star","moves":["boltstrike","blueflare","vcreate","uturn"],"nature":"Hasty","evs":{"hp":0,"atk":252,"def":0,"spa":4,"spd":0,"spe":252},"ivs":{"hp":31,"atk":31,"def":31,"spa":31,"spd":31,"spe":31}},{"name":"Charizard","species":"Charizard","item":"charizarditex","ability":"Blaze","moves":["dragondance","flareblitz","earthquake","dragonclaw"],"nature":"Adamant","evs":{"hp":0,"atk":252,"def":0,"spa":0,"spd":4,"spe":252},"ivs":{"hp":31,"atk":31,"def":31,"spa":31,"spd":31,"spe":31}},{"name":"Ninetales","species":"Ninetales","item":"choicespecs","ability":"Drought","moves":["overheat","solarbeam","psyshock","hiddenpowerice"],"nature":"Timid","evs":{"hp":0,"atk":0,"def":0,"spa":252,"spd":4,"spe":252},"ivs":{"hp":31,"atk":30,"def":30,"spa":31,"spd":31,"spe":31}},{"name":"Arcanine","species":"Arcanine","item":"rockyhelmet","ability":"Intimidate","moves":["flareblitz","extremespeed","wildcharge","closecombat"],"nature":"Lonely","evs":{"hp":248,"atk":252,"def":0,"spa":8,"spd":0,"spe":0},"ivs":{"hp":31,"atk":31,"def":31,"spa":31,"spd":31,"spe":31}}],"log":["|player|p1|SovereignAltair|170","|player|p2|Rustic Espeon|70","|gametype|singles","|gen|6","|tier|Monotype","|rated","|rule|Baton Pass Clause: Limit one Baton Passer, can't pass Spe and other stats simultaneously","|rule|Swagger Clause: Swagger is banned","|rule|Same Type Clause: Pokémon in a team must share a type","|clearpoke","|poke|p1|Sharpedo, F","|poke|p1|Hydreigon, M","|poke|p1|Umbreon, M","|poke|p1|Hoopa-Unbound","|poke|p1|Sableye, M","|poke|p1|Weavile, M","|poke|p2|Torkoal, M","|poke|p2|Entei, shiny","|poke|p2|Victini","|poke|p2|Charizard, F","|poke|p2|Ninetales, F","|poke|p2|Arcanine, F","|rule|Sleep Clause Mod: Limit one foe put to sleep","|rule|Species Clause: Limit one of each Pokémon","|rule|OHKO Clause: OHKO moves are banned","|rule|Moody Clause: Moody is banned","|rule|Evasion Moves Clause: Evasion moves are banned","|rule|Endless Battle Clause: Forcing endless battles is banned","|rule|HP Percentage Mod: HP is shown in percentages","|teampreview","|","|start","|switch|p1a: Money Shark|Sharpedo, F|281/281","|switch|p2a: Victini|Victini|341/341","|turn|1","|","|move|p1a: Money Shark|Protect|p1a: Money Shark","|-singleturn|p1a: Money Shark|Protect","|move|p2a: Victini|U-turn|p1a: Money Shark","|-activate|p1a: Money Shark|Protect","|","|-boost|p1a: Money Shark|spe|1|[from] ability: Speed Boost","|turn|2","|","|detailschange|p1a: Money Shark|Sharpedo-Mega, F","|-mega|p1a: Money Shark|Sharpedo|Sharpedonite","|move|p2a: Victini|U-turn|p1a: Money Shark","|-supereffective|p1a: Money Shark","|-damage|p1a: Money Shark|93/281","|","|switch|p2a: Arcanine|Arcanine, F|383/383","|-ability|p2a: Arcanine|Intimidate","|-unboost|p1a: Money Shark|atk|1","|move|p1a: Money Shark|Crunch|p2a: Arcanine","|-damage|p2a: Arcanine|208/383","|-damage|p1a: Money Shark|47/281|[from] item: Rocky Helmet|[of] p2a: Arcanine","|","|turn|3","|","|switch|p1a: Gary MF Oak|Umbreon, M|394/394","|move|p2a: Arcanine|Extreme Speed|p1a: Gary MF Oak","|-damage|p1a: Gary MF Oak|301/394","|","|-heal|p1a: Gary MF Oak|325/394|[from] item: Leftovers","|turn|4","|","|move|p2a: Arcanine|Close Combat|p1a: Gary MF Oak","|-supereffective|p1a: Gary MF Oak","|-damage|p1a: Gary MF Oak|85/394","|-unboost|p2a: Arcanine|def|1","|-unboost|p2a: Arcanine|spd|1","|move|p1a: Gary MF Oak|Wish|p1a: Gary MF Oak","|","|-heal|p1a: Gary MF Oak|109/394|[from] item: Leftovers","|turn|5","|","|move|p1a: Gary MF Oak|Protect|p1a: Gary MF Oak","|-singleturn|p1a: Gary MF Oak|Protect","|move|p2a: Arcanine|Flare Blitz|p1a: Gary MF Oak","|-activate|p1a: Gary MF Oak|Protect","|","|-heal|p1a: Gary MF Oak|306/394|[from] move: Wish|[wisher] Gary MF Oak","|-heal|p1a: Gary MF Oak|330/394|[from] item: Leftovers","|turn|6","|","|switch|p2a: Ninetales|Ninetales, F|287/287","|-weather|SunnyDay","|move|p1a: Gary MF Oak|Wish|p1a: Gary MF Oak","|","|-weather|SunnyDay|[upkeep]","|-heal|p1a: Gary MF Oak|354/394|[from] item: Leftovers","|turn|7","|","|switch|p2a: Entei|Entei, shiny|372/372","|-ability|p2a: Entei|Pressure","|switch|p1a: Money Shark|Sharpedo-Mega, F|47/281","|","|-weather|SunnyDay|[upkeep]","|-heal|p1a: Money Shark|244/281|[from] move: Wish|[wisher] Gary MF Oak","|turn|8","|","|move|p1a: Money Shark|Protect|p1a: Money Shark","|-singleturn|p1a: Money Shark|Protect","|move|p2a: Entei|Sacred Fire|p1a: Money Shark","|-activate|p1a: Money Shark|Protect","|","|-weather|SunnyDay|[upkeep]","|turn|9","|","|switch|p1a: Your Mother|Hydreigon, M|325/325","|move|p2a: Entei|Sacred Fire|p1a: Your Mother|[miss]","|-miss|p2a: Entei|p1a: Your Mother","|","|-weather|SunnyDay|[upkeep]","|turn|10","|","|switch|p2a: Arcanine|Arcanine, F|208/383","|-ability|p2a: Arcanine|Intimidate","|-unboost|p1a: Your Mother|atk|1","|move|p1a: Your Mother|Dark Pulse|p2a: Arcanine","|-damage|p2a: Arcanine|40/383","|","|-weather|none","|turn|11","|","|move|p2a: Arcanine|Extreme Speed|p1a: Your Mother","|-damage|p1a: Your Mother|231/325","|move|p1a: Your Mother|Dark Pulse|p2a: Arcanine","|-damage|p2a: Arcanine|0 fnt","|faint|p2a: Arcanine","|","|","|switch|p2a: Victini|Victini|341/341","|turn|12","|","|move|p2a: Victini|U-turn|p1a: Your Mother","|-supereffective|p1a: Your Mother","|-damage|p1a: Your Mother|73/325","|","|switch|p2a: Ninetales|Ninetales, F|287/287","|-weather|SunnyDay","|move|p1a: Your Mother|Dark Pulse|p2a: Ninetales","|-damage|p2a: Ninetales|151/287","|","|-weather|SunnyDay|[upkeep]","|turn|13","|","|move|p1a: Your Mother|Dark Pulse|p2a: Ninetales","|-damage|p2a: Ninetales|16/287","|move|p2a: Ninetales|Hidden Power|p1a: Your Mother","|-supereffective|p1a: Your Mother","|-damage|p1a: Your Mother|0 fnt","|faint|p1a: Your Mother","|","|-weather|SunnyDay|[upkeep]","|","|switch|p1a: Money Shark|Sharpedo-Mega, F|244/281","|turn|14","|","|switch|p2a: Torkoal|Torkoal, M|344/344","|move|p1a: Money Shark|Crunch|p2a: Torkoal","|-damage|p2a: Torkoal|242/344","|","|-weather|SunnyDay|[upkeep]","|-heal|p2a: Torkoal|263/344|[from] item: Leftovers","|turn|15","|","|move|p1a: Money Shark|Protect|p1a: Money Shark","|-singleturn|p1a: Money Shark|Protect","|move|p2a: Torkoal|Stealth Rock|p1a: Money Shark","|-sidestart|p1: SovereignAltair|move: Stealth Rock","|","|-weather|SunnyDay|[upkeep]","|-heal|p2a: Torkoal|284/344|[from] item: Leftovers","|turn|16","|","|move|p1a: Money Shark|Poison Fang|p2a: Torkoal","|-damage|p2a: Torkoal|235/344","|-status|p2a: Torkoal|tox","|move|p2a: Torkoal|Yawn|p1a: Money Shark","|-start|p1a: Money Shark|move: Yawn|[of] p2a: Torkoal","|","|-weather|none","|-heal|p2a: Torkoal|256/344 tox|[from] item: Leftovers","|-damage|p2a: Torkoal|235/344 tox|[from] psn","|turn|17","|","|switch|p1a: Greedy ho|Sableye, M|303/303","|-damage|p1a: Greedy ho|266/303|[from] Stealth Rock","|move|p2a: Torkoal|Yawn|p1a: Greedy ho","|-start|p1a: Greedy ho|move: Yawn|[of] p2a: Torkoal","|","|-heal|p1a: Greedy ho|284/303|[from] item: Leftovers","|-heal|p2a: Torkoal|256/344 tox|[from] item: Leftovers","|-damage|p2a: Torkoal|214/344 tox|[from] psn","|turn|18","|","|switch|p1a: Gary MF Oak|Umbreon, M|354/394","|-damage|p1a: Gary MF Oak|305/394|[from] Stealth Rock","|switch|p2a: Charizard|Charizard, F|297/297","|","|-heal|p1a: Gary MF Oak|329/394|[from] item: Leftovers","|turn|19","|","|detailschange|p2a: Charizard|Charizard-Mega-X, F","|-mega|p2a: Charizard|Charizard|Charizardite X","|move|p2a: Charizard|Dragon Dance|p2a: Charizard","|-boost|p2a: Charizard|atk|1","|-boost|p2a: Charizard|spe|1","|move|p1a: Gary MF Oak|Wish|p1a: Gary MF Oak","|","|-heal|p1a: Gary MF Oak|353/394|[from] item: Leftovers","|turn|20","|","|move|p2a: Charizard|Flare Blitz|p1a: Gary MF Oak","|-crit|p1a: Gary MF Oak","|-damage|p1a: Gary MF Oak|0 fnt","|-damage|p2a: Charizard|181/297|[from] recoil|[of] p1a: Gary MF Oak","|faint|p1a: Gary MF Oak","|","|","|switch|p1a: Money Shark|Sharpedo-Mega, F|244/281","|-damage|p1a: Money Shark|209/281|[from] Stealth Rock","|turn|21","|","|move|p1a: Money Shark|Protect|p1a: Money Shark","|-singleturn|p1a: Money Shark|Protect","|move|p2a: Charizard|Dragon Claw|p1a: Money Shark","|-activate|p1a: Money Shark|Protect","|","|turn|22","|","|move|p2a: Charizard|Dragon Claw|p1a: Money Shark","|-damage|p1a: Money Shark|0 fnt","|faint|p1a: Money Shark","|","|","|switch|p1a: The Dark Magician|Hoopa-Unbound|302/302","|-damage|p1a: The Dark Magician|265/302|[from] Stealth Rock","|turn|23","|","|win|Rustic Espeon"],"p1rating":{"entryid":"7245784","serverid":"eos","formatid":"monotype","userid":"sovereignaltair","username":"SovereignAltair","w":"9","l":32,"t":"0","gxe":27.1,"r":"1328.3382889396","rd":"56.600643416411","sigma":"0","rptime":"1438938000","rpr":1311.5597200779,"rprd":54.904037949631,"rpsigma":"0","acre":1000,"lacre":1000,"oldacre":"1000"},"p2rating":{"entryid":"7202561","serverid":"eos","formatid":"monotype","userid":"rusticespeon","username":"Rustic Espeon","w":13,"l":"8","t":"0","gxe":59.1,"r":"1564.9480011544","rd":"71.382759115292","sigma":"0","rptime":"1438938000","rpr":1570.7792617607,"rprd":70.441948019757,"rpsigma":"0","acre":1152.6052745128,"lacre":1152.6052745128,"oldacre":"1136.9810128706"},"endType":"forfeit"}