{"seed":[33740,48782,47757,65422],"turns":22,"p1":"Sovereign♕Dooms","p2":"alliance - ed wins","p1team":[{"name":"Master","species":"medicham","item":"medichamite","ability":"Pure Power","moves":["fakeout","highjumpkick","psychocut","bulletpunch"],"nature":"Jolly","evs":{"hp":0,"atk":252,"def":0,"spa":0,"spd":4,"spe":252},"gender":"M","shiny":true,"ivs":{"hp":31,"atk":31,"def":31,"spa":31,"spd":31,"spe":31}},{"name":"get on peak","species":"hawlucha","item":"sitrusberry","ability":"Unburden","moves":["swordsdance","substitute","acrobatics","highjumpkick"],"nature":"Jolly","evs":{"hp":0,"atk":252,"def":4,"spa":0,"spd":0,"spe":252},"gender":"M","ivs":{"hp":30,"atk":31,"def":31,"spa":31,"spd":31,"spe":31},"shiny":true},{"name":"Blatha","species":"conkeldurr","item":"assaultvest","ability":"Guts","moves":["drainpunch","knockoff","machpunch","icepunch"],"nature":"Adamant","evs":{"hp":8,"atk":252,"def":0,"spa":0,"spd":248,"spe":0},"gender":"M","shiny":true,"ivs":{"hp":31,"atk":31,"def":31,"spa":31,"spd":31,"spe":31}},{"name":"Flitha","species":"terrakion","item":"choicescarf","ability":"Justified","moves":["stoneedge","closecombat","earthquake","ironhead"],"nature":"Jolly","evs":{"hp":0,"atk":252,"def":0,"spa":0,"spd":4,"spe":252},"shiny":true,"ivs":{"hp":31,"atk":31,"def":31,"spa":31,"spd":31,"spe":31}},{"name":"Blaze","species":"infernape","item":"focussash","ability":"Blaze","moves":["taunt","stealthrock","endeavor","flareblitz"],"nature":"Jolly","evs":{"hp":4,"atk":252,"def":0,"spa":0,"spd":0,"spe":252},"gender":"M","shiny":true,"ivs":{"hp":31,"atk":31,"def":31,"spa":31,"spd":31,"spe":31}},{"name":"Scrandan","species":"scrafty","item":"leftovers","ability":"Shed Skin","moves":["bulkup","crunch","drainpunch","rest"],"nature":"Careful","evs":{"hp":252,"atk":0,"def":4,"spa":0,"spd":252,"spe":0},"gender":"M","shiny":true,"ivs":{"hp":31,"atk":31,"def":31,"spa":31,"spd":31,"spe":31}}],"p2team":[{"name":"Generic Fairy V2.1","species":"diancie","item":"leftovers","ability":"Clear Body","moves":["stealthrock","trickroom","diamondstorm","explosion"],"nature":"Brave","evs":{"hp":248,"atk":252,"def":8,"spa":0,"spd":0,"spe":0},"ivs":{"hp":31,"atk":31,"def":31,"spa":31,"spd":31,"spe":0}},{"name":"Anon Twink","species":"sylveon","item":"choicespecs","ability":"Pixilate","moves":["hypervoice","hiddenpowerfire","psyshock","shadowball"],"nature":"Quiet","evs":{"hp":248,"atk":0,"def":8,"spa":252,"spd":0,"spe":0},"gender":"M","ivs":{"hp":31,"atk":0,"def":31,"spa":30,"spd":31,"spe":0}},{"name":"Urine Trouble","species":"azumarill","item":"lifeorb","ability":"Huge Power","moves":["playrough","waterfall","superpower","aquajet"],"nature":"Brave","evs":{"hp":248,"atk":252,"def":0,"spa":0,"spd":8,"spe":0},"gender":"M","ivs":{"hp":31,"atk":31,"def":31,"spa":31,"spd":31,"spe":0},"shiny":true},{"name":"Gardevoir-Senpai","species":"gardevoir","item":"gardevoirite","ability":"Trace","moves":["hypervoice","focusblast","trickroom","healingwish"],"nature":"Quiet","evs":{"hp":248,"atk":0,"def":8,"spa":252,"spd":0,"spe":0},"gender":"M","ivs":{"hp":31,"atk":0,"def":31,"spa":31,"spd":31,"spe":0},"shiny":true},{"name":"Janitors Fren","species":"klefki","item":"lightclay","ability":"Prankster","moves":["reflect","lightscreen","foulplay","spikes"],"nature":"Bold","evs":{"hp":248,"atk":0,"def":252,"spa":0,"spd":8,"spe":0},"ivs":{"hp":31,"atk":0,"def":31,"spa":31,"spd":31,"spe":31}},{"name":"'Murica","species":"togekiss","item":"choicescarf","ability":"Serene Grace","moves":["airslash","fireblast","dazzlinggleam","trick"],"nature":"Timid","evs":{"hp":0,"atk":0,"def":0,"spa":252,"spd":4,"spe":252},"ivs":{"hp":31,"atk":0,"def":31,"spa":31,"spd":31,"spe":31}}],"log":["|player|p1|Sovereign♕Dooms|20","|player|p2|alliance - ed wins|102","|gametype|singles","|gen|6","|tier|Monotype","|rated","|rule|Baton Pass Clause: Limit one Baton Passer, can't pass Spe and other stats simultaneously","|rule|Swagger Clause: Swagger is banned","|rule|Same Type Clause: Pokémon in a team must share a type","|clearpoke","|poke|p1|Medicham, M, shiny","|poke|p1|Hawlucha, M, shiny","|poke|p1|Conkeldurr, M, shiny","|poke|p1|Terrakion, shiny","|poke|p1|Infernape, M, shiny","|poke|p1|Scrafty, M, shiny","|poke|p2|Diancie","|poke|p2|Sylveon, M","|poke|p2|Azumarill, M, shiny","|poke|p2|Gardevoir, M, shiny","|poke|p2|Klefki, M","|poke|p2|Togekiss, F","|rule|Sleep Clause Mod: Limit one foe put to sleep","|rule|Species Clause: Limit one of each Pokémon","|rule|OHKO Clause: OHKO moves are banned","|rule|Moody Clause: Moody is banned","|rule|Evasion Moves Clause: Evasion moves are banned","|rule|Endless Battle Clause: Forcing endless battles is banned","|rule|HP Percentage Mod: HP is shown in percentages","|teampreview","|","|start","|switch|p1a: Flitha|Terrakion, shiny|323/323","|switch|p2a: 'Murica|Togekiss, F|311/311","|turn|1","|","|switch|p2a: Janitors Fren|Klefki, M|317/317","|move|p1a: Flitha|Stone Edge|p2a: Janitors Fren","|-resisted|p2a: Janitors Fren","|-damage|p2a: Janitors Fren|244/317","|","|turn|2","|","|switch|p1a: Blatha|Conkeldurr, M, shiny|353/353","|switch|p2a: 'Murica|Togekiss, F|311/311","|","|turn|3","|","|move|p2a: 'Murica|Air Slash|p1a: Blatha","|-supereffective|p1a: Blatha","|-damage|p1a: Blatha|189/353","|move|p1a: Blatha|Ice Punch|p2a: 'Murica","|-supereffective|p2a: 'Murica","|-damage|p2a: 'Murica|87/311","|","|turn|4","|","|switch|p1a: Flitha|Terrakion, shiny|323/323","|move|p2a: 'Murica|Air Slash|p1a: Flitha","|-damage|p1a: Flitha|196/323","|","|turn|5","|","|switch|p2a: Janitors Fren|Klefki, M|244/317","|move|p1a: Flitha|Stone Edge|p2a: Janitors Fren","|-resisted|p2a: Janitors Fren","|-damage|p2a: Janitors Fren|176/317","|","|turn|6","|","|move|p2a: Janitors Fren|Spikes|p1a: Flitha","|-sidestart|p1: Sovereign♕Dooms|Spikes","|move|p1a: Flitha|Stone Edge|p2a: Janitors Fren","|-resisted|p2a: Janitors Fren","|-damage|p2a: Janitors Fren|104/317","|","|turn|7","|","|switch|p2a: 'Murica|Togekiss, F|87/311","|move|p1a: Flitha|Stone Edge|p2a: 'Murica|[miss]","|-miss|p1a: Flitha|p2a: 'Murica","|","|turn|8","|","|switch|p2a: Generic Fairy V2.1|Diancie|303/303","|move|p1a: Flitha|Stone Edge|p2a: Generic Fairy V2.1","|-damage|p2a: Generic Fairy V2.1|186/303","|","|-heal|p2a: Generic Fairy V2.1|204/303|[from] item: Leftovers","|turn|9","|","|move|p1a: Flitha|Stone Edge|p2a: Generic Fairy V2.1","|-damage|p2a: Generic Fairy V2.1|72/303","|move|p2a: Generic Fairy V2.1|Trick Room|p2a: Generic Fairy V2.1","|-fieldstart|move: Trick Room|[of] p2a: Generic Fairy V2.1","|","|-heal|p2a: Generic Fairy V2.1|90/303|[from] item: Leftovers","|turn|10","|","|move|p2a: Generic Fairy V2.1|Stealth Rock|p1a: Flitha","|-sidestart|p1: Sovereign♕Dooms|move: Stealth Rock","|move|p1a: Flitha|Stone Edge|p2a: Generic Fairy V2.1","|-damage|p2a: Generic Fairy V2.1|0 fnt","|faint|p2a: Generic Fairy V2.1","|","|","|switch|p2a: Anon Twink|Sylveon, M|393/393","|turn|11","|","|move|p2a: Anon Twink|Hyper Voice|p1a: Flitha","|-supereffective|p1a: Flitha","|-damage|p1a: Flitha|0 fnt","|faint|p1a: Flitha","|","|","|switch|p1a: Master|Medicham, M, shiny|261/261","|-damage|p1a: Master|229/261|[from] Spikes","|-damage|p1a: Master|213/261|[from] Stealth Rock","|turn|12","|","|switch|p2a: Urine Trouble|Azumarill, M, shiny|403/403","|detailschange|p1a: Master|Medicham-Mega, M, shiny","|-mega|p1a: Master|Medicham|Medichamite","|move|p1a: Master|Fake Out|p2a: Urine Trouble","|-damage|p2a: Urine Trouble|312/403","|","|turn|13","|","|switch|p1a: Blatha|Conkeldurr, M, shiny|189/353","|-damage|p1a: Blatha|167/353|[from] Stealth Rock","|-damage|p1a: Blatha|123/353|[from] Spikes","|move|p2a: Urine Trouble|Play Rough|p1a: Blatha","|-supereffective|p1a: Blatha","|-damage|p1a: Blatha|0 fnt","|-damage|p2a: Urine Trouble|272/403|[from] item: Life Orb","|faint|p1a: Blatha","|","|-fieldend|move: Trick Room","|","|switch|p1a: get on peak|Hawlucha, M, shiny|296/296","|-damage|p1a: get on peak|259/296|[from] Stealth Rock","|turn|14","|","|switch|p2a: Janitors Fren|Klefki, M|104/317","|move|p1a: get on peak|Substitute|p1a: get on peak","|-start|p1a: get on peak|Substitute","|-damage|p1a: get on peak|185/296","|","|turn|15","|","|move|p2a: Janitors Fren|Reflect|p2a: Janitors Fren","|-sidestart|p2: alliance - ed wins|Reflect","|move|p1a: get on peak|Swords Dance|p1a: get on peak","|-boost|p1a: get on peak|atk|2","|","|turn|16","|","|move|p1a: get on peak|High Jump Kick|p2a: Janitors Fren","|-damage|p2a: Janitors Fren|0 fnt","|faint|p2a: Janitors Fren","|","|","|switch|p2a: Anon Twink|Sylveon, M|393/393","|turn|17","|","|move|p1a: get on peak|High Jump Kick|p2a: Anon Twink","|-resisted|p2a: Anon Twink","|-damage|p2a: Anon Twink|272/393","|move|p2a: Anon Twink|Hyper Voice|p1a: get on peak","|-supereffective|p1a: get on peak","|-damage|p1a: get on peak|0 fnt","|faint|p1a: get on peak","|","|","|switch|p1a: Blaze|Infernape, M, shiny|294/294","|-damage|p1a: Blaze|258/294|[from] Spikes","|-damage|p1a: Blaze|222/294|[from] Stealth Rock","|turn|18","|","|switch|p2a: 'Murica|Togekiss, F|87/311","|move|p1a: Blaze|Stealth Rock|p2a: 'Murica","|-sidestart|p2: alliance - ed wins|move: Stealth Rock","|","|turn|19","|","|move|p2a: 'Murica|Air Slash|p1a: Blaze","|-supereffective|p1a: Blaze","|-damage|p1a: Blaze|0 fnt","|faint|p1a: Blaze","|","|","|switch|p1a: Master|Medicham-Mega, M, shiny|213/261","|-damage|p1a: Master|197/261|[from] Stealth Rock","|-damage|p1a: Master|165/261|[from] Spikes","|turn|20","|","|move|p1a: Master|Bullet Punch|p2a: 'Murica","|-supereffective|p2a: 'Murica","|-damage|p2a: 'Murica|7/311","|move|p2a: 'Murica|Air Slash|p1a: Master","|-supereffective|p1a: Master","|-damage|p1a: Master|0 fnt","|faint|p1a: Master","|","|","|switch|p1a: Scrandan|Scrafty, M, shiny|334/334","|-damage|p1a: Scrandan|314/334|[from] Stealth Rock","|-damage|p1a: Scrandan|273/334|[from] Spikes","|turn|21","|","|move|p2a: 'Murica|Air Slash|p1a: Scrandan","|-supereffective|p1a: Scrandan","|-damage|p1a: Scrandan|103/334","|move|p1a: Scrandan|Drain Punch|p2a: 'Murica","|-resisted|p2a: 'Murica","|-damage|p2a: 'Murica|0 fnt","|-heal|p1a: Scrandan|107/334|[from] drain|[of] p2a: 'Murica","|faint|p2a: 'Murica","|","|-heal|p1a: Scrandan|127/334|[from] item: Leftovers","|","|switch|p2a: Gardevoir-Senpai|Gardevoir, M, shiny|339/339","|-damage|p2a: Gardevoir-Senpai|297/339|[from] Stealth Rock","|-ability|p2a: Gardevoir-Senpai|Shed Skin|[from] ability: Trace|[of] p1a: Scrandan","|turn|22","|","|detailschange|p2a: Gardevoir-Senpai|Gardevoir-Mega, M, shiny","|-mega|p2a: Gardevoir-Senpai|Gardevoir|Gardevoirite","|move|p1a: Scrandan|Rest|p1a: Scrandan","|-status|p1a: Scrandan|slp","|-heal|p1a: Scrandan|334/334 slp|[silent]","|-status|p1a: Scrandan|slp|[from] move: Rest","|move|p2a: Gardevoir-Senpai|Hyper Voice|p1a: Scrandan","|-supereffective|p1a: Scrandan","|-damage|p1a: Scrandan|0 fnt","|faint|p1a: Scrandan","|","|win|alliance - ed wins"],"p1rating":{"entryid":"7390241","serverid":"eos","formatid":"monotype","userid":"sovereigndooms","username":"Sovereign♕Dooms","w":"20","l":20,"t":"0","gxe":51.2,"r":"1569.8599400771","rd":"67.460583971814","sigma":"0","rptime":"1438851600","rpr":1509.1000157817,"rprd":54.165309223292,"rpsigma":"0","acre":1058.7106138076,"lacre":1058.7106138076,"oldacre":"1079.6349097153"},"p2rating":{"entryid":"7432721","serverid":"eos","formatid":"monotype","userid":"allianceedwins","username":"alliance - ed wins","w":4,"l":"1","t":"0","gxe":62.7,"r":"1588.6429022218","rd":"115.93540124351","sigma":"0","rptime":"1438851600","rpr":1601.8360140191,"rprd":101.98702600056,"rpsigma":"0","acre":1120.2462501378,"lacre":1120.2462501378,"oldacre":"1095.8100515635"},"endType":"normal"}