{"seed":[61471,38711,53194,60339],"turns":46,"p1":"Crystal Blade64","p2":"Sovereign♕Cactus","p1team":[{"name":"Hi","species":"slowbro","item":"leftovers","ability":"Oblivious","moves":["scald","calmmind","slackoff","fireblast"],"nature":"Bold","evs":{"hp":252,"atk":0,"def":252,"spa":4,"spd":0,"spe":0},"ivs":{"hp":31,"atk":31,"def":31,"spa":31,"spd":31,"spe":31}},{"name":"Mega Magikarp","species":"gyarados","item":"leftovers","ability":"Intimidate","moves":["rest","sleeptalk","dragondance","waterfall"],"nature":"Adamant","evs":{"hp":0,"atk":252,"def":0,"spa":0,"spd":4,"spe":252},"ivs":{"hp":31,"atk":31,"def":31,"spa":31,"spd":31,"spe":31}},{"name":"Lightning-Proof","species":"lanturn","item":"leftovers","ability":"Volt Absorb","moves":["scald","healbell","voltswitch","toxic"],"nature":"Calm","evs":{"hp":252,"atk":0,"def":0,"spa":4,"spd":252,"spe":0},"ivs":{"hp":31,"atk":31,"def":31,"spa":31,"spd":31,"spe":31}},{"name":"Not MLP but MLG","species":"keldeo","item":"choicescarf","ability":"Justified","moves":["hydropump","secretsword","hiddenpowerground","icywind"],"nature":"Timid","evs":{"hp":0,"atk":0,"def":0,"spa":252,"spd":4,"spe":252},"ivs":{"hp":31,"atk":31,"def":31,"spa":30,"spd":30,"spe":31}},{"name":"Grass-Proof","species":"azumarill","item":"leftovers","ability":"Sap Sipper","moves":["protect","toxic","knockoff","scald"],"nature":"Relaxed","evs":{"hp":252,"atk":4,"def":252,"spa":0,"spd":0,"spe":0},"ivs":{"hp":31,"atk":31,"def":31,"spa":31,"spd":31,"spe":31}},{"name":"Wat","species":"manaphy","item":"leftovers","ability":"Hydration","moves":["whirlpool","substitute","aquaring","scald"],"nature":"Modest","evs":{"hp":248,"atk":0,"def":0,"spa":252,"spd":8,"spe":0},"ivs":{"hp":31,"atk":31,"def":31,"spa":31,"spd":31,"spe":31}}],"p2team":[{"name":"Scrotom-Wash","species":"rotomwash","item":"leftovers","ability":"Levitate","moves":["shadowball","hydropump","voltswitch","willowisp"],"nature":"Calm","evs":{"hp":252,"atk":0,"def":0,"spa":4,"spd":252,"spe":0},"ivs":{"hp":31,"atk":31,"def":31,"spa":31,"spd":31,"spe":31}},{"name":"Butters The Doge","species":"azumarill","item":"assaultvest","ability":"Sap Sipper","moves":["waterfall","playrough","knockoff","superpower"],"nature":"Adamant","evs":{"hp":248,"atk":252,"def":0,"spa":0,"spd":8,"spe":0},"gender":"M","shiny":true,"ivs":{"hp":31,"atk":31,"def":31,"spa":31,"spd":31,"spe":31}},{"name":"2 1/2 Jaws","species":"sharpedo","item":"sharpedonite","ability":"Speed Boost","moves":["aquajet","crunch","protect","icefang"],"nature":"Adamant","evs":{"hp":0,"atk":252,"def":0,"spa":0,"spd":4,"spe":252},"ivs":{"hp":31,"atk":31,"def":31,"spa":31,"spd":31,"spe":31}},{"name":"Scrotum Sweeper","species":"manaphy","item":"salacberry","ability":"Hydration","moves":["icebeam","surf","substitute","tailglow"],"nature":"Timid","evs":{"hp":4,"atk":0,"def":0,"spa":252,"spd":0,"spe":252},"shiny":true,"ivs":{"hp":31,"atk":31,"def":31,"spa":31,"spd":31,"spe":31}},{"name":"Cotton The Douche","species":"politoed","item":"ejectbutton","ability":"Drizzle","moves":["encore","perishsong","scald","toxic"],"nature":"Bold","evs":{"hp":248,"atk":0,"def":252,"spa":0,"spd":8,"spe":0},"gender":"F","shiny":true,"ivs":{"hp":31,"atk":31,"def":31,"spa":31,"spd":31,"spe":31}},{"name":"Swagsire","species":"quagsire","item":"leftovers","ability":"Unaware","moves":["earthquake","waterfall","recover","stockpile"],"nature":"","gender":"M","shiny":true,"evs":{"hp":0,"atk":0,"def":0,"spa":0,"spd":0,"spe":0},"ivs":{"hp":31,"atk":31,"def":31,"spa":31,"spd":31,"spe":31}}],"log":["|player|p1|Crystal Blade64|165","|player|p2|Sovereign♕Cactus|251","|gametype|singles","|gen|6","|tier|Monotype","|rated","|rule|Baton Pass Clause: Limit one Baton Passer, can't pass Spe and other stats simultaneously","|rule|Swagger Clause: Swagger is banned","|rule|Same Type Clause: Pokémon in a team must share a type","|clearpoke","|poke|p1|Slowbro, M","|poke|p1|Gyarados, M","|poke|p1|Lanturn, F","|poke|p1|Keldeo","|poke|p1|Azumarill, F","|poke|p1|Manaphy","|poke|p2|Rotom-Wash","|poke|p2|Azumarill, M, shiny","|poke|p2|Sharpedo, M","|poke|p2|Manaphy, shiny","|poke|p2|Politoed, F, shiny","|poke|p2|Quagsire, M, shiny","|rule|Sleep Clause Mod: Limit one foe put to sleep","|rule|Species Clause: Limit one of each Pokémon","|rule|OHKO Clause: OHKO moves are banned","|rule|Moody Clause: Moody is banned","|rule|Evasion Moves Clause: Evasion moves are banned","|rule|Endless Battle Clause: Forcing endless battles is banned","|rule|HP Percentage Mod: HP is shown in percentages","|teampreview","|","|start","|switch|p1a: Wat|Manaphy|403/403","|switch|p2a: Swagsire|Quagsire, M, shiny|331/331","|turn|1","|","|switch|p2a: Butters The Doge|Azumarill, M, shiny|403/403","|move|p1a: Wat|Substitute|p1a: Wat","|-start|p1a: Wat|Substitute","|-damage|p1a: Wat|303/403","|","|-heal|p1a: Wat|328/403|[from] item: Leftovers","|turn|2","|","|move|p1a: Wat|Whirlpool|p2a: Butters The Doge","|-resisted|p2a: Butters The Doge","|-damage|p2a: Butters The Doge|379/403","|-activate|p2a: Butters The Doge|move: Whirlpool|[of] p1a: Wat","|move|p2a: Butters The Doge|Knock Off|p1a: Wat","|-activate|p1a: Wat|Substitute|[damage]","|","|-heal|p1a: Wat|353/403|[from] item: Leftovers","|-damage|p2a: Butters The Doge|329/403|[from] move: Whirlpool|[partiallytrapped]","|turn|3","|","|move|p1a: Wat|Aqua Ring|p1a: Wat","|-start|p1a: Wat|Aqua Ring","|move|p2a: Butters The Doge|Play Rough|p1a: Wat|[miss]","|-miss|p2a: Butters The Doge|p1a: Wat","|","|-heal|p1a: Wat|378/403|[from] item: Leftovers","|-heal|p1a: Wat|403/403|[from] Aqua Ring","|-damage|p2a: Butters The Doge|279/403|[from] move: Whirlpool|[partiallytrapped]","|turn|4","|","|move|p1a: Wat|Scald|p2a: Butters The Doge","|-resisted|p2a: Butters The Doge","|-damage|p2a: Butters The Doge|230/403","|-status|p2a: Butters The Doge|brn","|move|p2a: Butters The Doge|Play Rough|p1a: Wat","|-end|p1a: Wat|Substitute","|","|-damage|p2a: Butters The Doge|180/403 brn|[from] brn","|-damage|p2a: Butters The Doge|130/403 brn|[from] move: Whirlpool|[partiallytrapped]","|turn|5","|","|move|p1a: Wat|Substitute|p1a: Wat","|-start|p1a: Wat|Substitute","|-damage|p1a: Wat|303/403","|move|p2a: Butters The Doge|Knock Off|p1a: Wat","|-activate|p1a: Wat|Substitute|[damage]","|","|-heal|p1a: Wat|328/403|[from] item: Leftovers","|-heal|p1a: Wat|353/403|[from] Aqua Ring","|-damage|p2a: Butters The Doge|80/403 brn|[from] brn","|-damage|p2a: Butters The Doge|30/403 brn|[from] move: Whirlpool|[partiallytrapped]","|turn|6","|","|move|p1a: Wat|Scald|p2a: Butters The Doge","|-resisted|p2a: Butters The Doge","|-damage|p2a: Butters The Doge|0 fnt","|faint|p2a: Butters The Doge","|","|-heal|p1a: Wat|378/403|[from] item: Leftovers","|-heal|p1a: Wat|403/403|[from] Aqua Ring","|","|switch|p2a: Scrotum Sweeper|Manaphy, shiny|342/342","|turn|7","|","|move|p2a: Scrotum Sweeper|Substitute|p2a: Scrotum Sweeper","|-start|p2a: Scrotum Sweeper|Substitute","|-damage|p2a: Scrotum Sweeper|257/342","|move|p1a: Wat|Whirlpool|p2a: Scrotum Sweeper","|-resisted|p2a: Scrotum Sweeper","|-activate|p2a: Scrotum Sweeper|Substitute|[damage]","|","|turn|8","|","|move|p2a: Scrotum Sweeper|Tail Glow|p2a: Scrotum Sweeper","|-boost|p2a: Scrotum Sweeper|spa|3","|move|p1a: Wat|Scald|p2a: Scrotum Sweeper","|-resisted|p2a: Scrotum Sweeper","|-end|p2a: Scrotum Sweeper|Substitute","|","|turn|9","|","|move|p2a: Scrotum Sweeper|Substitute|p2a: Scrotum Sweeper","|-start|p2a: Scrotum Sweeper|Substitute","|-damage|p2a: Scrotum Sweeper|172/342","|move|p1a: Wat|Scald|p2a: Scrotum Sweeper","|-resisted|p2a: Scrotum Sweeper","|-activate|p2a: Scrotum Sweeper|Substitute|[damage]","|","|turn|10","|","|move|p2a: Scrotum Sweeper|Tail Glow|p2a: Scrotum Sweeper","|-boost|p2a: Scrotum Sweeper|spa|3","|move|p1a: Wat|Scald|p2a: Scrotum Sweeper","|-resisted|p2a: Scrotum Sweeper","|-end|p2a: Scrotum Sweeper|Substitute","|","|turn|11","|","|move|p2a: Scrotum Sweeper|Substitute|p2a: Scrotum Sweeper","|-start|p2a: Scrotum Sweeper|Substitute","|-damage|p2a: Scrotum Sweeper|87/342","|move|p1a: Wat|Scald|p2a: Scrotum Sweeper","|-resisted|p2a: Scrotum Sweeper","|-activate|p2a: Scrotum Sweeper|Substitute|[damage]","|","|turn|12","|","|move|p2a: Scrotum Sweeper|Surf|p1a: Wat","|-resisted|p1a: Wat","|-end|p1a: Wat|Substitute","|move|p1a: Wat|Scald|p2a: Scrotum Sweeper","|-resisted|p2a: Scrotum Sweeper","|-end|p2a: Scrotum Sweeper|Substitute","|","|turn|13","|","|move|p2a: Scrotum Sweeper|Substitute|p2a: Scrotum Sweeper","|-start|p2a: Scrotum Sweeper|Substitute","|-damage|p2a: Scrotum Sweeper|2/342","|-enditem|p2a: Scrotum Sweeper|Salac Berry|[eat]","|-boost|p2a: Scrotum Sweeper|spe|1|[from] item: Salac Berry","|move|p1a: Wat|Scald|p2a: Scrotum Sweeper","|-resisted|p2a: Scrotum Sweeper","|-activate|p2a: Scrotum Sweeper|Substitute|[damage]","|","|turn|14","|","|move|p2a: Scrotum Sweeper|Surf|p1a: Wat","|-resisted|p1a: Wat","|-damage|p1a: Wat|127/403","|move|p1a: Wat|Scald|p2a: Scrotum Sweeper","|-resisted|p2a: Scrotum Sweeper","|-end|p2a: Scrotum Sweeper|Substitute","|","|-heal|p1a: Wat|152/403|[from] item: Leftovers","|-heal|p1a: Wat|177/403|[from] Aqua Ring","|turn|15","|","|move|p2a: Scrotum Sweeper|Surf|p1a: Wat","|-resisted|p1a: Wat","|-damage|p1a: Wat|0 fnt","|faint|p1a: Wat","|","|","|switch|p1a: Not MLP but MLG|Keldeo|323/323","|turn|16","|","|move|p1a: Not MLP but MLG|Secret Sword|p2a: Scrotum Sweeper","|-damage|p2a: Scrotum Sweeper|0 fnt","|faint|p2a: Scrotum Sweeper","|","|","|switch|p2a: Cotton The Douche|Politoed, F, shiny|383/383","|-weather|RainDance","|turn|17","|","|move|p1a: Not MLP but MLG|Secret Sword|p2a: Cotton The Douche","|-damage|p2a: Cotton The Douche|250/383","|-enditem|p2a: Cotton The Douche|Eject Button","|","|switch|p2a: Swagsire|Quagsire, M, shiny|331/331","|","|-weather|RainDance|[upkeep]","|turn|18","|","|switch|p1a: Lightning-Proof|Lanturn, F|454/454","|move|p2a: Swagsire|Stockpile|p2a: Swagsire","|-start|p2a: Swagsire|stockpile1","|-boost|p2a: Swagsire|def|1","|-boost|p2a: Swagsire|spd|1","|","|-weather|RainDance|[upkeep]","|turn|19","|","|move|p1a: Lightning-Proof|Toxic|p2a: Swagsire","|-status|p2a: Swagsire|tox","|move|p2a: Swagsire|Stockpile|p2a: Swagsire","|-start|p2a: Swagsire|stockpile2","|-boost|p2a: Swagsire|def|1","|-boost|p2a: Swagsire|spd|1","|","|-weather|RainDance|[upkeep]","|-damage|p2a: Swagsire|311/331 tox|[from] psn","|turn|20","|","|move|p1a: Lightning-Proof|Scald|p2a: Swagsire","|-damage|p2a: Swagsire|236/331 tox","|move|p2a: Swagsire|Earthquake|p1a: Lightning-Proof","|-supereffective|p1a: Lightning-Proof","|-damage|p1a: Lightning-Proof|118/454","|","|-weather|RainDance|[upkeep]","|-heal|p1a: Lightning-Proof|146/454|[from] item: Leftovers","|-heal|p2a: Swagsire|256/331 tox|[from] item: Leftovers","|-damage|p2a: Swagsire|216/331 tox|[from] psn","|turn|21","|","|switch|p1a: Mega Magikarp|Gyarados, M|331/331","|-ability|p1a: Mega Magikarp|Intimidate","|-unboost|p2a: Swagsire|atk|1","|move|p2a: Swagsire|Waterfall|p1a: Mega Magikarp","|-resisted|p1a: Mega Magikarp","|-damage|p1a: Mega Magikarp|283/331","|","|-weather|none","|-heal|p1a: Mega Magikarp|303/331|[from] item: Leftovers","|-heal|p2a: Swagsire|236/331 tox|[from] item: Leftovers","|-damage|p2a: Swagsire|176/331 tox|[from] psn","|turn|22","|","|switch|p2a: Scrotom-Wash|Rotom-Wash|304/304","|move|p1a: Mega Magikarp|Dragon Dance|p1a: Mega Magikarp","|-boost|p1a: Mega Magikarp|atk|1","|-boost|p1a: Mega Magikarp|spe|1","|","|-heal|p1a: Mega Magikarp|323/331|[from] item: Leftovers","|turn|23","|","|move|p1a: Mega Magikarp|Dragon Dance|p1a: Mega Magikarp","|-boost|p1a: Mega Magikarp|atk|1","|-boost|p1a: Mega Magikarp|spe|1","|move|p2a: Scrotom-Wash|Volt Switch|p1a: Mega Magikarp","|-supereffective|p1a: Mega Magikarp","|-damage|p1a: Mega Magikarp|0 fnt","|faint|p1a: Mega Magikarp","|","|switch|p2a: Cotton The Douche|Politoed, F, shiny|250/383","|-weather|RainDance","|","|-weather|RainDance|[upkeep]","|","|switch|p1a: Lightning-Proof|Lanturn, F|146/454","|turn|24","|","|move|p2a: Cotton The Douche|Toxic|p1a: Lightning-Proof","|-status|p1a: Lightning-Proof|tox","|move|p1a: Lightning-Proof|Volt Switch|p2a: Cotton The Douche","|-supereffective|p2a: Cotton The Douche","|-damage|p2a: Cotton The Douche|110/383","|","|switch|p1a: Grass-Proof|Azumarill, F|404/404","|","|-weather|RainDance|[upkeep]","|turn|25","|","|move|p2a: Cotton The Douche|Perish Song|p2a: Cotton The Douche","|-start|p1a: Grass-Proof|perish3|[silent]","|-start|p2a: Cotton The Douche|perish3|[silent]","|-fieldactivate|move: Perish Song","|move|p1a: Grass-Proof|Toxic|p2a: Cotton The Douche","|-status|p2a: Cotton The Douche|tox","|","|-start|p2a: Cotton The Douche|perish3","|-start|p1a: Grass-Proof|perish3","|-weather|RainDance|[upkeep]","|-damage|p2a: Cotton The Douche|87/383 tox|[from] psn","|turn|26","|","|switch|p2a: Scrotom-Wash|Rotom-Wash|304/304","|switch|p1a: Not MLP but MLG|Keldeo|323/323","|","|-weather|RainDance|[upkeep]","|turn|27","|","|switch|p1a: Lightning-Proof|Lanturn, F|146/454 tox","|move|p2a: Scrotom-Wash|Volt Switch|p1a: Lightning-Proof","|-heal|p1a: Lightning-Proof|259/454 tox|[from] ability: Volt Absorb|[of] p2a: Scrotom-Wash","|","|-weather|none","|-heal|p1a: Lightning-Proof|287/454 tox|[from] item: Leftovers","|-damage|p1a: Lightning-Proof|259/454 tox|[from] psn","|turn|28","|","|move|p2a: Scrotom-Wash|Shadow Ball|p1a: Lightning-Proof","|-damage|p1a: Lightning-Proof|203/454 tox","|move|p1a: Lightning-Proof|Heal Bell|p1a: Lightning-Proof","|-cureteam|p1a: Lightning-Proof|[from] move: HealBell","|","|-heal|p1a: Lightning-Proof|231/454|[from] item: Leftovers","|turn|29","|","|switch|p2a: Swagsire|Quagsire, M, shiny|176/331 tox","|move|p1a: Lightning-Proof|Toxic|p2a: Swagsire","|-fail|p2a: Swagsire|tox","|","|-heal|p1a: Lightning-Proof|259/454|[from] item: Leftovers","|-heal|p2a: Swagsire|196/331 tox|[from] item: Leftovers","|-damage|p2a: Swagsire|176/331 tox|[from] psn","|turn|30","|","|switch|p1a: Hi|Slowbro, M|394/394","|move|p2a: Swagsire|Earthquake|p1a: Hi","|-damage|p1a: Hi|328/394","|","|-heal|p2a: Swagsire|196/331 tox|[from] item: Leftovers","|-heal|p1a: Hi|352/394|[from] item: Leftovers","|-damage|p2a: Swagsire|156/331 tox|[from] psn","|turn|31","|","|switch|p2a: 2 1/2 Jaws|Sharpedo, M|281/281","|move|p1a: Hi|Calm Mind|p1a: Hi","|-boost|p1a: Hi|spa|1","|-boost|p1a: Hi|spd|1","|","|-heal|p1a: Hi|376/394|[from] item: Leftovers","|turn|32","|","|switch|p1a: Not MLP but MLG|Keldeo|323/323","|move|p2a: 2 1/2 Jaws|Protect|p2a: 2 1/2 Jaws","|-fail|p2a: 2 1/2 Jaws","|","|-boost|p2a: 2 1/2 Jaws|spe|1|[from] ability: Speed Boost","|turn|33","|","|switch|p2a: Cotton The Douche|Politoed, F, shiny|87/383 tox","|-weather|RainDance","|move|p1a: Not MLP but MLG|Secret Sword|p2a: Cotton The Douche","|-damage|p2a: Cotton The Douche|0 fnt","|faint|p2a: Cotton The Douche","|","|-weather|RainDance|[upkeep]","|","|switch|p2a: Scrotom-Wash|Rotom-Wash|304/304","|turn|34","|","|switch|p1a: Lightning-Proof|Lanturn, F|259/454","|move|p2a: Scrotom-Wash|Will-O-Wisp|p1a: Lightning-Proof","|-status|p1a: Lightning-Proof|brn","|","|-weather|RainDance|[upkeep]","|-heal|p1a: Lightning-Proof|287/454 brn|[from] item: Leftovers","|-damage|p1a: Lightning-Proof|231/454 brn|[from] brn","|turn|35","|","|switch|p2a: Swagsire|Quagsire, M, shiny|156/331 tox","|move|p1a: Lightning-Proof|Toxic|p2a: Swagsire","|-fail|p2a: Swagsire|tox","|","|-weather|RainDance|[upkeep]","|-heal|p1a: Lightning-Proof|259/454 brn|[from] item: Leftovers","|-heal|p2a: Swagsire|176/331 tox|[from] item: Leftovers","|-damage|p1a: Lightning-Proof|203/454 brn|[from] brn","|-damage|p2a: Swagsire|156/331 tox|[from] psn","|turn|36","|","|switch|p1a: Hi|Slowbro, M|376/394","|switch|p2a: 2 1/2 Jaws|Sharpedo, M|281/281","|","|-weather|RainDance|[upkeep]","|-heal|p1a: Hi|394/394|[from] item: Leftovers","|turn|37","|","|switch|p1a: Not MLP but MLG|Keldeo|323/323","|move|p2a: 2 1/2 Jaws|Ice Fang|p1a: Not MLP but MLG","|-resisted|p1a: Not MLP but MLG","|-damage|p1a: Not MLP but MLG|281/323","|","|-weather|none","|-boost|p2a: 2 1/2 Jaws|spe|1|[from] ability: Speed Boost","|turn|38","|","|switch|p2a: Swagsire|Quagsire, M, shiny|156/331 tox","|move|p1a: Not MLP but MLG|Secret Sword|p2a: Swagsire","|-damage|p2a: Swagsire|0 fnt","|faint|p2a: Swagsire","|","|","|switch|p2a: Scrotom-Wash|Rotom-Wash|304/304","|turn|39","|","|switch|p1a: Lightning-Proof|Lanturn, F|203/454 brn","|move|p2a: Scrotom-Wash|Volt Switch|p1a: Lightning-Proof","|-heal|p1a: Lightning-Proof|316/454 brn|[from] ability: Volt Absorb|[of] p2a: Scrotom-Wash","|","|-heal|p1a: Lightning-Proof|344/454 brn|[from] item: Leftovers","|-damage|p1a: Lightning-Proof|288/454 brn|[from] brn","|turn|40","|","|switch|p2a: 2 1/2 Jaws|Sharpedo, M|281/281","|move|p1a: Lightning-Proof|Toxic|p2a: 2 1/2 Jaws","|-status|p2a: 2 1/2 Jaws|tox","|","|-heal|p1a: Lightning-Proof|316/454 brn|[from] item: Leftovers","|-damage|p2a: 2 1/2 Jaws|264/281 tox|[from] psn","|-damage|p1a: Lightning-Proof|260/454 brn|[from] brn","|turn|41","|","|detailschange|p2a: 2 1/2 Jaws|Sharpedo-Mega, M","|-mega|p2a: 2 1/2 Jaws|Sharpedo|Sharpedonite","|move|p2a: 2 1/2 Jaws|Crunch|p1a: Lightning-Proof","|-damage|p1a: Lightning-Proof|0 fnt","|faint|p1a: Lightning-Proof","|","|-damage|p2a: 2 1/2 Jaws|230/281 tox|[from] psn","|","|switch|p1a: Not MLP but MLG|Keldeo|281/323","|turn|42","|","|move|p1a: Not MLP but MLG|Secret Sword|p2a: 2 1/2 Jaws","|-supereffective|p2a: 2 1/2 Jaws","|-damage|p2a: 2 1/2 Jaws|0 fnt","|faint|p2a: 2 1/2 Jaws","|","|","|switch|p2a: Scrotom-Wash|Rotom-Wash|304/304","|turn|43","|","|move|p1a: Not MLP but MLG|Secret Sword|p2a: Scrotom-Wash","|-damage|p2a: Scrotom-Wash|169/304","|move|p2a: Scrotom-Wash|Volt Switch|p1a: Not MLP but MLG","|-supereffective|p1a: Not MLP but MLG","|-damage|p1a: Not MLP but MLG|83/323","|","|-heal|p2a: Scrotom-Wash|188/304|[from] item: Leftovers","|turn|44","|","|move|p1a: Not MLP but MLG|Secret Sword|p2a: Scrotom-Wash","|-damage|p2a: Scrotom-Wash|46/304","|move|p2a: Scrotom-Wash|Volt Switch|p1a: Not MLP but MLG","|-supereffective|p1a: Not MLP but MLG","|-damage|p1a: Not MLP but MLG|0 fnt","|faint|p1a: Not MLP but MLG","|","|-heal|p2a: Scrotom-Wash|65/304|[from] item: Leftovers","|","|switch|p1a: Grass-Proof|Azumarill, F|404/404","|turn|45","|","|move|p2a: Scrotom-Wash|Volt Switch|p1a: Grass-Proof","|-supereffective|p1a: Grass-Proof","|-damage|p1a: Grass-Proof|212/404","|move|p1a: Grass-Proof|Knock Off|p2a: Scrotom-Wash","|-damage|p2a: Scrotom-Wash|23/304","|-enditem|p2a: Scrotom-Wash|Leftovers|[from] move: Knock Off|[of] p1a: Grass-Proof","|","|-heal|p1a: Grass-Proof|237/404|[from] item: Leftovers","|turn|46","|","|move|p2a: Scrotom-Wash|Volt Switch|p1a: Grass-Proof","|-supereffective|p1a: Grass-Proof","|-damage|p1a: Grass-Proof|39/404","|move|p1a: Grass-Proof|Knock Off|p2a: Scrotom-Wash","|-damage|p2a: Scrotom-Wash|0 fnt","|faint|p2a: Scrotom-Wash","|","|win|Crystal Blade64"],"p1rating":{"entryid":"6391332","serverid":"eos","formatid":"monotype","userid":"crystalblade64","username":"Crystal Blade64","w":9,"l":"13","t":"0","gxe":46,"r":"1448.2855493358","rd":"80.09212301531","sigma":"0","rptime":"1438938000","rpr":1469.0621992462,"rprd":71.866904222598,"rpsigma":"0","acre":1133.180165037,"lacre":1133.180165037,"oldacre":"1112.4346485516"},"p2rating":{"entryid":"6867552","serverid":"eos","formatid":"monotype","userid":"sovereigncactus","username":"Sovereign♕Cactus","w":"98","l":120,"t":"0","gxe":44.7,"r":"1462.8206280308","rd":"25","sigma":"0","rptime":"1438938000","rpr":1459.714475562,"rprd":25,"rpsigma":"0","acre":1037.8660287814,"lacre":1037.8660287814,"oldacre":"1052.7273751592"},"endType":"normal"}