{"seed":[5178,56535,21530,20845],"turns":26,"p1":"Crystal Blade64","p2":"Jake1079","p1team":[{"name":"Hi","species":"slowbro","item":"leftovers","ability":"Regenerator","moves":["scald","calmmind","slackoff","fireblast"],"nature":"Bold","evs":{"hp":252,"atk":0,"def":252,"spa":4,"spd":0,"spe":0},"ivs":{"hp":31,"atk":31,"def":31,"spa":31,"spd":31,"spe":31}},{"name":"Mega Magikarp","species":"gyarados","item":"leftovers","ability":"Intimidate","moves":["rest","sleeptalk","dragondance","waterfall"],"nature":"Adamant","evs":{"hp":0,"atk":252,"def":0,"spa":0,"spd":4,"spe":252},"ivs":{"hp":31,"atk":31,"def":31,"spa":31,"spd":31,"spe":31}},{"name":"Lightning-Proof","species":"lanturn","item":"leftovers","ability":"Volt Absorb","moves":["scald","healbell","voltswitch","toxic"],"nature":"Calm","evs":{"hp":252,"atk":0,"def":0,"spa":4,"spd":252,"spe":0},"ivs":{"hp":31,"atk":31,"def":31,"spa":31,"spd":31,"spe":31}},{"name":"Not MLP but MLG","species":"keldeo","item":"choicescarf","ability":"Justified","moves":["hydropump","secretsword","hiddenpowerground","icywind"],"nature":"Timid","evs":{"hp":0,"atk":0,"def":0,"spa":252,"spd":4,"spe":252},"ivs":{"hp":31,"atk":31,"def":31,"spa":30,"spd":30,"spe":31}},{"name":"Grass-Proof","species":"azumarill","item":"leftovers","ability":"Sap Sipper","moves":["protect","toxic","knockoff","scald"],"nature":"Relaxed","evs":{"hp":252,"atk":4,"def":252,"spa":0,"spd":0,"spe":0},"ivs":{"hp":31,"atk":31,"def":31,"spa":31,"spd":31,"spe":31}},{"name":"Wat","species":"manaphy","item":"leftovers","ability":"Hydration","moves":["tailglow","scald","energyball","psychic"],"nature":"Timid","evs":{"hp":4,"atk":0,"def":0,"spa":252,"spd":0,"spe":252},"ivs":{"hp":31,"atk":31,"def":31,"spa":31,"spd":31,"spe":31}}],"p2team":[{"name":"Aggron","species":"Aggron","item":"aggronite","ability":"Sturdy","moves":["thunderwave","earthquake","ironhead","endeavor"],"nature":"Adamant","evs":{"hp":252,"atk":68,"def":12,"spa":0,"spd":176,"spe":0},"ivs":{"hp":31,"atk":31,"def":31,"spa":31,"spd":31,"spe":31}},{"name":"Metagross","species":"Metagross","item":"lifeorb","ability":"Clear Body","moves":["agility","meteormash","earthquake","zenheadbutt"],"nature":"Adamant","evs":{"hp":4,"atk":252,"def":0,"spa":0,"spd":0,"spe":252},"ivs":{"hp":31,"atk":31,"def":31,"spa":31,"spd":31,"spe":31}},{"name":"Empoleon","species":"Empoleon","item":"choicespecs","ability":"Torrent","moves":["icebeam","scald","flashcannon","signalbeam"],"nature":"Modest","evs":{"hp":252,"atk":0,"def":0,"spa":252,"spd":4,"spe":0},"ivs":{"hp":31,"atk":31,"def":31,"spa":31,"spd":31,"spe":31}},{"name":"Excadrill","species":"Excadrill","item":"choicescarf","ability":"Mold Breaker","moves":["earthquake","xscissor","rockslide","ironhead"],"nature":"Jolly","evs":{"hp":4,"atk":252,"def":0,"spa":0,"spd":0,"spe":252},"ivs":{"hp":31,"atk":31,"def":31,"spa":31,"spd":31,"spe":31}},{"name":"Heatran","species":"Heatran","item":"airballoon","ability":"Flash Fire","moves":["darkpulse","earthpower","flamethrower","flashcannon"],"nature":"Modest","evs":{"hp":252,"atk":0,"def":0,"spa":252,"spd":4,"spe":0},"ivs":{"hp":31,"atk":31,"def":31,"spa":31,"spd":31,"spe":31}},{"name":"Scizor","species":"Scizor","item":"leftovers","ability":"Technician","moves":["bugbite","bulletpunch","swordsdance","roost"],"nature":"Adamant","evs":{"hp":252,"atk":252,"def":0,"spa":0,"spd":4,"spe":0},"ivs":{"hp":31,"atk":31,"def":31,"spa":31,"spd":31,"spe":31}}],"log":["|player|p1|Crystal Blade64|165","|player|p2|Jake1079|150","|gametype|singles","|gen|6","|tier|Monotype","|rated","|rule|Baton Pass Clause: Limit one Baton Passer, can't pass Spe and other stats simultaneously","|rule|Swagger Clause: Swagger is banned","|rule|Same Type Clause: Pokémon in a team must share a type","|clearpoke","|poke|p1|Slowbro, M","|poke|p1|Gyarados, M","|poke|p1|Lanturn, F","|poke|p1|Keldeo","|poke|p1|Azumarill, M","|poke|p1|Manaphy","|poke|p2|Aggron, M","|poke|p2|Metagross","|poke|p2|Empoleon, M","|poke|p2|Excadrill, F","|poke|p2|Heatran, F","|poke|p2|Scizor, F","|rule|Sleep Clause Mod: Limit one foe put to sleep","|rule|Species Clause: Limit one of each Pokémon","|rule|OHKO Clause: OHKO moves are banned","|rule|Moody Clause: Moody is banned","|rule|Evasion Moves Clause: Evasion moves are banned","|rule|Endless Battle Clause: Forcing endless battles is banned","|rule|HP Percentage Mod: HP is shown in percentages","|teampreview","|","|start","|switch|p1a: Not MLP but MLG|Keldeo|323/323","|switch|p2a: Aggron|Aggron, M|344/344","|turn|1","|","|detailschange|p2a: Aggron|Aggron-Mega, M","|-mega|p2a: Aggron|Aggron|Aggronite","|move|p1a: Not MLP but MLG|Hydro Pump|p2a: Aggron","|-damage|p2a: Aggron|160/344","|move|p2a: Aggron|Thunder Wave|p1a: Not MLP but MLG","|-status|p1a: Not MLP but MLG|par","|","|turn|2","|","|switch|p1a: Lightning-Proof|Lanturn, F|454/454","|move|p2a: Aggron|Endeavor|p1a: Lightning-Proof","|-damage|p1a: Lightning-Proof|160/454","|","|-heal|p1a: Lightning-Proof|188/454|[from] item: Leftovers","|turn|3","|","|move|p1a: Lightning-Proof|Scald|p2a: Aggron","|-crit|p2a: Aggron","|-damage|p2a: Aggron|42/344","|move|p2a: Aggron|Earthquake|p1a: Lightning-Proof","|-supereffective|p1a: Lightning-Proof","|-damage|p1a: Lightning-Proof|0 fnt","|faint|p1a: Lightning-Proof","|","|","|switch|p1a: Wat|Manaphy|342/342","|turn|4","|","|move|p1a: Wat|Scald|p2a: Aggron","|-crit|p2a: Aggron","|-damage|p2a: Aggron|0 fnt","|faint|p2a: Aggron","|","|","|switch|p2a: Metagross|Metagross|302/302","|turn|5","|","|move|p1a: Wat|Tail Glow|p1a: Wat","|-boost|p1a: Wat|spa|3","|move|p2a: Metagross|Agility|p2a: Metagross","|-boost|p2a: Metagross|spe|2","|","|turn|6","|","|move|p2a: Metagross|Zen Headbutt|p1a: Wat","|-damage|p1a: Wat|147/342","|-damage|p2a: Metagross|272/302|[from] item: Life Orb","|cant|p1a: Wat|flinch","|","|-heal|p1a: Wat|168/342|[from] item: Leftovers","|turn|7","|","|switch|p1a: Hi|Slowbro, M|394/394","|move|p2a: Metagross|Zen Headbutt|p1a: Hi","|-resisted|p1a: Hi","|-damage|p1a: Hi|326/394","|-damage|p2a: Metagross|242/302|[from] item: Life Orb","|","|-heal|p1a: Hi|350/394|[from] item: Leftovers","|turn|8","|","|switch|p2a: Scizor|Scizor, F|344/344","|move|p1a: Hi|Calm Mind|p1a: Hi","|-boost|p1a: Hi|spa|1","|-boost|p1a: Hi|spd|1","|","|-heal|p1a: Hi|374/394|[from] item: Leftovers","|turn|9","|","|move|p2a: Scizor|Swords Dance|p2a: Scizor","|-boost|p2a: Scizor|atk|2","|move|p1a: Hi|Fire Blast|p2a: Scizor","|-supereffective|p2a: Scizor","|-damage|p2a: Scizor|0 fnt","|faint|p2a: Scizor","|","|-heal|p1a: Hi|394/394|[from] item: Leftovers","|","|switch|p2a: Heatran|Heatran, F|386/386","|-item|p2a: Heatran|Air Balloon","|turn|10","|","|move|p2a: Heatran|Dark Pulse|p1a: Hi","|-supereffective|p1a: Hi","|-damage|p1a: Hi|226/394","|move|p1a: Hi|Scald|p2a: Heatran","|-supereffective|p2a: Heatran","|-damage|p2a: Heatran|96/386","|-enditem|p2a: Heatran|Air Balloon","|","|-heal|p1a: Hi|250/394|[from] item: Leftovers","|turn|11","|","|move|p2a: Heatran|Dark Pulse|p1a: Hi","|-supereffective|p1a: Hi","|-damage|p1a: Hi|92/394","|move|p1a: Hi|Fire Blast|p2a: Heatran","|-start|p2a: Heatran|ability: Flash Fire","|","|-heal|p1a: Hi|116/394|[from] item: Leftovers","|turn|12","|","|switch|p1a: Grass-Proof|Azumarill, M|404/404","|move|p2a: Heatran|Dark Pulse|p1a: Grass-Proof","|-resisted|p1a: Grass-Proof","|-damage|p1a: Grass-Proof|345/404","|","|-heal|p1a: Grass-Proof|370/404|[from] item: Leftovers","|turn|13","|","|-end|p2a: Heatran|ability: Flash Fire|[silent]","|switch|p2a: Empoleon|Empoleon, M|372/372","|move|p1a: Grass-Proof|Scald|p2a: Empoleon","|-resisted|p2a: Empoleon","|-damage|p2a: Empoleon|342/372","|","|-heal|p1a: Grass-Proof|395/404|[from] item: Leftovers","|turn|14","|","|move|p2a: Empoleon|Signal Beam|p1a: Grass-Proof","|-resisted|p1a: Grass-Proof","|-damage|p1a: Grass-Proof|311/404","|move|p1a: Grass-Proof|Knock Off|p2a: Empoleon","|-damage|p2a: Empoleon|291/372","|-enditem|p2a: Empoleon|Choice Specs|[from] move: Knock Off|[of] p1a: Grass-Proof","|","|-heal|p1a: Grass-Proof|336/404|[from] item: Leftovers","|turn|15","|","|move|p2a: Empoleon|Flash Cannon|p1a: Grass-Proof","|-damage|p1a: Grass-Proof|159/404","|move|p1a: Grass-Proof|Scald|p2a: Empoleon","|-resisted|p2a: Empoleon","|-damage|p2a: Empoleon|258/372","|-status|p2a: Empoleon|brn","|","|-heal|p1a: Grass-Proof|184/404|[from] item: Leftovers","|-damage|p2a: Empoleon|212/372 brn|[from] brn","|turn|16","|","|move|p1a: Grass-Proof|Protect|p1a: Grass-Proof","|-singleturn|p1a: Grass-Proof|Protect","|move|p2a: Empoleon|Flash Cannon|p1a: Grass-Proof","|-activate|p1a: Grass-Proof|Protect","|","|-heal|p1a: Grass-Proof|209/404|[from] item: Leftovers","|-damage|p2a: Empoleon|166/372 brn|[from] brn","|turn|17","|","|switch|p1a: Not MLP but MLG|Keldeo|323/323 par","|move|p2a: Empoleon|Flash Cannon|p1a: Not MLP but MLG","|-resisted|p1a: Not MLP but MLG","|-damage|p1a: Not MLP but MLG|242/323 par","|","|-damage|p2a: Empoleon|120/372 brn|[from] brn","|turn|18","|","|move|p2a: Empoleon|Scald|p1a: Not MLP but MLG","|-resisted|p1a: Not MLP but MLG","|-damage|p1a: Not MLP but MLG|121/323 par","|cant|p1a: Not MLP but MLG|par","|","|-damage|p2a: Empoleon|74/372 brn|[from] brn","|turn|19","|","|move|p2a: Empoleon|Scald|p1a: Not MLP but MLG","|-crit|p1a: Not MLP but MLG","|-resisted|p1a: Not MLP but MLG","|-damage|p1a: Not MLP but MLG|0 fnt","|faint|p1a: Not MLP but MLG","|","|-damage|p2a: Empoleon|28/372 brn|[from] brn","|","|switch|p1a: Wat|Manaphy|168/342","|turn|20","|","|move|p1a: Wat|Energy Ball|p2a: Empoleon","|-damage|p2a: Empoleon|0 fnt","|faint|p2a: Empoleon","|","|-heal|p1a: Wat|189/342|[from] item: Leftovers","|","|switch|p2a: Excadrill|Excadrill, F|362/362","|-ability|p2a: Excadrill|Mold Breaker","|turn|21","|","|move|p2a: Excadrill|Earthquake|p1a: Wat","|-damage|p1a: Wat|0 fnt","|faint|p1a: Wat","|","|","|switch|p1a: Mega Magikarp|Gyarados, M|331/331","|-ability|p1a: Mega Magikarp|Intimidate","|-unboost|p2a: Excadrill|atk|1","|turn|22","|","|switch|p2a: Metagross|Metagross|242/302","|move|p1a: Mega Magikarp|Dragon Dance|p1a: Mega Magikarp","|-boost|p1a: Mega Magikarp|atk|1","|-boost|p1a: Mega Magikarp|spe|1","|","|turn|23","|","|move|p1a: Mega Magikarp|Dragon Dance|p1a: Mega Magikarp","|-boost|p1a: Mega Magikarp|atk|1","|-boost|p1a: Mega Magikarp|spe|1","|move|p2a: Metagross|Meteor Mash|p1a: Mega Magikarp","|-resisted|p1a: Mega Magikarp","|-damage|p1a: Mega Magikarp|200/331","|-damage|p2a: Metagross|212/302|[from] item: Life Orb","|","|-heal|p1a: Mega Magikarp|220/331|[from] item: Leftovers","|turn|24","|","|move|p1a: Mega Magikarp|Waterfall|p2a: Metagross","|-crit|p2a: Metagross","|-damage|p2a: Metagross|0 fnt","|faint|p2a: Metagross","|","|-heal|p1a: Mega Magikarp|240/331|[from] item: Leftovers","|","|switch|p2a: Excadrill|Excadrill, F|362/362","|-ability|p2a: Excadrill|Mold Breaker","|turn|25","|","|move|p1a: Mega Magikarp|Waterfall|p2a: Excadrill","|-supereffective|p2a: Excadrill","|-damage|p2a: Excadrill|0 fnt","|faint|p2a: Excadrill","|","|-heal|p1a: Mega Magikarp|260/331|[from] item: Leftovers","|","|switch|p2a: Heatran|Heatran, F|96/386","|turn|26","|","|move|p1a: Mega Magikarp|Waterfall|p2a: Heatran","|-supereffective|p2a: Heatran","|-damage|p2a: Heatran|0 fnt","|faint|p2a: Heatran","|","|win|Crystal Blade64"],"p1rating":{"entryid":"6391332","serverid":"eos","formatid":"monotype","userid":"crystalblade64","username":"Crystal Blade64","w":15,"l":"14","t":"0","gxe":52.8,"r":"1448.2855493358","rd":"80.09212301531","sigma":"0","rptime":"1438938000","rpr":1521.2619778959,"rprd":63.621442487714,"rpsigma":"0","acre":1215.6775659722,"lacre":1215.6775659722,"oldacre":"1195.9124015456"},"p2rating":{"entryid":"7429437","serverid":"eos","formatid":"monotype","userid":"jake1079","username":"Jake1079","w":"17","l":22,"t":"0","gxe":44.2,"r":"1432.0215284905","rd":"63.342948455493","sigma":"0","rptime":"1438938000","rpr":1455.3328112975,"rprd":53.857321479122,"rpsigma":"0","acre":1102.3043653098,"lacre":1102.3043653098,"oldacre":"1122.0695297364"},"endType":"normal"}