{"seed":[12137,17713,56265,6515],"turns":24,"p1":"GTX Jerkasaur","p2":"Shining Yin","p1team":[{"name":"Terrakion","species":"Terrakion","item":"choicescarf","ability":"Justified","moves":["earthquake","closecombat","stoneedge","poisonjab"],"nature":"Jolly","evs":{"hp":0,"atk":252,"def":0,"spa":0,"spd":4,"spe":252},"ivs":{"hp":31,"atk":31,"def":31,"spa":31,"spd":31,"spe":31}},{"name":"Aerodactyl","species":"Aerodactyl","item":"aerodactylite","ability":"Rock Head","moves":["taunt","crunch","aerialace","icefang"],"nature":"Jolly","evs":{"hp":0,"atk":252,"def":0,"spa":0,"spd":4,"spe":252},"ivs":{"hp":31,"atk":31,"def":31,"spa":31,"spd":31,"spe":31}},{"name":"Archeops","species":"Archeops","item":"lumberry","ability":"Defeatist","moves":["defog","ancientpower","focusblast","heatwave"],"nature":"Timid","evs":{"hp":0,"atk":0,"def":0,"spa":252,"spd":4,"spe":252},"ivs":{"hp":31,"atk":31,"def":31,"spa":31,"spd":31,"spe":31}},{"name":"Cradily","species":"Cradily","item":"leftovers","ability":"Storm Drain","moves":["ancientpower","gigadrain","recover","toxic"],"nature":"Calm","evs":{"hp":252,"atk":0,"def":0,"spa":4,"spd":252,"spe":0},"ivs":{"hp":31,"atk":31,"def":31,"spa":31,"spd":31,"spe":31}},{"name":"Tyrantrum","species":"Tyrantrum","item":"choicescarf","ability":"Strong Jaw","moves":["crunch","icefang","firefang","dragonclaw"],"nature":"Jolly","evs":{"hp":0,"atk":252,"def":0,"spa":0,"spd":4,"spe":252},"ivs":{"hp":31,"atk":31,"def":31,"spa":31,"spd":31,"spe":31}},{"name":"Tyranitar","species":"Tyranitar","item":"focussash","ability":"Sand Stream","moves":["crunch","stealthrock","earthquake","superpower"],"nature":"Adamant","evs":{"hp":248,"atk":252,"def":0,"spa":0,"spd":8,"spe":0},"ivs":{"hp":31,"atk":31,"def":31,"spa":31,"spd":31,"spe":31}}],"p2team":[{"name":"Zapdos","species":"Zapdos","item":"leftovers","ability":"Pressure","moves":["roost","defog","heatwave","discharge"],"nature":"Bold","evs":{"hp":248,"atk":0,"def":176,"spa":68,"spd":0,"spe":16},"ivs":{"hp":31,"atk":0,"def":31,"spa":31,"spd":31,"spe":31}},{"name":"Thundurus","species":"Thundurus","item":"lifeorb","ability":"Prankster","moves":["superpower","discharge","knockoff","psychic"],"nature":"Naive","evs":{"hp":0,"atk":72,"def":0,"spa":184,"spd":0,"spe":252},"ivs":{"hp":31,"atk":31,"def":31,"spa":31,"spd":31,"spe":31}},{"name":"Rotom-Wash","species":"Rotom-Wash","item":"leftovers","ability":"Levitate","moves":["willowisp","hydropump","voltswitch","painsplit"],"nature":"Calm","evs":{"hp":248,"atk":0,"def":0,"spa":0,"spd":216,"spe":44},"ivs":{"hp":31,"atk":0,"def":31,"spa":31,"spd":31,"spe":31}},{"name":"Magnezone","species":"Magnezone","item":"choicescarf","ability":"Sturdy","moves":["voltswitch","discharge","hiddenpowerice","flashcannon"],"nature":"Timid","evs":{"hp":0,"atk":0,"def":0,"spa":252,"spd":4,"spe":252},"ivs":{"hp":31,"atk":30,"def":30,"spa":31,"spd":31,"spe":31}},{"name":"Manectric","species":"Manectric","item":"manectite","ability":"Static","moves":["voltswitch","discharge","overheat","hiddenpowergrass"],"nature":"Timid","evs":{"hp":0,"atk":0,"def":0,"spa":252,"spd":4,"spe":252},"ivs":{"hp":31,"atk":30,"def":31,"spa":30,"spd":31,"spe":31}},{"name":"Luxray","species":"Luxray","item":"choiceband","ability":"Guts","moves":["wildcharge","crunch","superpower","icefang"],"nature":"Jolly","evs":{"hp":0,"atk":252,"def":0,"spa":0,"spd":4,"spe":252},"shiny":true,"ivs":{"hp":31,"atk":31,"def":31,"spa":31,"spd":31,"spe":31}}],"log":["|player|p1|GTX Jerkasaur|1","|player|p2|Shining Yin|167","|gametype|singles","|gen|6","|tier|Monotype","|rated","|rule|Baton Pass Clause: Limit one Baton Passer, can't pass Spe and other stats simultaneously","|rule|Swagger Clause: Swagger is banned","|rule|Same Type Clause: Pokémon in a team must share a type","|clearpoke","|poke|p1|Terrakion","|poke|p1|Aerodactyl, F","|poke|p1|Archeops, M","|poke|p1|Cradily, F","|poke|p1|Tyrantrum, F","|poke|p1|Tyranitar, F","|poke|p2|Zapdos","|poke|p2|Thundurus, M","|poke|p2|Rotom-Wash","|poke|p2|Magnezone","|poke|p2|Manectric, M","|poke|p2|Luxray, F, shiny","|rule|Sleep Clause Mod: Limit one foe put to sleep","|rule|Species Clause: Limit one of each Pokémon","|rule|OHKO Clause: OHKO moves are banned","|rule|Moody Clause: Moody is banned","|rule|Evasion Moves Clause: Evasion moves are banned","|rule|Endless Battle Clause: Forcing endless battles is banned","|rule|HP Percentage Mod: HP is shown in percentages","|teampreview","|","|start","|switch|p1a: Tyranitar|Tyranitar, F|403/403","|switch|p2a: Manectric|Manectric, M|281/281","|-weather|Sandstorm","|turn|1","|","|detailschange|p2a: Manectric|Manectric-Mega, M","|-mega|p2a: Manectric|Manectric|Manectite","|-ability|p2a: Manectric|Intimidate","|-unboost|p1a: Tyranitar|atk|1","|move|p2a: Manectric|Volt Switch|p1a: Tyranitar","|-damage|p1a: Tyranitar|318/403","|","|switch|p2a: Rotom-Wash|Rotom-Wash|303/303","|move|p1a: Tyranitar|Earthquake|p2a: Rotom-Wash","|-immune|p2a: Rotom-Wash|[msg]","|","|-weather|Sandstorm|[upkeep]","|-damage|p2a: Rotom-Wash|285/303|[from] sandstorm","|-heal|p2a: Rotom-Wash|303/303|[from] item: Leftovers","|turn|2","|","|switch|p1a: Cradily|Cradily, F|376/376","|move|p2a: Rotom-Wash|Will-O-Wisp|p1a: Cradily","|-status|p1a: Cradily|brn","|","|-weather|Sandstorm|[upkeep]","|-damage|p2a: Rotom-Wash|285/303|[from] sandstorm","|-heal|p2a: Rotom-Wash|303/303|[from] item: Leftovers","|-damage|p1a: Cradily|329/376 brn|[from] brn","|turn|3","|","|move|p2a: Rotom-Wash|Volt Switch|p1a: Cradily","|-resisted|p1a: Cradily","|-damage|p1a: Cradily|311/376 brn","|","|switch|p2a: Magnezone|Magnezone|281/281","|move|p1a: Cradily|Giga Drain|p2a: Magnezone","|-resisted|p2a: Magnezone","|-damage|p2a: Magnezone|242/281","|-heal|p1a: Cradily|331/376 brn|[from] drain|[of] p2a: Magnezone","|","|-weather|Sandstorm|[upkeep]","|-heal|p1a: Cradily|354/376 brn|[from] item: Leftovers","|-damage|p1a: Cradily|307/376 brn|[from] brn","|turn|4","|","|move|p2a: Magnezone|Flash Cannon|p1a: Cradily","|-supereffective|p1a: Cradily","|-damage|p1a: Cradily|163/376 brn","|move|p1a: Cradily|Giga Drain|p2a: Magnezone","|-crit|p2a: Magnezone","|-resisted|p2a: Magnezone","|-damage|p2a: Magnezone|179/281","|-heal|p1a: Cradily|195/376 brn|[from] drain|[of] p2a: Magnezone","|","|-weather|Sandstorm|[upkeep]","|-heal|p1a: Cradily|218/376 brn|[from] item: Leftovers","|-damage|p1a: Cradily|171/376 brn|[from] brn","|turn|5","|","|move|p2a: Magnezone|Flash Cannon|p1a: Cradily","|-supereffective|p1a: Cradily","|-damage|p1a: Cradily|39/376 brn","|move|p1a: Cradily|Recover|p1a: Cradily","|-heal|p1a: Cradily|227/376 brn","|","|-weather|none","|-heal|p1a: Cradily|250/376 brn|[from] item: Leftovers","|-damage|p1a: Cradily|203/376 brn|[from] brn","|turn|6","|","|switch|p2a: Luxray|Luxray, F, shiny|301/301","|move|p1a: Cradily|Giga Drain|p2a: Luxray","|-damage|p2a: Luxray|208/301","|-heal|p1a: Cradily|250/376 brn|[from] drain|[of] p2a: Luxray","|","|-heal|p1a: Cradily|273/376 brn|[from] item: Leftovers","|-damage|p1a: Cradily|226/376 brn|[from] brn","|turn|7","|","|move|p2a: Luxray|Superpower|p1a: Cradily","|-crit|p1a: Cradily","|-supereffective|p1a: Cradily","|-damage|p1a: Cradily|0 fnt","|-unboost|p2a: Luxray|atk|1","|-unboost|p2a: Luxray|def|1","|faint|p1a: Cradily","|","|","|switch|p1a: Terrakion|Terrakion|323/323","|turn|8","|","|switch|p2a: Zapdos|Zapdos|383/383","|-ability|p2a: Zapdos|Pressure","|move|p1a: Terrakion|Close Combat|p2a: Zapdos","|-resisted|p2a: Zapdos","|-damage|p2a: Zapdos|286/383","|-unboost|p1a: Terrakion|def|1","|-unboost|p1a: Terrakion|spd|1","|","|-heal|p2a: Zapdos|309/383|[from] item: Leftovers","|turn|9","|","|switch|p1a: Tyranitar|Tyranitar, F|318/403","|-weather|Sandstorm","|move|p2a: Zapdos|Discharge|p1a: Tyranitar","|-damage|p1a: Tyranitar|243/403","|","|-weather|Sandstorm|[upkeep]","|-damage|p2a: Zapdos|286/383|[from] sandstorm","|-heal|p2a: Zapdos|309/383|[from] item: Leftovers","|turn|10","|","|switch|p2a: Rotom-Wash|Rotom-Wash|303/303","|move|p1a: Tyranitar|Stealth Rock|p2a: Rotom-Wash","|-sidestart|p2: Shining Yin|move: Stealth Rock","|","|-weather|Sandstorm|[upkeep]","|-damage|p2a: Rotom-Wash|285/303|[from] sandstorm","|-heal|p2a: Rotom-Wash|303/303|[from] item: Leftovers","|turn|11","|","|move|p2a: Rotom-Wash|Will-O-Wisp|p1a: Tyranitar|[miss]","|-miss|p2a: Rotom-Wash|p1a: Tyranitar","|move|p1a: Tyranitar|Crunch|p2a: Rotom-Wash","|-damage|p2a: Rotom-Wash|152/303","|","|-weather|Sandstorm|[upkeep]","|-damage|p2a: Rotom-Wash|134/303|[from] sandstorm","|-heal|p2a: Rotom-Wash|152/303|[from] item: Leftovers","|turn|12","|","|move|p2a: Rotom-Wash|Will-O-Wisp|p1a: Tyranitar","|-status|p1a: Tyranitar|brn","|move|p1a: Tyranitar|Crunch|p2a: Rotom-Wash","|-damage|p2a: Rotom-Wash|82/303","|","|-weather|Sandstorm|[upkeep]","|-damage|p2a: Rotom-Wash|64/303|[from] sandstorm","|-heal|p2a: Rotom-Wash|82/303|[from] item: Leftovers","|-damage|p1a: Tyranitar|193/403 brn|[from] brn","|turn|13","|","|move|p2a: Rotom-Wash|Pain Split|p1a: Tyranitar","|-sethp|p1a: Tyranitar|137/403 brn|p2a: Rotom-Wash|137/303|[from] move: Pain Split","|move|p1a: Tyranitar|Crunch|p2a: Rotom-Wash","|-damage|p2a: Rotom-Wash|59/303","|","|-weather|none","|-heal|p2a: Rotom-Wash|77/303|[from] item: Leftovers","|-damage|p1a: Tyranitar|87/403 brn|[from] brn","|turn|14","|","|move|p2a: Rotom-Wash|Hydro Pump|p1a: Tyranitar","|-supereffective|p1a: Tyranitar","|-damage|p1a: Tyranitar|0 fnt","|faint|p1a: Tyranitar","|","|-heal|p2a: Rotom-Wash|95/303|[from] item: Leftovers","|","|switch|p1a: Terrakion|Terrakion|323/323","|turn|15","|","|move|p1a: Terrakion|Stone Edge|p2a: Rotom-Wash","|-damage|p2a: Rotom-Wash|0 fnt","|faint|p2a: Rotom-Wash","|","|","|switch|p2a: Magnezone|Magnezone|179/281","|-damage|p2a: Magnezone|162/281|[from] Stealth Rock","|turn|16","|","|switch|p1a: Tyrantrum|Tyrantrum, F|305/305","|move|p2a: Magnezone|Flash Cannon|p1a: Tyrantrum","|-supereffective|p1a: Tyrantrum","|-damage|p1a: Tyrantrum|0 fnt","|faint|p1a: Tyrantrum","|","|","|switch|p1a: Archeops|Archeops, M|291/291","|turn|17","|","|move|p2a: Magnezone|Flash Cannon|p1a: Archeops","|-supereffective|p1a: Archeops","|-damage|p1a: Archeops|0 fnt","|faint|p1a: Archeops","|","|","|switch|p1a: Terrakion|Terrakion|323/323","|turn|18","|","|switch|p2a: Zapdos|Zapdos|309/383","|-damage|p2a: Zapdos|214/383|[from] Stealth Rock","|-ability|p2a: Zapdos|Pressure","|move|p1a: Terrakion|Close Combat|p2a: Zapdos","|-resisted|p2a: Zapdos","|-damage|p2a: Zapdos|130/383","|-unboost|p1a: Terrakion|def|1","|-unboost|p1a: Terrakion|spd|1","|","|-heal|p2a: Zapdos|153/383|[from] item: Leftovers","|turn|19","|","|switch|p1a: Aerodactyl|Aerodactyl, F|301/301","|move|p2a: Zapdos|Discharge|p1a: Aerodactyl","|-supereffective|p1a: Aerodactyl","|-damage|p1a: Aerodactyl|11/301","|","|-heal|p2a: Zapdos|176/383|[from] item: Leftovers","|turn|20","|","|switch|p2a: Manectric|Manectric-Mega, M|281/281","|-damage|p2a: Manectric|246/281|[from] Stealth Rock","|-ability|p2a: Manectric|Intimidate","|-unboost|p1a: Aerodactyl|atk|1","|detailschange|p1a: Aerodactyl|Aerodactyl-Mega, F","|-mega|p1a: Aerodactyl|Aerodactyl|Aerodactylite","|move|p1a: Aerodactyl|Ice Fang|p2a: Manectric","|-damage|p2a: Manectric|163/281","|","|turn|21","|","|move|p1a: Aerodactyl|Crunch|p2a: Manectric","|-damage|p2a: Manectric|55/281","|move|p2a: Manectric|Volt Switch|p1a: Aerodactyl","|-supereffective|p1a: Aerodactyl","|-damage|p1a: Aerodactyl|0 fnt","|faint|p1a: Aerodactyl","|","|switch|p2a: Luxray|Luxray, F, shiny|208/301","|-damage|p2a: Luxray|171/301|[from] Stealth Rock","|","|","|switch|p1a: Terrakion|Terrakion|323/323","|turn|22","|","|move|p1a: Terrakion|Close Combat|p2a: Luxray","|-damage|p2a: Luxray|0 fnt","|-unboost|p1a: Terrakion|def|1","|-unboost|p1a: Terrakion|spd|1","|faint|p2a: Luxray","|","|","|switch|p2a: Manectric|Manectric-Mega, M|55/281","|-damage|p2a: Manectric|20/281|[from] Stealth Rock","|-ability|p2a: Manectric|Intimidate","|-unboost|p1a: Terrakion|atk|1","|turn|23","|","|move|p1a: Terrakion|Close Combat|p2a: Manectric","|-damage|p2a: Manectric|0 fnt","|-unboost|p1a: Terrakion|def|1","|-unboost|p1a: Terrakion|spd|1","|faint|p2a: Manectric","|","|","|switch|p2a: Thundurus|Thundurus, M|299/299","|-damage|p2a: Thundurus|225/299|[from] Stealth Rock","|turn|24","|","|move|p1a: Terrakion|Close Combat|p2a: Thundurus","|-resisted|p2a: Thundurus","|-damage|p2a: Thundurus|129/299","|-unboost|p1a: Terrakion|def|1","|-unboost|p1a: Terrakion|spd|1","|move|p2a: Thundurus|Superpower|p1a: Terrakion","|-supereffective|p1a: Terrakion","|-damage|p1a: Terrakion|0 fnt","|-unboost|p2a: Thundurus|atk|1","|-unboost|p2a: Thundurus|def|1","|-damage|p2a: Thundurus|100/299|[from] item: Life Orb","|faint|p1a: Terrakion","|","|win|Shining Yin"],"p1rating":{"entryid":"7464245","serverid":"eos","formatid":"monotype","userid":"gtxjerkasaur","username":"GTX Jerkasaur","w":"1","l":1,"t":"0","gxe":50.8,"r":"1500","rd":"130","sigma":"0","rptime":"1438938000","rpr":1506.0618198933,"rprd":116.62254022316,"rpsigma":"0","acre":1031.9395547246,"lacre":1031.9395547246,"oldacre":"1040"},"p2rating":{"entryid":"7208708","serverid":"eos","formatid":"monotype","userid":"shiningyin","username":"Shining Yin","w":31,"l":"15","t":"0","gxe":64.6,"r":"1615.7776540841","rd":"53.76280948558","sigma":"0","rptime":"1438938000","rpr":1614.680642567,"rprd":52.371028970013,"rpsigma":"0","acre":1241.6972595403,"lacre":1241.6972595403,"oldacre":"1229.1028137975"},"endType":"normal"}