{"seed":[6567,17739,5522,48548],"turns":36,"p1":"Jake1079","p2":"Emg Gl Storm","p1team":[{"name":"Aggron","species":"Aggron","item":"aggronite","ability":"Sturdy","moves":["thunderwave","earthquake","ironhead","endeavor"],"nature":"Adamant","evs":{"hp":252,"atk":68,"def":12,"spa":0,"spd":176,"spe":0},"ivs":{"hp":31,"atk":31,"def":31,"spa":31,"spd":31,"spe":31}},{"name":"Metagross","species":"Metagross","item":"lifeorb","ability":"Clear Body","moves":["agility","meteormash","earthquake","zenheadbutt"],"nature":"Adamant","evs":{"hp":4,"atk":252,"def":0,"spa":0,"spd":0,"spe":252},"ivs":{"hp":31,"atk":31,"def":31,"spa":31,"spd":31,"spe":31}},{"name":"Empoleon","species":"Empoleon","item":"choicespecs","ability":"Torrent","moves":["icebeam","scald","flashcannon","signalbeam"],"nature":"Modest","evs":{"hp":252,"atk":0,"def":0,"spa":252,"spd":4,"spe":0},"ivs":{"hp":31,"atk":31,"def":31,"spa":31,"spd":31,"spe":31}},{"name":"Excadrill","species":"Excadrill","item":"choicescarf","ability":"Mold Breaker","moves":["earthquake","xscissor","rockslide","ironhead"],"nature":"Jolly","evs":{"hp":4,"atk":252,"def":0,"spa":0,"spd":0,"spe":252},"ivs":{"hp":31,"atk":31,"def":31,"spa":31,"spd":31,"spe":31}},{"name":"Heatran","species":"Heatran","item":"airballoon","ability":"Flash Fire","moves":["darkpulse","earthpower","flamethrower","flashcannon"],"nature":"Modest","evs":{"hp":252,"atk":0,"def":0,"spa":252,"spd":4,"spe":0},"ivs":{"hp":31,"atk":31,"def":31,"spa":31,"spd":31,"spe":31}},{"name":"Scizor","species":"Scizor","item":"leftovers","ability":"Technician","moves":["bugbite","bulletpunch","swordsdance","roost"],"nature":"Adamant","evs":{"hp":252,"atk":252,"def":0,"spa":0,"spd":4,"spe":0},"ivs":{"hp":31,"atk":31,"def":31,"spa":31,"spd":31,"spe":31}}],"p2team":[{"name":"Lopunny","species":"Lopunny","item":"lopunnite","ability":"Limber","moves":["fakeout","highjumpkick","return","icepunch"],"nature":"Jolly","evs":{"hp":0,"atk":252,"def":0,"spa":0,"spd":4,"spe":252},"ivs":{"hp":31,"atk":31,"def":31,"spa":31,"spd":31,"spe":31}},{"name":"Porygon-Z","species":"Porygon-Z","item":"choicescarf","ability":"Adaptability","moves":["triattack","psychic","icebeam","discharge"],"nature":"Timid","evs":{"hp":0,"atk":0,"def":0,"spa":252,"spd":4,"spe":252},"ivs":{"hp":31,"atk":31,"def":31,"spa":31,"spd":31,"spe":31}},{"name":"Miltank","species":"Miltank","item":"leftovers","ability":"Thick Fat","moves":["stealthrock","milkdrink","thunderwave","firepunch"],"nature":"Impish","evs":{"hp":252,"atk":4,"def":252,"spa":0,"spd":0,"spe":0},"ivs":{"hp":31,"atk":31,"def":31,"spa":31,"spd":31,"spe":31}},{"name":"Chansey","species":"Chansey","item":"eviolite","ability":"Natural Cure","moves":["aromatherapy","toxic","seismictoss","softboiled"],"nature":"Bold","evs":{"hp":248,"atk":0,"def":252,"spa":0,"spd":8,"spe":0},"ivs":{"hp":31,"atk":31,"def":31,"spa":31,"spd":31,"spe":31}},{"name":"Staraptor","species":"Staraptor","item":"choicescarf","ability":"Reckless","moves":["bravebird","closecombat","return","pursuit"],"nature":"Jolly","evs":{"hp":0,"atk":252,"def":0,"spa":0,"spd":4,"spe":252},"ivs":{"hp":31,"atk":31,"def":31,"spa":31,"spd":31,"spe":31}},{"name":"Regigigas","species":"Regigigas","item":"leftovers","ability":"Slow Start","moves":["substitute","drainpunch","zenheadbutt","thunderwave"],"nature":"Adamant","evs":{"hp":248,"atk":252,"def":0,"spa":0,"spd":8,"spe":0},"ivs":{"hp":31,"atk":31,"def":31,"spa":31,"spd":31,"spe":31}}],"log":["|player|p1|Jake1079|150","|player|p2|Emg Gl Storm|99","|gametype|singles","|gen|6","|tier|Monotype","|rated","|rule|Baton Pass Clause: Limit one Baton Passer, can't pass Spe and other stats simultaneously","|rule|Swagger Clause: Swagger is banned","|rule|Same Type Clause: Pokémon in a team must share a type","|clearpoke","|poke|p1|Aggron, M","|poke|p1|Metagross","|poke|p1|Empoleon, M","|poke|p1|Excadrill, M","|poke|p1|Heatran, M","|poke|p1|Scizor, M","|poke|p2|Lopunny, F","|poke|p2|Porygon-Z","|poke|p2|Miltank, F","|poke|p2|Chansey, F","|poke|p2|Staraptor, F","|poke|p2|Regigigas","|rule|Sleep Clause Mod: Limit one foe put to sleep","|rule|Species Clause: Limit one of each Pokémon","|rule|OHKO Clause: OHKO moves are banned","|rule|Moody Clause: Moody is banned","|rule|Evasion Moves Clause: Evasion moves are banned","|rule|Endless Battle Clause: Forcing endless battles is banned","|rule|HP Percentage Mod: HP is shown in percentages","|teampreview","|","|start","|switch|p1a: Aggron|Aggron, M|344/344","|switch|p2a: Lopunny|Lopunny, F|271/271","|turn|1","|","|detailschange|p2a: Lopunny|Lopunny-Mega, F","|-mega|p2a: Lopunny|Lopunny|Lopunnite","|detailschange|p1a: Aggron|Aggron-Mega, M","|-mega|p1a: Aggron|Aggron|Aggronite","|move|p2a: Lopunny|Fake Out|p1a: Aggron","|-crit|p1a: Aggron","|-resisted|p1a: Aggron","|-damage|p1a: Aggron|320/344","|cant|p1a: Aggron|flinch","|","|turn|2","|","|move|p2a: Lopunny|High Jump Kick|p1a: Aggron","|-supereffective|p1a: Aggron","|-damage|p1a: Aggron|154/344","|move|p1a: Aggron|Thunder Wave|p2a: Lopunny","|-status|p2a: Lopunny|par","|","|turn|3","|","|move|p1a: Aggron|Iron Head|p2a: Lopunny","|-crit|p2a: Lopunny","|-damage|p2a: Lopunny|48/271 par","|cant|p2a: Lopunny|flinch","|","|turn|4","|","|move|p1a: Aggron|Iron Head|p2a: Lopunny","|-damage|p2a: Lopunny|0 fnt","|faint|p2a: Lopunny","|","|","|switch|p2a: Regigigas|Regigigas|423/423","|-start|p2a: Regigigas|Slow Start","|turn|5","|","|move|p1a: Aggron|Thunder Wave|p2a: Regigigas","|-status|p2a: Regigigas|par","|move|p2a: Regigigas|Drain Punch|p1a: Aggron","|-supereffective|p1a: Aggron","|-damage|p1a: Aggron|111/344","|","|turn|6","|","|move|p1a: Aggron|Endeavor|p2a: Regigigas","|-damage|p2a: Regigigas|111/423 par","|move|p2a: Regigigas|Thunder Wave|p1a: Aggron","|-status|p1a: Aggron|par","|","|-heal|p2a: Regigigas|137/423 par|[from] item: Leftovers","|turn|7","|","|move|p1a: Aggron|Iron Head|p2a: Regigigas","|-damage|p2a: Regigigas|0 fnt","|faint|p2a: Regigigas","|-end|p2a: Regigigas|Slow Start|[silent]","|","|","|-end|p2: Regigigas|Slow Start|[silent]","|switch|p2a: Staraptor|Staraptor, F|311/311","|turn|8","|","|move|p2a: Staraptor|Close Combat|p1a: Aggron","|-crit|p1a: Aggron","|-supereffective|p1a: Aggron","|-damage|p1a: Aggron|0 fnt","|-unboost|p2a: Staraptor|def|1","|-unboost|p2a: Staraptor|spd|1","|faint|p1a: Aggron","|","|","|switch|p1a: Excadrill|Excadrill, M|362/362","|-ability|p1a: Excadrill|Mold Breaker","|turn|9","|","|move|p2a: Staraptor|Close Combat|p1a: Excadrill","|-supereffective|p1a: Excadrill","|-damage|p1a: Excadrill|0 fnt","|-unboost|p2a: Staraptor|def|1","|-unboost|p2a: Staraptor|spd|1","|faint|p1a: Excadrill","|","|","|switch|p1a: Scizor|Scizor, M|344/344","|turn|10","|","|switch|p2a: Miltank|Miltank, F|394/394","|move|p1a: Scizor|Bullet Punch|p2a: Miltank","|-damage|p2a: Miltank|304/394","|","|-heal|p2a: Miltank|328/394|[from] item: Leftovers","|turn|11","|","|move|p2a: Miltank|Thunder Wave|p1a: Scizor","|-status|p1a: Scizor|par","|move|p1a: Scizor|Swords Dance|p1a: Scizor","|-boost|p1a: Scizor|atk|2","|","|-heal|p2a: Miltank|352/394|[from] item: Leftovers","|turn|12","|","|move|p2a: Miltank|Fire Punch|p1a: Scizor","|-supereffective|p1a: Scizor","|-damage|p1a: Scizor|144/344 par","|cant|p1a: Scizor|par","|","|-heal|p2a: Miltank|376/394|[from] item: Leftovers","|-heal|p1a: Scizor|165/344 par|[from] item: Leftovers","|turn|13","|","|move|p1a: Scizor|Bullet Punch|p2a: Miltank","|-damage|p2a: Miltank|201/394","|move|p2a: Miltank|Thunder Wave|p1a: Scizor","|-fail|p1a: Scizor|par","|","|-heal|p2a: Miltank|225/394|[from] item: Leftovers","|-heal|p1a: Scizor|186/344 par|[from] item: Leftovers","|turn|14","|","|move|p1a: Scizor|Bullet Punch|p2a: Miltank","|-damage|p2a: Miltank|62/394","|move|p2a: Miltank|Milk Drink|p2a: Miltank","|-heal|p2a: Miltank|259/394","|","|-heal|p2a: Miltank|283/394|[from] item: Leftovers","|-heal|p1a: Scizor|207/344 par|[from] item: Leftovers","|turn|15","|","|move|p1a: Scizor|Bullet Punch|p2a: Miltank","|-damage|p2a: Miltank|130/394","|move|p2a: Miltank|Fire Punch|p1a: Scizor","|-supereffective|p1a: Scizor","|-damage|p1a: Scizor|23/344 par","|","|-heal|p2a: Miltank|154/394|[from] item: Leftovers","|-heal|p1a: Scizor|44/344 par|[from] item: Leftovers","|turn|16","|","|cant|p1a: Scizor|par","|move|p2a: Miltank|Milk Drink|p2a: Miltank","|-heal|p2a: Miltank|351/394","|","|-heal|p2a: Miltank|375/394|[from] item: Leftovers","|-heal|p1a: Scizor|65/344 par|[from] item: Leftovers","|turn|17","|","|move|p1a: Scizor|Bullet Punch|p2a: Miltank","|-damage|p2a: Miltank|215/394","|move|p2a: Miltank|Fire Punch|p1a: Scizor","|-supereffective|p1a: Scizor","|-damage|p1a: Scizor|0 fnt","|faint|p1a: Scizor","|","|-heal|p2a: Miltank|239/394|[from] item: Leftovers","|","|switch|p1a: Heatran|Heatran, M|386/386","|-item|p1a: Heatran|Air Balloon","|turn|18","|","|switch|p2a: Chansey|Chansey, F|703/703","|move|p1a: Heatran|Flamethrower|p2a: Chansey","|-damage|p2a: Chansey|586/703","|","|turn|19","|","|move|p1a: Heatran|Flamethrower|p2a: Chansey","|-damage|p2a: Chansey|478/703","|move|p2a: Chansey|Seismic Toss|p1a: Heatran","|-damage|p1a: Heatran|286/386","|-enditem|p1a: Heatran|Air Balloon","|","|turn|20","|","|switch|p1a: Metagross|Metagross|302/302","|move|p2a: Chansey|Seismic Toss|p1a: Metagross","|-damage|p1a: Metagross|202/302","|","|turn|21","|","|switch|p2a: Miltank|Miltank, F|239/394","|move|p1a: Metagross|Agility|p1a: Metagross","|-boost|p1a: Metagross|spe|2","|","|-heal|p2a: Miltank|263/394|[from] item: Leftovers","|turn|22","|","|move|p1a: Metagross|Meteor Mash|p2a: Miltank","|-damage|p2a: Miltank|94/394","|-boost|p1a: Metagross|atk|1","|-damage|p1a: Metagross|172/302|[from] item: Life Orb","|move|p2a: Miltank|Thunder Wave|p1a: Metagross","|-status|p1a: Metagross|par","|","|-heal|p2a: Miltank|118/394|[from] item: Leftovers","|turn|23","|","|move|p2a: Miltank|Milk Drink|p2a: Miltank","|-heal|p2a: Miltank|315/394","|cant|p1a: Metagross|par","|","|-heal|p2a: Miltank|339/394|[from] item: Leftovers","|turn|24","|","|move|p2a: Miltank|Fire Punch|p1a: Metagross","|-supereffective|p1a: Metagross","|-damage|p1a: Metagross|88/302 par","|move|p1a: Metagross|Meteor Mash|p2a: Miltank","|-damage|p2a: Miltank|89/394","|-damage|p1a: Metagross|58/302 par|[from] item: Life Orb","|","|-heal|p2a: Miltank|113/394|[from] item: Leftovers","|turn|25","|","|move|p2a: Miltank|Fire Punch|p1a: Metagross","|-supereffective|p1a: Metagross","|-damage|p1a: Metagross|0 fnt","|faint|p1a: Metagross","|","|-heal|p2a: Miltank|137/394|[from] item: Leftovers","|","|switch|p1a: Empoleon|Empoleon, M|372/372","|turn|26","|","|switch|p2a: Chansey|Chansey, F|478/703","|move|p1a: Empoleon|Scald|p2a: Chansey","|-damage|p2a: Chansey|336/703","|","|turn|27","|","|move|p1a: Empoleon|Scald|p2a: Chansey","|-damage|p2a: Chansey|194/703","|move|p2a: Chansey|Soft-Boiled|p2a: Chansey","|-heal|p2a: Chansey|546/703","|","|turn|28","|","|move|p1a: Empoleon|Scald|p2a: Chansey","|-damage|p2a: Chansey|416/703","|-status|p2a: Chansey|brn","|move|p2a: Chansey|Soft-Boiled|p2a: Chansey","|-heal|p2a: Chansey|703/703 brn","|","|-damage|p2a: Chansey|616/703 brn|[from] brn","|turn|29","|","|move|p1a: Empoleon|Scald|p2a: Chansey","|-damage|p2a: Chansey|493/703 brn","|move|p2a: Chansey|Aromatherapy|p2a: Chansey","|-cureteam|p2a: Chansey|[from] move: Aromatherapy","|","|turn|30","|","|move|p1a: Empoleon|Scald|p2a: Chansey","|-damage|p2a: Chansey|348/703","|-status|p2a: Chansey|brn","|move|p2a: Chansey|Seismic Toss|p1a: Empoleon","|-damage|p1a: Empoleon|272/372","|","|-damage|p2a: Chansey|261/703 brn|[from] brn","|turn|31","|","|move|p1a: Empoleon|Scald|p2a: Chansey","|-damage|p2a: Chansey|119/703 brn","|move|p2a: Chansey|Seismic Toss|p1a: Empoleon","|-damage|p1a: Empoleon|172/372","|","|-damage|p2a: Chansey|32/703 brn|[from] brn","|turn|32","|","|move|p1a: Empoleon|Scald|p2a: Chansey","|-damage|p2a: Chansey|0 fnt","|faint|p2a: Chansey","|","|","|switch|p2a: Porygon-Z|Porygon-Z|311/311","|turn|33","|","|move|p2a: Porygon-Z|Discharge|p1a: Empoleon","|-supereffective|p1a: Empoleon","|-damage|p1a: Empoleon|0 fnt","|faint|p1a: Empoleon","|","|","|switch|p1a: Heatran|Heatran, M|286/386","|turn|34","|","|move|p2a: Porygon-Z|Discharge|p1a: Heatran","|-damage|p1a: Heatran|193/386","|move|p1a: Heatran|Flamethrower|p2a: Porygon-Z","|-damage|p2a: Porygon-Z|89/311","|","|turn|35","|","|move|p2a: Porygon-Z|Discharge|p1a: Heatran","|-damage|p1a: Heatran|103/386","|move|p1a: Heatran|Flamethrower|p2a: Porygon-Z","|-damage|p2a: Porygon-Z|0 fnt","|faint|p2a: Porygon-Z","|","|","|switch|p2a: Staraptor|Staraptor, F|311/311","|turn|36","|","|move|p2a: Staraptor|Close Combat|p1a: Heatran","|-supereffective|p1a: Heatran","|-damage|p1a: Heatran|0 fnt","|-unboost|p2a: Staraptor|def|1","|-unboost|p2a: Staraptor|spd|1","|faint|p1a: Heatran","|","|win|Emg Gl Storm"],"p1rating":{"entryid":"7429437","serverid":"eos","formatid":"monotype","userid":"jake1079","username":"Jake1079","w":"17","l":24,"t":"0","gxe":42.2,"r":"1432.0215284905","rd":"63.342948455493","sigma":"0","rptime":"1438938000","rpr":1439.9538369338,"rprd":52.711281485354,"rpsigma":"0","acre":1052.8238859253,"lacre":1052.8238859253,"oldacre":"1078.287271937"},"p2rating":{"entryid":"7392651","serverid":"eos","formatid":"monotype","userid":"emgglstorm","username":"Emg Gl Storm","w":2,"l":"4","t":"0","gxe":40.3,"r":"1419.7821379453","rd":"106.83824972611","sigma":"0","rptime":"1438938000","rpr":1423.1868358157,"rprd":98.242764392192,"rpsigma":"0","acre":1061.8879340196,"lacre":1061.8879340196,"oldacre":"1018.2496730586"},"endType":"normal"}