{"seed":[54796,39699,17121,59774],"turns":29,"p1":"Defender of Sinnoh","p2":"Emerald Fr3ak","p1team":[{"name":"Torterra","species":"Torterra","item":"assaultvest","ability":"Overgrow","moves":["earthquake","stoneedge","seedbomb","crunch"],"nature":"Adamant","evs":{"hp":248,"atk":252,"def":0,"spa":0,"spd":8,"spe":0},"ivs":{"hp":31,"atk":31,"def":31,"spa":31,"spd":31,"spe":31}},{"name":"Garchomp","species":"Garchomp","item":"rockyhelmet","ability":"Rough Skin","moves":["earthquake","dragonclaw","stealthrock","stoneedge"],"nature":"Jolly","evs":{"hp":0,"atk":252,"def":0,"spa":0,"spd":4,"spe":252},"ivs":{"hp":31,"atk":31,"def":31,"spa":31,"spd":31,"spe":31}},{"name":"Camerupt","species":"Camerupt","item":"cameruptite","ability":"Magma Armor","moves":["earthpower","flamethrower","willowisp","ancientpower"],"nature":"Modest","evs":{"hp":248,"atk":0,"def":0,"spa":252,"spd":8,"spe":0},"shiny":true,"ivs":{"hp":31,"atk":31,"def":31,"spa":31,"spd":31,"spe":31}},{"name":"Claydol","species":"Claydol","item":"leftovers","ability":"Levitate","moves":["cosmicpower","chargebeam","rapidspin","stealthrock"],"nature":"Calm","evs":{"hp":252,"atk":0,"def":0,"spa":4,"spd":252,"spe":0},"ivs":{"hp":31,"atk":31,"def":31,"spa":31,"spd":31,"spe":31}},{"name":"Gastrodon","species":"Gastrodon","item":"leftovers","ability":"Storm Drain","moves":["earthpower","scald","recover","toxic"],"nature":"Bold","evs":{"hp":248,"atk":0,"def":252,"spa":8,"spd":0,"spe":0},"ivs":{"hp":31,"atk":31,"def":31,"spa":31,"spd":31,"spe":31}},{"name":"Mamoswine","species":"Mamoswine","item":"focussash","ability":"Thick Fat","moves":["iceshard","iciclecrash","earthquake","knockoff"],"nature":"Adamant","evs":{"hp":248,"atk":252,"def":0,"spa":0,"spd":8,"spe":0},"ivs":{"hp":31,"atk":31,"def":31,"spa":31,"spd":31,"spe":31}}],"p2team":[{"name":"Safety Shark","species":"garchomp","item":"rockyhelmet","ability":"Rough Skin","moves":["earthquake","swordsdance","dragonclaw","stealthrock"],"nature":"Jolly","evs":{"hp":0,"atk":252,"def":0,"spa":0,"spd":4,"spe":252},"gender":"M","shiny":true,"ivs":{"hp":31,"atk":31,"def":31,"spa":31,"spd":31,"spe":31}},{"name":"Gaea","species":"landorus","item":"lifeorb","ability":"Sheer Force","moves":["earthpower","sludgewave","psychic","calmmind"],"nature":"Timid","evs":{"hp":0,"atk":0,"def":0,"spa":252,"spd":4,"spe":252},"shiny":true,"ivs":{"hp":31,"atk":31,"def":31,"spa":31,"spd":31,"spe":31}},{"name":"Nightwing","species":"gliscor","item":"toxicorb","ability":"Poison Heal","moves":["protect","fling","acrobatics","facade"],"nature":"Adamant","evs":{"hp":184,"atk":252,"def":0,"spa":0,"spd":0,"spe":72},"gender":"M","shiny":true,"ivs":{"hp":31,"atk":31,"def":31,"spa":31,"spd":31,"spe":31}},{"name":"Dr. Drilla","species":"excadrill","item":"airballoon","ability":"Sand Rush","moves":["earthquake","ironhead","rockslide","rapidspin"],"nature":"Adamant","evs":{"hp":0,"atk":252,"def":0,"spa":0,"spd":4,"spe":252},"gender":"M","shiny":true,"ivs":{"hp":31,"atk":31,"def":31,"spa":31,"spd":31,"spe":31}},{"name":"Bertha","species":"hippowdon","item":"leftovers","ability":"Sand Stream","moves":["earthquake","toxic","slackoff","whirlwind"],"nature":"Impish","evs":{"hp":252,"atk":4,"def":252,"spa":0,"spd":0,"spe":0},"gender":"F","shiny":true,"ivs":{"hp":31,"atk":31,"def":31,"spa":31,"spd":31,"spe":31}},{"name":"Brock","species":"steelix","item":"steelixite","ability":"Sturdy","moves":["earthquake","heavyslam","rockslide","gyroball"],"nature":"Brave","evs":{"hp":248,"atk":252,"def":0,"spa":0,"spd":8,"spe":0},"gender":"M","ivs":{"hp":31,"atk":31,"def":31,"spa":31,"spd":31,"spe":0},"shiny":true}],"log":["|player|p1|Defender of Sinnoh|25","|player|p2|Emerald Fr3ak|2","|gametype|singles","|gen|6","|tier|Monotype","|rated","|rule|Baton Pass Clause: Limit one Baton Passer, can't pass Spe and other stats simultaneously","|rule|Swagger Clause: Swagger is banned","|rule|Same Type Clause: Pokémon in a team must share a type","|clearpoke","|poke|p1|Torterra, M","|poke|p1|Garchomp, M","|poke|p1|Camerupt, M, shiny","|poke|p1|Claydol","|poke|p1|Gastrodon, F","|poke|p1|Mamoswine, F","|poke|p2|Garchomp, M, shiny","|poke|p2|Landorus, M, shiny","|poke|p2|Gliscor, M, shiny","|poke|p2|Excadrill, M, shiny","|poke|p2|Hippowdon, F, shiny","|poke|p2|Steelix, M, shiny","|rule|Sleep Clause Mod: Limit one foe put to sleep","|rule|Species Clause: Limit one of each Pokémon","|rule|OHKO Clause: OHKO moves are banned","|rule|Moody Clause: Moody is banned","|rule|Evasion Moves Clause: Evasion moves are banned","|rule|Endless Battle Clause: Forcing endless battles is banned","|rule|HP Percentage Mod: HP is shown in percentages","|teampreview","|","|start","|switch|p1a: Gastrodon|Gastrodon, F|425/425","|switch|p2a: Safety Shark|Garchomp, M, shiny|357/357","|turn|1","|","|move|p2a: Safety Shark|Stealth Rock|p1a: Gastrodon","|-sidestart|p1: Defender of Sinnoh|move: Stealth Rock","|move|p1a: Gastrodon|Scald|p2a: Safety Shark","|-damage|p2a: Safety Shark|248/357","|-status|p2a: Safety Shark|brn","|","|-damage|p2a: Safety Shark|204/357 brn|[from] brn","|turn|2","|","|move|p2a: Safety Shark|Swords Dance|p2a: Safety Shark","|-boost|p2a: Safety Shark|atk|2","|move|p1a: Gastrodon|Scald|p2a: Safety Shark","|-damage|p2a: Safety Shark|98/357 brn","|","|-damage|p2a: Safety Shark|54/357 brn|[from] brn","|turn|3","|","|move|p2a: Safety Shark|Earthquake|p1a: Gastrodon","|-crit|p1a: Gastrodon","|-damage|p1a: Gastrodon|199/425","|move|p1a: Gastrodon|Scald|p2a: Safety Shark","|-damage|p2a: Safety Shark|0 fnt","|faint|p2a: Safety Shark","|","|-heal|p1a: Gastrodon|225/425|[from] item: Leftovers","|","|switch|p2a: Bertha|Hippowdon, F, shiny|420/420","|-weather|Sandstorm","|turn|4","|","|move|p2a: Bertha|Toxic|p1a: Gastrodon","|-status|p1a: Gastrodon|tox","|move|p1a: Gastrodon|Scald|p2a: Bertha","|-supereffective|p2a: Bertha","|-damage|p2a: Bertha|172/420","|","|-weather|Sandstorm|[upkeep]","|-heal|p2a: Bertha|198/420|[from] item: Leftovers","|-heal|p1a: Gastrodon|251/425 tox|[from] item: Leftovers","|-damage|p1a: Gastrodon|225/425 tox|[from] psn","|turn|5","|","|move|p2a: Bertha|Slack Off|p2a: Bertha","|-heal|p2a: Bertha|408/420","|move|p1a: Gastrodon|Scald|p2a: Bertha","|-supereffective|p2a: Bertha","|-damage|p2a: Bertha|174/420","|","|-weather|Sandstorm|[upkeep]","|-heal|p2a: Bertha|200/420|[from] item: Leftovers","|-heal|p1a: Gastrodon|251/425 tox|[from] item: Leftovers","|-damage|p1a: Gastrodon|199/425 tox|[from] psn","|turn|6","|","|move|p2a: Bertha|Slack Off|p2a: Bertha","|-heal|p2a: Bertha|410/420","|move|p1a: Gastrodon|Toxic|p2a: Bertha","|-status|p2a: Bertha|tox","|","|-weather|Sandstorm|[upkeep]","|-heal|p2a: Bertha|420/420 tox|[from] item: Leftovers","|-heal|p1a: Gastrodon|225/425 tox|[from] item: Leftovers","|-damage|p2a: Bertha|394/420 tox|[from] psn","|-damage|p1a: Gastrodon|147/425 tox|[from] psn","|turn|7","|","|move|p1a: Gastrodon|Recover|p1a: Gastrodon","|-heal|p1a: Gastrodon|360/425 tox","|move|p2a: Bertha|Whirlwind|p1a: Gastrodon","|drag|p1a: Torterra|Torterra, M|393/393","|-damage|p1a: Torterra|369/393|[from] Stealth Rock","|","|-weather|Sandstorm|[upkeep]","|-heal|p2a: Bertha|420/420 tox|[from] item: Leftovers","|-damage|p2a: Bertha|368/420 tox|[from] psn","|turn|8","|","|move|p1a: Torterra|Seed Bomb|p2a: Bertha","|-supereffective|p2a: Bertha","|-damage|p2a: Bertha|186/420 tox","|move|p2a: Bertha|Toxic|p1a: Torterra","|-status|p1a: Torterra|tox","|","|-weather|none","|-heal|p2a: Bertha|212/420 tox|[from] item: Leftovers","|-damage|p1a: Torterra|345/393 tox|[from] psn","|-damage|p2a: Bertha|134/420 tox|[from] psn","|turn|9","|","|switch|p2a: Brock|Steelix, M, shiny|353/353","|move|p1a: Torterra|Seed Bomb|p2a: Brock","|-damage|p2a: Brock|280/353","|","|-damage|p1a: Torterra|297/393 tox|[from] psn","|turn|10","|","|detailschange|p2a: Brock|Steelix-Mega, M, shiny","|-mega|p2a: Brock|Steelix|Steelixite","|move|p1a: Torterra|Earthquake|p2a: Brock","|-supereffective|p2a: Brock","|-damage|p2a: Brock|106/353","|move|p2a: Brock|Earthquake|p1a: Torterra","|-resisted|p1a: Torterra","|-damage|p1a: Torterra|200/393 tox","|","|-damage|p1a: Torterra|128/393 tox|[from] psn","|turn|11","|","|move|p1a: Torterra|Earthquake|p2a: Brock","|-supereffective|p2a: Brock","|-damage|p2a: Brock|0 fnt","|faint|p2a: Brock","|","|-damage|p1a: Torterra|32/393 tox|[from] psn","|","|switch|p2a: Nightwing|Gliscor, M, shiny|337/337","|turn|12","|","|move|p2a: Nightwing|Protect|p2a: Nightwing","|-singleturn|p2a: Nightwing|Protect","|move|p1a: Torterra|Seed Bomb|p2a: Nightwing","|-activate|p2a: Nightwing|Protect","|","|-damage|p1a: Torterra|0 fnt|[from] psn","|-status|p2a: Nightwing|tox|[from] item: Toxic Orb","|faint|p1a: Torterra","|","|switch|p1a: Mamoswine|Mamoswine, F|423/423","|-damage|p1a: Mamoswine|371/423|[from] Stealth Rock","|turn|13","|","|move|p2a: Nightwing|Fling|p1a: Mamoswine","|-enditem|p2a: Nightwing|Toxic Orb|[from] move: Fling","|-damage|p1a: Mamoswine|336/423","|-status|p1a: Mamoswine|tox","|move|p1a: Mamoswine|Icicle Crash|p2a: Nightwing","|-supereffective|p2a: Nightwing","|-damage|p2a: Nightwing|0 fnt","|faint|p2a: Nightwing","|","|-damage|p1a: Mamoswine|310/423 tox|[from] psn","|","|switch|p2a: Bertha|Hippowdon, F, shiny|134/420 tox","|-weather|Sandstorm","|turn|14","|","|move|p1a: Mamoswine|Ice Shard|p2a: Bertha","|-supereffective|p2a: Bertha","|-damage|p2a: Bertha|32/420 tox","|move|p2a: Bertha|Slack Off|p2a: Bertha","|-heal|p2a: Bertha|242/420 tox","|","|-weather|Sandstorm|[upkeep]","|-heal|p2a: Bertha|268/420 tox|[from] item: Leftovers","|-damage|p1a: Mamoswine|258/423 tox|[from] psn","|-damage|p2a: Bertha|242/420 tox|[from] psn","|turn|15","|","|move|p1a: Mamoswine|Icicle Crash|p2a: Bertha","|-supereffective|p2a: Bertha","|-damage|p2a: Bertha|14/420 tox","|move|p2a: Bertha|Earthquake|p1a: Mamoswine","|-damage|p1a: Mamoswine|98/423 tox","|","|-weather|Sandstorm|[upkeep]","|-heal|p2a: Bertha|40/420 tox|[from] item: Leftovers","|-damage|p1a: Mamoswine|20/423 tox|[from] psn","|-damage|p2a: Bertha|0 fnt|[from] psn","|faint|p2a: Bertha","|","|switch|p2a: Dr. Drilla|Excadrill, M, shiny|361/361","|-item|p2a: Dr. Drilla|Air Balloon","|turn|16","|","|move|p1a: Mamoswine|Ice Shard|p2a: Dr. Drilla","|-damage|p2a: Dr. Drilla|232/361","|-enditem|p2a: Dr. Drilla|Air Balloon","|move|p2a: Dr. Drilla|Rapid Spin|p1a: Mamoswine","|-damage|p1a: Mamoswine|0 fnt","|faint|p1a: Mamoswine","|","|-weather|Sandstorm|[upkeep]","|","|switch|p1a: Gastrodon|Gastrodon, F|360/425 tox","|-damage|p1a: Gastrodon|334/425 tox|[from] Stealth Rock","|turn|17","|","|move|p2a: Dr. Drilla|Iron Head|p1a: Gastrodon","|-resisted|p1a: Gastrodon","|-damage|p1a: Gastrodon|254/425 tox","|cant|p1a: Gastrodon|flinch","|","|-weather|Sandstorm|[upkeep]","|-heal|p1a: Gastrodon|280/425 tox|[from] item: Leftovers","|-damage|p1a: Gastrodon|254/425 tox|[from] psn","|turn|18","|","|move|p2a: Dr. Drilla|Iron Head|p1a: Gastrodon","|-resisted|p1a: Gastrodon","|-damage|p1a: Gastrodon|176/425 tox","|cant|p1a: Gastrodon|flinch","|","|-weather|none","|-heal|p1a: Gastrodon|202/425 tox|[from] item: Leftovers","|-damage|p1a: Gastrodon|150/425 tox|[from] psn","|turn|19","|","|move|p2a: Dr. Drilla|Iron Head|p1a: Gastrodon","|-resisted|p1a: Gastrodon","|-damage|p1a: Gastrodon|75/425 tox","|cant|p1a: Gastrodon|flinch","|","|-heal|p1a: Gastrodon|101/425 tox|[from] item: Leftovers","|-damage|p1a: Gastrodon|23/425 tox|[from] psn","|turn|20","|","|move|p2a: Dr. Drilla|Rock Slide|p1a: Gastrodon","|-resisted|p1a: Gastrodon","|-damage|p1a: Gastrodon|0 fnt","|faint|p1a: Gastrodon","|","|","|switch|p1a: Garchomp|Garchomp, M|357/357","|-damage|p1a: Garchomp|335/357|[from] Stealth Rock","|turn|21","|","|move|p1a: Garchomp|Earthquake|p2a: Dr. Drilla","|-supereffective|p2a: Dr. Drilla","|-damage|p2a: Dr. Drilla|0 fnt","|faint|p2a: Dr. Drilla","|","|","|switch|p2a: Gaea|Landorus, M, shiny|319/319","|turn|22","|","|move|p1a: Garchomp|Stone Edge|p2a: Gaea","|-damage|p2a: Gaea|186/319","|move|p2a: Gaea|Calm Mind|p2a: Gaea","|-boost|p2a: Gaea|spa|1","|-boost|p2a: Gaea|spd|1","|","|turn|23","|","|move|p1a: Garchomp|Stone Edge|p2a: Gaea","|-damage|p2a: Gaea|60/319","|move|p2a: Gaea|Earth Power|p1a: Garchomp","|-damage|p1a: Garchomp|0 fnt","|faint|p1a: Garchomp","|","|","|switch|p1a: Camerupt|Camerupt, M, shiny|343/343","|-damage|p1a: Camerupt|301/343|[from] Stealth Rock","|turn|24","|","|detailschange|p1a: Camerupt|Camerupt-Mega, M, shiny","|-mega|p1a: Camerupt|Camerupt|Cameruptite","|move|p2a: Gaea|Earth Power|p1a: Camerupt","|-supereffective|p1a: Camerupt","|-damage|p1a: Camerupt|0 fnt","|faint|p1a: Camerupt","|","|","|switch|p1a: Claydol|Claydol|324/324","|-damage|p1a: Claydol|304/324|[from] Stealth Rock","|turn|25","|","|move|p2a: Gaea|Psychic|p1a: Claydol","|-resisted|p1a: Claydol","|-damage|p1a: Claydol|223/324","|move|p1a: Claydol|Rapid Spin|p2a: Gaea","|-damage|p2a: Gaea|46/319","|-sideend|p1: Defender of Sinnoh|Stealth Rock|[from] move: Rapid Spin|[of] p1a: Claydol","|","|-heal|p1a: Claydol|243/324|[from] item: Leftovers","|turn|26","|","|move|p2a: Gaea|Sludge Wave|p1a: Claydol","|-resisted|p1a: Claydol","|-damage|p1a: Claydol|164/324","|move|p1a: Claydol|Rapid Spin|p2a: Gaea","|-damage|p2a: Gaea|34/319","|","|-heal|p1a: Claydol|184/324|[from] item: Leftovers","|turn|27","|","|move|p2a: Gaea|Psychic|p1a: Claydol","|-resisted|p1a: Claydol","|-damage|p1a: Claydol|106/324","|move|p1a: Claydol|Rapid Spin|p2a: Gaea","|-damage|p2a: Gaea|21/319","|","|-heal|p1a: Claydol|126/324|[from] item: Leftovers","|turn|28","|","|move|p2a: Gaea|Psychic|p1a: Claydol","|-resisted|p1a: Claydol","|-damage|p1a: Claydol|48/324","|move|p1a: Claydol|Rapid Spin|p2a: Gaea","|-damage|p2a: Gaea|8/319","|","|-heal|p1a: Claydol|68/324|[from] item: Leftovers","|turn|29","|","|move|p2a: Gaea|Psychic|p1a: Claydol","|-resisted|p1a: Claydol","|-damage|p1a: Claydol|0 fnt","|faint|p1a: Claydol","|","|win|Emerald Fr3ak"],"p1rating":{"entryid":"6083148","serverid":"eos","formatid":"monotype","userid":"defenderofsinnoh","username":"Defender Of Sinnoh","w":"41","l":54,"t":"0","gxe":43.5,"r":"1454.920799847","rd":"43.554694147182","sigma":"0","rptime":"1438938000","rpr":1450.0907055046,"rprd":43.235588841005,"rpsigma":"0","acre":1101.6240924368,"lacre":1101.6240924368,"oldacre":"1129.8093909133"},"p2rating":{"entryid":"7037964","serverid":"eos","formatid":"monotype","userid":"emeraldfr3ak","username":"Emerald Fr3ak","w":16,"l":"13","t":"0","gxe":50,"r":1489.4915597858,"rd":65.909658718539,"sigma":"0","rptime":1438938000,"rpr":1500.282833698,"rprd":64.786544834339,"rpsigma":"0","acre":1115.9712797589,"lacre":1115.9712797589,"oldacre":"1085.3000456822"},"endType":"normal"}