{"seed":[33499,34475,38983,35187],"turns":19,"p1":"Dusk Hoot","p2":"Guard Choppah","p1team":[{"name":"Diancie","species":"Diancie","item":"diancite","ability":"Clear Body","moves":["moonblast","diamondstorm","earthpower","protect"],"nature":"Hasty","evs":{"hp":0,"atk":4,"def":0,"spa":252,"spd":0,"spe":252},"ivs":{"hp":31,"atk":31,"def":31,"spa":31,"spd":31,"spe":31}},{"name":"Omastar","species":"Omastar","item":"focussash","ability":"Weak Armor","moves":["surf","icebeam","shellsmash","knockoff"],"nature":"Rash","evs":{"hp":0,"atk":4,"def":0,"spa":252,"spd":0,"spe":252},"ivs":{"hp":31,"atk":31,"def":31,"spa":31,"spd":31,"spe":31}},{"name":"Golem","species":"Golem","item":"weaknesspolicy","ability":"Sturdy","moves":["earthquake","rockblast","suckerpunch","explosion"],"nature":"Adamant","evs":{"hp":0,"atk":252,"def":0,"spa":0,"spd":4,"spe":252},"ivs":{"hp":31,"atk":31,"def":31,"spa":31,"spd":31,"spe":31}},{"name":"Cradily","species":"Cradily","item":"leftovers","ability":"Storm Drain","moves":["gigadrain","toxic","stockpile","recover"],"nature":"Calm","evs":{"hp":252,"atk":0,"def":0,"spa":4,"spd":252,"spe":0},"ivs":{"hp":31,"atk":31,"def":31,"spa":31,"spd":31,"spe":31}},{"name":"Crustle","species":"Crustle","item":"weaknesspolicy","ability":"Sturdy","moves":["knockoff","earthquake","rockblast","shellsmash"],"nature":"Adamant","evs":{"hp":0,"atk":252,"def":0,"spa":0,"spd":4,"spe":252},"ivs":{"hp":31,"atk":31,"def":31,"spa":31,"spd":31,"spe":31}},{"name":"Aerodactyl","species":"Aerodactyl","item":"lifeorb","ability":"Pressure","moves":["aerialace","stoneedge","earthquake","taunt"],"nature":"Jolly","evs":{"hp":0,"atk":252,"def":0,"spa":0,"spd":4,"spe":252},"ivs":{"hp":31,"atk":31,"def":31,"spa":31,"spd":31,"spe":31}}],"p2team":[{"name":"Altaria","species":"Altaria","item":"altarianite","ability":"Natural Cure","moves":["dragondance","earthquake","return","roost"],"nature":"Adamant","evs":{"hp":0,"atk":252,"def":0,"spa":0,"spd":4,"spe":252},"ivs":{"hp":31,"atk":31,"def":31,"spa":31,"spd":31,"spe":31}},{"name":"Dragonite","species":"Dragonite","item":"choiceband","ability":"Multiscale","moves":["extremespeed","earthquake","outrage","firepunch"],"nature":"Adamant","evs":{"hp":0,"atk":252,"def":0,"spa":0,"spd":4,"spe":252},"ivs":{"hp":31,"atk":31,"def":31,"spa":31,"spd":31,"spe":31}},{"name":"Garchomp","species":"Garchomp","item":"rockyhelmet","ability":"Rough Skin","moves":["earthquake","outrage","fireblast","stealthrock"],"nature":"Lax","evs":{"hp":252,"atk":4,"def":252,"spa":0,"spd":0,"spe":0},"ivs":{"hp":31,"atk":31,"def":31,"spa":31,"spd":31,"spe":31}},{"name":"Kyurem-Black","species":"Kyurem-Black","item":"leftovers","ability":"Teravolt","moves":["outrage","fusionbolt","substitute","ironhead"],"nature":"Adamant","evs":{"hp":252,"atk":252,"def":0,"spa":0,"spd":4,"spe":0},"ivs":{"hp":31,"atk":31,"def":31,"spa":31,"spd":31,"spe":31}},{"name":"Latios","species":"Latios","item":"choicescarf","ability":"Levitate","moves":["dracometeor","energyball","psyshock","dragonpulse"],"nature":"Modest","evs":{"hp":0,"atk":0,"def":0,"spa":252,"spd":4,"spe":252},"ivs":{"hp":31,"atk":31,"def":31,"spa":31,"spd":31,"spe":31}},{"name":"Latias","species":"Latias","item":"choicescarf","ability":"Levitate","moves":["thunderbolt","dragonpulse","psyshock","healingwish"],"nature":"Modest","evs":{"hp":0,"atk":0,"def":0,"spa":252,"spd":4,"spe":252},"ivs":{"hp":31,"atk":31,"def":31,"spa":31,"spd":31,"spe":31}}],"log":["|player|p1|Dusk Hoot|1","|player|p2|Guard Choppah|146","|gametype|singles","|gen|6","|tier|Monotype","|rated","|rule|Baton Pass Clause: Limit one Baton Passer, can't pass Spe and other stats simultaneously","|rule|Swagger Clause: Swagger is banned","|rule|Same Type Clause: Pokémon in a team must share a type","|clearpoke","|poke|p1|Diancie","|poke|p1|Omastar, M","|poke|p1|Golem, M","|poke|p1|Cradily, M","|poke|p1|Crustle, M","|poke|p1|Aerodactyl, M","|poke|p2|Altaria, F","|poke|p2|Dragonite, M","|poke|p2|Garchomp, F","|poke|p2|Kyurem-Black","|poke|p2|Latios, M","|poke|p2|Latias, F","|rule|Sleep Clause Mod: Limit one foe put to sleep","|rule|Species Clause: Limit one of each Pokémon","|rule|OHKO Clause: OHKO moves are banned","|rule|Moody Clause: Moody is banned","|rule|Evasion Moves Clause: Evasion moves are banned","|rule|Endless Battle Clause: Forcing endless battles is banned","|rule|HP Percentage Mod: HP is shown in percentages","|teampreview","|","|start","|switch|p1a: Crustle|Crustle, M|281/281","|switch|p2a: Kyurem-Black|Kyurem-Black|454/454","|-ability|p2a: Kyurem-Black|Teravolt","|turn|1","|","|move|p2a: Kyurem-Black|Iron Head|p1a: Crustle","|-supereffective|p1a: Crustle","|-damage|p1a: Crustle|85/281","|-enditem|p1a: Crustle|Weakness Policy","|-boost|p1a: Crustle|atk|2|[from] item: Weakness Policy","|-boost|p1a: Crustle|spa|2|[from] item: Weakness Policy","|move|p1a: Crustle|Rock Blast|p2a: Kyurem-Black","|-supereffective|p2a: Kyurem-Black","|-damage|p2a: Kyurem-Black|302/454","|-supereffective|p2a: Kyurem-Black","|-damage|p2a: Kyurem-Black|138/454","|-hitcount|p2a: Kyurem-Black|2","|","|-heal|p2a: Kyurem-Black|166/454|[from] item: Leftovers","|turn|2","|","|move|p2a: Kyurem-Black|Iron Head|p1a: Crustle","|-supereffective|p1a: Crustle","|-damage|p1a: Crustle|0 fnt","|faint|p1a: Crustle","|","|-heal|p2a: Kyurem-Black|194/454|[from] item: Leftovers","|","|switch|p1a: Aerodactyl|Aerodactyl, M|301/301","|-ability|p1a: Aerodactyl|Pressure","|turn|3","|","|move|p1a: Aerodactyl|Stone Edge|p2a: Kyurem-Black","|-supereffective|p2a: Kyurem-Black","|-damage|p2a: Kyurem-Black|0 fnt","|-damage|p1a: Aerodactyl|271/301|[from] item: Life Orb","|faint|p2a: Kyurem-Black","|","|","|switch|p2a: Garchomp|Garchomp, F|420/420","|turn|4","|","|move|p1a: Aerodactyl|Aerial Ace|p2a: Garchomp","|-damage|p2a: Garchomp|329/420","|-damage|p1a: Aerodactyl|234/301|[from] ability: Rough Skin|[of] p2a: Garchomp","|-damage|p1a: Aerodactyl|184/301|[from] item: Rocky Helmet|[of] p2a: Garchomp","|-damage|p1a: Aerodactyl|154/301|[from] item: Life Orb","|move|p2a: Garchomp|Stealth Rock|p1a: Aerodactyl","|-sidestart|p1: Dusk Hoot|move: Stealth Rock","|","|turn|5","|","|move|p1a: Aerodactyl|Aerial Ace|p2a: Garchomp","|-crit|p2a: Garchomp","|-damage|p2a: Garchomp|189/420","|-damage|p1a: Aerodactyl|117/301|[from] ability: Rough Skin|[of] p2a: Garchomp","|-damage|p1a: Aerodactyl|67/301|[from] item: Rocky Helmet|[of] p2a: Garchomp","|-damage|p1a: Aerodactyl|37/301|[from] item: Life Orb","|move|p2a: Garchomp|Earthquake|p1a: Aerodactyl","|-immune|p1a: Aerodactyl|[msg]","|","|turn|6","|","|move|p1a: Aerodactyl|Aerial Ace|p2a: Garchomp","|-damage|p2a: Garchomp|98/420","|-damage|p1a: Aerodactyl|0 fnt|[from] ability: Rough Skin|[of] p2a: Garchomp","|faint|p1a: Aerodactyl","|move|p2a: Garchomp|Earthquake|p1: Aerodactyl|[notarget]","|-notarget","|","|","|switch|p1a: Diancie|Diancie|241/241","|-damage|p1a: Diancie|211/241|[from] Stealth Rock","|turn|7","|","|detailschange|p1a: Diancie|Diancie-Mega","|-mega|p1a: Diancie|Diancie|Diancite","|move|p1a: Diancie|Protect|p1a: Diancie","|-singleturn|p1a: Diancie|Protect","|move|p2a: Garchomp|Earthquake|p1a: Diancie","|-activate|p1a: Diancie|Protect","|","|turn|8","|","|move|p1a: Diancie|Moonblast|p2a: Garchomp","|-crit|p2a: Garchomp","|-supereffective|p2a: Garchomp","|-damage|p2a: Garchomp|0 fnt","|faint|p2a: Garchomp","|","|","|switch|p2a: Dragonite|Dragonite, M|323/323","|turn|9","|","|switch|p1a: Golem|Golem, M|301/301","|-damage|p1a: Golem|283/301|[from] Stealth Rock","|move|p2a: Dragonite|Earthquake|p1a: Golem","|-supereffective|p1a: Golem","|-damage|p1a: Golem|0 fnt","|faint|p1a: Golem","|","|","|switch|p1a: Cradily|Cradily, M|376/376","|-damage|p1a: Cradily|329/376|[from] Stealth Rock","|turn|10","|","|switch|p2a: Latios|Latios, M|301/301","|move|p1a: Cradily|Toxic|p2a: Latios","|-status|p2a: Latios|tox","|","|-heal|p1a: Cradily|352/376|[from] item: Leftovers","|-damage|p2a: Latios|283/301 tox|[from] psn","|turn|11","|","|move|p2a: Latios|Draco Meteor|p1a: Cradily","|-damage|p1a: Cradily|183/376","|-unboost|p2a: Latios|spa|2","|move|p1a: Cradily|Stockpile|p1a: Cradily","|-start|p1a: Cradily|stockpile1","|-boost|p1a: Cradily|def|1","|-boost|p1a: Cradily|spd|1","|","|-heal|p1a: Cradily|206/376|[from] item: Leftovers","|-damage|p2a: Latios|247/301 tox|[from] psn","|turn|12","|","|switch|p2a: Altaria|Altaria, F|291/291","|move|p1a: Cradily|Recover|p1a: Cradily","|-heal|p1a: Cradily|376/376","|","|turn|13","|","|detailschange|p2a: Altaria|Altaria-Mega, F","|-mega|p2a: Altaria|Altaria|Altarianite","|move|p2a: Altaria|Dragon Dance|p2a: Altaria","|-boost|p2a: Altaria|atk|1","|-boost|p2a: Altaria|spe|1","|move|p1a: Cradily|Toxic|p2a: Altaria","|-status|p2a: Altaria|tox","|","|-damage|p2a: Altaria|273/291 tox|[from] psn","|turn|14","|","|move|p2a: Altaria|Dragon Dance|p2a: Altaria","|-boost|p2a: Altaria|atk|1","|-boost|p2a: Altaria|spe|1","|move|p1a: Cradily|Stockpile|p1a: Cradily","|-start|p1a: Cradily|stockpile2","|-boost|p1a: Cradily|def|1","|-boost|p1a: Cradily|spd|1","|","|-damage|p2a: Altaria|237/291 tox|[from] psn","|turn|15","|","|move|p2a: Altaria|Return|p1a: Cradily","|-damage|p1a: Cradily|142/376","|move|p1a: Cradily|Stockpile|p1a: Cradily","|-start|p1a: Cradily|stockpile3","|-boost|p1a: Cradily|def|1","|-boost|p1a: Cradily|spd|1","|","|-heal|p1a: Cradily|165/376|[from] item: Leftovers","|-damage|p2a: Altaria|183/291 tox|[from] psn","|turn|16","|","|move|p2a: Altaria|Return|p1a: Cradily","|-damage|p1a: Cradily|0 fnt","|faint|p1a: Cradily","|","|-damage|p2a: Altaria|111/291 tox|[from] psn","|","|switch|p1a: Diancie|Diancie-Mega|211/241","|-damage|p1a: Diancie|181/241|[from] Stealth Rock","|turn|17","|","|switch|p2a: Latios|Latios, M|247/301 tox","|move|p1a: Diancie|Protect|p1a: Diancie","|-fail|p1a: Diancie","|","|-damage|p2a: Latios|229/301 tox|[from] psn","|turn|18","|","|move|p2a: Latios|Energy Ball|p1a: Diancie","|-supereffective|p1a: Diancie","|-damage|p1a: Diancie|0 fnt","|faint|p1a: Diancie","|","|-damage|p2a: Latios|193/301 tox|[from] psn","|","|switch|p1a: Omastar|Omastar, M|281/281","|-damage|p1a: Omastar|246/281|[from] Stealth Rock","|turn|19","|","|win|Guard Choppah"],"p1rating":{"entryid":"6278074","serverid":"eos","formatid":"monotype","userid":"duskhoot","username":"Dusk Hoot","w":"44","l":34,"t":"0","gxe":54.5,"r":"1545.2558313714","rd":"49.004672597999","sigma":"0","rptime":"1438938000","rpr":1534.2655770476,"rprd":47.464079051416,"rpsigma":"0","acre":1125.7520940954,"lacre":1125.7520940954,"oldacre":"1140.1919142584"},"p2rating":{"entryid":"7425426","serverid":"eos","formatid":"monotype","userid":"guardchoppah","username":"Guard Choppah","w":17,"l":"4","t":"0","gxe":74.3,"r":"1683.3319553746","rd":"71.936269136568","sigma":"0","rptime":"1438938000","rpr":1703.7733286988,"rprd":69.304407946319,"rpsigma":"0","acre":1311.1926000952,"lacre":1311.1926000952,"oldacre":"1296.7527799322"},"endType":"forfeit"}