{"seed":[47178,37687,15417,51621],"turns":19,"p1":"Carnie Marx","p2":"Jake1079","p1team":[{"name":"Abomasnow","species":"Abomasnow","item":"focussash","ability":"Snow Warning","moves":["blizzard","gigadrain","iceshard","shadowball"],"nature":"Mild","evs":{"hp":248,"atk":8,"def":0,"spa":252,"spd":0,"spe":0},"ivs":{"hp":31,"atk":31,"def":31,"spa":31,"spd":31,"spe":31}},{"name":"Froslass","species":"Froslass","item":"focussash","ability":"Cursed Body","moves":["destinybond","icebeam","taunt","shadowball"],"nature":"Timid","evs":{"hp":0,"atk":0,"def":0,"spa":252,"spd":4,"spe":252},"ivs":{"hp":31,"atk":31,"def":31,"spa":31,"spd":31,"spe":31}},{"name":"Ice Age","species":"mamoswine","item":"choicescarf","ability":"Thick Fat","moves":["superpower","earthquake","iciclecrash","stoneedge"],"nature":"Jolly","evs":{"hp":0,"atk":252,"def":0,"spa":0,"spd":4,"spe":252},"gender":"M","shiny":true,"ivs":{"hp":31,"atk":31,"def":31,"spa":31,"spd":31,"spe":31}},{"name":"The Titanic","species":"avalugg","item":"rockyhelmet","ability":"Sturdy","moves":["rapidspin","toxic","recover","avalanche"],"nature":"Bold","evs":{"hp":248,"atk":0,"def":252,"spa":0,"spd":8,"spe":0},"gender":"M","shiny":true,"ivs":{"hp":31,"atk":31,"def":31,"spa":31,"spd":31,"spe":31}},{"name":"Kyurem-Black","species":"Kyurem-Black","item":"muscleband","ability":"Teravolt","moves":["fusionbolt","outrage","icebeam","shadowclaw"],"nature":"Naughty","evs":{"hp":248,"atk":252,"def":0,"spa":8,"spd":0,"spe":0},"ivs":{"hp":31,"atk":31,"def":31,"spa":31,"spd":31,"spe":31}},{"name":"King Kold","species":"rotomfrost","item":"leftovers","ability":"Levitate","moves":["discharge","willowisp","painsplit","charge"],"nature":"Calm","evs":{"hp":248,"atk":0,"def":0,"spa":252,"spd":8,"spe":0},"shiny":true,"ivs":{"hp":31,"atk":31,"def":31,"spa":31,"spd":31,"spe":31}}],"p2team":[{"name":"Aggron","species":"Aggron","item":"aggronite","ability":"Sturdy","moves":["thunderwave","earthquake","ironhead","endeavor"],"nature":"Adamant","evs":{"hp":252,"atk":68,"def":12,"spa":0,"spd":176,"spe":0},"ivs":{"hp":31,"atk":31,"def":31,"spa":31,"spd":31,"spe":31}},{"name":"Metagross","species":"Metagross","item":"lifeorb","ability":"Clear Body","moves":["agility","icepunch","earthquake","zenheadbutt"],"nature":"Adamant","evs":{"hp":4,"atk":252,"def":0,"spa":0,"spd":0,"spe":252},"ivs":{"hp":31,"atk":31,"def":31,"spa":31,"spd":31,"spe":31}},{"name":"Empoleon","species":"Empoleon","item":"choicespecs","ability":"Torrent","moves":["icebeam","scald","flashcannon","signalbeam"],"nature":"Modest","evs":{"hp":252,"atk":0,"def":0,"spa":252,"spd":4,"spe":0},"ivs":{"hp":31,"atk":31,"def":31,"spa":31,"spd":31,"spe":31}},{"name":"Excadrill","species":"Excadrill","item":"choicescarf","ability":"Mold Breaker","moves":["earthquake","xscissor","rockslide","ironhead"],"nature":"Jolly","evs":{"hp":4,"atk":252,"def":0,"spa":0,"spd":0,"spe":252},"ivs":{"hp":31,"atk":31,"def":31,"spa":31,"spd":31,"spe":31}},{"name":"Heatran","species":"Heatran","item":"airballoon","ability":"Flash Fire","moves":["darkpulse","earthpower","flamethrower","flashcannon"],"nature":"Modest","evs":{"hp":252,"atk":0,"def":0,"spa":252,"spd":4,"spe":0},"ivs":{"hp":31,"atk":31,"def":31,"spa":31,"spd":31,"spe":31}},{"name":"Scizor","species":"Scizor","item":"leftovers","ability":"Technician","moves":["bugbite","bulletpunch","swordsdance","roost"],"nature":"Adamant","evs":{"hp":252,"atk":252,"def":0,"spa":0,"spd":4,"spe":0},"ivs":{"hp":31,"atk":31,"def":31,"spa":31,"spd":31,"spe":31}}],"log":["|player|p1|Carnie Marx|238","|player|p2|Jake1079|150","|gametype|singles","|gen|6","|tier|Monotype","|rated","|rule|Baton Pass Clause: Limit one Baton Passer, can't pass Spe and other stats simultaneously","|rule|Swagger Clause: Swagger is banned","|rule|Same Type Clause: Pokémon in a team must share a type","|clearpoke","|poke|p1|Abomasnow, M","|poke|p1|Froslass, F","|poke|p1|Mamoswine, M, shiny","|poke|p1|Avalugg, M, shiny","|poke|p1|Kyurem-Black","|poke|p1|Rotom-Frost, shiny","|poke|p2|Aggron, F","|poke|p2|Metagross","|poke|p2|Empoleon, F","|poke|p2|Excadrill, M","|poke|p2|Heatran, M","|poke|p2|Scizor, F","|rule|Sleep Clause Mod: Limit one foe put to sleep","|rule|Species Clause: Limit one of each Pokémon","|rule|OHKO Clause: OHKO moves are banned","|rule|Moody Clause: Moody is banned","|rule|Evasion Moves Clause: Evasion moves are banned","|rule|Endless Battle Clause: Forcing endless battles is banned","|rule|HP Percentage Mod: HP is shown in percentages","|teampreview","|","|start","|switch|p1a: Froslass|Froslass, F|281/281","|switch|p2a: Aggron|Aggron, F|344/344","|turn|1","|","|detailschange|p2a: Aggron|Aggron-Mega, F","|-mega|p2a: Aggron|Aggron|Aggronite","|move|p1a: Froslass|Taunt|p2a: Aggron","|-start|p2a: Aggron|move: Taunt","|move|p2a: Aggron|Iron Head|p1a: Froslass","|-supereffective|p1a: Froslass","|-enditem|p1a: Froslass|Focus Sash","|-damage|p1a: Froslass|1/281","|-start|p2a: Aggron|Disable|Iron Head","|","|turn|2","|","|move|p1a: Froslass|Destiny Bond|p1a: Froslass","|-singlemove|p1a: Froslass|Destiny Bond","|move|p2a: Aggron|Earthquake|p1a: Froslass","|-damage|p1a: Froslass|0 fnt","|faint|p1a: Froslass","|-activate|p1a: Froslass|Destiny Bond","|faint|p2a: Aggron","|","|","|switch|p2a: Metagross|Metagross|302/302","|switch|p1a: Kyurem-Black|Kyurem-Black|453/453","|-ability|p1a: Kyurem-Black|Teravolt","|turn|3","|","|move|p2a: Metagross|Ice Punch|p1a: Kyurem-Black","|-damage|p1a: Kyurem-Black|331/453","|-damage|p2a: Metagross|272/302|[from] item: Life Orb","|move|p1a: Kyurem-Black|Shadow Claw|p2a: Metagross","|-supereffective|p2a: Metagross","|-damage|p2a: Metagross|66/302","|","|turn|4","|","|move|p2a: Metagross|Zen Headbutt|p1a: Kyurem-Black|[miss]","|-miss|p2a: Metagross|p1a: Kyurem-Black","|move|p1a: Kyurem-Black|Shadow Claw|p2a: Metagross","|-supereffective|p2a: Metagross","|-damage|p2a: Metagross|0 fnt","|faint|p2a: Metagross","|","|","|switch|p2a: Excadrill|Excadrill, M|362/362","|-ability|p2a: Excadrill|Mold Breaker","|turn|5","|","|move|p2a: Excadrill|Iron Head|p1a: Kyurem-Black","|-supereffective|p1a: Kyurem-Black","|-damage|p1a: Kyurem-Black|37/453","|move|p1a: Kyurem-Black|Ice Beam|p2a: Excadrill","|-damage|p2a: Excadrill|182/362","|","|turn|6","|","|switch|p1a: The Titanic|Avalugg, M, shiny|393/393","|move|p2a: Excadrill|Iron Head|p1a: The Titanic","|-supereffective|p1a: The Titanic","|-damage|p1a: The Titanic|253/393","|-damage|p2a: Excadrill|122/362|[from] item: Rocky Helmet|[of] p1a: The Titanic","|","|turn|7","|","|switch|p2a: Heatran|Heatran, M|386/386","|-item|p2a: Heatran|Air Balloon","|move|p1a: The Titanic|Recover|p1a: The Titanic","|-heal|p1a: The Titanic|393/393","|","|turn|8","|","|switch|p1a: Kyurem-Black|Kyurem-Black|37/453","|-ability|p1a: Kyurem-Black|Teravolt","|move|p2a: Heatran|Flamethrower|p1a: Kyurem-Black","|-damage|p1a: Kyurem-Black|0 fnt","|faint|p1a: Kyurem-Black","|","|","|switch|p1a: King Kold|Rotom-Frost, shiny|303/303","|turn|9","|","|move|p1a: King Kold|Charge|p1a: King Kold","|-boost|p1a: King Kold|spd|1","|-activate|p1a: King Kold|move: Charge","|move|p2a: Heatran|Flamethrower|p1a: King Kold","|-supereffective|p1a: King Kold","|-damage|p1a: King Kold|117/303","|","|-heal|p1a: King Kold|135/303|[from] item: Leftovers","|turn|10","|","|move|p1a: King Kold|Charge|p1a: King Kold","|-boost|p1a: King Kold|spd|1","|-activate|p1a: King Kold|move: Charge","|move|p2a: Heatran|Flamethrower|p1a: King Kold","|-supereffective|p1a: King Kold","|-damage|p1a: King Kold|0 fnt","|faint|p1a: King Kold","|","|","|switch|p1a: Ice Age|Mamoswine, M, shiny|361/361","|turn|11","|","|move|p1a: Ice Age|Superpower|p2a: Heatran","|-supereffective|p2a: Heatran","|-damage|p2a: Heatran|110/386","|-enditem|p2a: Heatran|Air Balloon","|-unboost|p1a: Ice Age|atk|1","|-unboost|p1a: Ice Age|def|1","|move|p2a: Heatran|Flamethrower|p1a: Ice Age","|-supereffective|p1a: Ice Age","|-damage|p1a: Ice Age|89/361","|-status|p1a: Ice Age|brn","|","|-damage|p1a: Ice Age|44/361 brn|[from] brn","|turn|12","|","|switch|p2a: Scizor|Scizor, F|344/344","|move|p1a: Ice Age|Superpower|p2a: Scizor","|-damage|p2a: Scizor|297/344","|-unboost|p1a: Ice Age|atk|1","|-unboost|p1a: Ice Age|def|1","|","|-heal|p2a: Scizor|318/344|[from] item: Leftovers","|-damage|p1a: Ice Age|0 fnt|[from] brn","|faint|p1a: Ice Age","|","|switch|p1a: The Titanic|Avalugg, M, shiny|393/393","|turn|13","|","|move|p2a: Scizor|Swords Dance|p2a: Scizor","|-boost|p2a: Scizor|atk|2","|move|p1a: The Titanic|Avalanche|p2a: Scizor","|-resisted|p2a: Scizor","|-damage|p2a: Scizor|282/344","|","|-heal|p2a: Scizor|303/344|[from] item: Leftovers","|turn|14","|","|move|p2a: Scizor|Swords Dance|p2a: Scizor","|-boost|p2a: Scizor|atk|2","|move|p1a: The Titanic|Avalanche|p2a: Scizor","|-resisted|p2a: Scizor","|-damage|p2a: Scizor|265/344","|","|-heal|p2a: Scizor|286/344|[from] item: Leftovers","|turn|15","|","|move|p2a: Scizor|Swords Dance|p2a: Scizor","|-boost|p2a: Scizor|atk|2","|move|p1a: The Titanic|Avalanche|p2a: Scizor","|-resisted|p2a: Scizor","|-damage|p2a: Scizor|252/344","|","|-heal|p2a: Scizor|273/344|[from] item: Leftovers","|turn|16","|","|move|p2a: Scizor|Bullet Punch|p1a: The Titanic","|-supereffective|p1a: The Titanic","|-ability|p1a: The Titanic|Sturdy","|-damage|p1a: The Titanic|1/393","|-damage|p2a: Scizor|216/344|[from] item: Rocky Helmet|[of] p1a: The Titanic","|move|p1a: The Titanic|Recover|p1a: The Titanic","|-heal|p1a: The Titanic|198/393","|","|-heal|p2a: Scizor|237/344|[from] item: Leftovers","|turn|17","|","|move|p2a: Scizor|Bullet Punch|p1a: The Titanic","|-supereffective|p1a: The Titanic","|-damage|p1a: The Titanic|0 fnt","|-damage|p2a: Scizor|180/344|[from] item: Rocky Helmet|[of] p1a: The Titanic","|faint|p1a: The Titanic","|","|-heal|p2a: Scizor|201/344|[from] item: Leftovers","|","|switch|p1a: Abomasnow|Abomasnow, M|383/383","|-weather|Hail","|turn|18","|","|move|p2a: Scizor|Bullet Punch|p1a: Abomasnow","|-supereffective|p1a: Abomasnow","|-enditem|p1a: Abomasnow|Focus Sash","|-damage|p1a: Abomasnow|1/383","|move|p1a: Abomasnow|Blizzard|p2a: Scizor","|-resisted|p2a: Scizor","|-damage|p2a: Scizor|104/344","|","|-weather|Hail|[upkeep]","|-damage|p2a: Scizor|83/344|[from] hail","|-heal|p2a: Scizor|104/344|[from] item: Leftovers","|turn|19","|","|move|p2a: Scizor|Bullet Punch|p1a: Abomasnow","|-supereffective|p1a: Abomasnow","|-damage|p1a: Abomasnow|0 fnt","|faint|p1a: Abomasnow","|","|win|Jake1079"],"p1rating":{"entryid":"5821777","serverid":"eos","formatid":"monotype","userid":"carniemarx","username":"Carnie Marx","w":"66","l":88,"t":"0","gxe":42.5,"r":1446.4157928552,"rd":34.257343800669,"sigma":"0","rptime":1438938000,"rpr":1443.0016708975,"rprd":34.09865936282,"rpsigma":"0","acre":1011.6093256071,"lacre":1011.6093256071,"oldacre":"1021.8076074288"},"p2rating":{"entryid":"7429437","serverid":"eos","formatid":"monotype","userid":"jake1079","username":"Jake1079","w":15,"l":"19","t":"0","gxe":45.1,"r":"1432.0215284905","rd":"63.342948455493","sigma":"0","rptime":"1438938000","rpr":1462.6530636753,"rprd":57.049724066829,"rpsigma":"0","acre":1122.9515378573,"lacre":1122.9515378573,"oldacre":"1103.7401495263"},"endType":"normal"}