{"seed":[61644,57672,38763,19291],"turns":51,"p1":"JusAnAlt","p2":"LTIL-Tahit","p1team":[{"name":"Blissey","species":"Blissey","item":"leftovers","ability":"Natural Cure","moves":["stealthrock","softboiled","wish","toxic"],"nature":"Calm","evs":{"hp":248,"atk":0,"def":8,"spa":0,"spd":252,"spe":0},"ivs":{"hp":31,"atk":0,"def":31,"spa":31,"spd":31,"spe":31}},{"name":"Chansey","species":"Chansey","item":"eviolite","ability":"Natural Cure","moves":["seismictoss","healbell","softboiled","wish"],"nature":"Bold","evs":{"hp":248,"atk":0,"def":252,"spa":0,"spd":8,"spe":0},"ivs":{"hp":31,"atk":0,"def":31,"spa":31,"spd":31,"spe":31}},{"name":"Miltank","species":"Miltank","item":"leftovers","ability":"Thick Fat","moves":["hammerarm","healbell","milkdrink","toxic"],"nature":"Impish","evs":{"hp":248,"atk":96,"def":164,"spa":0,"spd":0,"spe":0},"ivs":{"hp":31,"atk":31,"def":31,"spa":31,"spd":31,"spe":31}},{"name":"Audino","species":"Audino","item":"audinite","ability":"Regenerator","moves":["calmmind","healbell","wish","drainingkiss"],"nature":"Bold","evs":{"hp":248,"atk":0,"def":252,"spa":8,"spd":0,"spe":0},"gender":"F","ivs":{"hp":31,"atk":0,"def":31,"spa":31,"spd":31,"spe":31}},{"name":"Staraptor","species":"Staraptor","item":"leftovers","ability":"Intimidate","moves":["bravebird","closecombat","defog","roost"],"nature":"Impish","evs":{"hp":248,"atk":8,"def":252,"spa":0,"spd":0,"spe":0},"gender":"M","ivs":{"hp":31,"atk":31,"def":31,"spa":31,"spd":31,"spe":31}},{"name":"Staravia","species":"Staravia","item":"eviolite","ability":"Intimidate","moves":["bravebird","defog","featherdance","roost"],"nature":"Impish","evs":{"hp":248,"atk":8,"def":252,"spa":0,"spd":0,"spe":0},"gender":"M","ivs":{"hp":31,"atk":31,"def":31,"spa":31,"spd":31,"spe":31}}],"p2team":[{"name":"Azumarill","species":"Azumarill","item":"sitrusberry","ability":"Huge Power","moves":["bellydrum","aquajet","playrough","knockoff"],"nature":"Adamant","evs":{"hp":92,"atk":252,"def":0,"spa":0,"spd":0,"spe":164},"ivs":{"hp":31,"atk":31,"def":31,"spa":31,"spd":31,"spe":31}},{"name":"Diancie","species":"Diancie","item":"diancite","ability":"Clear Body","moves":["moonblast","diamondstorm","earthpower","protect"],"nature":"Naive","evs":{"hp":0,"atk":32,"def":0,"spa":224,"spd":0,"spe":252},"ivs":{"hp":31,"atk":31,"def":31,"spa":31,"spd":31,"spe":31}},{"name":"Klefki","species":"Klefki","item":"leftovers","ability":"Prankster","moves":["spikes","thunderwave","toxic","playrough"],"nature":"Careful","evs":{"hp":252,"atk":0,"def":4,"spa":0,"spd":252,"spe":0},"ivs":{"hp":31,"atk":31,"def":31,"spa":31,"spd":31,"spe":31}},{"name":"Slurpuff","species":"Slurpuff","item":"sitrusberry","ability":"Unburden","moves":["bellydrum","playrough","return","drainpunch"],"nature":"Jolly","evs":{"hp":28,"atk":252,"def":0,"spa":0,"spd":0,"spe":228},"ivs":{"hp":31,"atk":31,"def":31,"spa":31,"spd":31,"spe":31}},{"name":"Wigglytuff","species":"Wigglytuff","item":"lifeorb","ability":"Competitive","moves":["stealthrock","hypervoice","dazzlinggleam","focusblast"],"nature":"Modest","evs":{"hp":4,"atk":0,"def":0,"spa":252,"spd":0,"spe":252},"ivs":{"hp":31,"atk":31,"def":31,"spa":31,"spd":31,"spe":31}},{"name":"Togekiss","species":"Togekiss","item":"leftovers","ability":"Serene Grace","moves":["nastyplot","airslash","thunderwave","roost"],"nature":"Timid","evs":{"hp":248,"atk":0,"def":76,"spa":0,"spd":8,"spe":176},"ivs":{"hp":31,"atk":31,"def":31,"spa":31,"spd":31,"spe":31}}],"log":["|player|p1|JusAnAlt|99","|player|p2|LTIL-Tahit|169","|gametype|singles","|gen|6","|tier|Monotype","|rated","|rule|Baton Pass Clause: Limit one Baton Passer, can't pass Spe and other stats simultaneously","|rule|Swagger Clause: Swagger is banned","|rule|Same Type Clause: Pokémon in a team must share a type","|clearpoke","|poke|p1|Blissey, F","|poke|p1|Chansey, F","|poke|p1|Miltank, F","|poke|p1|Audino, F","|poke|p1|Staraptor, M","|poke|p1|Staravia, M","|poke|p2|Azumarill, F","|poke|p2|Diancie","|poke|p2|Klefki, M","|poke|p2|Slurpuff, M","|poke|p2|Wigglytuff, M","|poke|p2|Togekiss, F","|rule|Sleep Clause Mod: Limit one foe put to sleep","|rule|Species Clause: Limit one of each Pokémon","|rule|OHKO Clause: OHKO moves are banned","|rule|Moody Clause: Moody is banned","|rule|Evasion Moves Clause: Evasion moves are banned","|rule|Endless Battle Clause: Forcing endless battles is banned","|rule|HP Percentage Mod: HP is shown in percentages","|teampreview","|","|start","|switch|p1a: Staravia|Staravia, M|313/313","|switch|p2a: Klefki|Klefki, M|318/318","|-ability|p1a: Staravia|Intimidate","|-unboost|p2a: Klefki|atk|1","|turn|1","|","|switch|p1a: Blissey|Blissey, F|713/713","|move|p2a: Klefki|Thunder Wave|p1a: Blissey","|-status|p1a: Blissey|par","|","|turn|2","|","|move|p2a: Klefki|Spikes|p1a: Blissey","|-sidestart|p1: JusAnAlt|Spikes","|move|p1a: Blissey|Stealth Rock|p2a: Klefki","|-sidestart|p2: LTIL-Tahit|move: Stealth Rock","|","|turn|3","|","|switch|p1a: Staraptor|Staraptor, M|373/373","|-ability|p1a: Staraptor|Intimidate","|-unboost|p2a: Klefki|atk|1","|move|p2a: Klefki|Spikes|p1a: Staraptor","|-sidestart|p1: JusAnAlt|Spikes","|","|turn|4","|","|move|p2a: Klefki|Thunder Wave|p1a: Staraptor","|-status|p1a: Staraptor|par","|move|p1a: Staraptor|Defog|p2a: Klefki","|-unboost|p2a: Klefki|evasion|1","|-sideend|p2: LTIL-Tahit|Stealth Rock|[from] move: Defog|[of] p2a: Klefki","|-sideend|p1: JusAnAlt|Spikes|[from] move: Defog|[of] p1a: Staraptor","|","|turn|5","|","|move|p2a: Klefki|Spikes|p1a: Staraptor","|-sidestart|p1: JusAnAlt|Spikes","|move|p1a: Staraptor|Brave Bird|p2a: Klefki","|-resisted|p2a: Klefki","|-damage|p2a: Klefki|236/318","|-damage|p1a: Staraptor|346/373 par|[from] recoil|[of] p2a: Klefki","|","|-heal|p2a: Klefki|255/318|[from] item: Leftovers","|-heal|p1a: Staraptor|369/373 par|[from] item: Leftovers","|turn|6","|","|switch|p2a: Wigglytuff|Wigglytuff, M|422/422","|cant|p1a: Staraptor|par","|","|-heal|p1a: Staraptor|373/373 par|[from] item: Leftovers","|turn|7","|","|switch|p1a: Blissey|Blissey, F|713/713","|-damage|p1a: Blissey|624/713|[from] Spikes","|move|p2a: Wigglytuff|Hyper Voice|p1a: Blissey","|-damage|p1a: Blissey|529/713","|-damage|p2a: Wigglytuff|380/422|[from] item: Life Orb","|","|-heal|p1a: Blissey|573/713|[from] item: Leftovers","|turn|8","|","|move|p2a: Wigglytuff|Stealth Rock|p1a: Blissey","|-sidestart|p1: JusAnAlt|move: Stealth Rock","|move|p1a: Blissey|Toxic|p2a: Wigglytuff","|-status|p2a: Wigglytuff|tox","|","|-heal|p1a: Blissey|617/713|[from] item: Leftovers","|-damage|p2a: Wigglytuff|354/422 tox|[from] psn","|turn|9","|","|move|p2a: Wigglytuff|Focus Blast|p1a: Blissey|[miss]","|-miss|p2a: Wigglytuff|p1a: Blissey","|move|p1a: Blissey|Wish|p1a: Blissey","|","|-heal|p1a: Blissey|661/713|[from] item: Leftovers","|-damage|p2a: Wigglytuff|302/422 tox|[from] psn","|turn|10","|","|switch|p1a: Staravia|Staravia, M|313/313","|-damage|p1a: Staravia|235/313|[from] Stealth Rock","|-ability|p1a: Staravia|Intimidate","|-unboost|p2a: Wigglytuff|atk|1","|-boost|p2a: Wigglytuff|spa|2|[from] ability: Competitive","|move|p2a: Wigglytuff|Focus Blast|p1a: Staravia","|-damage|p1a: Staravia|0 fnt","|-damage|p2a: Wigglytuff|260/422 tox|[from] item: Life Orb","|faint|p1a: Staravia","|","|-damage|p2a: Wigglytuff|182/422 tox|[from] psn","|","|switch|p1a: Blissey|Blissey, F|661/713","|-damage|p1a: Blissey|572/713|[from] Spikes","|-damage|p1a: Blissey|483/713|[from] Stealth Rock","|turn|11","|","|move|p2a: Wigglytuff|Focus Blast|p1a: Blissey|[miss]","|-miss|p2a: Wigglytuff|p1a: Blissey","|move|p1a: Blissey|Soft-Boiled|p1a: Blissey","|-heal|p1a: Blissey|713/713","|","|-damage|p2a: Wigglytuff|78/422 tox|[from] psn","|turn|12","|","|move|p2a: Wigglytuff|Focus Blast|p1a: Blissey","|-supereffective|p1a: Blissey","|-damage|p1a: Blissey|375/713","|-damage|p2a: Wigglytuff|36/422 tox|[from] item: Life Orb","|move|p1a: Blissey|Soft-Boiled|p1a: Blissey","|-heal|p1a: Blissey|713/713","|","|-damage|p2a: Wigglytuff|0 fnt|[from] psn","|faint|p2a: Wigglytuff","|","|switch|p2a: Togekiss|Togekiss, F|373/373","|turn|13","|","|move|p2a: Togekiss|Thunder Wave|p1a: Blissey","|-status|p1a: Blissey|par","|move|p1a: Blissey|Toxic|p2a: Togekiss|[miss]","|-miss|p1a: Blissey|p2a: Togekiss","|","|turn|14","|","|move|p2a: Togekiss|Nasty Plot|p2a: Togekiss","|-boost|p2a: Togekiss|spa|2","|cant|p1a: Blissey|par","|","|turn|15","|","|move|p2a: Togekiss|Air Slash|p1a: Blissey","|-damage|p1a: Blissey|593/713 par","|move|p1a: Blissey|Toxic|p2a: Togekiss","|-status|p2a: Togekiss|tox","|","|-heal|p1a: Blissey|637/713 par|[from] item: Leftovers","|-damage|p2a: Togekiss|350/373 tox|[from] psn","|turn|16","|","|move|p2a: Togekiss|Nasty Plot|p2a: Togekiss","|-boost|p2a: Togekiss|spa|2","|cant|p1a: Blissey|par","|","|-heal|p2a: Togekiss|373/373 tox|[from] item: Leftovers","|-heal|p1a: Blissey|681/713 par|[from] item: Leftovers","|-damage|p2a: Togekiss|327/373 tox|[from] psn","|turn|17","|","|move|p2a: Togekiss|Nasty Plot|p2a: Togekiss","|-boost|p2a: Togekiss|spa|2","|move|p1a: Blissey|Wish|p1a: Blissey","|","|-heal|p2a: Togekiss|350/373 tox|[from] item: Leftovers","|-heal|p1a: Blissey|713/713 par|[from] item: Leftovers","|-damage|p2a: Togekiss|281/373 tox|[from] psn","|turn|18","|","|move|p2a: Togekiss|Roost|p2a: Togekiss","|-heal|p2a: Togekiss|373/373 tox","|move|p1a: Blissey|Stealth Rock|p2a: Togekiss","|-sidestart|p2: LTIL-Tahit|move: Stealth Rock","|","|-damage|p2a: Togekiss|281/373 tox|[from] psn","|turn|19","|","|move|p2a: Togekiss|Air Slash|p1a: Blissey","|-damage|p1a: Blissey|457/713 par","|cant|p1a: Blissey|flinch","|","|-heal|p2a: Togekiss|304/373 tox|[from] item: Leftovers","|-heal|p1a: Blissey|501/713 par|[from] item: Leftovers","|-damage|p2a: Togekiss|189/373 tox|[from] psn","|turn|20","|","|move|p2a: Togekiss|Air Slash|p1a: Blissey|[miss]","|-miss|p2a: Togekiss|p1a: Blissey","|move|p1a: Blissey|Soft-Boiled|p1a: Blissey","|-heal|p1a: Blissey|713/713 par","|","|-heal|p2a: Togekiss|212/373 tox|[from] item: Leftovers","|-damage|p2a: Togekiss|74/373 tox|[from] psn","|turn|21","|","|move|p2a: Togekiss|Air Slash|p1a: Blissey","|-damage|p1a: Blissey|481/713 par","|cant|p1a: Blissey|flinch","|","|-heal|p2a: Togekiss|97/373 tox|[from] item: Leftovers","|-heal|p1a: Blissey|525/713 par|[from] item: Leftovers","|-damage|p2a: Togekiss|0 fnt|[from] psn","|faint|p2a: Togekiss","|","|switch|p2a: Azumarill|Azumarill, F|364/364","|-damage|p2a: Azumarill|319/364|[from] Stealth Rock","|turn|22","|","|move|p2a: Azumarill|Belly Drum|p2a: Azumarill","|-damage|p2a: Azumarill|137/364","|-setboost|p2a: Azumarill|atk|6|[from] move: Belly Drum","|-enditem|p2a: Azumarill|Sitrus Berry|[eat]","|-heal|p2a: Azumarill|228/364|[from] item: Sitrus Berry","|move|p1a: Blissey|Toxic|p2a: Azumarill","|-status|p2a: Azumarill|tox","|","|-heal|p1a: Blissey|569/713 par|[from] item: Leftovers","|-damage|p2a: Azumarill|206/364 tox|[from] psn","|turn|23","|","|switch|p1a: Staraptor|Staraptor, M|373/373 par","|-damage|p1a: Staraptor|280/373 par|[from] Stealth Rock","|-ability|p1a: Staraptor|Intimidate","|-unboost|p2a: Azumarill|atk|1","|move|p2a: Azumarill|Knock Off|p1a: Staraptor","|-damage|p1a: Staraptor|0 fnt","|-enditem|p1a: Staraptor|Leftovers|[from] move: Knock Off|[of] p2a: Azumarill","|faint|p1a: Staraptor","|","|-damage|p2a: Azumarill|162/364 tox|[from] psn","|","|switch|p1a: Blissey|Blissey, F|569/713","|-damage|p1a: Blissey|480/713|[from] Stealth Rock","|-damage|p1a: Blissey|391/713|[from] Spikes","|turn|24","|","|move|p2a: Azumarill|Knock Off|p1a: Blissey","|-damage|p1a: Blissey|0 fnt","|-enditem|p1a: Blissey|Leftovers|[from] move: Knock Off|[of] p2a: Azumarill","|faint|p1a: Blissey","|","|-damage|p2a: Azumarill|96/364 tox|[from] psn","|","|switch|p1a: Audino|Audino, F|409/409","|-damage|p1a: Audino|358/409|[from] Spikes","|-damage|p1a: Audino|307/409|[from] Stealth Rock","|turn|25","|","|detailschange|p1a: Audino|Audino-Mega, F","|-mega|p1a: Audino|Audino|Audinite","|move|p2a: Azumarill|Knock Off|p1a: Audino","|-resisted|p1a: Audino","|-damage|p1a: Audino|201/409","|move|p1a: Audino|Draining Kiss|p2a: Azumarill","|-crit|p2a: Azumarill","|-damage|p2a: Azumarill|6/364 tox","|-heal|p1a: Audino|269/409|[from] drain|[of] p2a: Azumarill","|","|-damage|p2a: Azumarill|0 fnt|[from] psn","|faint|p2a: Azumarill","|","|switch|p2a: Klefki|Klefki, M|255/318","|-damage|p2a: Klefki|236/318|[from] Stealth Rock","|turn|26","|","|move|p2a: Klefki|Thunder Wave|p1a: Audino","|-status|p1a: Audino|par","|move|p1a: Audino|Wish|p1a: Audino","|","|-heal|p2a: Klefki|255/318|[from] item: Leftovers","|turn|27","|","|move|p2a: Klefki|Spikes|p1a: Audino","|-sidestart|p1: JusAnAlt|Spikes","|cant|p1a: Audino|par","|","|-heal|p1a: Audino|409/409 par|[from] move: Wish|[wisher] Audino","|-heal|p2a: Klefki|274/318|[from] item: Leftovers","|turn|28","|","|move|p2a: Klefki|Spikes|p1a: Audino","|-sidestart|p1: JusAnAlt|Spikes","|cant|p1a: Audino|par","|","|-heal|p2a: Klefki|293/318|[from] item: Leftovers","|turn|29","|","|move|p2a: Klefki|Play Rough|p1a: Audino","|-damage|p1a: Audino|357/409 par","|move|p1a: Audino|Calm Mind|p1a: Audino","|-boost|p1a: Audino|spa|1","|-boost|p1a: Audino|spd|1","|","|-heal|p2a: Klefki|312/318|[from] item: Leftovers","|turn|30","|","|move|p2a: Klefki|Play Rough|p1a: Audino","|-damage|p1a: Audino|306/409 par","|move|p1a: Audino|Calm Mind|p1a: Audino","|-boost|p1a: Audino|spa|1","|-boost|p1a: Audino|spd|1","|","|-heal|p2a: Klefki|318/318|[from] item: Leftovers","|turn|31","|","|switch|p2a: Slurpuff|Slurpuff, M|312/312","|-damage|p2a: Slurpuff|273/312|[from] Stealth Rock","|move|p1a: Audino|Wish|p1a: Audino","|","|turn|32","|","|move|p2a: Slurpuff|Belly Drum|p2a: Slurpuff","|-damage|p2a: Slurpuff|117/312","|-setboost|p2a: Slurpuff|atk|6|[from] move: Belly Drum","|-enditem|p2a: Slurpuff|Sitrus Berry|[eat]","|-heal|p2a: Slurpuff|195/312|[from] item: Sitrus Berry","|move|p1a: Audino|Draining Kiss|p2a: Slurpuff","|-damage|p2a: Slurpuff|72/312","|-heal|p1a: Audino|399/409 par|[from] drain|[of] p2a: Slurpuff","|","|-heal|p1a: Audino|409/409 par|[from] move: Wish|[wisher] Audino","|turn|33","|","|move|p2a: Slurpuff|Drain Punch|p1a: Audino","|-damage|p1a: Audino|249/409 par","|-heal|p2a: Slurpuff|152/312|[from] drain|[of] p1a: Audino","|move|p1a: Audino|Draining Kiss|p2a: Slurpuff","|-damage|p2a: Slurpuff|32/312","|-heal|p1a: Audino|339/409 par|[from] drain|[of] p2a: Slurpuff","|","|turn|34","|","|move|p2a: Slurpuff|Play Rough|p1a: Audino","|-damage|p1a: Audino|50/409 par","|-unboost|p1a: Audino|atk|1","|move|p1a: Audino|Draining Kiss|p2a: Slurpuff","|-damage|p2a: Slurpuff|0 fnt","|-heal|p1a: Audino|74/409 par|[from] drain|[of] p2a: Slurpuff","|faint|p2a: Slurpuff","|","|","|switch|p2a: Diancie|Diancie|241/241","|-damage|p2a: Diancie|211/241|[from] Stealth Rock","|turn|35","|","|detailschange|p2a: Diancie|Diancie-Mega","|-mega|p2a: Diancie|Diancie|Diancite","|move|p2a: Diancie|Diamond Storm|p1a: Audino","|-damage|p1a: Audino|0 fnt","|-boost|p2a: Diancie|def|1","|faint|p1a: Audino","|","|","|switch|p1a: Chansey|Chansey, F|703/703","|-damage|p1a: Chansey|616/703|[from] Stealth Rock","|-damage|p1a: Chansey|441/703|[from] Spikes","|turn|36","|","|move|p2a: Diancie|Diamond Storm|p1a: Chansey","|-miss|p2a: Diancie|p1a: Chansey","|move|p1a: Chansey|Soft-Boiled|p1a: Chansey","|-heal|p1a: Chansey|703/703","|","|turn|37","|","|move|p2a: Diancie|Diamond Storm|p1a: Chansey","|-damage|p1a: Chansey|483/703","|-boost|p2a: Diancie|def|1","|move|p1a: Chansey|Wish|p1a: Chansey","|","|turn|38","|","|move|p2a: Diancie|Moonblast|p1a: Chansey","|-damage|p1a: Chansey|348/703","|move|p1a: Chansey|Seismic Toss|p2a: Diancie","|-damage|p2a: Diancie|111/241","|","|-heal|p1a: Chansey|699/703|[from] move: Wish|[wisher] Chansey","|turn|39","|","|move|p2a: Diancie|Diamond Storm|p1a: Chansey","|-damage|p1a: Chansey|453/703","|-boost|p2a: Diancie|def|1","|move|p1a: Chansey|Seismic Toss|p2a: Diancie","|-damage|p2a: Diancie|11/241","|","|turn|40","|","|move|p2a: Diancie|Diamond Storm|p1a: Chansey","|-damage|p1a: Chansey|203/703","|move|p1a: Chansey|Soft-Boiled|p1a: Chansey","|-heal|p1a: Chansey|555/703","|","|turn|41","|","|move|p2a: Diancie|Diamond Storm|p1a: Chansey","|-damage|p1a: Chansey|296/703","|-boost|p2a: Diancie|def|1","|move|p1a: Chansey|Soft-Boiled|p1a: Chansey","|-heal|p1a: Chansey|648/703","|","|turn|42","|","|move|p2a: Diancie|Diamond Storm|p1a: Chansey","|-damage|p1a: Chansey|389/703","|move|p1a: Chansey|Soft-Boiled|p1a: Chansey","|-heal|p1a: Chansey|703/703","|","|turn|43","|","|move|p2a: Diancie|Diamond Storm|p1a: Chansey","|-damage|p1a: Chansey|454/703","|move|p1a: Chansey|Soft-Boiled|p1a: Chansey","|-heal|p1a: Chansey|703/703","|","|turn|44","|","|move|p2a: Diancie|Earth Power|p1a: Chansey","|-damage|p1a: Chansey|619/703","|move|p1a: Chansey|Wish|p1a: Chansey","|","|turn|45","|","|move|p2a: Diancie|Moonblast|p1a: Chansey","|-damage|p1a: Chansey|484/703","|move|p1a: Chansey|Seismic Toss|p2a: Diancie","|-damage|p2a: Diancie|0 fnt","|faint|p2a: Diancie","|","|-heal|p1a: Chansey|703/703|[from] move: Wish|[wisher] Chansey","|","|switch|p2a: Klefki|Klefki, M|318/318","|-damage|p2a: Klefki|299/318|[from] Stealth Rock","|turn|46","|","|move|p2a: Klefki|Toxic|p1a: Chansey","|-status|p1a: Chansey|tox","|move|p1a: Chansey|Seismic Toss|p2a: Klefki","|-damage|p2a: Klefki|199/318","|","|-heal|p2a: Klefki|218/318|[from] item: Leftovers","|-damage|p1a: Chansey|660/703 tox|[from] psn","|turn|47","|","|move|p2a: Klefki|Play Rough|p1a: Chansey","|-damage|p1a: Chansey|549/703 tox","|move|p1a: Chansey|Seismic Toss|p2a: Klefki","|-damage|p2a: Klefki|118/318","|","|-heal|p2a: Klefki|137/318|[from] item: Leftovers","|-damage|p1a: Chansey|463/703 tox|[from] psn","|turn|48","|","|move|p2a: Klefki|Play Rough|p1a: Chansey","|-damage|p1a: Chansey|340/703 tox","|move|p1a: Chansey|Heal Bell|p1a: Chansey","|-cureteam|p1a: Chansey|[from] move: HealBell","|","|-heal|p2a: Klefki|156/318|[from] item: Leftovers","|turn|49","|","|move|p2a: Klefki|Toxic|p1a: Chansey","|-status|p1a: Chansey|tox","|move|p1a: Chansey|Soft-Boiled|p1a: Chansey","|-heal|p1a: Chansey|692/703 tox","|","|-heal|p2a: Klefki|175/318|[from] item: Leftovers","|-damage|p1a: Chansey|649/703 tox|[from] psn","|turn|50","|","|move|p2a: Klefki|Play Rough|p1a: Chansey","|-damage|p1a: Chansey|537/703 tox","|move|p1a: Chansey|Seismic Toss|p2a: Klefki","|-damage|p2a: Klefki|75/318","|","|-heal|p2a: Klefki|94/318|[from] item: Leftovers","|-damage|p1a: Chansey|451/703 tox|[from] psn","|turn|51","|","|move|p2a: Klefki|Play Rough|p1a: Chansey","|-damage|p1a: Chansey|343/703 tox","|move|p1a: Chansey|Seismic Toss|p2a: Klefki","|-damage|p2a: Klefki|0 fnt","|faint|p2a: Klefki","|","|win|JusAnAlt"],"p1rating":{"entryid":"6680044","serverid":"eos","formatid":"monotype","userid":"jusanalt","username":"JusAnAlt","w":46,"l":"19","t":"0","gxe":67.3,"r":"1632.8899931894","rd":"48.736449182645","sigma":"0","rptime":"1438938000","rpr":1637.1599229544,"rprd":48.330320921204,"rpsigma":"0","acre":1302.9398484125,"lacre":1302.9398484125,"oldacre":"1287.2892732364"},"p2rating":{"entryid":"6925118","serverid":"eos","formatid":"monotype","userid":"ltiltahit","username":"LTIL-Tahit","w":"57","l":58,"t":"0","gxe":51.6,"r":"1500.8882441454","rd":"38.052066678641","sigma":"0","rptime":"1438938000","rpr":1512.4460243575,"rprd":36.321359663069,"rpsigma":"0","acre":1135.0830315502,"lacre":1135.0830315502,"oldacre":"1150.7336067263"},"endType":"normal"}