{"seed":[33708,47644,27986,24054],"turns":20,"p1":"IV DC","p2":"CytoplasmBank","p1team":[{"name":"Skarmory","species":"Skarmory","item":"rockyhelmet","ability":"Sturdy","moves":["defog","toxic","roost","bravebird"],"nature":"Impish","evs":{"hp":252,"atk":0,"def":232,"spa":0,"spd":0,"spe":24},"ivs":{"hp":31,"atk":31,"def":31,"spa":31,"spd":31,"spe":31}},{"name":"Landorus-Therian","species":"Landorus-Therian","item":"choicescarf","ability":"Intimidate","moves":["earthquake","uturn","superpower","stoneedge"],"nature":"Jolly","evs":{"hp":0,"atk":252,"def":0,"spa":0,"spd":4,"spe":252},"ivs":{"hp":31,"atk":31,"def":31,"spa":31,"spd":31,"spe":31}},{"name":"Togekiss","species":"Togekiss","item":"leftovers","ability":"Serene Grace","moves":["airslash","thunderwave","roost","dazzlinggleam"],"nature":"Calm","evs":{"hp":252,"atk":0,"def":0,"spa":4,"spd":252,"spe":0},"ivs":{"hp":31,"atk":31,"def":31,"spa":31,"spd":31,"spe":31}},{"name":"Thundurus-Therian","species":"Thundurus-Therian","item":"choicescarf","ability":"Volt Absorb","moves":["thunderbolt","hiddenpowerice","focusblast","flashcannon"],"nature":"Timid","evs":{"hp":0,"atk":0,"def":0,"spa":252,"spd":4,"spe":252},"ivs":{"hp":31,"atk":30,"def":30,"spa":31,"spd":31,"spe":31}},{"name":"Gyarados","species":"Gyarados","item":"leftovers","ability":"Moxie","moves":["substitute","dragondance","waterfall","earthquake"],"nature":"Adamant","evs":{"hp":0,"atk":252,"def":0,"spa":0,"spd":4,"spe":252},"ivs":{"hp":31,"atk":31,"def":31,"spa":31,"spd":31,"spe":31}},{"name":"Charizard","species":"Charizard","item":"charizarditex","ability":"Blaze","moves":["roost","flareblitz","dragonclaw","willowisp"],"nature":"Careful","evs":{"hp":248,"atk":8,"def":0,"spa":0,"spd":252,"spe":0},"ivs":{"hp":31,"atk":31,"def":31,"spa":31,"spd":31,"spe":31}}],"p2team":[{"name":"Zygarde","species":"Zygarde","item":"lifeorb","ability":"Aura Break","moves":["dragondance","stoneedge","outrage","earthquake"],"nature":"Adamant","evs":{"hp":4,"atk":252,"def":0,"spa":0,"spd":0,"spe":252},"ivs":{"hp":31,"atk":31,"def":31,"spa":31,"spd":31,"spe":31}},{"name":"Garchomp","species":"Garchomp","item":"choicescarf","ability":"Rough Skin","moves":["dragonclaw","earthquake","ironhead","brickbreak"],"nature":"Jolly","evs":{"hp":4,"atk":252,"def":0,"spa":0,"spd":0,"spe":252},"ivs":{"hp":31,"atk":31,"def":31,"spa":31,"spd":31,"spe":31}},{"name":"Gliscor","species":"Gliscor","item":"toxicorb","ability":"Poison Heal","moves":["fling","roost","acrobatics","protect"],"nature":"Adamant","evs":{"hp":184,"atk":252,"def":0,"spa":0,"spd":0,"spe":72},"ivs":{"hp":31,"atk":31,"def":31,"spa":31,"spd":31,"spe":31}},{"name":"Hippowdon","species":"Hippowdon","item":"leftovers","ability":"Sand Stream","moves":["earthquake","stealthrock","toxic","slackoff"],"nature":"Impish","evs":{"hp":252,"atk":4,"def":252,"spa":0,"spd":0,"spe":0},"ivs":{"hp":31,"atk":31,"def":31,"spa":31,"spd":31,"spe":31}},{"name":"Excadrill","species":"Excadrill","item":"choicescarf","ability":"Mold Breaker","moves":["earthquake","ironhead","rockslide","xscissor"],"nature":"Jolly","evs":{"hp":0,"atk":252,"def":0,"spa":0,"spd":4,"spe":252},"ivs":{"hp":31,"atk":31,"def":31,"spa":31,"spd":31,"spe":31}},{"name":"Swampert","species":"Swampert","item":"swampertite","ability":"Torrent","moves":["earthquake","waterfall","raindance","outrage"],"nature":"Adamant","evs":{"hp":248,"atk":252,"def":0,"spa":0,"spd":8,"spe":0},"ivs":{"hp":31,"atk":31,"def":31,"spa":31,"spd":31,"spe":31}}],"log":["|player|p1|IV DC|1","|player|p2|CytoplasmBank|knightzygarde.png","|gametype|singles","|gen|6","|tier|Monotype","|rated","|rule|Baton Pass Clause: Limit one Baton Passer, can't pass Spe and other stats simultaneously","|rule|Swagger Clause: Swagger is banned","|rule|Same Type Clause: Pokémon in a team must share a type","|clearpoke","|poke|p1|Skarmory, F","|poke|p1|Landorus-Therian, M","|poke|p1|Togekiss, M","|poke|p1|Thundurus-Therian, M","|poke|p1|Gyarados, M","|poke|p1|Charizard, M","|poke|p2|Zygarde","|poke|p2|Garchomp, M","|poke|p2|Gliscor, F","|poke|p2|Hippowdon, M","|poke|p2|Excadrill, M","|poke|p2|Swampert, F","|rule|Sleep Clause Mod: Limit one foe put to sleep","|rule|Species Clause: Limit one of each Pokémon","|rule|OHKO Clause: OHKO moves are banned","|rule|Moody Clause: Moody is banned","|rule|Evasion Moves Clause: Evasion moves are banned","|rule|Endless Battle Clause: Forcing endless battles is banned","|rule|HP Percentage Mod: HP is shown in percentages","|teampreview","|","|start","|switch|p1a: Gyarados|Gyarados, M|331/331","|switch|p2a: Gliscor|Gliscor, F|337/337","|turn|1","|","|move|p2a: Gliscor|Protect|p2a: Gliscor","|-singleturn|p2a: Gliscor|Protect","|move|p1a: Gyarados|Substitute|p1a: Gyarados","|-start|p1a: Gyarados|Substitute","|-damage|p1a: Gyarados|249/331","|","|-heal|p1a: Gyarados|269/331|[from] item: Leftovers","|-status|p2a: Gliscor|tox|[from] item: Toxic Orb","|turn|2","|","|move|p1a: Gyarados|Dragon Dance|p1a: Gyarados","|-boost|p1a: Gyarados|atk|1","|-boost|p1a: Gyarados|spe|1","|move|p2a: Gliscor|Acrobatics|p1a: Gyarados","|-end|p1a: Gyarados|Substitute","|","|-heal|p1a: Gyarados|289/331|[from] item: Leftovers","|turn|3","|","|move|p1a: Gyarados|Substitute|p1a: Gyarados","|-start|p1a: Gyarados|Substitute","|-damage|p1a: Gyarados|207/331","|move|p2a: Gliscor|Fling|p1a: Gyarados","|-enditem|p2a: Gliscor|Toxic Orb|[from] move: Fling","|-activate|p1a: Gyarados|Substitute|[damage]","|","|-heal|p1a: Gyarados|227/331|[from] item: Leftovers","|turn|4","|","|move|p1a: Gyarados|Dragon Dance|p1a: Gyarados","|-boost|p1a: Gyarados|atk|1","|-boost|p1a: Gyarados|spe|1","|move|p2a: Gliscor|Acrobatics|p1a: Gyarados","|-end|p1a: Gyarados|Substitute","|","|-heal|p1a: Gyarados|247/331|[from] item: Leftovers","|turn|5","|","|move|p1a: Gyarados|Waterfall|p2a: Gliscor","|-supereffective|p2a: Gliscor","|-damage|p2a: Gliscor|0 fnt","|faint|p2a: Gliscor","|-boost|p1a: Gyarados|atk|1|[from] ability: Moxie","|","|-heal|p1a: Gyarados|267/331|[from] item: Leftovers","|","|switch|p2a: Zygarde|Zygarde|358/358","|-ability|p2a: Zygarde|Aura Break","|turn|6","|","|move|p1a: Gyarados|Waterfall|p2a: Zygarde","|-damage|p2a: Zygarde|30/358","|move|p2a: Zygarde|Stone Edge|p1a: Gyarados","|-supereffective|p1a: Gyarados","|-damage|p1a: Gyarados|0 fnt","|-damage|p2a: Zygarde|0 fnt|[from] item: Life Orb","|faint|p1a: Gyarados","|faint|p2a: Zygarde","|","|","|switch|p1a: Togekiss|Togekiss, M|374/374","|switch|p2a: Hippowdon|Hippowdon, M|420/420","|-weather|Sandstorm","|turn|7","|","|move|p1a: Togekiss|Air Slash|p2a: Hippowdon","|-damage|p2a: Hippowdon|281/420","|cant|p2a: Hippowdon|flinch","|","|-weather|Sandstorm|[upkeep]","|-damage|p1a: Togekiss|351/374|[from] sandstorm","|-heal|p1a: Togekiss|374/374|[from] item: Leftovers","|-heal|p2a: Hippowdon|307/420|[from] item: Leftovers","|turn|8","|","|move|p1a: Togekiss|Air Slash|p2a: Hippowdon","|-damage|p2a: Hippowdon|165/420","|move|p2a: Hippowdon|Stealth Rock|p1a: Togekiss","|-sidestart|p1: IV DC|move: Stealth Rock","|","|-weather|Sandstorm|[upkeep]","|-damage|p1a: Togekiss|351/374|[from] sandstorm","|-heal|p1a: Togekiss|374/374|[from] item: Leftovers","|-heal|p2a: Hippowdon|191/420|[from] item: Leftovers","|turn|9","|","|move|p1a: Togekiss|Air Slash|p2a: Hippowdon","|-crit|p2a: Hippowdon","|-damage|p2a: Hippowdon|0 fnt","|faint|p2a: Hippowdon","|","|-weather|Sandstorm|[upkeep]","|-damage|p1a: Togekiss|351/374|[from] sandstorm","|-heal|p1a: Togekiss|374/374|[from] item: Leftovers","|","|switch|p2a: Swampert|Swampert, F|403/403","|turn|10","|","|detailschange|p2a: Swampert|Swampert-Mega, F","|-mega|p2a: Swampert|Swampert|Swampertite","|move|p1a: Togekiss|Air Slash|p2a: Swampert","|-damage|p2a: Swampert|310/403","|move|p2a: Swampert|Rain Dance|p2a: Swampert","|-weather|RainDance","|","|-weather|RainDance|[upkeep]","|turn|11","|","|switch|p1a: Skarmory|Skarmory, F|334/334","|-damage|p1a: Skarmory|293/334|[from] Stealth Rock","|move|p2a: Swampert|Waterfall|p1a: Skarmory","|-damage|p1a: Skarmory|133/334","|-damage|p2a: Swampert|243/403|[from] item: Rocky Helmet|[of] p1a: Skarmory","|","|-weather|RainDance|[upkeep]","|turn|12","|","|move|p2a: Swampert|Waterfall|p1a: Skarmory","|-damage|p1a: Skarmory|0 fnt","|-damage|p2a: Swampert|176/403|[from] item: Rocky Helmet|[of] p1a: Skarmory","|faint|p1a: Skarmory","|","|-weather|RainDance|[upkeep]","|","|switch|p1a: Landorus-Therian|Landorus-Therian, M|319/319","|-damage|p1a: Landorus-Therian|280/319|[from] Stealth Rock","|-ability|p1a: Landorus-Therian|Intimidate","|-unboost|p2a: Swampert|atk|1","|turn|13","|","|switch|p1a: Charizard|Charizard, M|359/359","|-damage|p1a: Charizard|180/359|[from] Stealth Rock","|move|p2a: Swampert|Waterfall|p1a: Charizard","|-supereffective|p1a: Charizard","|-damage|p1a: Charizard|0 fnt","|faint|p1a: Charizard","|","|-weather|RainDance|[upkeep]","|","|switch|p1a: Togekiss|Togekiss, M|374/374","|-damage|p1a: Togekiss|281/374|[from] Stealth Rock","|turn|14","|","|move|p2a: Swampert|Waterfall|p1a: Togekiss","|-damage|p1a: Togekiss|113/374","|move|p1a: Togekiss|Dazzling Gleam|p2a: Swampert","|-damage|p2a: Swampert|65/403","|","|-weather|none","|-heal|p1a: Togekiss|136/374|[from] item: Leftovers","|turn|15","|","|switch|p2a: Excadrill|Excadrill, M|361/361","|-ability|p2a: Excadrill|Mold Breaker","|move|p1a: Togekiss|Dazzling Gleam|p2a: Excadrill","|-resisted|p2a: Excadrill","|-damage|p2a: Excadrill|289/361","|","|-heal|p1a: Togekiss|159/374|[from] item: Leftovers","|turn|16","|","|switch|p1a: Landorus-Therian|Landorus-Therian, M|280/319","|-damage|p1a: Landorus-Therian|241/319|[from] Stealth Rock","|-ability|p1a: Landorus-Therian|Intimidate","|-unboost|p2a: Excadrill|atk|1","|move|p2a: Excadrill|Rock Slide|p1a: Landorus-Therian","|-damage|p1a: Landorus-Therian|169/319","|","|turn|17","|","|switch|p2a: Garchomp|Garchomp, M|358/358","|move|p1a: Landorus-Therian|Earthquake|p2a: Garchomp","|-damage|p2a: Garchomp|157/358","|","|turn|18","|","|move|p2a: Garchomp|Iron Head|p1a: Landorus-Therian","|-damage|p1a: Landorus-Therian|60/319","|move|p1a: Landorus-Therian|Earthquake|p2a: Garchomp","|-damage|p2a: Garchomp|0 fnt","|faint|p2a: Garchomp","|","|","|switch|p2a: Excadrill|Excadrill, M|289/361","|-ability|p2a: Excadrill|Mold Breaker","|turn|19","|","|move|p1a: Landorus-Therian|Earthquake|p2a: Excadrill","|-supereffective|p2a: Excadrill","|-damage|p2a: Excadrill|0 fnt","|faint|p2a: Excadrill","|","|","|switch|p2a: Swampert|Swampert-Mega, F|65/403","|turn|20","|","|move|p1a: Landorus-Therian|Earthquake|p2a: Swampert","|-damage|p2a: Swampert|0 fnt","|faint|p2a: Swampert","|","|win|IV DC"],"p1rating":{"entryid":"7444395","serverid":"eos","formatid":"monotype","userid":"ivdc","username":"IV DC","w":5,"l":"1","t":"0","gxe":62.8,"r":"1540.1606143388","rd":"122.8583080769","sigma":"0","rptime":"1438938000","rpr":1602.1263289667,"rprd":97.997923797354,"rpsigma":"0","acre":1141.1274534235,"lacre":1141.1274534235,"oldacre":"1124.7362094528"},"p2rating":{"entryid":7463410,"formatid":"monotype","userid":"cytoplasmbank","username":"CytoplasmBank","r":1500,"rd":130,"sigma":0,"rpr":1463.8817120122,"rprd":122.83141802352,"rpsigma":0,"rptime":1438938000,"w":0,"l":1,"t":0,"gxe":45.5,"acre":1000,"lacre":1000,"oldacre":1000},"endType":"normal"}