{"seed":[5881,56671,16486,61023],"turns":25,"p1":"IV-Wiley","p2":"Chief Sokka","p1team":[{"name":"Mr.Krabs","species":"crawdaunt","item":"focussash","ability":"Adaptability","moves":["aquajet","swordsdance","crabhammer","knockoff"],"nature":"Jolly","evs":{"hp":0,"atk":252,"def":0,"spa":0,"spd":4,"spe":252},"shiny":true,"ivs":{"hp":31,"atk":31,"def":31,"spa":31,"spd":31,"spe":31}},{"name":"The Mad King Ryan","species":"kingdra","item":"scopelens","ability":"Swift Swim","moves":["focusenergy","dragonpulse","surf","flashcannon"],"nature":"Timid","evs":{"hp":0,"atk":0,"def":0,"spa":252,"spd":4,"spe":252},"ivs":{"hp":31,"atk":30,"def":31,"spa":30,"spd":31,"spe":30},"shiny":true},{"name":"Toadsworth","species":"politoed","item":"leftovers","ability":"Drizzle","moves":["raindance","scald","icebeam","haze"],"nature":"Modest","evs":{"hp":252,"atk":0,"def":0,"spa":252,"spd":4,"spe":0},"shiny":true,"ivs":{"hp":31,"atk":31,"def":31,"spa":31,"spd":31,"spe":31}},{"name":"Goo Lagoon","species":"swampert","item":"swampertite","ability":"Damp","moves":["waterfall","earthquake","icepunch","raindance"],"nature":"Adamant","evs":{"hp":248,"atk":252,"def":0,"spa":0,"spd":8,"spe":0},"shiny":true,"ivs":{"hp":31,"atk":31,"def":31,"spa":31,"spd":31,"spe":31}},{"name":"Insert Name Pun","species":"azumarill","item":"sitrusberry","ability":"Sap Sipper","moves":["aquajet","bellydrum","brickbreak","playrough"],"nature":"Adamant","evs":{"hp":252,"atk":252,"def":0,"spa":0,"spd":4,"spe":0},"ivs":{"hp":31,"atk":31,"def":31,"spa":31,"spd":31,"spe":31}},{"name":"Stag","species":"keldeo","item":"choicescarf","ability":"Justified","moves":["scald","icywind","secretsword","hiddenpowerfire"],"nature":"Timid","evs":{"hp":0,"atk":0,"def":0,"spa":252,"spd":4,"spe":252},"ivs":{"hp":31,"atk":30,"def":31,"spa":30,"spd":31,"spe":30}}],"p2team":[{"name":"Bulky","species":"chansey","item":"eviolite","ability":"Natural Cure","moves":["thunderwave","seismictoss","softboiled","aromatherapy"],"nature":"Bold","evs":{"hp":248,"atk":0,"def":252,"spa":0,"spd":8,"spe":0},"ivs":{"hp":31,"atk":31,"def":31,"spa":31,"spd":31,"spe":31}},{"name":"Ducky","species":"porygon2","item":"eviolite","ability":"Download","moves":["thunderwave","triattack","recover","icebeam"],"nature":"Bold","evs":{"hp":248,"atk":0,"def":252,"spa":8,"spd":0,"spe":0},"ivs":{"hp":31,"atk":31,"def":31,"spa":31,"spd":31,"spe":31}},{"name":"Pitchy","species":"meloetta","item":"assaultvest","ability":"Serene Grace","moves":["chargebeam","psyshock","hypervoice","shadowball"],"nature":"Modest","evs":{"hp":248,"atk":0,"def":0,"spa":252,"spd":8,"spe":0},"ivs":{"hp":31,"atk":31,"def":31,"spa":31,"spd":31,"spe":31}},{"name":"Milky","species":"miltank","item":"rockyhelmet","ability":"Scrappy","moves":["milkdrink","bodyslam","curse","earthquake"],"nature":"Adamant","evs":{"hp":248,"atk":252,"def":0,"spa":0,"spd":8,"spe":0},"ivs":{"hp":31,"atk":31,"def":31,"spa":31,"spd":31,"spe":31}},{"name":"Birdy","species":"pidgeot","item":"pidgeotite","ability":"Big Pecks","moves":["hurricane","workup","heatwave","roost"],"nature":"Timid","evs":{"hp":0,"atk":0,"def":0,"spa":252,"spd":4,"spe":252},"ivs":{"hp":31,"atk":31,"def":31,"spa":31,"spd":31,"spe":31}},{"name":"Blubber","species":"snorlax","item":"leftovers","ability":"Thick Fat","moves":["rest","curse","return","sleeptalk"],"nature":"Careful","evs":{"hp":252,"atk":4,"def":0,"spa":0,"spd":252,"spe":0},"ivs":{"hp":31,"atk":31,"def":31,"spa":31,"spd":31,"spe":31}}],"log":["|player|p1|IV-Wiley|264","|player|p2|Chief Sokka|chiefsokka.gif","|gametype|singles","|gen|6","|tier|Monotype","|rated","|rule|Baton Pass Clause: Limit one Baton Passer, can't pass Spe and other stats simultaneously","|rule|Swagger Clause: Swagger is banned","|rule|Same Type Clause: Pokémon in a team must share a type","|clearpoke","|poke|p1|Crawdaunt, F, shiny","|poke|p1|Kingdra, M, shiny","|poke|p1|Politoed, M, shiny","|poke|p1|Swampert, F, shiny","|poke|p1|Azumarill, M","|poke|p1|Keldeo","|poke|p2|Chansey, F","|poke|p2|Porygon2","|poke|p2|Meloetta","|poke|p2|Miltank, F","|poke|p2|Pidgeot, F","|poke|p2|Snorlax, M","|rule|Sleep Clause Mod: Limit one foe put to sleep","|rule|Species Clause: Limit one of each Pokémon","|rule|OHKO Clause: OHKO moves are banned","|rule|Moody Clause: Moody is banned","|rule|Evasion Moves Clause: Evasion moves are banned","|rule|Endless Battle Clause: Forcing endless battles is banned","|rule|HP Percentage Mod: HP is shown in percentages","|teampreview","|","|start","|switch|p1a: Toadsworth|Politoed, M, shiny|384/384","|switch|p2a: Pitchy|Meloetta|403/403","|-weather|RainDance","|turn|1","|","|move|p2a: Pitchy|Charge Beam|p1a: Toadsworth","|-crit|p1a: Toadsworth","|-supereffective|p1a: Toadsworth","|-damage|p1a: Toadsworth|200/384","|-boost|p2a: Pitchy|spa|1","|move|p1a: Toadsworth|Scald|p2a: Pitchy","|-damage|p2a: Pitchy|310/403","|","|-weather|RainDance|[upkeep]","|-heal|p1a: Toadsworth|224/384|[from] item: Leftovers","|turn|2","|","|move|p2a: Pitchy|Charge Beam|p1a: Toadsworth","|-supereffective|p1a: Toadsworth","|-damage|p1a: Toadsworth|24/384","|-boost|p2a: Pitchy|spa|1","|move|p1a: Toadsworth|Haze|p1a: Toadsworth","|-clearallboost","|","|-weather|RainDance|[upkeep]","|-heal|p1a: Toadsworth|48/384|[from] item: Leftovers","|turn|3","|","|switch|p1a: Goo Lagoon|Swampert, F, shiny|403/403","|move|p2a: Pitchy|Charge Beam|p1a: Goo Lagoon","|-immune|p1a: Goo Lagoon|[msg]","|","|-weather|RainDance|[upkeep]","|turn|4","|","|switch|p2a: Milky|Miltank, F|393/393","|detailschange|p1a: Goo Lagoon|Swampert-Mega, F, shiny","|-mega|p1a: Goo Lagoon|Swampert|Swampertite","|move|p1a: Goo Lagoon|Waterfall|p2a: Milky","|-damage|p2a: Milky|141/393","|-damage|p1a: Goo Lagoon|336/403|[from] item: Rocky Helmet|[of] p2a: Milky","|","|-weather|RainDance|[upkeep]","|turn|5","|","|move|p1a: Goo Lagoon|Waterfall|p2a: Milky","|-damage|p2a: Milky|0 fnt","|-damage|p1a: Goo Lagoon|269/403|[from] item: Rocky Helmet|[of] p2a: Milky","|faint|p2a: Milky","|","|-weather|none","|","|switch|p2a: Ducky|Porygon2|373/373","|-boost|p2a: Ducky|atk|1|[from] ability: Download","|turn|6","|","|move|p1a: Goo Lagoon|Rain Dance|p1a: Goo Lagoon","|-weather|RainDance","|move|p2a: Ducky|Tri Attack|p1a: Goo Lagoon","|-damage|p1a: Goo Lagoon|179/403","|","|-weather|RainDance|[upkeep]","|turn|7","|","|move|p1a: Goo Lagoon|Waterfall|p2a: Ducky","|-damage|p2a: Ducky|249/373","|move|p2a: Ducky|Tri Attack|p1a: Goo Lagoon","|-damage|p1a: Goo Lagoon|85/403","|-status|p1a: Goo Lagoon|brn","|","|-weather|RainDance|[upkeep]","|-damage|p1a: Goo Lagoon|35/403 brn|[from] brn","|turn|8","|","|move|p1a: Goo Lagoon|Waterfall|p2a: Ducky","|-damage|p2a: Ducky|179/373","|move|p2a: Ducky|Recover|p2a: Ducky","|-heal|p2a: Ducky|366/373","|","|-weather|RainDance|[upkeep]","|-damage|p1a: Goo Lagoon|0 fnt|[from] brn","|faint|p1a: Goo Lagoon","|","|switch|p1a: Mr.Krabs|Crawdaunt, F, shiny|267/267","|turn|9","|","|move|p1a: Mr.Krabs|Swords Dance|p1a: Mr.Krabs","|-boost|p1a: Mr.Krabs|atk|2","|move|p2a: Ducky|Thunder Wave|p1a: Mr.Krabs","|-status|p1a: Mr.Krabs|par","|","|-weather|RainDance|[upkeep]","|turn|10","|","|move|p2a: Ducky|Tri Attack|p1a: Mr.Krabs","|-damage|p1a: Mr.Krabs|110/267 par","|move|p1a: Mr.Krabs|Knock Off|p2a: Ducky","|-damage|p2a: Ducky|122/373","|-enditem|p2a: Ducky|Eviolite|[from] move: Knock Off|[of] p1a: Mr.Krabs","|","|-weather|none","|turn|11","|","|move|p1a: Mr.Krabs|Aqua Jet|p2a: Ducky","|-damage|p2a: Ducky|0 fnt","|faint|p2a: Ducky","|","|","|switch|p2a: Birdy|Pidgeot, F|307/307","|turn|12","|","|detailschange|p2a: Birdy|Pidgeot-Mega, F","|-mega|p2a: Birdy|Pidgeot|Pidgeotite","|move|p1a: Mr.Krabs|Aqua Jet|p2a: Birdy","|-damage|p2a: Birdy|93/307","|move|p2a: Birdy|Work Up|p2a: Birdy","|-boost|p2a: Birdy|atk|1","|-boost|p2a: Birdy|spa|1","|","|turn|13","|","|move|p1a: Mr.Krabs|Aqua Jet|p2a: Birdy","|-damage|p2a: Birdy|0 fnt","|faint|p2a: Birdy","|","|","|switch|p2a: Blubber|Snorlax, M|524/524","|turn|14","|","|move|p2a: Blubber|Curse|p2a: Blubber","|-unboost|p2a: Blubber|spe|1","|-boost|p2a: Blubber|atk|1","|-boost|p2a: Blubber|def|1","|move|p1a: Mr.Krabs|Crabhammer|p2a: Blubber","|-damage|p2a: Blubber|106/524","|","|-heal|p2a: Blubber|138/524|[from] item: Leftovers","|turn|15","|","|cant|p1a: Mr.Krabs|par","|move|p2a: Blubber|Rest|p2a: Blubber","|-status|p2a: Blubber|slp","|-heal|p2a: Blubber|524/524 slp|[silent]","|-status|p2a: Blubber|slp|[from] move: Rest","|","|turn|16","|","|cant|p2a: Blubber|slp","|move|p2a: Blubber|Sleep Talk|p2a: Blubber","|move|p2a: Blubber|Return|p1a: Mr.Krabs|[from]Sleep Talk","|-damage|p1a: Mr.Krabs|0 fnt","|faint|p1a: Mr.Krabs","|","|","|switch|p1a: Insert Name Pun|Azumarill, M|404/404","|turn|17","|","|move|p1a: Insert Name Pun|Belly Drum|p1a: Insert Name Pun","|-damage|p1a: Insert Name Pun|202/404","|-setboost|p1a: Insert Name Pun|atk|6|[from] move: Belly Drum","|-enditem|p1a: Insert Name Pun|Sitrus Berry|[eat]","|-heal|p1a: Insert Name Pun|303/404|[from] item: Sitrus Berry","|cant|p2a: Blubber|slp","|move|p2a: Blubber|Sleep Talk|p2a: Blubber","|move|p2a: Blubber|Curse|p2a: Blubber|[from]Sleep Talk","|-unboost|p2a: Blubber|spe|1","|-boost|p2a: Blubber|atk|1","|-boost|p2a: Blubber|def|1","|","|turn|18","|","|move|p1a: Insert Name Pun|Brick Break|p2a: Blubber","|-supereffective|p2a: Blubber","|-damage|p2a: Blubber|242/524 slp","|-curestatus|p2a: Blubber|slp","|move|p2a: Blubber|Return|p1a: Insert Name Pun","|-damage|p1a: Insert Name Pun|0 fnt","|faint|p1a: Insert Name Pun","|","|-heal|p2a: Blubber|274/524|[from] item: Leftovers","|","|switch|p1a: Stag|Keldeo|323/323","|turn|19","|","|switch|p2a: Pitchy|Meloetta|310/403","|move|p1a: Stag|Scald|p2a: Pitchy","|-damage|p2a: Pitchy|235/403","|-status|p2a: Pitchy|brn","|","|-damage|p2a: Pitchy|185/403 brn|[from] brn","|turn|20","|","|switch|p1a: Toadsworth|Politoed, M, shiny|48/384","|-weather|RainDance","|move|p2a: Pitchy|Charge Beam|p1a: Toadsworth","|-supereffective|p1a: Toadsworth","|-damage|p1a: Toadsworth|0 fnt","|-boost|p2a: Pitchy|spa|1","|faint|p1a: Toadsworth","|","|-weather|RainDance|[upkeep]","|-damage|p2a: Pitchy|135/403 brn|[from] brn","|","|switch|p1a: The Mad King Ryan|Kingdra, M, shiny|291/291","|turn|21","|","|move|p1a: The Mad King Ryan|Surf|p2a: Pitchy","|-damage|p2a: Pitchy|23/403 brn","|move|p2a: Pitchy|Hyper Voice|p1a: The Mad King Ryan","|-damage|p1a: The Mad King Ryan|21/291","|","|-weather|RainDance|[upkeep]","|-damage|p2a: Pitchy|0 fnt|[from] brn","|faint|p2a: Pitchy","|","|switch|p2a: Bulky|Chansey, F|703/703","|turn|22","|","|move|p1a: The Mad King Ryan|Focus Energy|p1a: The Mad King Ryan","|-start|p1a: The Mad King Ryan|move: Focus Energy","|move|p2a: Bulky|Seismic Toss|p1a: The Mad King Ryan","|-damage|p1a: The Mad King Ryan|0 fnt","|faint|p1a: The Mad King Ryan","|","|-weather|RainDance|[upkeep]","|","|switch|p1a: Stag|Keldeo|323/323","|turn|23","|","|move|p1a: Stag|Secret Sword|p2a: Bulky","|-supereffective|p2a: Bulky","|-damage|p2a: Bulky|271/703","|move|p2a: Bulky|Thunder Wave|p1a: Stag","|-status|p1a: Stag|par","|","|-weather|RainDance|[upkeep]","|turn|24","|","|move|p2a: Bulky|Seismic Toss|p1a: Stag","|-damage|p1a: Stag|223/323 par","|move|p1a: Stag|Secret Sword|p2a: Bulky","|-supereffective|p2a: Bulky","|-damage|p2a: Bulky|0 fnt","|faint|p2a: Bulky","|","|-weather|none","|","|switch|p2a: Blubber|Snorlax, M|274/524","|turn|25","|","|move|p1a: Stag|Secret Sword|p2a: Blubber","|-supereffective|p2a: Blubber","|-damage|p2a: Blubber|0 fnt","|faint|p2a: Blubber","|","|win|IV-Wiley"],"p1rating":{"entryid":"7406762","serverid":"eos","formatid":"monotype","userid":"ivwiley","username":"IV Wiley","w":16,"l":"14","t":"0","gxe":53.3,"r":"1468.9838527697","rd":"72.883258448308","sigma":"0","rptime":"1438851600","rpr":1525.0399837282,"rprd":60.381939293284,"rpsigma":"0","acre":1177.420468007,"lacre":1177.420468007,"oldacre":"1153.162064135"},"p2rating":{"entryid":"7438657","serverid":"eos","formatid":"monotype","userid":"chiefsokka","username":"Chief Sokka","w":"6","l":3,"t":"0","gxe":59,"r":"1500","rd":"130","sigma":"0","rptime":"1438851600","rpr":1570.4322083263,"rprd":88.275262240771,"rpsigma":"0","acre":1118.5943602872,"lacre":1118.5943602872,"oldacre":"1142.8527641592"},"endType":"normal"}