{"seed":[6791,43294,28099,56074],"turns":21,"p1":"GL♅Reshiram","p2":"Alliance- WU용의TANG","p1team":[{"name":"Heatran","species":"Heatran","item":"assaultvest","ability":"Flash Fire","moves":["lavaplume","earthpower","explosion","flashcannon"],"nature":"Mild","evs":{"hp":148,"atk":0,"def":0,"spa":252,"spd":108,"spe":0},"ivs":{"hp":31,"atk":31,"def":31,"spa":31,"spd":31,"spe":31}},{"name":"Delphox","species":"Delphox","item":"lumberry","ability":"Blaze","moves":["calmmind","fireblast","sunnyday","grassknot"],"nature":"Timid","evs":{"hp":0,"atk":0,"def":4,"spa":252,"spd":0,"spe":252},"ivs":{"hp":31,"atk":31,"def":31,"spa":31,"spd":31,"spe":31}},{"name":"Torkoal","species":"Torkoal","item":"leftovers","ability":"Shell Armor","moves":["protect","toxic","lavaplume","rapidspin"],"nature":"Bold","evs":{"hp":252,"atk":0,"def":252,"spa":4,"spd":0,"spe":0},"ivs":{"hp":31,"atk":31,"def":31,"spa":31,"spd":31,"spe":31}},{"name":"Rotom-Heat","species":"Rotom-Heat","item":"lightclay","ability":"Levitate","moves":["voltswitch","painsplit","reflect","lightscreen"],"nature":"Timid","evs":{"hp":236,"atk":0,"def":8,"spa":4,"spd":8,"spe":252},"ivs":{"hp":31,"atk":31,"def":31,"spa":31,"spd":31,"spe":31}},{"name":"Infernape","species":"Infernape","item":"lifeorb","ability":"Iron Fist","moves":["firepunch","machpunch","thunderpunch","uturn"],"nature":"Jolly","evs":{"hp":4,"atk":252,"def":0,"spa":0,"spd":0,"spe":252},"ivs":{"hp":31,"atk":31,"def":31,"spa":31,"spd":31,"spe":31}},{"name":"Charizard","species":"Charizard","item":"charizarditex","ability":"Blaze","moves":["dragondance","roost","dragonclaw","earthquake"],"nature":"Adamant","evs":{"hp":176,"atk":252,"def":0,"spa":0,"spd":0,"spe":80},"ivs":{"hp":31,"atk":31,"def":31,"spa":31,"spd":31,"spe":31}}],"p2team":[{"name":"ラティオス","species":"latios","item":"choicescarf","ability":"Levitate","moves":["hiddenpowerfire","dragonpulse","psyshock","icebeam"],"nature":"Timid","evs":{"hp":0,"atk":0,"def":4,"spa":252,"spd":0,"spe":252},"ivs":{"hp":31,"atk":30,"def":31,"spa":30,"spd":31,"spe":30}},{"name":"キュレム","species":"kyuremblack","item":"lifeorb","ability":"Teravolt","moves":["icebeam","outrage","fusionbolt","ironhead"],"nature":"Naive","evs":{"hp":0,"atk":100,"def":0,"spa":180,"spd":0,"spe":228},"shiny":true,"ivs":{"hp":31,"atk":31,"def":31,"spa":31,"spd":31,"spe":31}},{"name":"ボーマンダ","species":"salamence","item":"choicescarf","ability":"Moxie","moves":["outrage","aerialace","steelwing","earthquake"],"nature":"Jolly","evs":{"hp":0,"atk":252,"def":4,"spa":0,"spd":0,"spe":252},"ivs":{"hp":31,"atk":31,"def":31,"spa":31,"spd":31,"spe":31}},{"name":"サザンドラ","species":"hydreigon","item":"lifeorb","ability":"Levitate","moves":["darkpulse","flamethrower","dracometeor","flashcannon"],"nature":"Timid","evs":{"hp":4,"atk":0,"def":0,"spa":252,"spd":0,"spe":252},"shiny":true,"ivs":{"hp":31,"atk":31,"def":31,"spa":31,"spd":31,"spe":31}},{"name":"ガブリアス","species":"garchomp","item":"rockyhelmet","ability":"Rough Skin","moves":["stealthrock","earthquake","dragontail","endure"],"nature":"Impish","evs":{"hp":252,"atk":0,"def":232,"spa":0,"spd":24,"spe":0},"ivs":{"hp":31,"atk":31,"def":31,"spa":31,"spd":31,"spe":31}},{"name":"ラティアス","species":"latias","item":"latiasite","ability":"Levitate","moves":["calmmind","recover","psyshock","dragonbreath"],"nature":"Bold","evs":{"hp":252,"atk":0,"def":224,"spa":0,"spd":0,"spe":32},"ivs":{"hp":31,"atk":0,"def":31,"spa":31,"spd":31,"spe":31}}],"log":["|player|p1|GL♅Reshiram|68","|player|p2|Alliance- WU용의TANG|alliancewutang.png","|gametype|singles","|gen|6","|tier|Monotype","|rated","|rule|Baton Pass Clause: Limit one Baton Passer, can't pass Spe and other stats simultaneously","|rule|Swagger Clause: Swagger is banned","|rule|Same Type Clause: Pokémon in a team must share a type","|clearpoke","|poke|p1|Heatran, F","|poke|p1|Delphox, M","|poke|p1|Torkoal, M","|poke|p1|Rotom-Heat","|poke|p1|Infernape, F","|poke|p1|Charizard, M","|poke|p2|Latios, M","|poke|p2|Kyurem-Black, shiny","|poke|p2|Salamence, M","|poke|p2|Hydreigon, M, shiny","|poke|p2|Garchomp, M","|poke|p2|Latias, F","|rule|Sleep Clause Mod: Limit one foe put to sleep","|rule|Species Clause: Limit one of each Pokémon","|rule|OHKO Clause: OHKO moves are banned","|rule|Moody Clause: Moody is banned","|rule|Evasion Moves Clause: Evasion moves are banned","|rule|Endless Battle Clause: Forcing endless battles is banned","|rule|HP Percentage Mod: HP is shown in percentages","|teampreview","|","|start","|switch|p1a: Rotom-Heat|Rotom-Heat|300/300","|switch|p2a: ガブリアス|Garchomp, M|420/420","|turn|1","|","|move|p1a: Rotom-Heat|Reflect|p1a: Rotom-Heat","|-sidestart|p1: GL♅Reshiram|Reflect","|move|p2a: ガブリアス|Stealth Rock|p1a: Rotom-Heat","|-sidestart|p1: GL♅Reshiram|move: Stealth Rock","|","|turn|2","|","|move|p1a: Rotom-Heat|Light Screen|p1a: Rotom-Heat","|-sidestart|p1: GL♅Reshiram|move: Light Screen","|move|p2a: ガブリアス|Dragon Tail|p1a: Rotom-Heat","|-damage|p1a: Rotom-Heat|255/300","|drag|p1a: Delphox|Delphox, M|291/291","|-damage|p1a: Delphox|219/291|[from] Stealth Rock","|","|turn|3","|","|move|p1a: Delphox|Sunny Day|p1a: Delphox","|-weather|SunnyDay","|move|p2a: ガブリアス|Dragon Tail|p1a: Delphox","|-damage|p1a: Delphox|158/291","|drag|p1a: Charizard|Charizard, M|341/341","|-damage|p1a: Charizard|171/341|[from] Stealth Rock","|","|-weather|SunnyDay|[upkeep]","|turn|4","|","|detailschange|p1a: Charizard|Charizard-Mega-X, M","|-mega|p1a: Charizard|Charizard|Charizardite X","|move|p1a: Charizard|Roost|p1a: Charizard","|-heal|p1a: Charizard|341/341","|move|p2a: ガブリアス|Dragon Tail|p1a: Charizard","|-supereffective|p1a: Charizard","|-damage|p1a: Charizard|265/341","|drag|p1a: Torkoal|Torkoal, M|344/344","|-damage|p1a: Torkoal|258/344|[from] Stealth Rock","|","|-weather|SunnyDay|[upkeep]","|-heal|p1a: Torkoal|279/344|[from] item: Leftovers","|turn|5","|","|move|p2a: ガブリアス|Earthquake|p1a: Torkoal","|-supereffective|p1a: Torkoal","|-damage|p1a: Torkoal|192/344","|move|p1a: Torkoal|Rapid Spin|p2a: ガブリアス","|-damage|p2a: ガブリアス|411/420","|-damage|p1a: Torkoal|149/344|[from] ability: Rough Skin|[of] p2a: ガブリアス","|-damage|p1a: Torkoal|92/344|[from] item: Rocky Helmet|[of] p2a: ガブリアス","|-sideend|p1: GL♅Reshiram|Stealth Rock|[from] move: Rapid Spin|[of] p1a: Torkoal","|","|-weather|SunnyDay|[upkeep]","|-heal|p1a: Torkoal|113/344|[from] item: Leftovers","|turn|6","|","|move|p2a: ガブリアス|Stealth Rock|p1a: Torkoal","|-sidestart|p1: GL♅Reshiram|move: Stealth Rock","|move|p1a: Torkoal|Toxic|p2a: ガブリアス","|-status|p2a: ガブリアス|tox","|","|-weather|SunnyDay|[upkeep]","|-heal|p1a: Torkoal|134/344|[from] item: Leftovers","|-damage|p2a: ガブリアス|385/420 tox|[from] psn","|turn|7","|","|move|p1a: Torkoal|Protect|p1a: Torkoal","|-singleturn|p1a: Torkoal|Protect","|move|p2a: ガブリアス|Earthquake|p1a: Torkoal","|-activate|p1a: Torkoal|Protect","|","|-weather|none","|-heal|p1a: Torkoal|155/344|[from] item: Leftovers","|-damage|p2a: ガブリアス|333/420 tox|[from] psn","|turn|8","|","|switch|p1a: Rotom-Heat|Rotom-Heat|255/300","|-damage|p1a: Rotom-Heat|180/300|[from] Stealth Rock","|move|p2a: ガブリアス|Earthquake|p1a: Rotom-Heat","|-immune|p1a: Rotom-Heat|[msg]","|","|-damage|p2a: ガブリアス|255/420 tox|[from] psn","|-sideend|p1: GL♅Reshiram|Reflect","|turn|9","|","|move|p1a: Rotom-Heat|Reflect|p1a: Rotom-Heat","|-sidestart|p1: GL♅Reshiram|Reflect","|move|p2a: ガブリアス|Dragon Tail|p1a: Rotom-Heat","|-damage|p1a: Rotom-Heat|138/300","|drag|p1a: Charizard|Charizard-Mega-X, M|265/341","|-damage|p1a: Charizard|180/341|[from] Stealth Rock","|","|-damage|p2a: ガブリアス|151/420 tox|[from] psn","|-sideend|p1: GL♅Reshiram|move: Light Screen","|turn|10","|","|move|p1a: Charizard|Roost|p1a: Charizard","|-heal|p1a: Charizard|341/341","|move|p2a: ガブリアス|Dragon Tail|p1a: Charizard","|-supereffective|p1a: Charizard","|-damage|p1a: Charizard|256/341","|drag|p1a: Torkoal|Torkoal, M|155/344","|-damage|p1a: Torkoal|69/344|[from] Stealth Rock","|","|-heal|p1a: Torkoal|90/344|[from] item: Leftovers","|-damage|p2a: ガブリアス|21/420 tox|[from] psn","|turn|11","|","|move|p1a: Torkoal|Protect|p1a: Torkoal","|-singleturn|p1a: Torkoal|Protect","|move|p2a: ガブリアス|Earthquake|p1a: Torkoal","|-activate|p1a: Torkoal|Protect","|","|-heal|p1a: Torkoal|111/344|[from] item: Leftovers","|-damage|p2a: ガブリアス|0 fnt|[from] psn","|faint|p2a: ガブリアス","|","|switch|p2a: サザンドラ|Hydreigon, M, shiny|326/326","|turn|12","|","|move|p2a: サザンドラ|Dark Pulse|p1a: Torkoal","|-damage|p1a: Torkoal|0 fnt","|-damage|p2a: サザンドラ|294/326|[from] item: Life Orb","|faint|p1a: Torkoal","|","|","|switch|p1a: Rotom-Heat|Rotom-Heat|138/300","|-damage|p1a: Rotom-Heat|63/300|[from] Stealth Rock","|turn|13","|","|move|p2a: サザンドラ|Dark Pulse|p1a: Rotom-Heat","|-damage|p1a: Rotom-Heat|0 fnt","|-damage|p2a: サザンドラ|262/326|[from] item: Life Orb","|faint|p1a: Rotom-Heat","|","|","|switch|p1a: Heatran|Heatran, F|360/360","|-damage|p1a: Heatran|315/360|[from] Stealth Rock","|turn|14","|","|move|p2a: サザンドラ|Dark Pulse|p1a: Heatran","|-damage|p1a: Heatran|208/360","|-damage|p2a: サザンドラ|230/326|[from] item: Life Orb","|cant|p1a: Heatran|flinch","|","|turn|15","|","|move|p2a: サザンドラ|Dark Pulse|p1a: Heatran","|-damage|p1a: Heatran|113/360","|-damage|p2a: サザンドラ|198/326|[from] item: Life Orb","|cant|p1a: Heatran|flinch","|","|turn|16","|","|move|p2a: サザンドラ|Dark Pulse|p1a: Heatran","|-damage|p1a: Heatran|8/360","|-damage|p2a: サザンドラ|166/326|[from] item: Life Orb","|move|p1a: Heatran|Lava Plume|p2a: サザンドラ","|-resisted|p2a: サザンドラ","|-damage|p2a: サザンドラ|80/326","|","|-sideend|p1: GL♅Reshiram|Reflect","|turn|17","|","|move|p2a: サザンドラ|Dark Pulse|p1a: Heatran","|-damage|p1a: Heatran|0 fnt","|-damage|p2a: サザンドラ|48/326|[from] item: Life Orb","|faint|p1a: Heatran","|","|","|switch|p1a: Infernape|Infernape, F|294/294","|-damage|p1a: Infernape|258/294|[from] Stealth Rock","|turn|18","|","|move|p1a: Infernape|U-turn|p2a: サザンドラ","|-supereffective|p2a: サザンドラ","|-damage|p2a: サザンドラ|0 fnt","|-damage|p1a: Infernape|229/294|[from] item: Life Orb","|faint|p2a: サザンドラ","|","|switch|p1a: Delphox|Delphox, M|158/291","|-damage|p1a: Delphox|86/291|[from] Stealth Rock","|","|","|switch|p2a: ボーマンダ|Salamence, M|331/331","|turn|19","|","|move|p2a: ボーマンダ|Earthquake|p1a: Delphox","|-supereffective|p1a: Delphox","|-damage|p1a: Delphox|0 fnt","|faint|p1a: Delphox","|-boost|p2a: ボーマンダ|atk|1|[from] ability: Moxie","|","|","|switch|p1a: Infernape|Infernape, F|229/294","|-damage|p1a: Infernape|193/294|[from] Stealth Rock","|turn|20","|","|move|p2a: ボーマンダ|Earthquake|p1a: Infernape","|-supereffective|p1a: Infernape","|-damage|p1a: Infernape|0 fnt","|faint|p1a: Infernape","|-boost|p2a: ボーマンダ|atk|1|[from] ability: Moxie","|","|","|switch|p1a: Charizard|Charizard-Mega-X, M|256/341","|-damage|p1a: Charizard|171/341|[from] Stealth Rock","|turn|21","|","|move|p2a: ボーマンダ|Earthquake|p1a: Charizard","|-supereffective|p1a: Charizard","|-damage|p1a: Charizard|0 fnt","|faint|p1a: Charizard","|-boost|p2a: ボーマンダ|atk|1|[from] ability: Moxie","|","|win|Alliance- WU용의TANG"],"p1rating":{"entryid":"6886801","serverid":"eos","formatid":"monotype","userid":"glreshiram","username":"GL♅Reshiram","w":"14","l":15,"t":"0","gxe":47,"r":1483.0064396703,"rd":63.449242571864,"sigma":"0","rptime":1438938000,"rpr":1476.9386202872,"rprd":62.64757143868,"rpsigma":"0","acre":1059.5753682195,"lacre":1059.5753682195,"oldacre":"1067.5173064695"},"p2rating":{"entryid":"7022950","serverid":"eos","formatid":"monotype","userid":"alliancewutang","username":"Alliance - Wu Tang","w":39,"l":"15","t":"0","gxe":69.3,"r":"1656.2145089817","rd":"50.371973774151","sigma":"0","rptime":"1438938000","rpr":1654.9367582058,"rprd":49.127907680828,"rpsigma":"0","acre":1319.1905716521,"lacre":1319.1905716521,"oldacre":"1311.2989801658"},"endType":"normal"}