{"seed":[37653,44345,39579,49671],"turns":22,"p1":"IV-Wiley","p2":"MrNyanNyanz","p1team":[{"name":"Skarmory","species":"Skarmory","item":"leftovers","ability":"Sturdy","moves":["stealthrock","roost","toxic","bravebird"],"nature":"Impish","evs":{"hp":252,"atk":0,"def":232,"spa":0,"spd":0,"spe":24},"ivs":{"hp":31,"atk":31,"def":31,"spa":31,"spd":31,"spe":31}},{"name":"Lucario","species":"Lucario","item":"lifeorb","ability":"Steadfast","moves":["darkpulse","aurasphere","psychic","flashcannon"],"nature":"Timid","evs":{"hp":0,"atk":0,"def":0,"spa":252,"spd":4,"spe":252},"ivs":{"hp":31,"atk":31,"def":31,"spa":31,"spd":31,"spe":31}},{"name":"Bisharp","species":"Bisharp","item":"lifeorb","ability":"Defiant","moves":["suckerpunch","knockoff","ironhead","swordsdance"],"nature":"Jolly","evs":{"hp":0,"atk":252,"def":0,"spa":0,"spd":4,"spe":252},"ivs":{"hp":31,"atk":31,"def":31,"spa":31,"spd":31,"spe":31}},{"name":"Doublade","species":"Doublade","item":"eviolite","ability":"No Guard","moves":["swordsdance","sacredsword","shadowsneak","ironhead"],"nature":"Adamant","evs":{"hp":248,"atk":252,"def":0,"spa":0,"spd":8,"spe":0},"ivs":{"hp":31,"atk":31,"def":31,"spa":31,"spd":31,"spe":31}},{"name":"Heatran","species":"Heatran","item":"airballoon","ability":"Flash Fire","moves":["earthpower","magmastorm","toxic","taunt"],"nature":"Calm","evs":{"hp":248,"atk":0,"def":0,"spa":8,"spd":252,"spe":0},"ivs":{"hp":31,"atk":31,"def":31,"spa":31,"spd":31,"spe":31}},{"name":"Ferrothorn","species":"Ferrothorn","item":"rockyhelmet","ability":"Iron Barbs","moves":["leechseed","powerwhip","thunderwave","spikes"],"nature":"Impish","evs":{"hp":248,"atk":8,"def":252,"spa":0,"spd":0,"spe":0},"ivs":{"hp":31,"atk":31,"def":31,"spa":31,"spd":31,"spe":31}}],"p2team":[{"name":"Jirachi","species":"Jirachi","item":"leftovers","ability":"Serene Grace","moves":["thunderwave","ironhead","wish","stealthrock"],"nature":"Careful","evs":{"hp":252,"atk":0,"def":0,"spa":0,"spd":224,"spe":32},"ivs":{"hp":31,"atk":31,"def":31,"spa":31,"spd":31,"spe":31}},{"name":"Gardevoir","species":"Gardevoir","item":"gardevoirite","ability":"Trace","moves":["substitute","hypervoice","shadowball","psyshock"],"nature":"Timid","evs":{"hp":4,"atk":0,"def":0,"spa":252,"spd":0,"spe":252},"ivs":{"hp":31,"atk":30,"def":31,"spa":30,"spd":31,"spe":30}},{"name":"Slowbro","species":"Slowbro","item":"rockyhelmet","ability":"Regenerator","moves":["slackoff","scald","flamethrower","thunderwave"],"nature":"Bold","evs":{"hp":248,"atk":0,"def":252,"spa":8,"spd":0,"spe":0},"ivs":{"hp":31,"atk":31,"def":31,"spa":31,"spd":31,"spe":31}},{"name":"Victini","species":"Victini","item":"choicescarf","ability":"Victory Star","moves":["vcreate","boltstrike","uturn","zenheadbutt"],"nature":"Jolly","evs":{"hp":0,"atk":252,"def":0,"spa":0,"spd":4,"spe":252},"ivs":{"hp":31,"atk":31,"def":31,"spa":31,"spd":31,"spe":31}},{"name":"Hoopa-Unbound","species":"Hoopa-Unbound","item":"lifeorb","ability":"Magician","moves":["hyperspacefury","hyperspacehole","drainpunch","substitute"],"nature":"Lonely","evs":{"hp":252,"atk":252,"def":0,"spa":4,"spd":0,"spe":0},"ivs":{"hp":31,"atk":31,"def":31,"spa":31,"spd":31,"spe":31}},{"name":"Deoxys-Speed","species":"Deoxys-Speed","item":"lifeorb","ability":"Pressure","moves":["superpower","psychoboost","extremespeed","knockoff"],"nature":"Hasty","evs":{"hp":0,"atk":252,"def":0,"spa":4,"spd":0,"spe":252},"ivs":{"hp":31,"atk":31,"def":31,"spa":31,"spd":31,"spe":31}}],"log":["|player|p1|IV-Wiley|213","|player|p2|MrNyanNyanz|mrnyannyanz.gif","|gametype|singles","|gen|6","|tier|Monotype","|rated","|rule|Baton Pass Clause: Limit one Baton Passer, can't pass Spe and other stats simultaneously","|rule|Swagger Clause: Swagger is banned","|rule|Same Type Clause: Pokémon in a team must share a type","|clearpoke","|poke|p1|Skarmory, F","|poke|p1|Lucario, F","|poke|p1|Bisharp, M","|poke|p1|Doublade, M","|poke|p1|Heatran, F","|poke|p1|Ferrothorn, F","|poke|p2|Jirachi","|poke|p2|Gardevoir, M","|poke|p2|Slowbro, F","|poke|p2|Victini","|poke|p2|Hoopa-Unbound","|poke|p2|Deoxys-Speed","|rule|Sleep Clause Mod: Limit one foe put to sleep","|rule|Species Clause: Limit one of each Pokémon","|rule|OHKO Clause: OHKO moves are banned","|rule|Moody Clause: Moody is banned","|rule|Evasion Moves Clause: Evasion moves are banned","|rule|Endless Battle Clause: Forcing endless battles is banned","|rule|HP Percentage Mod: HP is shown in percentages","|teampreview","|","|start","|switch|p1a: Skarmory|Skarmory, F|334/334","|switch|p2a: Victini|Victini|341/341","|turn|1","|","|switch|p1a: Heatran|Heatran, F|385/385","|-item|p1a: Heatran|Air Balloon","|move|p2a: Victini|U-turn|p1a: Heatran","|-resisted|p1a: Heatran","|-damage|p1a: Heatran|367/385","|-enditem|p1a: Heatran|Air Balloon","|","|switch|p2a: Deoxys-Speed|Deoxys-Speed|241/241","|-ability|p2a: Deoxys-Speed|Pressure","|","|turn|2","|","|move|p2a: Deoxys-Speed|Superpower|p1a: Heatran","|-crit|p1a: Heatran","|-supereffective|p1a: Heatran","|-damage|p1a: Heatran|0 fnt","|-unboost|p2a: Deoxys-Speed|atk|1","|-unboost|p2a: Deoxys-Speed|def|1","|-damage|p2a: Deoxys-Speed|217/241|[from] item: Life Orb","|faint|p1a: Heatran","|","|","|switch|p1a: Lucario|Lucario, F|281/281","|turn|3","|","|switch|p2a: Jirachi|Jirachi|404/404","|move|p1a: Lucario|Dark Pulse|p2a: Jirachi","|-supereffective|p2a: Jirachi","|-damage|p2a: Jirachi|225/404","|-damage|p1a: Lucario|253/281|[from] item: Life Orb","|","|-heal|p2a: Jirachi|250/404|[from] item: Leftovers","|turn|4","|","|move|p1a: Lucario|Dark Pulse|p2a: Jirachi","|-supereffective|p2a: Jirachi","|-damage|p2a: Jirachi|81/404","|-damage|p1a: Lucario|225/281|[from] item: Life Orb","|move|p2a: Jirachi|Thunder Wave|p1a: Lucario","|-status|p1a: Lucario|par","|","|-heal|p2a: Jirachi|106/404|[from] item: Leftovers","|turn|5","|","|move|p2a: Jirachi|Stealth Rock|p1a: Lucario","|-sidestart|p1: IV-Wiley|move: Stealth Rock","|cant|p1a: Lucario|par","|","|-heal|p2a: Jirachi|131/404|[from] item: Leftovers","|turn|6","|","|move|p2a: Jirachi|Iron Head|p1a: Lucario","|-resisted|p1a: Lucario","|-damage|p1a: Lucario|159/281 par","|-boost|p1a: Lucario|spe|1|[from] ability: Steadfast","|cant|p1a: Lucario|flinch","|","|-heal|p2a: Jirachi|156/404|[from] item: Leftovers","|turn|7","|","|move|p2a: Jirachi|Iron Head|p1a: Lucario","|-resisted|p1a: Lucario","|-damage|p1a: Lucario|99/281 par","|-boost|p1a: Lucario|spe|1|[from] ability: Steadfast","|cant|p1a: Lucario|flinch","|","|-heal|p2a: Jirachi|181/404|[from] item: Leftovers","|turn|8","|","|move|p2a: Jirachi|Iron Head|p1a: Lucario","|-resisted|p1a: Lucario","|-damage|p1a: Lucario|32/281 par","|-boost|p1a: Lucario|spe|1|[from] ability: Steadfast","|cant|p1a: Lucario|flinch","|","|-heal|p2a: Jirachi|206/404|[from] item: Leftovers","|turn|9","|","|move|p2a: Jirachi|Iron Head|p1a: Lucario","|-resisted|p1a: Lucario","|-damage|p1a: Lucario|0 fnt","|faint|p1a: Lucario","|","|-heal|p2a: Jirachi|231/404|[from] item: Leftovers","|","|switch|p1a: Ferrothorn|Ferrothorn, F|351/351","|-damage|p1a: Ferrothorn|330/351|[from] Stealth Rock","|turn|10","|","|move|p2a: Jirachi|Wish|p2a: Jirachi","|move|p1a: Ferrothorn|Thunder Wave|p2a: Jirachi","|-status|p2a: Jirachi|par","|","|-heal|p2a: Jirachi|256/404 par|[from] item: Leftovers","|turn|11","|","|move|p1a: Ferrothorn|Leech Seed|p2a: Jirachi","|-start|p2a: Jirachi|move: Leech Seed","|cant|p2a: Jirachi|par","|","|-heal|p2a: Jirachi|404/404 par|[from] move: Wish|[wisher] Jirachi","|-damage|p2a: Jirachi|354/404 par|[from] Leech Seed|[of] p1a: Ferrothorn","|-heal|p1a: Ferrothorn|351/351|[silent]","|turn|12","|","|switch|p2a: Slowbro|Slowbro, F|393/393","|move|p1a: Ferrothorn|Spikes|p2a: Slowbro","|-sidestart|p2: MrNyanNyanz|Spikes","|","|turn|13","|","|move|p2a: Slowbro|Flamethrower|p1a: Ferrothorn","|-supereffective|p1a: Ferrothorn","|-damage|p1a: Ferrothorn|91/351","|move|p1a: Ferrothorn|Thunder Wave|p2a: Slowbro","|-status|p2a: Slowbro|par","|","|turn|14","|","|move|p1a: Ferrothorn|Leech Seed|p2a: Slowbro","|-start|p2a: Slowbro|move: Leech Seed","|move|p2a: Slowbro|Flamethrower|p1a: Ferrothorn","|-supereffective|p1a: Ferrothorn","|-damage|p1a: Ferrothorn|0 fnt","|faint|p1a: Ferrothorn","|","|","|switch|p1a: Bisharp|Bisharp, M|271/271","|-damage|p1a: Bisharp|255/271|[from] Stealth Rock","|turn|15","|","|move|p1a: Bisharp|Swords Dance|p1a: Bisharp","|-boost|p1a: Bisharp|atk|2","|move|p2a: Slowbro|Scald|p1a: Bisharp","|-damage|p1a: Bisharp|122/271","|","|-damage|p2a: Slowbro|344/393 par|[from] Leech Seed|[of] p1a: Bisharp","|-heal|p1a: Bisharp|171/271|[silent]","|turn|16","|","|move|p1a: Bisharp|Knock Off|p2a: Slowbro","|-supereffective|p2a: Slowbro","|-damage|p2a: Slowbro|0 fnt","|-damage|p1a: Bisharp|126/271|[from] item: Rocky Helmet|[of] p2a: Slowbro","|-enditem|p2a: Slowbro|Rocky Helmet|[from] move: Knock Off|[of] p1a: Bisharp","|-damage|p1a: Bisharp|99/271|[from] item: Life Orb","|faint|p2a: Slowbro","|","|","|switch|p2a: Gardevoir|Gardevoir, M|278/278","|-damage|p2a: Gardevoir|244/278|[from] Spikes","|-ability|p2a: Gardevoir|Defiant|[from] ability: Trace|[of] p1a: Bisharp","|turn|17","|","|detailschange|p2a: Gardevoir|Gardevoir-Mega, M","|-mega|p2a: Gardevoir|Gardevoir|Gardevoirite","|move|p1a: Bisharp|Sucker Punch|p2a: Gardevoir","|-fail|p1a: Bisharp","|move|p2a: Gardevoir|Substitute|p2a: Gardevoir","|-start|p2a: Gardevoir|Substitute","|-damage|p2a: Gardevoir|175/278","|","|turn|18","|","|move|p2a: Gardevoir|Hyper Voice|p1a: Bisharp","|-damage|p1a: Bisharp|0 fnt","|faint|p1a: Bisharp","|","|","|switch|p1a: Doublade|Doublade, M|321/321","|-damage|p1a: Doublade|301/321|[from] Stealth Rock","|turn|19","|","|move|p1a: Doublade|Shadow Sneak|p2a: Gardevoir","|-supereffective|p2a: Gardevoir","|-end|p2a: Gardevoir|Substitute","|move|p2a: Gardevoir|Shadow Ball|p1a: Doublade","|-supereffective|p1a: Doublade","|-damage|p1a: Doublade|49/321","|-unboost|p1a: Doublade|spd|1","|","|turn|20","|","|move|p2a: Gardevoir|Shadow Ball|p1a: Doublade","|-supereffective|p1a: Doublade","|-damage|p1a: Doublade|0 fnt","|faint|p1a: Doublade","|","|","|switch|p1a: Skarmory|Skarmory, F|334/334","|-damage|p1a: Skarmory|293/334|[from] Stealth Rock","|turn|21","|","|move|p2a: Gardevoir|Shadow Ball|p1a: Skarmory","|-damage|p1a: Skarmory|128/334","|move|p1a: Skarmory|Brave Bird|p2a: Gardevoir","|-damage|p2a: Gardevoir|4/278","|-damage|p1a: Skarmory|72/334|[from] recoil|[of] p2a: Gardevoir","|","|-heal|p1a: Skarmory|92/334|[from] item: Leftovers","|turn|22","|","|move|p2a: Gardevoir|Shadow Ball|p1a: Skarmory","|-crit|p1a: Skarmory","|-damage|p1a: Skarmory|0 fnt","|faint|p1a: Skarmory","|","|win|MrNyanNyanz"],"p1rating":{"entryid":"7406762","serverid":"eos","formatid":"monotype","userid":"ivwiley","username":"IV Wiley","w":"17","l":19,"t":"0","gxe":49.1,"r":"1511.6487660625","rd":"59.023747085266","sigma":"0","rptime":"1438938000","rpr":1493.0381790857,"rprd":56.114852551306,"rpsigma":"0","acre":1107.0964437954,"lacre":1107.0964437954,"oldacre":"1125.9406242744"},"p2rating":{"entryid":"6703862","serverid":"eos","formatid":"monotype","userid":"mrnyannyanz","username":"MrNyanNyanz","w":72,"l":"58","t":"0","gxe":55,"r":"1521.8340019731","rd":"33.393445619211","sigma":"0","rptime":"1438938000","rpr":1537.9556925229,"rprd":31.97694192394,"rpsigma":"0","acre":1232.1295745074,"lacre":1232.1295745074,"oldacre":"1213.2853940284"},"endType":"normal"}