{"seed":[44543,60135,17162,28233],"turns":24,"p1":"InfernalxCrown","p2":"Inferno Sasuke","p1team":[{"name":"Aegislash","species":"Aegislash","item":"weaknesspolicy","ability":"Stance Change","moves":["shadowball","shadowsneak","kingsshield","sacredsword"],"nature":"Brave","evs":{"hp":252,"atk":76,"def":0,"spa":176,"spd":4,"spe":0},"ivs":{"hp":31,"atk":31,"def":31,"spa":31,"spd":31,"spe":0},"shiny":true},{"name":"Sableye","species":"Sableye","item":"leftovers","ability":"Prankster","moves":["willowisp","recover","taunt","knockoff"],"nature":"Careful","evs":{"hp":252,"atk":0,"def":84,"spa":0,"spd":168,"spe":4},"ivs":{"hp":31,"atk":0,"def":31,"spa":31,"spd":31,"spe":31}},{"name":"Golurk","species":"Golurk","item":"focussash","ability":"No Guard","moves":["stealthrock","curse","dynamicpunch","stoneedge"],"nature":"Adamant","evs":{"hp":4,"atk":252,"def":0,"spa":0,"spd":0,"spe":252},"shiny":true,"ivs":{"hp":31,"atk":31,"def":31,"spa":31,"spd":31,"spe":31}},{"name":"Jellicent","species":"Jellicent","item":"leftovers","ability":"Cursed Body","moves":["acidarmor","toxic","recover","scald"],"nature":"Calm","evs":{"hp":252,"atk":0,"def":4,"spa":0,"spd":252,"spe":0},"gender":"M","ivs":{"hp":31,"atk":0,"def":31,"spa":31,"spd":31,"spe":31}},{"name":"Chandelure","species":"Chandelure","item":"choicescarf","ability":"Infiltrator","moves":["flamethrower","shadowball","energyball","trick"],"nature":"Timid","evs":{"hp":0,"atk":0,"def":4,"spa":252,"spd":0,"spe":252},"ivs":{"hp":31,"atk":0,"def":31,"spa":31,"spd":31,"spe":31},"shiny":true},{"name":"Gengar","species":"Gengar","item":"choicespecs","ability":"Levitate","moves":["dazzlinggleam","shadowball","thunderbolt","sludgewave"],"nature":"Timid","evs":{"hp":4,"atk":0,"def":0,"spa":252,"spd":0,"spe":252},"ivs":{"hp":31,"atk":0,"def":31,"spa":31,"spd":31,"spe":31}}],"p2team":[{"name":"Mangyeko","species":"sableye","item":"sablenite","ability":"Prankster","moves":["calmmind","recover","willowisp","snarl"],"nature":"Bold","evs":{"hp":252,"atk":0,"def":196,"spa":0,"spd":60,"spe":0},"ivs":{"hp":31,"atk":31,"def":31,"spa":31,"spd":31,"spe":31}},{"name":"Gamakichi","species":"tyranitar","item":"leftovers","ability":"Sand Stream","moves":["stoneedge","fireblast","stealthrock","thunderwave"],"nature":"Brave","evs":{"hp":252,"atk":56,"def":0,"spa":0,"spd":200,"spe":0},"ivs":{"hp":31,"atk":31,"def":31,"spa":31,"spd":31,"spe":31}},{"name":"Rikoudo Sennin","species":"hoopaunbound","item":"choicescarf","ability":"Magician","moves":["hyperspacefury","hyperspacehole","gunkshot","energyball"],"nature":"Hasty","evs":{"hp":0,"atk":180,"def":0,"spa":76,"spd":0,"spe":252},"ivs":{"hp":31,"atk":31,"def":31,"spa":31,"spd":31,"spe":31}},{"name":"Island turtle","species":"crawdaunt","item":"lifeorb","ability":"Adaptability","moves":["knockoff","aquajet","swordsdance","crabhammer"],"nature":"Adamant","evs":{"hp":0,"atk":252,"def":0,"spa":0,"spd":4,"spe":252},"ivs":{"hp":31,"atk":31,"def":31,"spa":31,"spd":31,"spe":31}},{"name":"Ariel Attack","species":"mandibuzz","item":"rockyhelmet","ability":"Overcoat","moves":["bravebird","foulplay","roost","defog"],"nature":"Impish","evs":{"hp":248,"atk":8,"def":252,"spa":0,"spd":0,"spe":0},"ivs":{"hp":31,"atk":31,"def":31,"spa":31,"spd":31,"spe":31}},{"name":"Hand-2-Hand","species":"bisharp","item":"lumberry","ability":"Defiant","moves":["swordsdance","knockoff","ironhead","suckerpunch"],"nature":"Adamant","evs":{"hp":0,"atk":252,"def":0,"spa":0,"spd":4,"spe":252},"ivs":{"hp":31,"atk":31,"def":31,"spa":31,"spd":31,"spe":31}}],"log":["|player|p1|InfernalxCrown|infernalxcrown.png","|player|p2|Inferno Sasuke|281","|gametype|singles","|gen|6","|tier|Monotype","|rated","|rule|Baton Pass Clause: Limit one Baton Passer, can't pass Spe and other stats simultaneously","|rule|Swagger Clause: Swagger is banned","|rule|Same Type Clause: Pokémon in a team must share a type","|clearpoke","|poke|p1|Aegislash, M, shiny","|poke|p1|Sableye, M","|poke|p1|Golurk, shiny","|poke|p1|Jellicent, M","|poke|p1|Chandelure, F, shiny","|poke|p1|Gengar, M","|poke|p2|Sableye, M","|poke|p2|Tyranitar, F","|poke|p2|Hoopa-Unbound","|poke|p2|Crawdaunt, F","|poke|p2|Mandibuzz, F","|poke|p2|Bisharp, F","|rule|Sleep Clause Mod: Limit one foe put to sleep","|rule|Species Clause: Limit one of each Pokémon","|rule|OHKO Clause: OHKO moves are banned","|rule|Moody Clause: Moody is banned","|rule|Evasion Moves Clause: Evasion moves are banned","|rule|Endless Battle Clause: Forcing endless battles is banned","|rule|HP Percentage Mod: HP is shown in percentages","|teampreview","|","|start","|switch|p1a: Golurk|Golurk, shiny|320/320","|switch|p2a: Rikoudo Sennin|Hoopa-Unbound|301/301","|turn|1","|","|move|p2a: Rikoudo Sennin|Hyperspace Fury|p1a: Golurk","|-supereffective|p1a: Golurk","|-enditem|p1a: Golurk|Focus Sash","|-damage|p1a: Golurk|1/320","|-unboost|p2a: Rikoudo Sennin|def|1","|move|p1a: Golurk|Dynamic Punch|p2a: Rikoudo Sennin","|-damage|p2a: Rikoudo Sennin|0 fnt","|faint|p2a: Rikoudo Sennin","|","|","|switch|p2a: Hand-2-Hand|Bisharp, F|271/271","|turn|2","|","|move|p2a: Hand-2-Hand|Knock Off|p1a: Golurk","|-supereffective|p1a: Golurk","|-damage|p1a: Golurk|0 fnt","|faint|p1a: Golurk","|","|","|switch|p1a: Sableye|Sableye, M|304/304","|turn|3","|","|move|p1a: Sableye|Taunt|p2a: Hand-2-Hand","|-start|p2a: Hand-2-Hand|move: Taunt","|cant|p2a: Hand-2-Hand|move: Taunt|Swords Dance","|","|turn|4","|","|move|p2a: Hand-2-Hand|Iron Head|p1a: Sableye","|-damage|p1a: Sableye|141/304","|move|p1a: Sableye|Knock Off|p2a: Hand-2-Hand","|-resisted|p2a: Hand-2-Hand","|-damage|p2a: Hand-2-Hand|232/271","|-enditem|p2a: Hand-2-Hand|Lum Berry|[from] move: Knock Off|[of] p1a: Sableye","|","|-heal|p1a: Sableye|160/304|[from] item: Leftovers","|turn|5","|","|move|p1a: Sableye|Will-O-Wisp|p2a: Hand-2-Hand|[miss]","|-miss|p1a: Sableye|p2a: Hand-2-Hand","|move|p2a: Hand-2-Hand|Iron Head|p1a: Sableye","|-damage|p1a: Sableye|0 fnt","|faint|p1a: Sableye","|","|-end|p2a: Hand-2-Hand|move: Taunt","|","|switch|p1a: Aegislash|Aegislash, M, shiny|324/324","|turn|6","|","|switch|p1a: Gengar|Gengar, M|262/262","|move|p2a: Hand-2-Hand|Swords Dance|p2a: Hand-2-Hand","|-boost|p2a: Hand-2-Hand|atk|2","|","|turn|7","|","|switch|p1a: Chandelure|Chandelure, F, shiny|261/261","|move|p2a: Hand-2-Hand|Knock Off|p1a: Chandelure","|-supereffective|p1a: Chandelure","|-damage|p1a: Chandelure|0 fnt","|-enditem|p1a: Chandelure|Choice Scarf|[from] move: Knock Off|[of] p2a: Hand-2-Hand","|faint|p1a: Chandelure","|","|","|switch|p1a: Aegislash|Aegislash, M, shiny|324/324","|turn|8","|","|move|p2a: Hand-2-Hand|Swords Dance|p2a: Hand-2-Hand","|-boost|p2a: Hand-2-Hand|atk|2","|-formechange|p1a: Aegislash|Aegislash-Blade","|move|p1a: Aegislash|Sacred Sword|p2a: Hand-2-Hand","|-supereffective|p2a: Hand-2-Hand","|-damage|p2a: Hand-2-Hand|0 fnt","|faint|p2a: Hand-2-Hand","|","|","|switch|p2a: Mangyeko|Sableye, M|304/304","|turn|9","|","|switch|p1a: Gengar|Gengar, M|262/262","|detailschange|p2a: Mangyeko|Sableye-Mega, M","|-mega|p2a: Mangyeko|Sableye|Sablenite","|move|p2a: Mangyeko|Calm Mind|p2a: Mangyeko","|-boost|p2a: Mangyeko|spa|1","|-boost|p2a: Mangyeko|spd|1","|","|turn|10","|","|move|p1a: Gengar|Dazzling Gleam|p2a: Mangyeko","|-supereffective|p2a: Mangyeko","|-damage|p2a: Mangyeko|150/304","|move|p2a: Mangyeko|Calm Mind|p2a: Mangyeko","|-boost|p2a: Mangyeko|spa|1","|-boost|p2a: Mangyeko|spd|1","|","|turn|11","|","|move|p1a: Gengar|Dazzling Gleam|p2a: Mangyeko","|-supereffective|p2a: Mangyeko","|-damage|p2a: Mangyeko|20/304","|move|p2a: Mangyeko|Recover|p2a: Mangyeko","|-heal|p2a: Mangyeko|172/304","|","|turn|12","|","|move|p1a: Gengar|Dazzling Gleam|p2a: Mangyeko","|-supereffective|p2a: Mangyeko","|-damage|p2a: Mangyeko|58/304","|move|p2a: Mangyeko|Snarl|p1a: Gengar","|-supereffective|p1a: Gengar","|-damage|p1a: Gengar|0 fnt","|faint|p1a: Gengar","|","|","|switch|p1a: Aegislash|Aegislash, M, shiny|324/324","|turn|13","|","|-formechange|p1a: Aegislash|Aegislash-Blade","|move|p1a: Aegislash|Shadow Ball|p2a: Mangyeko","|-damage|p2a: Mangyeko|0 fnt","|faint|p2a: Mangyeko","|","|","|switch|p2a: Ariel Attack|Mandibuzz, F|423/423","|turn|14","|","|-formechange|p1a: Aegislash|Aegislash","|move|p1a: Aegislash|King's Shield|p1a: Aegislash","|-singleturn|p1a: Aegislash|Protect","|move|p2a: Ariel Attack|Foul Play|p1a: Aegislash","|-activate|p1a: Aegislash|Protect","|-unboost|p2a: Ariel Attack|atk|2","|","|turn|15","|","|move|p2a: Ariel Attack|Foul Play|p1a: Aegislash","|-supereffective|p1a: Aegislash","|-damage|p1a: Aegislash|204/324","|-enditem|p1a: Aegislash|Weakness Policy","|-boost|p1a: Aegislash|atk|2|[from] item: Weakness Policy","|-boost|p1a: Aegislash|spa|2|[from] item: Weakness Policy","|-formechange|p1a: Aegislash|Aegislash-Blade","|move|p1a: Aegislash|Shadow Ball|p2a: Ariel Attack","|-resisted|p2a: Ariel Attack","|-damage|p2a: Ariel Attack|276/423","|","|turn|16","|","|-formechange|p1a: Aegislash|Aegislash","|move|p1a: Aegislash|King's Shield|p1a: Aegislash","|-singleturn|p1a: Aegislash|Protect","|move|p2a: Ariel Attack|Foul Play|p1a: Aegislash","|-activate|p1a: Aegislash|Protect","|-unboost|p2a: Ariel Attack|atk|2","|","|turn|17","|","|move|p2a: Ariel Attack|Foul Play|p1a: Aegislash","|-supereffective|p1a: Aegislash","|-damage|p1a: Aegislash|0 fnt","|faint|p1a: Aegislash","|","|","|switch|p1a: Jellicent|Jellicent, M|404/404","|turn|18","|","|move|p2a: Ariel Attack|Foul Play|p1a: Jellicent","|-supereffective|p1a: Jellicent","|-damage|p1a: Jellicent|252/404","|move|p1a: Jellicent|Toxic|p2a: Ariel Attack","|-status|p2a: Ariel Attack|tox","|","|-heal|p1a: Jellicent|277/404|[from] item: Leftovers","|-damage|p2a: Ariel Attack|250/423 tox|[from] psn","|turn|19","|","|move|p2a: Ariel Attack|Foul Play|p1a: Jellicent","|-supereffective|p1a: Jellicent","|-damage|p1a: Jellicent|139/404","|-start|p2a: Ariel Attack|Disable|Foul Play","|move|p1a: Jellicent|Acid Armor|p1a: Jellicent","|-boost|p1a: Jellicent|def|2","|","|-heal|p1a: Jellicent|164/404|[from] item: Leftovers","|-damage|p2a: Ariel Attack|198/423 tox|[from] psn","|turn|20","|","|move|p2a: Ariel Attack|Brave Bird|p1a: Jellicent","|-damage|p1a: Jellicent|139/404","|-damage|p2a: Ariel Attack|190/423 tox|[from] recoil|[of] p1a: Jellicent","|move|p1a: Jellicent|Acid Armor|p1a: Jellicent","|-boost|p1a: Jellicent|def|2","|","|-heal|p1a: Jellicent|164/404|[from] item: Leftovers","|-damage|p2a: Ariel Attack|112/423 tox|[from] psn","|turn|21","|","|switch|p2a: Island turtle|Crawdaunt, F|267/267","|move|p1a: Jellicent|Recover|p1a: Jellicent","|-heal|p1a: Jellicent|366/404","|","|-heal|p1a: Jellicent|391/404|[from] item: Leftovers","|turn|22","|","|move|p2a: Island turtle|Knock Off|p1a: Jellicent","|-supereffective|p1a: Jellicent","|-damage|p1a: Jellicent|131/404","|-enditem|p1a: Jellicent|Leftovers|[from] move: Knock Off|[of] p2a: Island turtle","|-damage|p2a: Island turtle|241/267|[from] item: Life Orb","|move|p1a: Jellicent|Scald|p2a: Island turtle","|-resisted|p2a: Island turtle","|-damage|p2a: Island turtle|174/267","|-status|p2a: Island turtle|brn","|","|-damage|p2a: Island turtle|141/267 brn|[from] brn","|turn|23","|","|move|p2a: Island turtle|Knock Off|p1a: Jellicent","|-supereffective|p1a: Jellicent","|-damage|p1a: Jellicent|40/404","|-damage|p2a: Island turtle|115/267 brn|[from] item: Life Orb","|move|p1a: Jellicent|Recover|p1a: Jellicent","|-heal|p1a: Jellicent|242/404","|","|-damage|p2a: Island turtle|82/267 brn|[from] brn","|turn|24","|","|move|p2a: Island turtle|Knock Off|p1a: Jellicent","|-crit|p1a: Jellicent","|-supereffective|p1a: Jellicent","|-damage|p1a: Jellicent|0 fnt","|-start|p2a: Island turtle|Disable|Knock Off","|-damage|p2a: Island turtle|56/267 brn|[from] item: Life Orb","|faint|p1a: Jellicent","|","|win|Inferno Sasuke"],"p1rating":{"entryid":"5724468","serverid":"eos","formatid":"monotype","userid":"infernalxcrown","username":"InfernalxCrown","w":"81","l":77,"t":"0","gxe":52.5,"r":"1521.5837898453","rd":"37.476740410951","sigma":"0","rptime":"1438938000","rpr":1518.6527125981,"rprd":37.126472736628,"rpsigma":"0","acre":1092.995626627,"lacre":1092.995626627,"oldacre":"1126.7306244609"},"p2rating":{"entryid":"7291991","serverid":"eos","formatid":"monotype","userid":"infernosasuke","username":"Inferno Sasuke","w":15,"l":"48","t":"0","gxe":26.4,"r":"1306.9987540159","rd":"52.723332786266","sigma":"0","rptime":"1438938000","rpr":1305.5409892171,"rprd":47.147208658661,"rpsigma":"0","acre":1053.9759965343,"lacre":1053.9759965343,"oldacre":"1000"},"endType":"normal"}