{"seed":[11294,5476,58161,45703],"turns":25,"p1":"GTX♅Bzumzum","p2":"Sovereign♕Cactus","p1team":[{"name":"Elec","species":"manectric","item":"manectite","ability":"Lightning Rod","moves":["thunderbolt","hiddenpowergrass","voltswitch","overheat"],"nature":"Timid","evs":{"hp":0,"atk":0,"def":0,"spa":252,"spd":4,"spe":252},"gender":"M","ivs":{"hp":31,"atk":30,"def":31,"spa":30,"spd":31,"spe":31}},{"name":"Water-Safe","species":"rotomwash","item":"chestoberry","ability":"Levitate","moves":["hydropump","hex","willowisp","rest"],"nature":"Calm","evs":{"hp":248,"atk":0,"def":0,"spa":8,"spd":252,"spe":0},"shiny":true,"ivs":{"hp":31,"atk":31,"def":31,"spa":31,"spd":31,"spe":31}},{"name":"MY ZONE!!!","species":"magnezone","item":"choicespecs","ability":"Sturdy","moves":["hiddenpowerice","flashcannon","triattack","signalbeam"],"nature":"Modest","evs":{"hp":248,"atk":0,"def":0,"spa":252,"spd":8,"spe":0},"ivs":{"hp":31,"atk":30,"def":30,"spa":31,"spd":31,"spe":31},"shiny":true},{"name":"Thundernor","species":"eelektross","item":"leftovers","ability":"Levitate","moves":["coil","drainpunch","knockoff","uturn"],"nature":"Adamant","evs":{"hp":252,"atk":252,"def":0,"spa":0,"spd":0,"spe":4},"gender":"M","shiny":true,"ivs":{"hp":31,"atk":31,"def":31,"spa":31,"spd":31,"spe":31}},{"name":"Zapz","species":"zapdos","item":"leftovers","ability":"Pressure","moves":["heatwave","roost","extrasensory","defog"],"nature":"Modest","evs":{"hp":252,"atk":0,"def":0,"spa":252,"spd":4,"spe":0},"shiny":true,"ivs":{"hp":31,"atk":31,"def":31,"spa":31,"spd":31,"spe":31}},{"name":"Plugg-in Failure","species":"electivire","item":"choicescarf","ability":"Vital Spirit","moves":["crosschop","earthquake","icepunch","rockslide"],"nature":"Adamant","evs":{"hp":0,"atk":252,"def":0,"spa":0,"spd":4,"spe":252},"gender":"M","shiny":true,"ivs":{"hp":31,"atk":31,"def":31,"spa":31,"spd":31,"spe":31}}],"p2team":[{"name":"Hawlucha","species":"Hawlucha","item":"sitrusberry","ability":"Unburden","moves":["acrobatics","highjumpkick","substitute","swordsdance"],"nature":"Adamant","evs":{"hp":0,"atk":252,"def":0,"spa":0,"spd":4,"spe":252},"ivs":{"hp":31,"atk":31,"def":31,"spa":31,"spd":31,"spe":31}},{"name":"Shroomy McSeed","species":"breloom","item":"focussash","ability":"Technician","moves":["swordsdance","spore","machpunch","bulletseed"],"nature":"Jolly","evs":{"hp":0,"atk":252,"def":0,"spa":0,"spd":4,"spe":252},"gender":"M","shiny":true,"ivs":{"hp":31,"atk":31,"def":31,"spa":31,"spd":31,"spe":31}},{"name":"Infernape","species":"Infernape","item":"focussash","ability":"Iron Fist","moves":["fakeout","stealthrock","taunt","firepunch"],"nature":"Jolly","evs":{"hp":0,"atk":252,"def":0,"spa":0,"spd":4,"spe":252},"shiny":true,"ivs":{"hp":31,"atk":31,"def":31,"spa":31,"spd":31,"spe":31}},{"name":"Medicham","species":"Medicham","item":"medichamite","ability":"Pure Power","moves":["bulletpunch","psychocut","fakeout","highjumpkick"],"nature":"Jolly","evs":{"hp":0,"atk":252,"def":0,"spa":0,"spd":4,"spe":252},"gender":"M","shiny":true,"ivs":{"hp":31,"atk":31,"def":31,"spa":31,"spd":31,"spe":31}},{"name":"Terrakion","species":"Terrakion","item":"choicescarf","ability":"Justified","moves":["earthquake","closecombat","rockslide","xscissor"],"nature":"Jolly","evs":{"hp":0,"atk":252,"def":0,"spa":0,"spd":4,"spe":252},"ivs":{"hp":31,"atk":31,"def":31,"spa":31,"spd":31,"spe":31}},{"name":"Keldeo","species":"Keldeo","item":"choicespecs","ability":"Justified","moves":["secretsword","scald","icywind","hiddenpowergrass"],"nature":"Timid","evs":{"hp":0,"atk":0,"def":0,"spa":252,"spd":4,"spe":252},"ivs":{"hp":31,"atk":30,"def":31,"spa":30,"spd":31,"spe":31}}],"log":["|player|p1|GTX♅Bzumzum|225","|player|p2|Sovereign♕Cactus|251","|gametype|singles","|gen|6","|tier|Monotype","|rated","|rule|Baton Pass Clause: Limit one Baton Passer, can't pass Spe and other stats simultaneously","|rule|Swagger Clause: Swagger is banned","|rule|Same Type Clause: Pokémon in a team must share a type","|clearpoke","|poke|p1|Manectric, M","|poke|p1|Rotom-Wash, shiny","|poke|p1|Magnezone, shiny","|poke|p1|Eelektross, M, shiny","|poke|p1|Zapdos, shiny","|poke|p1|Electivire, M, shiny","|poke|p2|Hawlucha, M","|poke|p2|Breloom, M, shiny","|poke|p2|Infernape, F, shiny","|poke|p2|Medicham, M, shiny","|poke|p2|Terrakion","|poke|p2|Keldeo","|rule|Sleep Clause Mod: Limit one foe put to sleep","|rule|Species Clause: Limit one of each Pokémon","|rule|OHKO Clause: OHKO moves are banned","|rule|Moody Clause: Moody is banned","|rule|Evasion Moves Clause: Evasion moves are banned","|rule|Endless Battle Clause: Forcing endless battles is banned","|rule|HP Percentage Mod: HP is shown in percentages","|teampreview","|","|start","|switch|p1a: Water-Safe|Rotom-Wash, shiny|303/303","|switch|p2a: Infernape|Infernape, F, shiny|293/293","|turn|1","|","|move|p2a: Infernape|Fake Out|p1a: Water-Safe","|-damage|p1a: Water-Safe|261/303","|cant|p1a: Water-Safe|flinch","|","|turn|2","|","|move|p2a: Infernape|Stealth Rock|p1a: Water-Safe","|-sidestart|p1: GTX♅Bzumzum|move: Stealth Rock","|move|p1a: Water-Safe|Hydro Pump|p2a: Infernape","|-crit|p2a: Infernape","|-supereffective|p2a: Infernape","|-enditem|p2a: Infernape|Focus Sash","|-damage|p2a: Infernape|1/293","|","|turn|3","|","|switch|p2a: Keldeo|Keldeo|323/323","|move|p1a: Water-Safe|Hex|p2a: Keldeo","|-damage|p2a: Keldeo|265/323","|","|turn|4","|","|move|p2a: Keldeo|Hidden Power|p1a: Water-Safe","|-supereffective|p1a: Water-Safe","|-damage|p1a: Water-Safe|111/303","|move|p1a: Water-Safe|Will-O-Wisp|p2a: Keldeo","|-status|p2a: Keldeo|brn","|","|-damage|p2a: Keldeo|225/323 brn|[from] brn","|turn|5","|","|switch|p1a: Zapz|Zapdos, shiny|384/384","|-damage|p1a: Zapz|288/384|[from] Stealth Rock","|-ability|p1a: Zapz|Pressure","|move|p2a: Keldeo|Hidden Power|p1a: Zapz","|-resisted|p1a: Zapz","|-damage|p1a: Zapz|229/384","|","|-heal|p1a: Zapz|253/384|[from] item: Leftovers","|-damage|p2a: Keldeo|185/323 brn|[from] brn","|turn|6","|","|switch|p2a: Shroomy McSeed|Breloom, M, shiny|261/261","|move|p1a: Zapz|Defog|p2a: Shroomy McSeed","|-unboost|p2a: Shroomy McSeed|evasion|1","|-sideend|p1: GTX♅Bzumzum|Stealth Rock|[from] move: Defog|[of] p1a: Zapz","|","|-heal|p1a: Zapz|277/384|[from] item: Leftovers","|turn|7","|","|switch|p1a: Plugg-in Failure|Electivire, M, shiny|291/291","|move|p2a: Shroomy McSeed|Swords Dance|p2a: Shroomy McSeed","|-boost|p2a: Shroomy McSeed|atk|2","|","|turn|8","|","|move|p1a: Plugg-in Failure|Ice Punch|p2a: Shroomy McSeed","|-supereffective|p2a: Shroomy McSeed","|-damage|p2a: Shroomy McSeed|29/261","|move|p2a: Shroomy McSeed|Spore|p1a: Plugg-in Failure","|-immune|p1a: Plugg-in Failure|[msg]","|","|turn|9","|","|move|p2a: Shroomy McSeed|Mach Punch|p1a: Plugg-in Failure","|-damage|p1a: Plugg-in Failure|0 fnt","|faint|p1a: Plugg-in Failure","|","|","|switch|p1a: Zapz|Zapdos, shiny|277/384","|-ability|p1a: Zapz|Pressure","|turn|10","|","|move|p2a: Shroomy McSeed|Mach Punch|p1a: Zapz","|-resisted|p1a: Zapz","|-damage|p1a: Zapz|157/384","|move|p1a: Zapz|Extrasensory|p2a: Shroomy McSeed","|-supereffective|p2a: Shroomy McSeed","|-damage|p2a: Shroomy McSeed|0 fnt","|faint|p2a: Shroomy McSeed","|","|-heal|p1a: Zapz|181/384|[from] item: Leftovers","|","|switch|p2a: Terrakion|Terrakion|323/323","|turn|11","|","|move|p2a: Terrakion|Rock Slide|p1a: Zapz","|-supereffective|p1a: Zapz","|-damage|p1a: Zapz|0 fnt","|faint|p1a: Zapz","|","|","|switch|p1a: Thundernor|Eelektross, M, shiny|374/374","|turn|12","|","|switch|p2a: Infernape|Infernape, F, shiny|1/293","|move|p1a: Thundernor|Coil|p1a: Thundernor","|-boost|p1a: Thundernor|atk|1","|-boost|p1a: Thundernor|def|1","|-boost|p1a: Thundernor|accuracy|1","|","|turn|13","|","|move|p2a: Infernape|Taunt|p1a: Thundernor","|-start|p1a: Thundernor|move: Taunt","|cant|p1a: Thundernor|move: Taunt|Coil","|","|turn|14","|","|move|p2a: Infernape|Stealth Rock|p1a: Thundernor","|-sidestart|p1: GTX♅Bzumzum|move: Stealth Rock","|move|p1a: Thundernor|Drain Punch|p2a: Infernape","|-damage|p2a: Infernape|0 fnt","|faint|p2a: Infernape","|","|","|switch|p2a: Terrakion|Terrakion|323/323","|turn|15","|","|switch|p2a: Keldeo|Keldeo|185/323 brn","|move|p1a: Thundernor|Drain Punch|p2a: Keldeo","|-crit|p2a: Keldeo","|-damage|p2a: Keldeo|0 fnt","|faint|p2a: Keldeo","|","|-end|p1a: Thundernor|move: Taunt","|","|switch|p2a: Hawlucha|Hawlucha, M|297/297","|turn|16","|","|move|p2a: Hawlucha|High Jump Kick|p1a: Thundernor","|-damage|p1a: Thundernor|218/374","|move|p1a: Thundernor|Coil|p1a: Thundernor","|-boost|p1a: Thundernor|atk|1","|-boost|p1a: Thundernor|def|1","|-boost|p1a: Thundernor|accuracy|1","|","|-heal|p1a: Thundernor|241/374|[from] item: Leftovers","|turn|17","|","|move|p2a: Hawlucha|Swords Dance|p2a: Hawlucha","|-boost|p2a: Hawlucha|atk|2","|move|p1a: Thundernor|Knock Off|p2a: Hawlucha","|-resisted|p2a: Hawlucha","|-damage|p2a: Hawlucha|156/297","|-enditem|p2a: Hawlucha|Sitrus Berry|[from] move: Knock Off|[of] p1a: Thundernor","|","|-heal|p1a: Thundernor|264/374|[from] item: Leftovers","|turn|18","|","|move|p2a: Hawlucha|Acrobatics|p1a: Thundernor","|-resisted|p1a: Thundernor","|-damage|p1a: Thundernor|168/374","|move|p1a: Thundernor|Drain Punch|p2a: Hawlucha","|-resisted|p2a: Hawlucha","|-damage|p2a: Hawlucha|37/297","|-heal|p1a: Thundernor|228/374|[from] drain|[of] p2a: Hawlucha","|","|-heal|p1a: Thundernor|251/374|[from] item: Leftovers","|turn|19","|","|move|p2a: Hawlucha|High Jump Kick|p1a: Thundernor","|-damage|p1a: Thundernor|8/374","|move|p1a: Thundernor|Drain Punch|p2a: Hawlucha","|-resisted|p2a: Hawlucha","|-damage|p2a: Hawlucha|0 fnt","|-heal|p1a: Thundernor|27/374|[from] drain|[of] p2a: Hawlucha","|faint|p2a: Hawlucha","|","|-heal|p1a: Thundernor|50/374|[from] item: Leftovers","|","|switch|p2a: Medicham|Medicham, M, shiny|261/261","|turn|20","|","|detailschange|p2a: Medicham|Medicham-Mega, M, shiny","|-mega|p2a: Medicham|Medicham|Medichamite","|move|p2a: Medicham|Fake Out|p1a: Thundernor","|-damage|p1a: Thundernor|0 fnt","|faint|p1a: Thundernor","|","|","|switch|p1a: MY ZONE!!!|Magnezone, shiny|343/343","|-damage|p1a: MY ZONE!!!|322/343|[from] Stealth Rock","|turn|21","|","|move|p2a: Medicham|High Jump Kick|p1a: MY ZONE!!!","|-supereffective|p1a: MY ZONE!!!","|-damage|p1a: MY ZONE!!!|0 fnt","|faint|p1a: MY ZONE!!!","|","|","|switch|p1a: Water-Safe|Rotom-Wash, shiny|111/303","|-damage|p1a: Water-Safe|74/303|[from] Stealth Rock","|turn|22","|","|move|p2a: Medicham|Psycho Cut|p1a: Water-Safe","|-damage|p1a: Water-Safe|0 fnt","|faint|p1a: Water-Safe","|","|","|switch|p1a: Elec|Manectric, M|281/281","|-damage|p1a: Elec|246/281|[from] Stealth Rock","|turn|23","|","|detailschange|p1a: Elec|Manectric-Mega, M","|-mega|p1a: Elec|Manectric|Manectite","|-ability|p1a: Elec|Intimidate","|-unboost|p2a: Medicham|atk|1","|move|p1a: Elec|Thunderbolt|p2a: Medicham","|-damage|p2a: Medicham|89/261","|move|p2a: Medicham|Psycho Cut|p1a: Elec","|-damage|p1a: Elec|69/281","|","|turn|24","|","|move|p2a: Medicham|Bullet Punch|p1a: Elec","|-resisted|p1a: Elec","|-damage|p1a: Elec|39/281","|move|p1a: Elec|Thunderbolt|p2a: Medicham","|-damage|p2a: Medicham|0 fnt","|faint|p2a: Medicham","|","|","|switch|p2a: Terrakion|Terrakion|323/323","|turn|25","|","|move|p2a: Terrakion|Earthquake|p1a: Elec","|-supereffective|p1a: Elec","|-damage|p1a: Elec|0 fnt","|faint|p1a: Elec","|","|win|Sovereign♕Cactus"],"p1rating":{"entryid":"6857825","serverid":"eos","formatid":"monotype","userid":"gtxbzumzum","username":"GTX♅Bzumzum","w":"24","l":88,"t":"0","gxe":22.8,"r":"1273.8247855487","rd":"38.217168250411","sigma":"0","rptime":"1438938000","rpr":1269.4845913151,"rprd":37.838144410152,"rpsigma":"0","acre":1038.973077715,"lacre":1038.973077715,"oldacre":"1056.8901124954"},"p2rating":{"entryid":"6867552","serverid":"eos","formatid":"monotype","userid":"sovereigncactus","username":"Sovereign♕Cactus","w":103,"l":"126","t":"0","gxe":44.4,"r":"1462.8206280308","rd":"25","sigma":"0","rptime":"1438938000","rpr":1457.5681917807,"rprd":25,"rpsigma":"0","acre":1097.1944966737,"lacre":1097.1944966737,"oldacre":"1068.4511597615"},"endType":"normal"}