{"seed":[15318,16384,20655,11559],"turns":33,"p1":"IV DC","p2":"MrNyanNyanz","p1team":[{"name":"Skarmory","species":"Skarmory","item":"rockyhelmet","ability":"Sturdy","moves":["defog","toxic","roost","bravebird"],"nature":"Impish","evs":{"hp":252,"atk":0,"def":232,"spa":0,"spd":0,"spe":24},"ivs":{"hp":31,"atk":31,"def":31,"spa":31,"spd":31,"spe":31}},{"name":"Landorus-Therian","species":"Landorus-Therian","item":"choicescarf","ability":"Intimidate","moves":["earthquake","uturn","superpower","stoneedge"],"nature":"Jolly","evs":{"hp":0,"atk":252,"def":0,"spa":0,"spd":4,"spe":252},"ivs":{"hp":31,"atk":31,"def":31,"spa":31,"spd":31,"spe":31}},{"name":"Togekiss","species":"Togekiss","item":"leftovers","ability":"Serene Grace","moves":["airslash","thunderwave","roost","dazzlinggleam"],"nature":"Calm","evs":{"hp":252,"atk":0,"def":0,"spa":4,"spd":252,"spe":0},"ivs":{"hp":31,"atk":31,"def":31,"spa":31,"spd":31,"spe":31}},{"name":"Thundurus-Therian","species":"Thundurus-Therian","item":"choicescarf","ability":"Volt Absorb","moves":["thunderbolt","hiddenpowerice","focusblast","flashcannon"],"nature":"Timid","evs":{"hp":0,"atk":0,"def":0,"spa":252,"spd":4,"spe":252},"ivs":{"hp":31,"atk":30,"def":30,"spa":31,"spd":31,"spe":31}},{"name":"Gyarados","species":"Gyarados","item":"leftovers","ability":"Moxie","moves":["substitute","dragondance","waterfall","earthquake"],"nature":"Adamant","evs":{"hp":0,"atk":252,"def":0,"spa":0,"spd":4,"spe":252},"ivs":{"hp":31,"atk":31,"def":31,"spa":31,"spd":31,"spe":31}},{"name":"Charizard","species":"Charizard","item":"charizarditex","ability":"Blaze","moves":["roost","flareblitz","dragonclaw","willowisp"],"nature":"Careful","evs":{"hp":248,"atk":8,"def":0,"spa":0,"spd":252,"spe":0},"ivs":{"hp":31,"atk":31,"def":31,"spa":31,"spd":31,"spe":31}}],"p2team":[{"name":"Jirachi","species":"Jirachi","item":"leftovers","ability":"Serene Grace","moves":["thunderwave","ironhead","wish","stealthrock"],"nature":"Careful","evs":{"hp":252,"atk":0,"def":0,"spa":0,"spd":224,"spe":32},"ivs":{"hp":31,"atk":31,"def":31,"spa":31,"spd":31,"spe":31}},{"name":"Gardevoir","species":"Gardevoir","item":"gardevoirite","ability":"Trace","moves":["substitute","hypervoice","shadowball","psyshock"],"nature":"Timid","evs":{"hp":4,"atk":0,"def":0,"spa":252,"spd":0,"spe":252},"ivs":{"hp":31,"atk":30,"def":31,"spa":30,"spd":31,"spe":30}},{"name":"Slowbro","species":"Slowbro","item":"rockyhelmet","ability":"Regenerator","moves":["slackoff","scald","flamethrower","thunderwave"],"nature":"Bold","evs":{"hp":248,"atk":0,"def":252,"spa":8,"spd":0,"spe":0},"ivs":{"hp":31,"atk":31,"def":31,"spa":31,"spd":31,"spe":31}},{"name":"Victini","species":"Victini","item":"choicescarf","ability":"Victory Star","moves":["vcreate","boltstrike","uturn","zenheadbutt"],"nature":"Jolly","evs":{"hp":0,"atk":252,"def":0,"spa":0,"spd":4,"spe":252},"ivs":{"hp":31,"atk":31,"def":31,"spa":31,"spd":31,"spe":31}},{"name":"Hoopa-Unbound","species":"Hoopa-Unbound","item":"lifeorb","ability":"Magician","moves":["hyperspacefury","hyperspacehole","drainpunch","substitute"],"nature":"Lonely","evs":{"hp":252,"atk":252,"def":0,"spa":4,"spd":0,"spe":0},"ivs":{"hp":31,"atk":31,"def":31,"spa":31,"spd":31,"spe":31}},{"name":"Deoxys-Speed","species":"Deoxys-Speed","item":"lifeorb","ability":"Pressure","moves":["superpower","psychoboost","extremespeed","knockoff"],"nature":"Hasty","evs":{"hp":0,"atk":252,"def":0,"spa":4,"spd":0,"spe":252},"ivs":{"hp":31,"atk":31,"def":31,"spa":31,"spd":31,"spe":31}}],"log":["|player|p1|IV DC|102","|player|p2|MrNyanNyanz|mrnyannyanz.png","|gametype|singles","|gen|6","|tier|Monotype","|rated","|rule|Baton Pass Clause: Limit one Baton Passer, can't pass Spe and other stats simultaneously","|rule|Swagger Clause: Swagger is banned","|rule|Same Type Clause: Pokémon in a team must share a type","|clearpoke","|poke|p1|Skarmory, M","|poke|p1|Landorus-Therian, M","|poke|p1|Togekiss, F","|poke|p1|Thundurus-Therian, M","|poke|p1|Gyarados, M","|poke|p1|Charizard, M","|poke|p2|Jirachi","|poke|p2|Gardevoir, F","|poke|p2|Slowbro, F","|poke|p2|Victini","|poke|p2|Hoopa-Unbound","|poke|p2|Deoxys-Speed","|rule|Sleep Clause Mod: Limit one foe put to sleep","|rule|Species Clause: Limit one of each Pokémon","|rule|OHKO Clause: OHKO moves are banned","|rule|Moody Clause: Moody is banned","|rule|Evasion Moves Clause: Evasion moves are banned","|rule|Endless Battle Clause: Forcing endless battles is banned","|rule|HP Percentage Mod: HP is shown in percentages","|teampreview","|","|start","|switch|p1a: Landorus-Therian|Landorus-Therian, M|319/319","|switch|p2a: Slowbro|Slowbro, F|393/393","|-ability|p1a: Landorus-Therian|Intimidate","|-unboost|p2a: Slowbro|atk|1","|turn|1","|","|move|p1a: Landorus-Therian|U-turn|p2a: Slowbro","|-supereffective|p2a: Slowbro","|-damage|p2a: Slowbro|279/393","|-damage|p1a: Landorus-Therian|266/319|[from] item: Rocky Helmet|[of] p2a: Slowbro","|","|switch|p1a: Thundurus-Therian|Thundurus-Therian, M|299/299","|move|p2a: Slowbro|Scald|p1a: Thundurus-Therian","|-damage|p1a: Thundurus-Therian|193/299","|","|turn|2","|","|switch|p2a: Jirachi|Jirachi|404/404","|move|p1a: Thundurus-Therian|Thunderbolt|p2a: Jirachi","|-damage|p2a: Jirachi|269/404","|","|-heal|p2a: Jirachi|294/404|[from] item: Leftovers","|turn|3","|","|switch|p1a: Skarmory|Skarmory, M|334/334","|move|p2a: Jirachi|Stealth Rock|p1a: Skarmory","|-sidestart|p1: IV DC|move: Stealth Rock","|","|-heal|p2a: Jirachi|319/404|[from] item: Leftovers","|turn|4","|","|move|p2a: Jirachi|Thunder Wave|p1a: Skarmory","|-status|p1a: Skarmory|par","|move|p1a: Skarmory|Defog|p2a: Jirachi","|-unboost|p2a: Jirachi|evasion|1","|-sideend|p1: IV DC|Stealth Rock|[from] move: Defog|[of] p1a: Skarmory","|","|-heal|p2a: Jirachi|344/404|[from] item: Leftovers","|turn|5","|","|switch|p1a: Landorus-Therian|Landorus-Therian, M|266/319","|-ability|p1a: Landorus-Therian|Intimidate","|-unboost|p2a: Jirachi|atk|1","|move|p2a: Jirachi|Stealth Rock|p1a: Landorus-Therian","|-sidestart|p1: IV DC|move: Stealth Rock","|","|-heal|p2a: Jirachi|369/404|[from] item: Leftovers","|turn|6","|","|move|p1a: Landorus-Therian|Earthquake|p2a: Jirachi","|-supereffective|p2a: Jirachi","|-damage|p2a: Jirachi|0 fnt","|faint|p2a: Jirachi","|","|","|switch|p2a: Slowbro|Slowbro, F|393/393","|turn|7","|","|switch|p1a: Skarmory|Skarmory, M|334/334 par","|-damage|p1a: Skarmory|293/334 par|[from] Stealth Rock","|move|p2a: Slowbro|Scald|p1a: Skarmory","|-damage|p1a: Skarmory|164/334 par","|","|turn|8","|","|move|p2a: Slowbro|Flamethrower|p1a: Skarmory","|-supereffective|p1a: Skarmory","|-damage|p1a: Skarmory|0 fnt","|faint|p1a: Skarmory","|","|","|switch|p1a: Thundurus-Therian|Thundurus-Therian, M|193/299","|-damage|p1a: Thundurus-Therian|119/299|[from] Stealth Rock","|turn|9","|","|switch|p2a: Hoopa-Unbound|Hoopa-Unbound|364/364","|move|p1a: Thundurus-Therian|Thunderbolt|p2a: Hoopa-Unbound","|-damage|p2a: Hoopa-Unbound|237/364","|","|turn|10","|","|switch|p1a: Landorus-Therian|Landorus-Therian, M|266/319","|-damage|p1a: Landorus-Therian|227/319|[from] Stealth Rock","|-ability|p1a: Landorus-Therian|Intimidate","|-unboost|p2a: Hoopa-Unbound|atk|1","|move|p2a: Hoopa-Unbound|Hyperspace Hole|p1a: Landorus-Therian","|-damage|p1a: Landorus-Therian|0 fnt","|-damage|p2a: Hoopa-Unbound|201/364|[from] item: Life Orb","|faint|p1a: Landorus-Therian","|","|","|switch|p1a: Togekiss|Togekiss, F|374/374","|-damage|p1a: Togekiss|281/374|[from] Stealth Rock","|turn|11","|","|switch|p2a: Slowbro|Slowbro, F|393/393","|move|p1a: Togekiss|Dazzling Gleam|p2a: Slowbro","|-damage|p2a: Slowbro|258/393","|","|-heal|p1a: Togekiss|304/374|[from] item: Leftovers","|turn|12","|","|move|p1a: Togekiss|Air Slash|p2a: Slowbro","|-damage|p2a: Slowbro|134/393","|cant|p2a: Slowbro|flinch","|","|-heal|p1a: Togekiss|327/374|[from] item: Leftovers","|turn|13","|","|switch|p2a: Gardevoir|Gardevoir, F|278/278","|-ability|p2a: Gardevoir|Serene Grace|[from] ability: Trace|[of] p1a: Togekiss","|move|p1a: Togekiss|Air Slash|p2a: Gardevoir","|-damage|p2a: Gardevoir|187/278","|","|-heal|p1a: Togekiss|350/374|[from] item: Leftovers","|turn|14","|","|detailschange|p2a: Gardevoir|Gardevoir-Mega, F","|-mega|p2a: Gardevoir|Gardevoir|Gardevoirite","|move|p2a: Gardevoir|Substitute|p2a: Gardevoir","|-start|p2a: Gardevoir|Substitute","|-damage|p2a: Gardevoir|118/278","|move|p1a: Togekiss|Thunder Wave|p2a: Gardevoir","|-fail|p2a: Gardevoir","|","|-heal|p1a: Togekiss|373/374|[from] item: Leftovers","|turn|15","|","|move|p2a: Gardevoir|Hyper Voice|p1a: Togekiss","|-damage|p1a: Togekiss|222/374","|move|p1a: Togekiss|Air Slash|p2a: Gardevoir","|-end|p2a: Gardevoir|Substitute","|","|-heal|p1a: Togekiss|245/374|[from] item: Leftovers","|turn|16","|","|move|p2a: Gardevoir|Hyper Voice|p1a: Togekiss","|-crit|p1a: Togekiss","|-damage|p1a: Togekiss|2/374","|move|p1a: Togekiss|Roost|p1a: Togekiss","|-heal|p1a: Togekiss|189/374","|","|-heal|p1a: Togekiss|212/374|[from] item: Leftovers","|turn|17","|","|move|p2a: Gardevoir|Substitute|p2a: Gardevoir","|-start|p2a: Gardevoir|Substitute","|-damage|p2a: Gardevoir|49/278","|move|p1a: Togekiss|Roost|p1a: Togekiss","|-heal|p1a: Togekiss|374/374","|","|turn|18","|","|move|p2a: Gardevoir|Hyper Voice|p1a: Togekiss","|-damage|p1a: Togekiss|212/374","|move|p1a: Togekiss|Dazzling Gleam|p2a: Gardevoir","|-end|p2a: Gardevoir|Substitute","|","|-heal|p1a: Togekiss|235/374|[from] item: Leftovers","|turn|19","|","|move|p2a: Gardevoir|Hyper Voice|p1a: Togekiss","|-damage|p1a: Togekiss|75/374","|move|p1a: Togekiss|Roost|p1a: Togekiss","|-heal|p1a: Togekiss|262/374","|","|-heal|p1a: Togekiss|285/374|[from] item: Leftovers","|turn|20","|","|move|p2a: Gardevoir|Hyper Voice|p1a: Togekiss","|-damage|p1a: Togekiss|126/374","|move|p1a: Togekiss|Roost|p1a: Togekiss","|-heal|p1a: Togekiss|313/374","|","|-heal|p1a: Togekiss|336/374|[from] item: Leftovers","|turn|21","|","|move|p2a: Gardevoir|Hyper Voice|p1a: Togekiss","|-damage|p1a: Togekiss|159/374","|move|p1a: Togekiss|Roost|p1a: Togekiss","|-heal|p1a: Togekiss|346/374","|","|-heal|p1a: Togekiss|369/374|[from] item: Leftovers","|turn|22","|","|move|p2a: Gardevoir|Psyshock|p1a: Togekiss","|-damage|p1a: Togekiss|206/374","|move|p1a: Togekiss|Dazzling Gleam|p2a: Gardevoir","|-damage|p2a: Gardevoir|0 fnt","|faint|p2a: Gardevoir","|","|-heal|p1a: Togekiss|229/374|[from] item: Leftovers","|","|switch|p2a: Victini|Victini|341/341","|turn|23","|","|move|p2a: Victini|V-create|p1a: Togekiss","|-damage|p1a: Togekiss|0 fnt","|-unboost|p2a: Victini|spe|1","|-unboost|p2a: Victini|def|1","|-unboost|p2a: Victini|spd|1","|faint|p1a: Togekiss","|","|","|switch|p1a: Gyarados|Gyarados, M|331/331","|-damage|p1a: Gyarados|249/331|[from] Stealth Rock","|turn|24","|","|switch|p2a: Slowbro|Slowbro, F|265/393","|move|p1a: Gyarados|Substitute|p1a: Gyarados","|-start|p1a: Gyarados|Substitute","|-damage|p1a: Gyarados|167/331","|","|-heal|p1a: Gyarados|187/331|[from] item: Leftovers","|turn|25","|","|move|p1a: Gyarados|Dragon Dance|p1a: Gyarados","|-boost|p1a: Gyarados|atk|1","|-boost|p1a: Gyarados|spe|1","|move|p2a: Slowbro|Scald|p1a: Gyarados","|-resisted|p1a: Gyarados","|-activate|p1a: Gyarados|Substitute|[damage]","|","|-heal|p1a: Gyarados|207/331|[from] item: Leftovers","|turn|26","|","|move|p1a: Gyarados|Dragon Dance|p1a: Gyarados","|-boost|p1a: Gyarados|atk|1","|-boost|p1a: Gyarados|spe|1","|move|p2a: Slowbro|Slack Off|p2a: Slowbro","|-heal|p2a: Slowbro|393/393","|","|-heal|p1a: Gyarados|227/331|[from] item: Leftovers","|turn|27","|","|move|p1a: Gyarados|Dragon Dance|p1a: Gyarados","|-boost|p1a: Gyarados|atk|1","|-boost|p1a: Gyarados|spe|1","|move|p2a: Slowbro|Scald|p1a: Gyarados","|-resisted|p1a: Gyarados","|-end|p1a: Gyarados|Substitute","|","|-heal|p1a: Gyarados|247/331|[from] item: Leftovers","|turn|28","|","|switch|p2a: Hoopa-Unbound|Hoopa-Unbound|201/364","|move|p1a: Gyarados|Substitute|p1a: Gyarados","|-start|p1a: Gyarados|Substitute","|-damage|p1a: Gyarados|165/331","|","|-heal|p1a: Gyarados|185/331|[from] item: Leftovers","|turn|29","|","|move|p1a: Gyarados|Waterfall|p2a: Hoopa-Unbound","|-damage|p2a: Hoopa-Unbound|0 fnt","|faint|p2a: Hoopa-Unbound","|-boost|p1a: Gyarados|atk|1|[from] ability: Moxie","|","|-heal|p1a: Gyarados|205/331|[from] item: Leftovers","|","|switch|p2a: Slowbro|Slowbro, F|393/393","|turn|30","|","|move|p1a: Gyarados|Earthquake|p2a: Slowbro","|-crit|p2a: Slowbro","|-damage|p2a: Slowbro|8/393","|move|p2a: Slowbro|Scald|p1a: Gyarados","|-resisted|p1a: Gyarados","|-activate|p1a: Gyarados|Substitute|[damage]","|","|-heal|p1a: Gyarados|225/331|[from] item: Leftovers","|turn|31","|","|move|p1a: Gyarados|Earthquake|p2a: Slowbro","|-damage|p2a: Slowbro|0 fnt","|faint|p2a: Slowbro","|-boost|p1a: Gyarados|atk|1|[from] ability: Moxie","|","|-heal|p1a: Gyarados|245/331|[from] item: Leftovers","|","|switch|p2a: Deoxys-Speed|Deoxys-Speed|241/241","|-ability|p2a: Deoxys-Speed|Pressure","|turn|32","|","|move|p2a: Deoxys-Speed|Extreme Speed|p1a: Gyarados","|-end|p1a: Gyarados|Substitute","|-damage|p2a: Deoxys-Speed|217/241|[from] item: Life Orb","|move|p1a: Gyarados|Waterfall|p2a: Deoxys-Speed","|-damage|p2a: Deoxys-Speed|0 fnt","|faint|p2a: Deoxys-Speed","|-boost|p1a: Gyarados|atk|1|[from] ability: Moxie","|","|-heal|p1a: Gyarados|265/331|[from] item: Leftovers","|","|switch|p2a: Victini|Victini|341/341","|turn|33","|","|move|p1a: Gyarados|Waterfall|p2a: Victini","|-supereffective|p2a: Victini","|-damage|p2a: Victini|0 fnt","|faint|p2a: Victini","|","|win|IV DC"],"p1rating":{"entryid":"7444395","serverid":"eos","formatid":"monotype","userid":"ivdc","username":"IV DC","w":3,"l":"1","t":"0","gxe":57.4,"r":"1540.1606143388","rd":"122.8583080769","sigma":"0","rptime":"1438938000","rpr":1558.9940928054,"rprd":105.33333662111,"rpsigma":"0","acre":1107.2150485945,"lacre":1107.2150485945,"oldacre":"1063.4384474142"},"p2rating":{"entryid":"6703862","serverid":"eos","formatid":"monotype","userid":"mrnyannyanz","username":"MrNyanNyanz","w":"69","l":57,"t":"0","gxe":54.6,"r":"1521.8340019731","rd":"33.393445619211","sigma":"0","rptime":"1438938000","rpr":1534.5434136592,"rprd":32.485529603788,"rpsigma":"0","acre":1189.9050514034,"lacre":1189.9050514034,"oldacre":"1225.8060705805"},"endType":"normal"}