{"seed":[33097,32279,19395,60683],"turns":27,"p1":"Intern Twizz","p2":"Mr. Marston","p1team":[{"name":"Magnezone","species":"Magnezone","item":"leftovers","ability":"Sturdy","moves":["flashcannon","thunderbolt","protect","hiddenpowerice"],"nature":"Modest","evs":{"hp":76,"atk":0,"def":180,"spa":252,"spd":0,"spe":0},"ivs":{"hp":31,"atk":30,"def":30,"spa":31,"spd":31,"spe":31}},{"name":"Zapdos","species":"Zapdos","item":"leftovers","ability":"Pressure","moves":["discharge","heatwave","toxic","roost"],"nature":"Bold","evs":{"hp":4,"atk":0,"def":252,"spa":0,"spd":252,"spe":0},"ivs":{"hp":31,"atk":31,"def":31,"spa":31,"spd":31,"spe":31}},{"name":"Ampharos","species":"Ampharos","item":"ampharosite","ability":"Static","moves":["cottonguard","rest","sleeptalk","dragonpulse"],"nature":"Bold","evs":{"hp":0,"atk":0,"def":252,"spa":136,"spd":120,"spe":0},"ivs":{"hp":31,"atk":31,"def":31,"spa":31,"spd":31,"spe":31}},{"name":"Raikou","species":"Raikou","item":"leftovers","ability":"Pressure","moves":["calmmind","substitute","thunderbolt","extrasensory"],"nature":"Timid","evs":{"hp":0,"atk":0,"def":0,"spa":252,"spd":4,"spe":252},"ivs":{"hp":31,"atk":31,"def":31,"spa":31,"spd":31,"spe":31}},{"name":"Rotom-Wash","species":"Rotom-Wash","item":"choicescarf","ability":"Levitate","moves":["voltswitch","hydropump","willowisp","trick"],"nature":"Timid","evs":{"hp":0,"atk":0,"def":0,"spa":252,"spd":4,"spe":252},"ivs":{"hp":31,"atk":31,"def":31,"spa":31,"spd":31,"spe":31}},{"name":"Condom","species":"eelektross","item":"assaultvest","ability":"Levitate","moves":["gigadrain","thunderbolt","drainpunch","knockoff"],"nature":"Quiet","evs":{"hp":3,"atk":136,"def":0,"spa":108,"spd":252,"spe":0},"ivs":{"hp":31,"atk":31,"def":31,"spa":31,"spd":31,"spe":31}}],"p2team":[{"name":"Charizard","species":"Charizard","item":"charizarditex","ability":"Blaze","moves":["dragonclaw","dragondance","flareblitz","earthquake"],"nature":"Adamant","evs":{"hp":0,"atk":252,"def":0,"spa":0,"spd":4,"spe":252},"ivs":{"hp":31,"atk":31,"def":31,"spa":31,"spd":31,"spe":31}},{"name":"Heatran","species":"Heatran","item":"airballoon","ability":"Flash Fire","moves":["eruption","earthpower","flashcannon","ancientpower"],"nature":"Quiet","evs":{"hp":248,"atk":0,"def":0,"spa":252,"spd":8,"spe":0},"ivs":{"hp":31,"atk":31,"def":31,"spa":31,"spd":31,"spe":31}},{"name":"Victini","species":"Victini","item":"assaultvest","ability":"Victory Star","moves":["fusionflare","fusionbolt","dazzlinggleam","psychic"],"nature":"Mild","evs":{"hp":248,"atk":8,"def":0,"spa":252,"spd":0,"spe":0},"ivs":{"hp":31,"atk":31,"def":31,"spa":31,"spd":31,"spe":31}},{"name":"Volcarona","species":"Volcarona","item":"airballoon","ability":"Flame Body","moves":["quiverdance","bugbuzz","fierydance","psychic"],"nature":"Modest","evs":{"hp":0,"atk":0,"def":0,"spa":252,"spd":4,"spe":252},"ivs":{"hp":31,"atk":31,"def":31,"spa":31,"spd":31,"spe":31}},{"name":"Chandelure","species":"Chandelure","item":"expertbelt","ability":"Flash Fire","moves":["heatwave","calmmind","shadowball","attract"],"nature":"Modest","evs":{"hp":248,"atk":0,"def":0,"spa":252,"spd":8,"spe":0},"ivs":{"hp":31,"atk":31,"def":31,"spa":31,"spd":31,"spe":31}},{"name":"Infernape","species":"Infernape","item":"airballoon","ability":"Iron Fist","moves":["poweruppunch","thunderpunch","firepunch","poisonjab"],"nature":"Jolly","evs":{"hp":0,"atk":252,"def":0,"spa":0,"spd":4,"spe":252},"ivs":{"hp":31,"atk":31,"def":31,"spa":31,"spd":31,"spe":31}}],"log":["|player|p1|Intern Twizz|122","|player|p2|Mr. Marston|238","|gametype|singles","|gen|6","|tier|Monotype","|rated","|rule|Baton Pass Clause: Limit one Baton Passer, can't pass Spe and other stats simultaneously","|rule|Swagger Clause: Swagger is banned","|rule|Same Type Clause: Pokémon in a team must share a type","|clearpoke","|poke|p1|Magnezone","|poke|p1|Zapdos","|poke|p1|Ampharos, F","|poke|p1|Raikou","|poke|p1|Rotom-Wash","|poke|p1|Eelektross, F","|poke|p2|Charizard, M","|poke|p2|Heatran, F","|poke|p2|Victini","|poke|p2|Volcarona, F","|poke|p2|Chandelure, M","|poke|p2|Infernape, M","|rule|Sleep Clause Mod: Limit one foe put to sleep","|rule|Species Clause: Limit one of each Pokémon","|rule|OHKO Clause: OHKO moves are banned","|rule|Moody Clause: Moody is banned","|rule|Evasion Moves Clause: Evasion moves are banned","|rule|Endless Battle Clause: Forcing endless battles is banned","|rule|HP Percentage Mod: HP is shown in percentages","|teampreview","|","|start","|switch|p1a: Rotom-Wash|Rotom-Wash|241/241","|switch|p2a: Heatran|Heatran, F|385/385","|-item|p2a: Heatran|Air Balloon","|turn|1","|","|move|p1a: Rotom-Wash|Hydro Pump|p2a: Heatran","|-supereffective|p2a: Heatran","|-damage|p2a: Heatran|77/385","|-enditem|p2a: Heatran|Air Balloon","|move|p2a: Heatran|Ancient Power|p1a: Rotom-Wash","|-damage|p1a: Rotom-Wash|172/241","|","|turn|2","|","|move|p1a: Rotom-Wash|Hydro Pump|p2a: Heatran","|-supereffective|p2a: Heatran","|-damage|p2a: Heatran|0 fnt","|faint|p2a: Heatran","|","|","|switch|p2a: Charizard|Charizard, M|297/297","|turn|3","|","|detailschange|p2a: Charizard|Charizard-Mega-X, M","|-mega|p2a: Charizard|Charizard|Charizardite X","|move|p1a: Rotom-Wash|Hydro Pump|p2a: Charizard|[miss]","|-miss|p1a: Rotom-Wash|p2a: Charizard","|move|p2a: Charizard|Dragon Claw|p1a: Rotom-Wash","|-crit|p1a: Rotom-Wash","|-damage|p1a: Rotom-Wash|0 fnt","|faint|p1a: Rotom-Wash","|","|","|switch|p1a: Zapdos|Zapdos|322/322","|-ability|p1a: Zapdos|Pressure","|turn|4","|","|move|p2a: Charizard|Dragon Dance|p2a: Charizard","|-boost|p2a: Charizard|atk|1","|-boost|p2a: Charizard|spe|1","|move|p1a: Zapdos|Toxic|p2a: Charizard","|-status|p2a: Charizard|tox","|","|-damage|p2a: Charizard|279/297 tox|[from] psn","|turn|5","|","|move|p2a: Charizard|Dragon Claw|p1a: Zapdos","|-damage|p1a: Zapdos|94/322","|move|p1a: Zapdos|Roost|p1a: Zapdos","|-heal|p1a: Zapdos|255/322","|","|-heal|p1a: Zapdos|275/322|[from] item: Leftovers","|-damage|p2a: Charizard|243/297 tox|[from] psn","|turn|6","|","|move|p2a: Charizard|Dragon Claw|p1a: Zapdos","|-damage|p1a: Zapdos|16/322","|move|p1a: Zapdos|Roost|p1a: Zapdos","|-heal|p1a: Zapdos|177/322","|","|-heal|p1a: Zapdos|197/322|[from] item: Leftovers","|-damage|p2a: Charizard|189/297 tox|[from] psn","|turn|7","|","|move|p2a: Charizard|Dragon Claw|p1a: Zapdos","|-damage|p1a: Zapdos|0 fnt","|faint|p1a: Zapdos","|","|-damage|p2a: Charizard|117/297 tox|[from] psn","|","|switch|p1a: Magnezone|Magnezone|300/300","|turn|8","|","|move|p1a: Magnezone|Protect|p1a: Magnezone","|-singleturn|p1a: Magnezone|Protect","|move|p2a: Charizard|Flare Blitz|p1a: Magnezone","|-activate|p1a: Magnezone|Protect","|","|-damage|p2a: Charizard|27/297 tox|[from] psn","|turn|9","|","|move|p2a: Charizard|Flare Blitz|p1a: Magnezone","|-supereffective|p1a: Magnezone","|-ability|p1a: Magnezone|Sturdy","|-damage|p1a: Magnezone|1/300","|-damage|p2a: Charizard|0 fnt|[from] recoil|[of] p1a: Magnezone","|faint|p2a: Charizard","|move|p1a: Magnezone|Thunderbolt|p2: Charizard|[notarget]","|-notarget","|","|-heal|p1a: Magnezone|19/300|[from] item: Leftovers","|","|switch|p2a: Volcarona|Volcarona, F|311/311","|-item|p2a: Volcarona|Air Balloon","|turn|10","|","|move|p2a: Volcarona|Quiver Dance|p2a: Volcarona","|-boost|p2a: Volcarona|spa|1","|-boost|p2a: Volcarona|spd|1","|-boost|p2a: Volcarona|spe|1","|move|p1a: Magnezone|Thunderbolt|p2a: Volcarona","|-damage|p2a: Volcarona|200/311","|-enditem|p2a: Volcarona|Air Balloon","|-status|p2a: Volcarona|par","|","|-heal|p1a: Magnezone|37/300|[from] item: Leftovers","|turn|11","|","|move|p1a: Magnezone|Thunderbolt|p2a: Volcarona","|-damage|p2a: Volcarona|80/311 par","|cant|p2a: Volcarona|par","|","|-heal|p1a: Magnezone|55/300|[from] item: Leftovers","|turn|12","|","|move|p1a: Magnezone|Thunderbolt|p2a: Volcarona","|-damage|p2a: Volcarona|0 fnt","|faint|p2a: Volcarona","|","|-heal|p1a: Magnezone|73/300|[from] item: Leftovers","|","|switch|p2a: Chandelure|Chandelure, M|323/323","|turn|13","|","|move|p1a: Magnezone|Protect|p1a: Magnezone","|-singleturn|p1a: Magnezone|Protect","|move|p2a: Chandelure|Heat Wave|p1a: Magnezone","|-activate|p1a: Magnezone|Protect","|","|-heal|p1a: Magnezone|91/300|[from] item: Leftovers","|turn|14","|","|move|p2a: Chandelure|Heat Wave|p1a: Magnezone","|-supereffective|p1a: Magnezone","|-damage|p1a: Magnezone|0 fnt","|faint|p1a: Magnezone","|","|","|switch|p1a: Ampharos|Ampharos, F|321/321","|turn|15","|","|detailschange|p1a: Ampharos|Ampharos-Mega, F","|-mega|p1a: Ampharos|Ampharos|Ampharosite","|-ability|p1a: Ampharos|Mold Breaker","|move|p2a: Chandelure|Attract|p1a: Ampharos","|-start|p1a: Ampharos|Attract","|-activate|p1a: Ampharos|Attract|[of] p2a: Chandelure","|move|p1a: Ampharos|Cotton Guard|p1a: Ampharos","|-boost|p1a: Ampharos|def|3","|","|turn|16","|","|move|p2a: Chandelure|Calm Mind|p2a: Chandelure","|-boost|p2a: Chandelure|spa|1","|-boost|p2a: Chandelure|spd|1","|-activate|p1a: Ampharos|Attract|[of] p2a: Chandelure","|cant|p1a: Ampharos|Attract","|","|turn|17","|","|switch|p1a: Condom|Eelektross, F|311/311","|move|p2a: Chandelure|Calm Mind|p2a: Chandelure","|-boost|p2a: Chandelure|spa|1","|-boost|p2a: Chandelure|spd|1","|","|turn|18","|","|move|p2a: Chandelure|Shadow Ball|p1a: Condom","|-damage|p1a: Condom|115/311","|move|p1a: Condom|Knock Off|p2a: Chandelure","|-supereffective|p2a: Chandelure","|-damage|p2a: Chandelure|105/323","|-enditem|p2a: Chandelure|Expert Belt|[from] move: Knock Off|[of] p1a: Condom","|","|turn|19","|","|move|p2a: Chandelure|Heat Wave|p1a: Condom","|-damage|p1a: Condom|0 fnt","|faint|p1a: Condom","|","|","|switch|p1a: Raikou|Raikou|321/321","|-ability|p1a: Raikou|Pressure","|turn|20","|","|move|p1a: Raikou|Thunderbolt|p2a: Chandelure","|-damage|p2a: Chandelure|30/323","|move|p2a: Chandelure|Shadow Ball|p1a: Raikou","|-damage|p1a: Raikou|0 fnt","|faint|p1a: Raikou","|","|","|switch|p1a: Ampharos|Ampharos-Mega, F|321/321","|-ability|p1a: Ampharos|Mold Breaker","|turn|21","|","|move|p2a: Chandelure|Attract|p1a: Ampharos","|-start|p1a: Ampharos|Attract","|-activate|p1a: Ampharos|Attract|[of] p2a: Chandelure","|move|p1a: Ampharos|Dragon Pulse|p2a: Chandelure","|-damage|p2a: Chandelure|0 fnt","|faint|p2a: Chandelure","|-end|p1a: Ampharos|Attract|[silent]","|","|","|switch|p2a: Victini|Victini|403/403","|turn|22","|","|move|p2a: Victini|Dazzling Gleam|p1a: Ampharos","|-supereffective|p1a: Ampharos","|-damage|p1a: Ampharos|181/321","|move|p1a: Ampharos|Cotton Guard|p1a: Ampharos","|-boost|p1a: Ampharos|def|3","|","|turn|23","|","|move|p2a: Victini|Dazzling Gleam|p1a: Ampharos","|-supereffective|p1a: Ampharos","|-damage|p1a: Ampharos|31/321","|move|p1a: Ampharos|Rest|p1a: Ampharos","|-status|p1a: Ampharos|slp","|-heal|p1a: Ampharos|321/321 slp|[silent]","|-status|p1a: Ampharos|slp|[from] move: Rest","|","|turn|24","|","|move|p2a: Victini|Fusion Bolt|p1a: Ampharos","|-resisted|p1a: Ampharos","|-damage|p1a: Ampharos|316/321 slp","|cant|p1a: Ampharos|slp","|move|p1a: Ampharos|Sleep Talk|p1a: Ampharos","|move|p1a: Ampharos|Rest|p1a: Ampharos|[from]Sleep Talk","|-fail|p1a: Ampharos","|","|turn|25","|","|move|p2a: Victini|Fusion Flare|p1a: Ampharos","|-resisted|p1a: Ampharos","|-damage|p1a: Ampharos|250/321 slp","|cant|p1a: Ampharos|slp","|move|p1a: Ampharos|Sleep Talk|p1a: Ampharos","|move|p1a: Ampharos|Dragon Pulse|p2a: Victini|[from]Sleep Talk","|-damage|p2a: Victini|288/403","|","|turn|26","|","|move|p2a: Victini|Dazzling Gleam|p1a: Ampharos","|-supereffective|p1a: Ampharos","|-damage|p1a: Ampharos|108/321 slp","|-curestatus|p1a: Ampharos|slp","|move|p1a: Ampharos|Dragon Pulse|p2a: Victini","|-damage|p2a: Victini|182/403","|","|turn|27","|","|move|p2a: Victini|Dazzling Gleam|p1a: Ampharos","|-crit|p1a: Ampharos","|-supereffective|p1a: Ampharos","|-damage|p1a: Ampharos|0 fnt","|faint|p1a: Ampharos","|","|win|Mr. Marston"],"p1rating":{"entryid":"7448162","serverid":"eos","formatid":"monotype","userid":"interntwizz","username":"Intern Twizz","w":"4","l":5,"t":"0","gxe":47.4,"r":"1451.5297298288","rd":"105.46575590565","sigma":"0","rptime":"1438938000","rpr":1479.8076522356,"rprd":89.046571849081,"rpsigma":"0","acre":1084.6824004728,"lacre":1084.6824004728,"oldacre":"1117.5012019522"},"p2rating":{"entryid":"6102219","serverid":"eos","formatid":"monotype","userid":"mrmarston","username":"Mr. Marston","w":7,"l":"16","t":"0","gxe":34,"r":1352.6909628095,"rd":77.757424398284,"sigma":"0","rptime":1438938000,"rpr":1372.7016370894,"rprd":76.177265898039,"rpsigma":"0","acre":1056.5845432859,"lacre":1056.5845432859,"oldacre":"1005.0734975776"},"endType":"normal"}