{"seed":[50299,44284,42564,3071],"turns":24,"p1":"Emg_DemZii","p2":"IV HairyChild","p1team":[{"name":"Hoopa-Unbound","species":"Hoopa-Unbound","item":"choicescarf","ability":"Magician","moves":["psychic","focusblast","darkpulse","gunkshot"],"nature":"Hasty","evs":{"hp":0,"atk":4,"def":0,"spa":252,"spd":0,"spe":252},"ivs":{"hp":31,"atk":31,"def":31,"spa":31,"spd":31,"spe":31}},{"name":"Sableye","species":"Sableye","item":"sablenite","ability":"Prankster","moves":["calmmind","snarl","willowisp","recover"],"nature":"Calm","evs":{"hp":0,"atk":0,"def":4,"spa":8,"spd":0,"spe":0},"ivs":{"hp":31,"atk":31,"def":31,"spa":31,"spd":31,"spe":31}},{"name":"Bisharp","species":"Bisharp","item":"choicescarf","ability":"Defiant","moves":["ironhead","stoneedge","brickbreak","suckerpunch"],"nature":"Jolly","evs":{"hp":0,"atk":252,"def":0,"spa":0,"spd":4,"spe":252},"ivs":{"hp":31,"atk":31,"def":31,"spa":31,"spd":31,"spe":31}},{"name":"Umbreon","species":"Umbreon","item":"leftovers","ability":"Synchronize","moves":["healbell","moonlight","toxic","darkpulse"],"nature":"Calm","evs":{"hp":8,"atk":0,"def":248,"spa":0,"spd":252,"spe":0},"ivs":{"hp":31,"atk":31,"def":31,"spa":31,"spd":31,"spe":31}},{"name":"Drapion","species":"Drapion","item":"muscleband","ability":"Sniper","moves":["crosspoison","nightslash","firefang","substitute"],"nature":"Adamant","evs":{"hp":248,"atk":252,"def":0,"spa":0,"spd":8,"spe":0},"ivs":{"hp":31,"atk":31,"def":31,"spa":31,"spd":31,"spe":31}},{"name":"Mandibuzz","species":"Mandibuzz","item":"rockyhelmet","ability":"Big Pecks","moves":["roost","defog","heatwave","taunt"],"nature":"Bold","evs":{"hp":248,"atk":0,"def":252,"spa":8,"spd":0,"spe":0},"ivs":{"hp":31,"atk":31,"def":31,"spa":31,"spd":31,"spe":31}}],"p2team":[{"name":"Cancer bulk","species":"chansey","item":"eviolite","ability":"Natural Cure","moves":["toxic","stealthrock","wish","seismictoss"],"nature":"Bold","evs":{"hp":128,"atk":0,"def":252,"spa":0,"spd":128,"spe":0},"ivs":{"hp":31,"atk":31,"def":31,"spa":31,"spd":31,"spe":31}},{"name":"Cancer mega","species":"lopunny","item":"lopunnite","ability":"Limber","moves":["highjumpkick","substitute","poweruppunch","return"],"nature":"Jolly","evs":{"hp":0,"atk":252,"def":0,"spa":0,"spd":4,"spe":252},"shiny":true,"ivs":{"hp":31,"atk":31,"def":31,"spa":31,"spd":31,"spe":31}},{"name":"Cancer Bird","species":"staraptor","item":"leftovers","ability":"Intimidate","moves":["bravebird","featherdance","roost","defog"],"nature":"Impish","evs":{"hp":252,"atk":0,"def":176,"spa":0,"spd":80,"spe":0},"ivs":{"hp":31,"atk":31,"def":31,"spa":31,"spd":31,"spe":31}},{"name":"Cancer Specs","species":"meloetta","item":"choicespecs","ability":"Serene Grace","moves":["psychic","focusblast","thunderbolt","shadowball"],"nature":"Modest","evs":{"hp":8,"atk":0,"def":0,"spa":252,"spd":8,"spe":240},"ivs":{"hp":31,"atk":31,"def":31,"spa":31,"spd":31,"spe":31}},{"name":"Cancer transform","species":"ditto","item":"choicescarf","ability":"Imposter","moves":["transform"],"nature":"Bold","evs":{"hp":248,"atk":0,"def":252,"spa":0,"spd":8,"spe":0},"ivs":{"hp":31,"atk":31,"def":31,"spa":31,"spd":31,"spe":31}},{"name":"Cancer orb","species":"diggersby","item":"lifeorb","ability":"Huge Power","moves":["return","earthquake","quickattack","swordsdance"],"nature":"Jolly","evs":{"hp":0,"atk":252,"def":4,"spa":0,"spd":0,"spe":252},"shiny":true,"ivs":{"hp":31,"atk":31,"def":31,"spa":31,"spd":31,"spe":31}}],"log":["|player|p1|Emg_DemZii|274","|player|p2|IV HairyChild|293","|gametype|singles","|gen|6","|tier|Monotype","|rated","|rule|Baton Pass Clause: Limit one Baton Passer, can't pass Spe and other stats simultaneously","|rule|Swagger Clause: Swagger is banned","|rule|Same Type Clause: Pokémon in a team must share a type","|clearpoke","|poke|p1|Hoopa-Unbound","|poke|p1|Sableye, M","|poke|p1|Bisharp, M","|poke|p1|Umbreon, F","|poke|p1|Drapion, M","|poke|p1|Mandibuzz, F","|poke|p2|Chansey, F","|poke|p2|Lopunny, M, shiny","|poke|p2|Staraptor, M","|poke|p2|Meloetta","|poke|p2|Ditto","|poke|p2|Diggersby, F, shiny","|rule|Sleep Clause Mod: Limit one foe put to sleep","|rule|Species Clause: Limit one of each Pokémon","|rule|OHKO Clause: OHKO moves are banned","|rule|Moody Clause: Moody is banned","|rule|Evasion Moves Clause: Evasion moves are banned","|rule|Endless Battle Clause: Forcing endless battles is banned","|rule|HP Percentage Mod: HP is shown in percentages","|teampreview","|","|start","|switch|p1a: Hoopa-Unbound|Hoopa-Unbound|301/301","|switch|p2a: Cancer mega|Lopunny, M, shiny|271/271","|turn|1","|","|switch|p2a: Cancer Bird|Staraptor, M|374/374","|-ability|p2a: Cancer Bird|Intimidate","|-unboost|p1a: Hoopa-Unbound|atk|1","|move|p1a: Hoopa-Unbound|Psychic|p2a: Cancer Bird","|-damage|p2a: Cancer Bird|89/374","|","|-heal|p2a: Cancer Bird|112/374|[from] item: Leftovers","|turn|2","|","|move|p1a: Hoopa-Unbound|Psychic|p2a: Cancer Bird","|-damage|p2a: Cancer Bird|0 fnt","|faint|p2a: Cancer Bird","|","|","|switch|p2a: Cancer mega|Lopunny, M, shiny|271/271","|turn|3","|","|detailschange|p2a: Cancer mega|Lopunny-Mega, M, shiny","|-mega|p2a: Cancer mega|Lopunny|Lopunnite","|move|p1a: Hoopa-Unbound|Psychic|p2a: Cancer mega","|-crit|p2a: Cancer mega","|-supereffective|p2a: Cancer mega","|-damage|p2a: Cancer mega|0 fnt","|faint|p2a: Cancer mega","|","|","|switch|p2a: Cancer bulk|Chansey, F|673/673","|turn|4","|","|switch|p1a: Umbreon|Umbreon, F|333/333","|move|p2a: Cancer bulk|Toxic|p1a: Umbreon","|-status|p1a: Umbreon|tox","|-status|p2a: Cancer bulk|tox","|","|-damage|p1a: Umbreon|313/333 tox|[from] psn","|-damage|p2a: Cancer bulk|631/673 tox|[from] psn","|turn|5","|","|move|p1a: Umbreon|Heal Bell|p1a: Umbreon","|-cureteam|p1a: Umbreon|[from] move: HealBell","|move|p2a: Cancer bulk|Stealth Rock|p1a: Umbreon","|-sidestart|p1: Emg_DemZii|move: Stealth Rock","|","|-heal|p1a: Umbreon|333/333|[from] item: Leftovers","|-damage|p2a: Cancer bulk|547/673 tox|[from] psn","|turn|6","|","|switch|p1a: Mandibuzz|Mandibuzz, F|423/423","|-damage|p1a: Mandibuzz|318/423|[from] Stealth Rock","|move|p2a: Cancer bulk|Toxic|p1a: Mandibuzz","|-status|p1a: Mandibuzz|tox","|","|-damage|p1a: Mandibuzz|292/423 tox|[from] psn","|-damage|p2a: Cancer bulk|421/673 tox|[from] psn","|turn|7","|","|switch|p2a: Cancer orb|Diggersby, F, shiny|311/311","|move|p1a: Mandibuzz|Taunt|p2a: Cancer orb","|-start|p2a: Cancer orb|move: Taunt","|","|-damage|p1a: Mandibuzz|240/423 tox|[from] psn","|turn|8","|","|move|p2a: Cancer orb|Earthquake|p1a: Mandibuzz","|-immune|p1a: Mandibuzz|[msg]","|move|p1a: Mandibuzz|Defog|p2a: Cancer orb","|-unboost|p2a: Cancer orb|evasion|1","|-sideend|p1: Emg_DemZii|Stealth Rock|[from] move: Defog|[of] p1a: Mandibuzz","|","|-damage|p1a: Mandibuzz|162/423 tox|[from] psn","|turn|9","|","|switch|p1a: Umbreon|Umbreon, F|333/333","|move|p2a: Cancer orb|Return|p1a: Umbreon","|-damage|p1a: Umbreon|142/333","|-damage|p2a: Cancer orb|280/311|[from] item: Life Orb","|","|-heal|p1a: Umbreon|162/333|[from] item: Leftovers","|-end|p2a: Cancer orb|move: Taunt","|turn|10","|","|move|p2a: Cancer orb|Swords Dance|p2a: Cancer orb","|-boost|p2a: Cancer orb|atk|2","|move|p1a: Umbreon|Toxic|p2a: Cancer orb","|-status|p2a: Cancer orb|tox","|","|-heal|p1a: Umbreon|182/333|[from] item: Leftovers","|-damage|p2a: Cancer orb|261/311 tox|[from] psn","|turn|11","|","|move|p2a: Cancer orb|Return|p1a: Umbreon","|-damage|p1a: Umbreon|0 fnt","|-damage|p2a: Cancer orb|230/311 tox|[from] item: Life Orb","|faint|p1a: Umbreon","|","|-damage|p2a: Cancer orb|192/311 tox|[from] psn","|","|switch|p1a: Hoopa-Unbound|Hoopa-Unbound|301/301","|turn|12","|","|move|p2a: Cancer orb|Quick Attack|p1a: Hoopa-Unbound","|-damage|p1a: Hoopa-Unbound|0 fnt","|-damage|p2a: Cancer orb|161/311 tox|[from] item: Life Orb","|faint|p1a: Hoopa-Unbound","|","|-damage|p2a: Cancer orb|104/311 tox|[from] psn","|","|switch|p1a: Sableye|Sableye, M|241/241","|turn|13","|","|detailschange|p1a: Sableye|Sableye-Mega, M","|-mega|p1a: Sableye|Sableye|Sablenite","|move|p1a: Sableye|Calm Mind|p1a: Sableye","|-boost|p1a: Sableye|spa|1","|-boost|p1a: Sableye|spd|1","|move|p2a: Cancer orb|Earthquake|p1a: Sableye","|-damage|p1a: Sableye|0 fnt","|-damage|p2a: Cancer orb|73/311 tox|[from] item: Life Orb","|faint|p1a: Sableye","|","|-damage|p2a: Cancer orb|0 fnt|[from] psn","|faint|p2a: Cancer orb","|","|switch|p1a: Mandibuzz|Mandibuzz, F|162/423 tox","|switch|p2a: Cancer bulk|Chansey, F|421/673","|turn|14","|","|move|p1a: Mandibuzz|Taunt|p2a: Cancer bulk","|-start|p2a: Cancer bulk|move: Taunt","|cant|p2a: Cancer bulk|move: Taunt|Wish","|","|-damage|p1a: Mandibuzz|136/423 tox|[from] psn","|turn|15","|","|move|p1a: Mandibuzz|Roost|p1a: Mandibuzz","|-heal|p1a: Mandibuzz|348/423 tox","|move|p2a: Cancer bulk|Seismic Toss|p1a: Mandibuzz","|-damage|p1a: Mandibuzz|248/423 tox","|-damage|p2a: Cancer bulk|309/673|[from] item: Rocky Helmet|[of] p1a: Mandibuzz","|","|-damage|p1a: Mandibuzz|196/423 tox|[from] psn","|turn|16","|","|move|p1a: Mandibuzz|Roost|p1a: Mandibuzz","|-heal|p1a: Mandibuzz|408/423 tox","|move|p2a: Cancer bulk|Seismic Toss|p1a: Mandibuzz","|-damage|p1a: Mandibuzz|308/423 tox","|-damage|p2a: Cancer bulk|197/673|[from] item: Rocky Helmet|[of] p1a: Mandibuzz","|","|-damage|p1a: Mandibuzz|230/423 tox|[from] psn","|-end|p2a: Cancer bulk|move: Taunt","|turn|17","|","|move|p1a: Mandibuzz|Taunt|p2a: Cancer bulk","|-start|p2a: Cancer bulk|move: Taunt","|move|p2a: Cancer bulk|Seismic Toss|p1a: Mandibuzz","|-damage|p1a: Mandibuzz|130/423 tox","|-damage|p2a: Cancer bulk|85/673|[from] item: Rocky Helmet|[of] p1a: Mandibuzz","|","|-damage|p1a: Mandibuzz|26/423 tox|[from] psn","|turn|18","|","|move|p1a: Mandibuzz|Roost|p1a: Mandibuzz","|-heal|p1a: Mandibuzz|238/423 tox","|move|p2a: Cancer bulk|Seismic Toss|p1a: Mandibuzz","|-damage|p1a: Mandibuzz|138/423 tox","|-damage|p2a: Cancer bulk|0 fnt|[from] item: Rocky Helmet|[of] p1a: Mandibuzz","|faint|p2a: Cancer bulk","|","|-damage|p1a: Mandibuzz|8/423 tox|[from] psn","|","|switch|p2a: Cancer transform|Ditto|299/299","|-transform|p2a: Cancer transform|p1a: Mandibuzz","|turn|19","|","|move|p2a: Cancer transform|Heat Wave|p1a: Mandibuzz","|-damage|p1a: Mandibuzz|0 fnt","|faint|p1a: Mandibuzz","|","|","|switch|p1a: Drapion|Drapion, M|343/343","|turn|20","|","|switch|p2a: Cancer Specs|Meloetta|343/343","|move|p1a: Drapion|Substitute|p1a: Drapion","|-start|p1a: Drapion|Substitute","|-damage|p1a: Drapion|258/343","|","|turn|21","|","|move|p2a: Cancer Specs|Focus Blast|p1a: Drapion|[miss]","|-miss|p2a: Cancer Specs|p1a: Drapion","|move|p1a: Drapion|Night Slash|p2a: Cancer Specs","|-supereffective|p2a: Cancer Specs","|-damage|p2a: Cancer Specs|53/343","|","|turn|22","|","|move|p2a: Cancer Specs|Focus Blast|p1a: Drapion|[miss]","|-miss|p2a: Cancer Specs|p1a: Drapion","|move|p1a: Drapion|Night Slash|p2a: Cancer Specs","|-supereffective|p2a: Cancer Specs","|-damage|p2a: Cancer Specs|0 fnt","|faint|p2a: Cancer Specs","|","|","|switch|p2a: Cancer transform|Ditto|299/299","|turn|23","|","|move|p1a: Drapion|Fire Fang|p2a: Cancer transform|[miss]","|-miss|p1a: Drapion|p2a: Cancer transform","|move|p2a: Cancer transform|Transform|p1a: Drapion","|-fail|p1a: Drapion","|","|turn|24","|","|win|Emg_DemZii"],"p1rating":{"entryid":"7361210","serverid":"eos","formatid":"monotype","userid":"emgdemzii","username":"Emg_DemZii","w":5,"l":"12","t":"0","gxe":33.2,"r":"1352.3129863286","rd":"77.120749977956","sigma":"0","rptime":"1438938000","rpr":1365.7695170376,"rprd":74.571739144104,"rpsigma":"0","acre":1051.3879952102,"lacre":1051.3879952102,"oldacre":"1000"},"p2rating":{"entryid":"7396689","serverid":"eos","formatid":"monotype","userid":"ivhairychild","username":"IV HairyChild","w":"4","l":3,"t":"0","gxe":51.3,"r":1548.4649853839,"rd":98.368135664266,"sigma":"0","rptime":1438938000,"rpr":1510.0846090741,"rprd":95.689272809929,"rpsigma":"0","acre":1069.6078573514,"lacre":1069.6078573514,"oldacre":"1101.7253543578"},"endType":"forfeit"}