{"seed":[9777,5827,49033,38977],"turns":26,"p1":"Alliance- WU용의TANG","p2":"MrNyanNyanz","p1team":[{"name":"ラティオス","species":"latios","item":"choicescarf","ability":"Levitate","moves":["hiddenpowerfire","dragonpulse","psyshock","icebeam"],"nature":"Timid","evs":{"hp":0,"atk":0,"def":4,"spa":252,"spd":0,"spe":252},"ivs":{"hp":31,"atk":30,"def":31,"spa":30,"spd":31,"spe":30}},{"name":"キュレム","species":"kyuremblack","item":"lifeorb","ability":"Teravolt","moves":["icebeam","outrage","fusionbolt","ironhead"],"nature":"Naive","evs":{"hp":0,"atk":100,"def":0,"spa":180,"spd":0,"spe":228},"shiny":true,"ivs":{"hp":31,"atk":31,"def":31,"spa":31,"spd":31,"spe":31}},{"name":"ボーマンダ","species":"salamence","item":"choicescarf","ability":"Moxie","moves":["outrage","aerialace","steelwing","earthquake"],"nature":"Jolly","evs":{"hp":0,"atk":252,"def":4,"spa":0,"spd":0,"spe":252},"ivs":{"hp":31,"atk":31,"def":31,"spa":31,"spd":31,"spe":31}},{"name":"サザンドラ","species":"hydreigon","item":"lifeorb","ability":"Levitate","moves":["darkpulse","flamethrower","dracometeor","flashcannon"],"nature":"Timid","evs":{"hp":4,"atk":0,"def":0,"spa":252,"spd":0,"spe":252},"shiny":true,"ivs":{"hp":31,"atk":31,"def":31,"spa":31,"spd":31,"spe":31}},{"name":"ガブリアス","species":"garchomp","item":"rockyhelmet","ability":"Rough Skin","moves":["stealthrock","earthquake","dragontail","endure"],"nature":"Impish","evs":{"hp":252,"atk":0,"def":232,"spa":0,"spd":24,"spe":0},"ivs":{"hp":31,"atk":31,"def":31,"spa":31,"spd":31,"spe":31}},{"name":"ラティアス","species":"latias","item":"latiasite","ability":"Levitate","moves":["calmmind","recover","psyshock","dragonbreath"],"nature":"Bold","evs":{"hp":252,"atk":0,"def":224,"spa":0,"spd":0,"spe":32},"ivs":{"hp":31,"atk":0,"def":31,"spa":31,"spd":31,"spe":31}}],"p2team":[{"name":"Bisharp","species":"Bisharp","item":"focussash","ability":"Defiant","moves":["suckerpunch","swordsdance","knockoff","ironhead"],"nature":"Adamant","evs":{"hp":248,"atk":252,"def":0,"spa":0,"spd":8,"spe":0},"ivs":{"hp":31,"atk":31,"def":31,"spa":31,"spd":31,"spe":31}},{"name":"Magnezone","species":"Magnezone","item":"choicescarf","ability":"Sturdy","moves":["thunderbolt","hiddenpowerice","voltswitch","flashcannon"],"nature":"Timid","evs":{"hp":0,"atk":0,"def":0,"spa":252,"spd":4,"spe":252},"ivs":{"hp":31,"atk":30,"def":30,"spa":31,"spd":31,"spe":31}},{"name":"Doublade","species":"Doublade","item":"eviolite","ability":"No Guard","moves":["swordsdance","rockslide","sacredsword","shadowsneak"],"nature":"Adamant","evs":{"hp":248,"atk":252,"def":0,"spa":0,"spd":8,"spe":0},"ivs":{"hp":31,"atk":31,"def":31,"spa":31,"spd":31,"spe":31}},{"name":"Heatran","species":"Heatran","item":"airballoon","ability":"Flash Fire","moves":["lavaplume","earthpower","ancientpower","roar"],"nature":"Modest","evs":{"hp":240,"atk":0,"def":0,"spa":252,"spd":0,"spe":16},"ivs":{"hp":31,"atk":31,"def":31,"spa":31,"spd":31,"spe":31}},{"name":"Skarmory","species":"Skarmory","item":"rockyhelmet","ability":"Sturdy","moves":["bravebird","roost","defog","stealthrock"],"nature":"Impish","evs":{"hp":248,"atk":0,"def":236,"spa":0,"spd":0,"spe":24},"ivs":{"hp":31,"atk":31,"def":31,"spa":31,"spd":31,"spe":31}},{"name":"Scizor","species":"Scizor","item":"scizorite","ability":"Technician","moves":["swordsdance","superpower","bulletpunch","bugbite"],"nature":"Adamant","evs":{"hp":248,"atk":252,"def":0,"spa":0,"spd":8,"spe":0},"ivs":{"hp":31,"atk":31,"def":31,"spa":31,"spd":31,"spe":31}}],"log":["|player|p1|Alliance- WU용의TANG|alliancewutang.png","|player|p2|MrNyanNyanz|mrnyannyanz.png","|gametype|singles","|gen|6","|tier|Monotype","|rated","|rule|Baton Pass Clause: Limit one Baton Passer, can't pass Spe and other stats simultaneously","|rule|Swagger Clause: Swagger is banned","|rule|Same Type Clause: Pokémon in a team must share a type","|clearpoke","|poke|p1|Latios, M","|poke|p1|Kyurem-Black, shiny","|poke|p1|Salamence, F","|poke|p1|Hydreigon, M, shiny","|poke|p1|Garchomp, M","|poke|p1|Latias, F","|poke|p2|Bisharp, F","|poke|p2|Magnezone","|poke|p2|Doublade, M","|poke|p2|Heatran, F","|poke|p2|Skarmory, F","|poke|p2|Scizor, F","|rule|Sleep Clause Mod: Limit one foe put to sleep","|rule|Species Clause: Limit one of each Pokémon","|rule|OHKO Clause: OHKO moves are banned","|rule|Moody Clause: Moody is banned","|rule|Evasion Moves Clause: Evasion moves are banned","|rule|Endless Battle Clause: Forcing endless battles is banned","|rule|HP Percentage Mod: HP is shown in percentages","|teampreview","|","|start","|switch|p1a: キュレム|Kyurem-Black, shiny|391/391","|switch|p2a: Magnezone|Magnezone|281/281","|-ability|p1a: キュレム|Teravolt","|turn|1","|","|switch|p2a: Skarmory|Skarmory, F|333/333","|switch|p1a: ガブリアス|Garchomp, M|420/420","|","|turn|2","|","|switch|p2a: Magnezone|Magnezone|281/281","|move|p1a: ガブリアス|Stealth Rock|p2a: Magnezone","|-sidestart|p2: MrNyanNyanz|move: Stealth Rock","|","|turn|3","|","|move|p2a: Magnezone|Hidden Power|p1a: ガブリアス","|-supereffective|p1a: ガブリアス","|-damage|p1a: ガブリアス|100/420","|move|p1a: ガブリアス|Earthquake|p2a: Magnezone","|-supereffective|p2a: Magnezone","|-ability|p2a: Magnezone|Sturdy","|-damage|p2a: Magnezone|1/281","|","|turn|4","|","|switch|p1a: キュレム|Kyurem-Black, shiny|391/391","|-ability|p1a: キュレム|Teravolt","|move|p2a: Magnezone|Hidden Power|p1a: キュレム","|-damage|p1a: キュレム|302/391","|","|turn|5","|","|switch|p2a: Doublade|Doublade, M|321/321","|-damage|p2a: Doublade|301/321|[from] Stealth Rock","|move|p1a: キュレム|Fusion Bolt|p2a: Doublade","|-damage|p2a: Doublade|218/321","|-damage|p1a: キュレム|263/391|[from] item: Life Orb","|","|turn|6","|","|switch|p1a: ガブリアス|Garchomp, M|100/420","|move|p2a: Doublade|Sacred Sword|p1a: ガブリアス","|-damage|p1a: ガブリアス|14/420","|-damage|p2a: Doublade|178/321|[from] ability: Rough Skin|[of] p1a: ガブリアス","|-damage|p2a: Doublade|125/321|[from] item: Rocky Helmet|[of] p1a: ガブリアス","|","|turn|7","|","|move|p1a: ガブリアス|Endure|p1a: ガブリアス","|-singleturn|p1a: ガブリアス|move: Endure","|move|p2a: Doublade|Shadow Sneak|p1a: ガブリアス","|-activate|p1a: ガブリアス|move: Endure","|-damage|p1a: ガブリアス|1/420","|-damage|p2a: Doublade|85/321|[from] ability: Rough Skin|[of] p1a: ガブリアス","|-damage|p2a: Doublade|32/321|[from] item: Rocky Helmet|[of] p1a: ガブリアス","|","|turn|8","|","|switch|p2a: Skarmory|Skarmory, F|333/333","|-damage|p2a: Skarmory|292/333|[from] Stealth Rock","|move|p1a: ガブリアス|Endure|p1a: ガブリアス","|","|turn|9","|","|switch|p1a: キュレム|Kyurem-Black, shiny|263/391","|-ability|p1a: キュレム|Teravolt","|move|p2a: Skarmory|Stealth Rock|p1a: キュレム","|-sidestart|p1: Alliance- WU용의TANG|move: Stealth Rock","|","|turn|10","|","|move|p1a: キュレム|Ice Beam|p2a: Skarmory","|-damage|p2a: Skarmory|46/333","|-damage|p1a: キュレム|224/391|[from] item: Life Orb","|move|p2a: Skarmory|Defog|p1a: キュレム","|-unboost|p1a: キュレム|evasion|1","|-sideend|p1: Alliance- WU용의TANG|Stealth Rock|[from] move: Defog|[of] p1a: キュレム","|-sideend|p2: MrNyanNyanz|Stealth Rock|[from] move: Defog|[of] p2a: Skarmory","|","|turn|11","|","|switch|p2a: Doublade|Doublade, M|32/321","|move|p1a: キュレム|Fusion Bolt|p2a: Doublade","|-crit|p2a: Doublade","|-damage|p2a: Doublade|0 fnt","|-damage|p1a: キュレム|185/391|[from] item: Life Orb","|faint|p2a: Doublade","|","|","|switch|p2a: Scizor|Scizor, F|343/343","|turn|12","|","|switch|p1a: サザンドラ|Hydreigon, M, shiny|326/326","|detailschange|p2a: Scizor|Scizor-Mega, F","|-mega|p2a: Scizor|Scizor|Scizorite","|move|p2a: Scizor|Swords Dance|p2a: Scizor","|-boost|p2a: Scizor|atk|2","|","|turn|13","|","|move|p2a: Scizor|Bullet Punch|p1a: サザンドラ","|-damage|p1a: サザンドラ|31/326","|move|p1a: サザンドラ|Flamethrower|p2a: Scizor","|-supereffective|p2a: Scizor","|-damage|p2a: Scizor|0 fnt","|-damage|p1a: サザンドラ|0 fnt|[from] item: Life Orb","|faint|p2a: Scizor","|faint|p1a: サザンドラ","|","|","|switch|p1a: ラティオス|Latios, M|301/301","|switch|p2a: Magnezone|Magnezone|1/281","|turn|14","|","|move|p1a: ラティオス|Dragon Pulse|p2a: Magnezone","|-resisted|p2a: Magnezone","|-damage|p2a: Magnezone|0 fnt","|faint|p2a: Magnezone","|","|","|switch|p2a: Bisharp|Bisharp, F|333/333","|turn|15","|","|move|p2a: Bisharp|Sucker Punch|p1a: ラティオス","|-supereffective|p1a: ラティオス","|-damage|p1a: ラティオス|0 fnt","|faint|p1a: ラティオス","|","|","|switch|p1a: キュレム|Kyurem-Black, shiny|185/391","|-ability|p1a: キュレム|Teravolt","|turn|16","|","|switch|p2a: Heatran|Heatran, F|383/383","|-item|p2a: Heatran|Air Balloon","|move|p1a: キュレム|Fusion Bolt|p2a: Heatran","|-damage|p2a: Heatran|219/383","|-enditem|p2a: Heatran|Air Balloon","|-damage|p1a: キュレム|146/391|[from] item: Life Orb","|","|turn|17","|","|move|p1a: キュレム|Fusion Bolt|p2a: Heatran","|-damage|p2a: Heatran|67/383","|-damage|p1a: キュレム|107/391|[from] item: Life Orb","|move|p2a: Heatran|Lava Plume|p1a: キュレム","|-damage|p1a: キュレム|0 fnt","|faint|p1a: キュレム","|","|","|switch|p1a: ラティアス|Latias, F|364/364","|turn|18","|","|detailschange|p1a: ラティアス|Latias-Mega, F","|-mega|p1a: ラティアス|Latias|Latiasite","|move|p1a: ラティアス|Calm Mind|p1a: ラティアス","|-boost|p1a: ラティアス|spa|1","|-boost|p1a: ラティアス|spd|1","|move|p2a: Heatran|Roar|p1a: ラティアス","|drag|p1a: ガブリアス|Garchomp, M|1/420","|","|turn|19","|","|switch|p1a: ラティアス|Latias-Mega, F|364/364","|switch|p2a: Skarmory|Skarmory, F|46/333","|","|turn|20","|","|move|p1a: ラティアス|Dragon Breath|p2a: Skarmory","|-resisted|p2a: Skarmory","|-damage|p2a: Skarmory|0 fnt","|faint|p2a: Skarmory","|","|","|switch|p2a: Bisharp|Bisharp, F|333/333","|turn|21","|","|move|p1a: ラティアス|Dragon Breath|p2a: Bisharp","|-resisted|p2a: Bisharp","|-damage|p2a: Bisharp|276/333","|-status|p2a: Bisharp|par","|move|p2a: Bisharp|Knock Off|p1a: ラティアス","|-supereffective|p1a: ラティアス","|-damage|p1a: ラティアス|206/364","|","|turn|22","|","|move|p1a: ラティアス|Calm Mind|p1a: ラティアス","|-boost|p1a: ラティアス|spa|1","|-boost|p1a: ラティアス|spd|1","|move|p2a: Bisharp|Swords Dance|p2a: Bisharp","|-boost|p2a: Bisharp|atk|2","|","|turn|23","|","|switch|p1a: ガブリアス|Garchomp, M|1/420","|move|p2a: Bisharp|Knock Off|p1a: ガブリアス","|-damage|p1a: ガブリアス|0 fnt","|-damage|p2a: Bisharp|235/333 par|[from] ability: Rough Skin|[of] p1a: ガブリアス","|-damage|p2a: Bisharp|180/333 par|[from] item: Rocky Helmet|[of] p1a: ガブリアス","|-enditem|p1a: ガブリアス|Rocky Helmet|[from] move: Knock Off|[of] p2a: Bisharp","|faint|p1a: ガブリアス","|","|","|switch|p1a: ボーマンダ|Salamence, F|331/331","|turn|24","|","|move|p2a: Bisharp|Sucker Punch|p1a: ボーマンダ","|-damage|p1a: ボーマンダ|0 fnt","|faint|p1a: ボーマンダ","|","|","|switch|p1a: ラティアス|Latias-Mega, F|206/364","|turn|25","|","|move|p1a: ラティアス|Recover|p1a: ラティアス","|-heal|p1a: ラティアス|364/364","|move|p2a: Bisharp|Knock Off|p1a: ラティアス","|-supereffective|p1a: ラティアス","|-damage|p1a: ラティアス|70/364","|","|turn|26","|","|move|p1a: ラティアス|Recover|p1a: ラティアス","|-heal|p1a: ラティアス|252/364","|move|p2a: Bisharp|Knock Off|p1a: ラティアス","|-supereffective|p1a: ラティアス","|-damage|p1a: ラティアス|0 fnt","|faint|p1a: ラティアス","|","|win|MrNyanNyanz"],"p1rating":{"entryid":"7022950","serverid":"eos","formatid":"monotype","userid":"alliancewutang","username":"Alliance - Wu Tang","w":"41","l":17,"t":"0","gxe":68.4,"r":"1656.2145089817","rd":"50.371973774151","sigma":"0","rptime":"1438938000","rpr":1646.1950701988,"rprd":47.624400410564,"rpsigma":"0","acre":1282.856579781,"lacre":1282.856579781,"oldacre":"1313.6703981343"},"p2rating":{"entryid":"6703862","serverid":"eos","formatid":"monotype","userid":"mrnyannyanz","username":"MrNyanNyanz","w":66,"l":"56","t":"0","gxe":53.5,"r":"1521.8340019731","rd":"33.393445619211","sigma":"0","rptime":"1438938000","rpr":1526.8496591653,"rprd":33.004364367317,"rpsigma":"0","acre":1141.9434753892,"lacre":1141.9434753892,"oldacre":"1103.4262024476"},"endType":"normal"}