{"seed":[39566,63491,63802,51744],"turns":24,"p1":"Crystal Blade64","p2":"Crystal Klefki","p1team":[{"name":"Checkmate","species":"bisharp","item":"lumberry","ability":"Defiant","moves":["suckerpunch","ironhead","knockoff","swordsdance"],"nature":"Adamant","evs":{"hp":248,"atk":252,"def":0,"spa":0,"spd":8,"spe":0},"ivs":{"hp":31,"atk":31,"def":31,"spa":31,"spd":31,"spe":31}},{"name":"HugMePls","species":"ferrothorn","item":"leftovers","ability":"Iron Barbs","moves":["leechseed","toxic","gyroball","protect"],"nature":"Bold","evs":{"hp":252,"atk":0,"def":252,"spa":0,"spd":4,"spe":0},"ivs":{"hp":31,"atk":31,"def":31,"spa":31,"spd":31,"spe":0}},{"name":"GigaDrillBreak","species":"excadrill","item":"choicescarf","ability":"Mold Breaker","moves":["earthquake","ironhead","rockslide","rapidspin"],"nature":"Jolly","evs":{"hp":4,"atk":252,"def":0,"spa":0,"spd":0,"spe":252},"ivs":{"hp":31,"atk":31,"def":31,"spa":31,"spd":31,"spe":31}},{"name":"Scizor","species":"Scizor","item":"scizorite","ability":"Technician","moves":["bulletpunch","knockoff","roost","swordsdance"],"nature":"Adamant","evs":{"hp":248,"atk":252,"def":0,"spa":0,"spd":8,"spe":0},"ivs":{"hp":31,"atk":31,"def":31,"spa":31,"spd":31,"spe":31}},{"name":"Dyna Blade","species":"skarmory","item":"leftovers","ability":"Sturdy","moves":["roost","spikes","bravebird","whirlwind"],"nature":"Bold","evs":{"hp":252,"atk":0,"def":232,"spa":0,"spd":0,"spe":24},"ivs":{"hp":31,"atk":31,"def":31,"spa":31,"spd":31,"spe":31}},{"name":"ILiekFire","species":"heatran","item":"airballoon","ability":"Flash Fire","moves":["earthpower","lavaplume","toxic","stealthrock"],"nature":"Calm","evs":{"hp":252,"atk":0,"def":0,"spa":4,"spd":252,"spe":0},"ivs":{"hp":31,"atk":31,"def":31,"spa":31,"spd":31,"spe":31}}],"p2team":[{"name":"Excadrill","species":"Excadrill","item":"choicescarf","ability":"Mold Breaker","moves":["earthquake","rockslide","ironhead","rapidspin"],"nature":"Jolly","evs":{"hp":4,"atk":252,"def":0,"spa":0,"spd":0,"spe":252},"ivs":{"hp":31,"atk":31,"def":31,"spa":31,"spd":31,"spe":31}},{"name":"Skarmory","species":"Skarmory","item":"leftovers","ability":"Sturdy","moves":["bravebird","spikes","roost","whirlwind"],"nature":"Impish","evs":{"hp":252,"atk":4,"def":252,"spa":0,"spd":0,"spe":0},"ivs":{"hp":31,"atk":31,"def":31,"spa":31,"spd":31,"spe":31}},{"name":"Jirachi","species":"Jirachi","item":"choicescarf","ability":"Serene Grace","moves":["energyball","thunderbolt","psychic","trick"],"nature":"Timid","evs":{"hp":0,"atk":0,"def":0,"spa":252,"spd":4,"spe":252},"ivs":{"hp":31,"atk":31,"def":31,"spa":31,"spd":31,"spe":31}},{"name":"Ferrothorn","species":"Ferrothorn","item":"leftovers","ability":"Iron Barbs","moves":["curse","powerwhip","protect","leechseed"],"nature":"Careful","evs":{"hp":252,"atk":4,"def":0,"spa":0,"spd":252,"spe":0},"ivs":{"hp":31,"atk":31,"def":31,"spa":31,"spd":31,"spe":31}},{"name":"Heatran","species":"Heatran","item":"leftovers","ability":"Flash Fire","moves":["protect","stealthrock","lavaplume","earthpower"],"nature":"Calm","evs":{"hp":252,"atk":0,"def":0,"spa":44,"spd":200,"spe":12},"ivs":{"hp":31,"atk":31,"def":31,"spa":31,"spd":31,"spe":31}},{"name":"Scizor","species":"Scizor","item":"scizorite","ability":"Technician","moves":["uturn","bulletpunch","roost","knockoff"],"nature":"Adamant","evs":{"hp":252,"atk":252,"def":4,"spa":0,"spd":0,"spe":0},"ivs":{"hp":31,"atk":31,"def":31,"spa":31,"spd":31,"spe":31}}],"log":["|player|p1|Crystal Blade64|165","|player|p2|Crystal Klefki|crystalklefki.png","|gametype|singles","|gen|6","|tier|Monotype","|rated","|rule|Baton Pass Clause: Limit one Baton Passer, can't pass Spe and other stats simultaneously","|rule|Swagger Clause: Swagger is banned","|rule|Same Type Clause: Pokémon in a team must share a type","|clearpoke","|poke|p1|Bisharp, F","|poke|p1|Ferrothorn, F","|poke|p1|Excadrill, F","|poke|p1|Scizor, M","|poke|p1|Skarmory, M","|poke|p1|Heatran, F","|poke|p2|Excadrill, M","|poke|p2|Skarmory, F","|poke|p2|Jirachi","|poke|p2|Ferrothorn, M","|poke|p2|Heatran, M","|poke|p2|Scizor, F","|rule|Sleep Clause Mod: Limit one foe put to sleep","|rule|Species Clause: Limit one of each Pokémon","|rule|OHKO Clause: OHKO moves are banned","|rule|Moody Clause: Moody is banned","|rule|Evasion Moves Clause: Evasion moves are banned","|rule|Endless Battle Clause: Forcing endless battles is banned","|rule|HP Percentage Mod: HP is shown in percentages","|teampreview","|","|start","|switch|p1a: ILiekFire|Heatran, F|386/386","|switch|p2a: Heatran|Heatran, M|386/386","|-item|p1a: ILiekFire|Air Balloon","|turn|1","|","|move|p2a: Heatran|Protect|p2a: Heatran","|-singleturn|p2a: Heatran|Protect","|move|p1a: ILiekFire|Earth Power|p2a: Heatran","|-activate|p2a: Heatran|Protect","|","|turn|2","|","|switch|p2a: Skarmory|Skarmory, F|334/334","|move|p1a: ILiekFire|Stealth Rock|p2a: Skarmory","|-sidestart|p2: Crystal Klefki|move: Stealth Rock","|","|turn|3","|","|move|p1a: ILiekFire|Lava Plume|p2a: Skarmory","|-supereffective|p2a: Skarmory","|-damage|p2a: Skarmory|2/334","|move|p2a: Skarmory|Whirlwind|p1a: ILiekFire","|drag|p1a: Dyna Blade|Skarmory, M|334/334","|","|-heal|p2a: Skarmory|22/334|[from] item: Leftovers","|turn|4","|","|move|p1a: Dyna Blade|Spikes|p2a: Skarmory","|-sidestart|p2: Crystal Klefki|Spikes","|move|p2a: Skarmory|Spikes|p1a: Dyna Blade","|-sidestart|p1: Crystal Blade64|Spikes","|","|-heal|p2a: Skarmory|42/334|[from] item: Leftovers","|turn|5","|","|move|p2a: Skarmory|Spikes|p1a: Dyna Blade","|-sidestart|p1: Crystal Blade64|Spikes","|move|p1a: Dyna Blade|Whirlwind|p2a: Skarmory","|drag|p2a: Scizor|Scizor, F|344/344","|-damage|p2a: Scizor|301/344|[from] Spikes","|-damage|p2a: Scizor|258/344|[from] Stealth Rock","|","|turn|6","|","|detailschange|p2a: Scizor|Scizor-Mega, F","|-mega|p2a: Scizor|Scizor|Scizorite","|move|p1a: Dyna Blade|Spikes|p2a: Scizor","|-sidestart|p2: Crystal Klefki|Spikes","|move|p2a: Scizor|Knock Off|p1a: Dyna Blade","|-damage|p1a: Dyna Blade|252/334","|-enditem|p1a: Dyna Blade|Leftovers|[from] move: Knock Off|[of] p2a: Scizor","|","|turn|7","|","|move|p2a: Scizor|U-turn|p1a: Dyna Blade","|-resisted|p1a: Dyna Blade","|-damage|p1a: Dyna Blade|230/334","|","|switch|p2a: Excadrill|Excadrill, M|362/362","|-damage|p2a: Excadrill|351/362|[from] Stealth Rock","|-damage|p2a: Excadrill|291/362|[from] Spikes","|-ability|p2a: Excadrill|Mold Breaker","|move|p1a: Dyna Blade|Whirlwind|p2a: Excadrill","|drag|p2a: Jirachi|Jirachi|341/341","|-damage|p2a: Jirachi|320/341|[from] Stealth Rock","|-damage|p2a: Jirachi|264/341|[from] Spikes","|","|turn|8","|","|move|p2a: Jirachi|Trick|p1a: Dyna Blade","|-activate|p2a: Jirachi|move: Trick|[of] p1a: Dyna Blade","|-item|p1a: Dyna Blade|Choice Scarf|[from] move: Trick","|move|p1a: Dyna Blade|Roost|p1a: Dyna Blade","|-heal|p1a: Dyna Blade|334/334","|","|turn|9","|","|switch|p2a: Excadrill|Excadrill, M|291/362","|-damage|p2a: Excadrill|280/362|[from] Stealth Rock","|-damage|p2a: Excadrill|220/362|[from] Spikes","|-ability|p2a: Excadrill|Mold Breaker","|switch|p1a: GigaDrillBreak|Excadrill, F|362/362","|-damage|p1a: GigaDrillBreak|302/362|[from] Spikes","|-ability|p1a: GigaDrillBreak|Mold Breaker","|","|turn|10","|","|move|p1a: GigaDrillBreak|Earthquake|p2a: Excadrill","|-supereffective|p2a: Excadrill","|-damage|p2a: Excadrill|0 fnt","|faint|p2a: Excadrill","|","|","|switch|p2a: Ferrothorn|Ferrothorn, M|352/352","|-damage|p2a: Ferrothorn|294/352|[from] Spikes","|-damage|p2a: Ferrothorn|272/352|[from] Stealth Rock","|turn|11","|","|switch|p1a: HugMePls|Ferrothorn, F|352/352","|-damage|p1a: HugMePls|294/352|[from] Spikes","|move|p2a: Ferrothorn|Curse|p2a: Ferrothorn","|-unboost|p2a: Ferrothorn|spe|1","|-boost|p2a: Ferrothorn|atk|1","|-boost|p2a: Ferrothorn|def|1","|","|-heal|p2a: Ferrothorn|294/352|[from] item: Leftovers","|-heal|p1a: HugMePls|316/352|[from] item: Leftovers","|turn|12","|","|switch|p1a: ILiekFire|Heatran, F|386/386","|-item|p1a: ILiekFire|Air Balloon","|move|p2a: Ferrothorn|Protect|p2a: Ferrothorn","|-fail|p2a: Ferrothorn","|","|-heal|p2a: Ferrothorn|316/352|[from] item: Leftovers","|turn|13","|","|move|p2a: Ferrothorn|Protect|p2a: Ferrothorn","|-singleturn|p2a: Ferrothorn|Protect","|move|p1a: ILiekFire|Earth Power|p2a: Ferrothorn","|-activate|p2a: Ferrothorn|Protect","|","|-heal|p2a: Ferrothorn|338/352|[from] item: Leftovers","|turn|14","|","|switch|p2a: Skarmory|Skarmory, F|42/334","|-damage|p2a: Skarmory|1/334|[from] Stealth Rock","|move|p1a: ILiekFire|Lava Plume|p2a: Skarmory","|-supereffective|p2a: Skarmory","|-damage|p2a: Skarmory|0 fnt","|faint|p2a: Skarmory","|","|","|switch|p2a: Heatran|Heatran, M|386/386","|-damage|p2a: Heatran|338/386|[from] Stealth Rock","|-damage|p2a: Heatran|274/386|[from] Spikes","|turn|15","|","|move|p2a: Heatran|Earth Power|p1a: ILiekFire","|-immune|p1a: ILiekFire|[msg]","|move|p1a: ILiekFire|Earth Power|p2a: Heatran","|-supereffective|p2a: Heatran","|-damage|p2a: Heatran|14/386","|","|-heal|p2a: Heatran|38/386|[from] item: Leftovers","|turn|16","|","|move|p2a: Heatran|Protect|p2a: Heatran","|-singleturn|p2a: Heatran|Protect","|move|p1a: ILiekFire|Earth Power|p2a: Heatran","|-activate|p2a: Heatran|Protect","|","|-heal|p2a: Heatran|62/386|[from] item: Leftovers","|turn|17","|","|switch|p2a: Jirachi|Jirachi|264/341","|-damage|p2a: Jirachi|208/341|[from] Spikes","|-damage|p2a: Jirachi|187/341|[from] Stealth Rock","|move|p1a: ILiekFire|Earth Power|p2a: Jirachi","|-supereffective|p2a: Jirachi","|-damage|p2a: Jirachi|21/341","|","|turn|18","|","|switch|p1a: Dyna Blade|Skarmory, M|334/334","|move|p2a: Jirachi|Psychic|p1a: Dyna Blade","|-resisted|p1a: Dyna Blade","|-damage|p1a: Dyna Blade|241/334","|","|turn|19","|","|move|p2a: Jirachi|Thunderbolt|p1a: Dyna Blade","|-crit|p1a: Dyna Blade","|-supereffective|p1a: Dyna Blade","|-damage|p1a: Dyna Blade|0 fnt","|faint|p1a: Dyna Blade","|","|","|switch|p1a: GigaDrillBreak|Excadrill, F|302/362","|-damage|p1a: GigaDrillBreak|242/362|[from] Spikes","|-ability|p1a: GigaDrillBreak|Mold Breaker","|turn|20","|","|move|p1a: GigaDrillBreak|Earthquake|p2a: Jirachi","|-supereffective|p2a: Jirachi","|-damage|p2a: Jirachi|0 fnt","|faint|p2a: Jirachi","|","|","|switch|p2a: Scizor|Scizor-Mega, F|258/344","|-damage|p2a: Scizor|201/344|[from] Spikes","|-damage|p2a: Scizor|158/344|[from] Stealth Rock","|turn|21","|","|move|p1a: GigaDrillBreak|Earthquake|p2a: Scizor","|-damage|p2a: Scizor|20/344","|move|p2a: Scizor|Knock Off|p1a: GigaDrillBreak","|-damage|p1a: GigaDrillBreak|15/362","|-enditem|p1a: GigaDrillBreak|Choice Scarf|[from] move: Knock Off|[of] p2a: Scizor","|","|turn|22","|","|move|p2a: Scizor|Bullet Punch|p1a: GigaDrillBreak","|-resisted|p1a: GigaDrillBreak","|-damage|p1a: GigaDrillBreak|0 fnt","|faint|p1a: GigaDrillBreak","|","|","|switch|p1a: ILiekFire|Heatran, F|386/386","|-item|p1a: ILiekFire|Air Balloon","|turn|23","|","|move|p1a: ILiekFire|Earth Power|p2a: Scizor","|-damage|p2a: Scizor|0 fnt","|faint|p2a: Scizor","|","|","|switch|p2a: Heatran|Heatran, M|62/386","|-damage|p2a: Heatran|14/386|[from] Stealth Rock","|-damage|p2a: Heatran|0 fnt|[from] Spikes","|faint|p2a: Heatran","|","|switch|p2a: Ferrothorn|Ferrothorn, M|338/352","|-damage|p2a: Ferrothorn|316/352|[from] Stealth Rock","|-damage|p2a: Ferrothorn|258/352|[from] Spikes","|turn|24","|","|move|p1a: ILiekFire|Lava Plume|p2a: Ferrothorn","|-supereffective|p2a: Ferrothorn","|-damage|p2a: Ferrothorn|0 fnt","|faint|p2a: Ferrothorn","|","|win|Crystal Blade64"],"p1rating":{"entryid":"6391332","serverid":"eos","formatid":"monotype","userid":"crystalblade64","username":"Crystal Blade64","w":7,"l":"12","t":"0","gxe":43.9,"r":"1448.2855493358","rd":"80.09212301531","sigma":"0","rptime":"1438938000","rpr":1452.7152594361,"rprd":76.544189025976,"rpsigma":"0","acre":1120.6110614843,"lacre":1120.6110614843,"oldacre":"1102.7995236077"},"p2rating":{"entryid":"7447404","serverid":"eos","formatid":"monotype","userid":"crystalklefki","username":"Crystal★Klefki","w":"0","l":2,"t":"0","gxe":40,"r":1458.049509527,"rd":122.02169557332,"sigma":"0","rptime":1438938000,"rpr":1419.8114774789,"rprd":115.517793264,"rpsigma":"0","acre":1000,"lacre":1000,"oldacre":"1000"},"endType":"normal"}