{"seed":[60468,8338,5934,37763],"turns":28,"p1":"Dragotic","p2":"Intern Twizz","p1team":[{"name":"Garchomp","species":"Garchomp","item":"rockyhelmet","ability":"Rough Skin","moves":["stealthrock","earthquake","dragontail","ironhead"],"nature":"Jolly","evs":{"hp":0,"atk":252,"def":0,"spa":0,"spd":4,"spe":252},"ivs":{"hp":31,"atk":31,"def":31,"spa":31,"spd":31,"spe":31}},{"name":"Altaria","species":"Altaria","item":"altarianite","ability":"Natural Cure","moves":["hypervoice","dragondance","roost","substitute"],"nature":"Timid","evs":{"hp":36,"atk":0,"def":0,"spa":220,"spd":0,"spe":252},"ivs":{"hp":31,"atk":31,"def":31,"spa":31,"spd":31,"spe":31}},{"name":"Goodra","species":"Goodra","item":"assaultvest","ability":"Gooey","moves":["dragontail","sludgewave","thunderbolt","rockslide"],"nature":"Mild","evs":{"hp":248,"atk":8,"def":0,"spa":252,"spd":0,"spe":0},"ivs":{"hp":31,"atk":31,"def":31,"spa":31,"spd":31,"spe":31}},{"name":"Kyurem-Black","species":"Kyurem-Black","item":"choicescarf","ability":"Teravolt","moves":["outrage","fusionbolt","shadowclaw","zenheadbutt"],"nature":"Jolly","evs":{"hp":0,"atk":252,"def":0,"spa":0,"spd":4,"spe":252},"ivs":{"hp":31,"atk":31,"def":31,"spa":31,"spd":31,"spe":31}},{"name":"Dragonite","species":"Dragonite","item":"weaknesspolicy","ability":"Multiscale","moves":["extremespeed","dragonclaw","superpower","firepunch"],"nature":"Adamant","evs":{"hp":248,"atk":252,"def":0,"spa":0,"spd":8,"spe":0},"ivs":{"hp":31,"atk":31,"def":31,"spa":31,"spd":31,"spe":31}},{"name":"Latios","species":"Latios","item":"choicespecs","ability":"Levitate","moves":["dracometeor","defog","energyball","psychic"],"nature":"Timid","evs":{"hp":0,"atk":0,"def":0,"spa":252,"spd":4,"spe":252},"ivs":{"hp":31,"atk":31,"def":31,"spa":31,"spd":31,"spe":31}}],"p2team":[{"name":"Magnezone","species":"Magnezone","item":"leftovers","ability":"Sturdy","moves":["flashcannon","thunderbolt","protect","hiddenpowerice"],"nature":"Modest","evs":{"hp":76,"atk":0,"def":180,"spa":252,"spd":0,"spe":0},"ivs":{"hp":31,"atk":30,"def":30,"spa":31,"spd":31,"spe":31}},{"name":"Zapdos","species":"Zapdos","item":"leftovers","ability":"Pressure","moves":["discharge","heatwave","toxic","roost"],"nature":"Bold","evs":{"hp":4,"atk":0,"def":252,"spa":0,"spd":252,"spe":0},"ivs":{"hp":31,"atk":31,"def":31,"spa":31,"spd":31,"spe":31}},{"name":"Ampharos","species":"Ampharos","item":"ampharosite","ability":"Static","moves":["cottonguard","rest","sleeptalk","dragonpulse"],"nature":"Bold","evs":{"hp":0,"atk":0,"def":252,"spa":136,"spd":120,"spe":0},"ivs":{"hp":31,"atk":31,"def":31,"spa":31,"spd":31,"spe":31}},{"name":"Raikou","species":"Raikou","item":"leftovers","ability":"Pressure","moves":["calmmind","substitute","thunderbolt","extrasensory"],"nature":"Timid","evs":{"hp":0,"atk":0,"def":0,"spa":252,"spd":4,"spe":252},"ivs":{"hp":31,"atk":31,"def":31,"spa":31,"spd":31,"spe":31}},{"name":"Rotom-Wash","species":"Rotom-Wash","item":"choicescarf","ability":"Levitate","moves":["voltswitch","hydropump","willowisp","trick"],"nature":"Timid","evs":{"hp":0,"atk":0,"def":0,"spa":252,"spd":4,"spe":252},"ivs":{"hp":31,"atk":31,"def":31,"spa":31,"spd":31,"spe":31}},{"name":"Condom","species":"eelektross","item":"assaultvest","ability":"Levitate","moves":["gigadrain","thunderbolt","drainpunch","knockoff"],"nature":"Quiet","evs":{"hp":3,"atk":136,"def":0,"spa":108,"spd":252,"spe":0},"ivs":{"hp":31,"atk":31,"def":31,"spa":31,"spd":31,"spe":31}}],"log":["|player|p1|Dragotic|101","|player|p2|Intern Twizz|122","|gametype|singles","|gen|6","|tier|Monotype","|rated","|rule|Baton Pass Clause: Limit one Baton Passer, can't pass Spe and other stats simultaneously","|rule|Swagger Clause: Swagger is banned","|rule|Same Type Clause: Pokémon in a team must share a type","|clearpoke","|poke|p1|Garchomp, M","|poke|p1|Altaria, M","|poke|p1|Goodra, F","|poke|p1|Kyurem-Black","|poke|p1|Dragonite, F","|poke|p1|Latios, M","|poke|p2|Magnezone","|poke|p2|Zapdos","|poke|p2|Ampharos, F","|poke|p2|Raikou","|poke|p2|Rotom-Wash","|poke|p2|Eelektross, M","|rule|Sleep Clause Mod: Limit one foe put to sleep","|rule|Species Clause: Limit one of each Pokémon","|rule|OHKO Clause: OHKO moves are banned","|rule|Moody Clause: Moody is banned","|rule|Evasion Moves Clause: Evasion moves are banned","|rule|Endless Battle Clause: Forcing endless battles is banned","|rule|HP Percentage Mod: HP is shown in percentages","|teampreview","|","|start","|switch|p1a: Goodra|Goodra, F|383/383","|switch|p2a: Rotom-Wash|Rotom-Wash|241/241","|turn|1","|","|move|p2a: Rotom-Wash|Volt Switch|p1a: Goodra","|-resisted|p1a: Goodra","|-damage|p1a: Goodra|358/383","|","|switch|p2a: Condom|Eelektross, M|311/311","|move|p1a: Goodra|Sludge Wave|p2a: Condom","|-damage|p2a: Condom|239/311","|-status|p2a: Condom|psn","|","|-damage|p2a: Condom|201/311 psn|[from] psn","|turn|2","|","|switch|p1a: Dragonite|Dragonite, F|385/385","|move|p2a: Condom|Knock Off|p1a: Dragonite","|-damage|p1a: Dragonite|333/385","|-enditem|p1a: Dragonite|Weakness Policy|[from] move: Knock Off|[of] p2a: Condom","|","|-damage|p2a: Condom|163/311 psn|[from] psn","|turn|3","|","|move|p1a: Dragonite|Dragon Claw|p2a: Condom","|-damage|p2a: Condom|0 fnt","|faint|p2a: Condom","|","|","|switch|p2a: Magnezone|Magnezone|300/300","|turn|4","|","|move|p1a: Dragonite|Fire Punch|p2a: Magnezone","|-supereffective|p2a: Magnezone","|-damage|p2a: Magnezone|134/300","|move|p2a: Magnezone|Hidden Power|p1a: Dragonite","|-crit|p1a: Dragonite","|-supereffective|p1a: Dragonite","|-damage|p1a: Dragonite|0 fnt","|faint|p1a: Dragonite","|","|-heal|p2a: Magnezone|152/300|[from] item: Leftovers","|","|switch|p1a: Goodra|Goodra, F|358/383","|turn|5","|","|move|p2a: Magnezone|Protect|p2a: Magnezone","|-singleturn|p2a: Magnezone|Protect","|move|p1a: Goodra|Dragon Tail|p2a: Magnezone","|-activate|p2a: Magnezone|Protect","|","|-heal|p2a: Magnezone|170/300|[from] item: Leftovers","|turn|6","|","|move|p2a: Magnezone|Hidden Power|p1a: Goodra","|-supereffective|p1a: Goodra","|-damage|p1a: Goodra|278/383","|move|p1a: Goodra|Dragon Tail|p2a: Magnezone","|-resisted|p2a: Magnezone","|-damage|p2a: Magnezone|143/300","|drag|p2a: Zapdos|Zapdos|322/322","|-ability|p2a: Zapdos|Pressure","|","|turn|7","|","|move|p2a: Zapdos|Toxic|p1a: Goodra","|-status|p1a: Goodra|tox","|move|p1a: Goodra|Sludge Wave|p2a: Zapdos","|-damage|p2a: Zapdos|227/322","|","|-heal|p2a: Zapdos|247/322|[from] item: Leftovers","|-damage|p1a: Goodra|255/383 tox|[from] psn","|turn|8","|","|switch|p2a: Magnezone|Magnezone|143/300","|move|p1a: Goodra|Rock Slide|p2a: Magnezone","|-resisted|p2a: Magnezone","|-damage|p2a: Magnezone|119/300","|","|-heal|p2a: Magnezone|137/300|[from] item: Leftovers","|-damage|p1a: Goodra|209/383 tox|[from] psn","|turn|9","|","|move|p2a: Magnezone|Protect|p2a: Magnezone","|-singleturn|p2a: Magnezone|Protect","|move|p1a: Goodra|Dragon Tail|p2a: Magnezone","|-activate|p2a: Magnezone|Protect","|","|-heal|p2a: Magnezone|155/300|[from] item: Leftovers","|-damage|p1a: Goodra|140/383 tox|[from] psn","|turn|10","|","|move|p2a: Magnezone|Hidden Power|p1a: Goodra","|-supereffective|p1a: Goodra","|-damage|p1a: Goodra|68/383 tox","|move|p1a: Goodra|Dragon Tail|p2a: Magnezone","|-resisted|p2a: Magnezone","|-damage|p2a: Magnezone|125/300","|drag|p2a: Rotom-Wash|Rotom-Wash|241/241","|","|-damage|p1a: Goodra|0 fnt|[from] psn","|faint|p1a: Goodra","|","|switch|p1a: Kyurem-Black|Kyurem-Black|391/391","|-ability|p1a: Kyurem-Black|Teravolt","|turn|11","|","|move|p1a: Kyurem-Black|Outrage|p2a: Rotom-Wash","|-damage|p2a: Rotom-Wash|0 fnt","|faint|p2a: Rotom-Wash","|","|","|switch|p2a: Magnezone|Magnezone|125/300","|turn|12","|","|move|p1a: Kyurem-Black|Outrage|p2a: Magnezone|[from]lockedmove","|-resisted|p2a: Magnezone","|-damage|p2a: Magnezone|33/300","|move|p2a: Magnezone|Flash Cannon|p1a: Kyurem-Black","|-supereffective|p1a: Kyurem-Black","|-damage|p1a: Kyurem-Black|25/391","|","|-heal|p2a: Magnezone|51/300|[from] item: Leftovers","|turn|13","|","|move|p2a: Magnezone|Protect|p2a: Magnezone","|-singleturn|p2a: Magnezone|Protect","|move|p1a: Kyurem-Black|Outrage|p2a: Magnezone|[from]lockedmove","|-activate|p2a: Magnezone|Protect","|-start|p1a: Kyurem-Black|confusion|[fatigue]","|","|-heal|p2a: Magnezone|69/300|[from] item: Leftovers","|turn|14","|","|switch|p1a: Garchomp|Garchomp, M|357/357","|switch|p2a: Zapdos|Zapdos|247/322","|-ability|p2a: Zapdos|Pressure","|","|-heal|p2a: Zapdos|267/322|[from] item: Leftovers","|turn|15","|","|move|p1a: Garchomp|Iron Head|p2a: Zapdos","|-resisted|p2a: Zapdos","|-damage|p2a: Zapdos|227/322","|cant|p2a: Zapdos|flinch","|","|-heal|p2a: Zapdos|247/322|[from] item: Leftovers","|turn|16","|","|move|p2a: Zapdos|Toxic|p1a: Garchomp","|-status|p1a: Garchomp|tox","|move|p1a: Garchomp|Dragon Tail|p2a: Zapdos","|-damage|p2a: Zapdos|156/322","|drag|p2a: Raikou|Raikou|321/321","|-ability|p2a: Raikou|Pressure","|","|-damage|p1a: Garchomp|335/357 tox|[from] psn","|turn|17","|","|move|p2a: Raikou|Substitute|p2a: Raikou","|-start|p2a: Raikou|Substitute","|-damage|p2a: Raikou|241/321","|move|p1a: Garchomp|Earthquake|p2a: Raikou","|-supereffective|p2a: Raikou","|-end|p2a: Raikou|Substitute","|","|-heal|p2a: Raikou|261/321|[from] item: Leftovers","|-damage|p1a: Garchomp|291/357 tox|[from] psn","|turn|18","|","|switch|p2a: Zapdos|Zapdos|156/322","|-ability|p2a: Zapdos|Pressure","|move|p1a: Garchomp|Earthquake|p2a: Zapdos","|-immune|p2a: Zapdos|[msg]","|","|-heal|p2a: Zapdos|176/322|[from] item: Leftovers","|-damage|p1a: Garchomp|225/357 tox|[from] psn","|turn|19","|","|move|p1a: Garchomp|Iron Head|p2a: Zapdos","|-resisted|p2a: Zapdos","|-damage|p2a: Zapdos|141/322","|cant|p2a: Zapdos|flinch","|","|-heal|p2a: Zapdos|161/322|[from] item: Leftovers","|-damage|p1a: Garchomp|137/357 tox|[from] psn","|turn|20","|","|switch|p1a: Altaria|Altaria, M|300/300","|move|p2a: Zapdos|Roost|p2a: Zapdos","|-heal|p2a: Zapdos|322/322","|","|turn|21","|","|detailschange|p1a: Altaria|Altaria-Mega, M","|-mega|p1a: Altaria|Altaria|Altarianite","|move|p1a: Altaria|Substitute|p1a: Altaria","|-start|p1a: Altaria|Substitute","|-damage|p1a: Altaria|225/300","|move|p2a: Zapdos|Toxic|p1a: Altaria","|-fail|p1a: Altaria","|","|turn|22","|","|move|p1a: Altaria|Dragon Dance|p1a: Altaria","|-boost|p1a: Altaria|atk|1","|-boost|p1a: Altaria|spe|1","|move|p2a: Zapdos|Discharge|p1a: Altaria","|-resisted|p1a: Altaria","|-activate|p1a: Altaria|Substitute|[damage]","|","|turn|23","|","|move|p1a: Altaria|Roost|p1a: Altaria","|-heal|p1a: Altaria|300/300","|move|p2a: Zapdos|Discharge|p1a: Altaria","|-resisted|p1a: Altaria","|-end|p1a: Altaria|Substitute","|","|turn|24","|","|switch|p2a: Magnezone|Magnezone|69/300","|move|p1a: Altaria|Hyper Voice|p2a: Magnezone","|-resisted|p2a: Magnezone","|-damage|p2a: Magnezone|0 fnt","|faint|p2a: Magnezone","|","|","|switch|p2a: Raikou|Raikou|261/321","|-ability|p2a: Raikou|Pressure","|turn|25","|","|move|p1a: Altaria|Hyper Voice|p2a: Raikou","|-damage|p2a: Raikou|81/321","|move|p2a: Raikou|Thunderbolt|p1a: Altaria","|-resisted|p1a: Altaria","|-damage|p1a: Altaria|232/300","|","|-heal|p2a: Raikou|101/321|[from] item: Leftovers","|turn|26","|","|move|p1a: Altaria|Substitute|p1a: Altaria","|-start|p1a: Altaria|Substitute","|-damage|p1a: Altaria|157/300","|move|p2a: Raikou|Thunderbolt|p1a: Altaria","|-resisted|p1a: Altaria","|-activate|p1a: Altaria|Substitute|[damage]","|","|-heal|p2a: Raikou|121/321|[from] item: Leftovers","|turn|27","|","|move|p1a: Altaria|Roost|p1a: Altaria","|-heal|p1a: Altaria|300/300","|move|p2a: Raikou|Thunderbolt|p1a: Altaria","|-resisted|p1a: Altaria","|-end|p1a: Altaria|Substitute","|","|-heal|p2a: Raikou|141/321|[from] item: Leftovers","|turn|28","|","|move|p1a: Altaria|Hyper Voice|p2a: Raikou","|-damage|p2a: Raikou|0 fnt","|faint|p2a: Raikou","|","|","|win|Dragotic"],"p1rating":{"entryid":"7308894","serverid":"eos","formatid":"monotype","userid":"dragotic","username":"Dragotic","w":3,"l":"1","t":"0","gxe":57.5,"r":1535.1902271407,"rd":112.07513528726,"sigma":"0","rptime":1438938000,"rpr":1559.6088016637,"rprd":107.40474337866,"rpsigma":"0","acre":1102.4897799432,"lacre":1102.4897799432,"oldacre":"1069.4482152201"},"p2rating":{"entryid":"7448162","serverid":"eos","formatid":"monotype","userid":"interntwizz","username":"Intern Twizz","w":"5","l":6,"t":"0","gxe":46.8,"r":"1451.5297298288","rd":"105.46575590565","sigma":"0","rptime":"1438938000","rpr":1474.9623991197,"rprd":84.600303975588,"rpsigma":"0","acre":1082.3337992865,"lacre":1082.3337992865,"oldacre":"1110.2567822197"},"endType":"forfeit"}