{"seed":[23232,48822,54851,63887],"turns":23,"p1":"Guard Wulf","p2":"InfernalxCrown","p1team":[{"name":"Jirachi","species":"Jirachi","item":"choicescarf","ability":"Serene Grace","moves":["ironhead","uturn","firepunch","zenheadbutt"],"nature":"Jolly","evs":{"hp":0,"atk":252,"def":0,"spa":0,"spd":4,"spe":252},"ivs":{"hp":31,"atk":31,"def":31,"spa":31,"spd":31,"spe":31}},{"name":"Heatran","species":"Heatran","item":"airballoon","ability":"Flash Fire","moves":["lavaplume","ancientpower","earthpower","willowisp"],"nature":"Modest","evs":{"hp":248,"atk":0,"def":0,"spa":252,"spd":8,"spe":0},"ivs":{"hp":31,"atk":31,"def":31,"spa":31,"spd":31,"spe":31}},{"name":"Ferrothorn","species":"Ferrothorn","item":"leftovers","ability":"Iron Barbs","moves":["leechseed","spikes","seedbomb","protect"],"nature":"Careful","evs":{"hp":92,"atk":0,"def":164,"spa":0,"spd":252,"spe":0},"ivs":{"hp":31,"atk":31,"def":31,"spa":31,"spd":31,"spe":31}},{"name":"Skarmory","species":"Skarmory","item":"leftovers","ability":"Sturdy","moves":["stealthrock","whirlwind","roost","bravebird"],"nature":"Impish","evs":{"hp":252,"atk":0,"def":232,"spa":0,"spd":0,"spe":24},"ivs":{"hp":31,"atk":31,"def":31,"spa":31,"spd":31,"spe":31}},{"name":"Scizor","species":"Scizor","item":"scizorite","ability":"Technician","moves":["superpower","swordsdance","bulletpunch","bugbite"],"nature":"Adamant","evs":{"hp":248,"atk":252,"def":0,"spa":0,"spd":8,"spe":0},"ivs":{"hp":31,"atk":31,"def":31,"spa":31,"spd":31,"spe":31}},{"name":"Magnezone","species":"Magnezone","item":"airballoon","ability":"Analytic","moves":["thunderbolt","hiddenpowerice","voltswitch","flashcannon"],"nature":"Modest","evs":{"hp":248,"atk":0,"def":0,"spa":252,"spd":8,"spe":0},"ivs":{"hp":31,"atk":30,"def":30,"spa":31,"spd":31,"spe":31}}],"p2team":[{"name":"Aegislash","species":"Aegislash","item":"weaknesspolicy","ability":"Stance Change","moves":["shadowball","shadowsneak","kingsshield","sacredsword"],"nature":"Brave","evs":{"hp":252,"atk":76,"def":0,"spa":176,"spd":4,"spe":0},"ivs":{"hp":31,"atk":31,"def":31,"spa":31,"spd":31,"spe":0},"shiny":true},{"name":"Sableye","species":"Sableye","item":"leftovers","ability":"Prankster","moves":["willowisp","recover","taunt","knockoff"],"nature":"Careful","evs":{"hp":252,"atk":0,"def":84,"spa":0,"spd":168,"spe":4},"ivs":{"hp":31,"atk":0,"def":31,"spa":31,"spd":31,"spe":31}},{"name":"Golurk","species":"Golurk","item":"focussash","ability":"No Guard","moves":["stealthrock","curse","dynamicpunch","stoneedge"],"nature":"Adamant","evs":{"hp":4,"atk":252,"def":0,"spa":0,"spd":0,"spe":252},"shiny":true,"ivs":{"hp":31,"atk":31,"def":31,"spa":31,"spd":31,"spe":31}},{"name":"Jellicent","species":"Jellicent","item":"leftovers","ability":"Cursed Body","moves":["acidarmor","toxic","recover","scald"],"nature":"Calm","evs":{"hp":252,"atk":0,"def":4,"spa":0,"spd":252,"spe":0},"gender":"M","ivs":{"hp":31,"atk":0,"def":31,"spa":31,"spd":31,"spe":31}},{"name":"Chandelure","species":"Chandelure","item":"choicescarf","ability":"Infiltrator","moves":["flamethrower","shadowball","energyball","trick"],"nature":"Timid","evs":{"hp":0,"atk":0,"def":4,"spa":252,"spd":0,"spe":252},"ivs":{"hp":31,"atk":0,"def":31,"spa":31,"spd":31,"spe":31},"shiny":true},{"name":"Gengar","species":"Gengar","item":"choicespecs","ability":"Levitate","moves":["dazzlinggleam","shadowball","thunderbolt","sludgewave"],"nature":"Timid","evs":{"hp":4,"atk":0,"def":0,"spa":252,"spd":0,"spe":252},"ivs":{"hp":31,"atk":0,"def":31,"spa":31,"spd":31,"spe":31}}],"log":["|player|p1|Guard Wulf|143","|player|p2|InfernalxCrown|infernalxcrown.png","|gametype|singles","|gen|6","|tier|Monotype","|rated","|rule|Baton Pass Clause: Limit one Baton Passer, can't pass Spe and other stats simultaneously","|rule|Swagger Clause: Swagger is banned","|rule|Same Type Clause: Pokémon in a team must share a type","|clearpoke","|poke|p1|Jirachi","|poke|p1|Heatran, M","|poke|p1|Ferrothorn, F","|poke|p1|Skarmory, M","|poke|p1|Scizor, M","|poke|p1|Magnezone","|poke|p2|Aegislash, F, shiny","|poke|p2|Sableye, M","|poke|p2|Golurk, shiny","|poke|p2|Jellicent, M","|poke|p2|Chandelure, F, shiny","|poke|p2|Gengar, F","|rule|Sleep Clause Mod: Limit one foe put to sleep","|rule|Species Clause: Limit one of each Pokémon","|rule|OHKO Clause: OHKO moves are banned","|rule|Moody Clause: Moody is banned","|rule|Evasion Moves Clause: Evasion moves are banned","|rule|Endless Battle Clause: Forcing endless battles is banned","|rule|HP Percentage Mod: HP is shown in percentages","|teampreview","|","|start","|switch|p1a: Ferrothorn|Ferrothorn, F|312/312","|switch|p2a: Sableye|Sableye, M|304/304","|turn|1","|","|switch|p1a: Heatran|Heatran, M|385/385","|-item|p1a: Heatran|Air Balloon","|move|p2a: Sableye|Knock Off|p1a: Heatran","|-damage|p1a: Heatran|312/385","|-enditem|p1a: Heatran|Air Balloon","|","|turn|2","|","|switch|p2a: Jellicent|Jellicent, M|404/404","|move|p1a: Heatran|Will-O-Wisp|p2a: Jellicent","|-status|p2a: Jellicent|brn","|","|-damage|p2a: Jellicent|354/404 brn|[from] brn","|turn|3","|","|switch|p1a: Ferrothorn|Ferrothorn, F|312/312","|move|p2a: Jellicent|Scald|p1a: Ferrothorn","|-resisted|p1a: Ferrothorn","|-damage|p1a: Ferrothorn|284/312","|-status|p1a: Ferrothorn|brn","|","|-heal|p2a: Jellicent|379/404 brn|[from] item: Leftovers","|-heal|p1a: Ferrothorn|303/312 brn|[from] item: Leftovers","|-damage|p2a: Jellicent|329/404 brn|[from] brn","|-damage|p1a: Ferrothorn|264/312 brn|[from] brn","|turn|4","|","|switch|p2a: Sableye|Sableye, M|304/304","|move|p1a: Ferrothorn|Spikes|p2a: Sableye","|-sidestart|p2: InfernalxCrown|Spikes","|","|-heal|p1a: Ferrothorn|283/312 brn|[from] item: Leftovers","|-damage|p1a: Ferrothorn|244/312 brn|[from] brn","|turn|5","|","|move|p2a: Sableye|Taunt|p1a: Ferrothorn","|-start|p1a: Ferrothorn|move: Taunt","|cant|p1a: Ferrothorn|move: Taunt|Leech Seed","|","|-heal|p1a: Ferrothorn|263/312 brn|[from] item: Leftovers","|-damage|p1a: Ferrothorn|224/312 brn|[from] brn","|turn|6","|","|switch|p1a: Magnezone|Magnezone|343/343","|-item|p1a: Magnezone|Air Balloon","|move|p2a: Sableye|Knock Off|p1a: Magnezone","|-damage|p1a: Magnezone|271/343","|-enditem|p1a: Magnezone|Air Balloon","|","|turn|7","|","|switch|p2a: Golurk|Golurk, shiny|320/320","|-damage|p2a: Golurk|280/320|[from] Spikes","|move|p1a: Magnezone|Flash Cannon|p2a: Golurk","|-damage|p2a: Golurk|15/320","|-unboost|p2a: Golurk|spd|1","|","|turn|8","|","|switch|p1a: Skarmory|Skarmory, M|334/334","|move|p2a: Golurk|Dynamic Punch|p1a: Skarmory","|-damage|p1a: Skarmory|259/334","|-start|p1a: Skarmory|confusion","|","|-heal|p1a: Skarmory|279/334|[from] item: Leftovers","|turn|9","|","|move|p2a: Golurk|Curse|p1a: Skarmory","|-start|p1a: Skarmory|Curse|[of] p2a: Golurk","|-damage|p2a: Golurk|0 fnt","|faint|p2a: Golurk","|-activate|p1a: Skarmory|confusion","|-damage|p1a: Skarmory|264/334|[from] confusion","|","|-heal|p1a: Skarmory|284/334|[from] item: Leftovers","|-damage|p1a: Skarmory|201/334|[from] Curse","|","|switch|p2a: Chandelure|Chandelure, F, shiny|261/261","|-damage|p2a: Chandelure|229/261|[from] Spikes","|turn|10","|","|switch|p1a: Heatran|Heatran, M|312/385","|move|p2a: Chandelure|Shadow Ball|p1a: Heatran","|-damage|p1a: Heatran|158/385","|","|turn|11","|","|switch|p2a: Jellicent|Jellicent, M|329/404 brn","|-damage|p2a: Jellicent|279/404 brn|[from] Spikes","|move|p1a: Heatran|Earth Power|p2a: Jellicent","|-damage|p2a: Jellicent|190/404 brn","|","|-heal|p2a: Jellicent|215/404 brn|[from] item: Leftovers","|-damage|p2a: Jellicent|165/404 brn|[from] brn","|turn|12","|","|switch|p1a: Magnezone|Magnezone|271/343","|move|p2a: Jellicent|Recover|p2a: Jellicent","|-heal|p2a: Jellicent|367/404 brn","|","|-heal|p2a: Jellicent|392/404 brn|[from] item: Leftovers","|-damage|p2a: Jellicent|342/404 brn|[from] brn","|turn|13","|","|move|p1a: Magnezone|Thunderbolt|p2a: Jellicent","|-crit|p2a: Jellicent","|-supereffective|p2a: Jellicent","|-damage|p2a: Jellicent|0 fnt","|faint|p2a: Jellicent","|","|","|switch|p2a: Aegislash|Aegislash, F, shiny|324/324","|-damage|p2a: Aegislash|284/324|[from] Spikes","|turn|14","|","|move|p1a: Magnezone|Volt Switch|p2a: Aegislash","|-damage|p2a: Aegislash|184/324","|","|switch|p1a: Ferrothorn|Ferrothorn, F|224/312 brn","|-formechange|p2a: Aegislash|Aegislash-Blade","|move|p2a: Aegislash|Sacred Sword|p1a: Ferrothorn","|-supereffective|p1a: Ferrothorn","|-damage|p1a: Ferrothorn|62/312 brn","|-damage|p2a: Aegislash|144/324|[from] ability: Iron Barbs|[of] p1a: Ferrothorn","|","|-heal|p1a: Ferrothorn|81/312 brn|[from] item: Leftovers","|-damage|p1a: Ferrothorn|42/312 brn|[from] brn","|turn|15","|","|move|p2a: Aegislash|Shadow Ball|p1a: Ferrothorn","|-damage|p1a: Ferrothorn|0 fnt","|faint|p1a: Ferrothorn","|","|","|switch|p1a: Jirachi|Jirachi|341/341","|turn|16","|","|move|p1a: Jirachi|Fire Punch|p2a: Aegislash","|-supereffective|p2a: Aegislash","|-damage|p2a: Aegislash|0 fnt","|faint|p2a: Aegislash","|","|","|switch|p2a: Chandelure|Chandelure, F, shiny|229/261","|-damage|p2a: Chandelure|197/261|[from] Spikes","|turn|17","|","|switch|p1a: Skarmory|Skarmory, M|201/334","|move|p2a: Chandelure|Shadow Ball|p1a: Skarmory","|-damage|p1a: Skarmory|0 fnt","|faint|p1a: Skarmory","|","|","|switch|p1a: Magnezone|Magnezone|271/343","|turn|18","|","|switch|p2a: Gengar|Gengar, F|262/262","|move|p1a: Magnezone|Thunderbolt|p2a: Gengar","|-damage|p2a: Gengar|0 fnt","|faint|p2a: Gengar","|","|","|switch|p2a: Sableye|Sableye, M|304/304","|-damage|p2a: Sableye|266/304|[from] Spikes","|turn|19","|","|switch|p2a: Chandelure|Chandelure, F, shiny|197/261","|-damage|p2a: Chandelure|165/261|[from] Spikes","|move|p1a: Magnezone|Volt Switch|p2a: Chandelure","|-damage|p2a: Chandelure|0 fnt","|faint|p2a: Chandelure","|","|switch|p1a: Heatran|Heatran, M|158/385","|","|","|switch|p2a: Sableye|Sableye, M|266/304","|-damage|p2a: Sableye|228/304|[from] Spikes","|turn|20","|","|move|p1a: Heatran|Lava Plume|p2a: Sableye","|-damage|p2a: Sableye|57/304","|move|p2a: Sableye|Knock Off|p1a: Heatran","|-crit|p1a: Heatran","|-damage|p1a: Heatran|86/385","|","|-heal|p2a: Sableye|76/304|[from] item: Leftovers","|turn|21","|","|move|p2a: Sableye|Recover|p2a: Sableye","|-heal|p2a: Sableye|228/304","|move|p1a: Heatran|Lava Plume|p2a: Sableye","|-damage|p2a: Sableye|56/304","|","|-heal|p2a: Sableye|75/304|[from] item: Leftovers","|turn|22","|","|move|p2a: Sableye|Recover|p2a: Sableye","|-heal|p2a: Sableye|227/304","|move|p1a: Heatran|Will-O-Wisp|p2a: Sableye","|-status|p2a: Sableye|brn","|","|-heal|p2a: Sableye|246/304 brn|[from] item: Leftovers","|-damage|p2a: Sableye|208/304 brn|[from] brn","|turn|23","|","|move|p1a: Heatran|Lava Plume|p2a: Sableye","|-crit|p2a: Sableye","|-damage|p2a: Sableye|0 fnt","|faint|p2a: Sableye","|","|win|Guard Wulf"],"p1rating":{"entryid":"7326062","serverid":"eos","formatid":"monotype","userid":"guardwulf","username":"Guard Wulf","w":40,"l":"19","t":"0","gxe":63.8,"r":"1615.5779242803","rd":"47.440196403096","sigma":"0","rptime":"1438938000","rpr":1607.4810361933,"rprd":46.059337814947,"rpsigma":"0","acre":1233.8718501581,"lacre":1233.8718501581,"oldacre":"1217.4635884704"},"p2rating":{"entryid":"5724468","serverid":"eos","formatid":"monotype","userid":"infernalxcrown","username":"InfernalxCrown","w":"81","l":78,"t":"0","gxe":52.1,"r":"1521.5837898453","rd":"37.476740410951","sigma":"0","rptime":"1438938000","rpr":1515.8148270176,"rprd":36.934849866155,"rpsigma":"0","acre":1077.2769424869,"lacre":1077.2769424869,"oldacre":"1092.995626627"},"endType":"normal"}