{"seed":[16298,31860,26036,38887],"turns":21,"p1":"Crystal Blade64","p2":"Jake1079","p1team":[{"name":"Zeus+Thor=Me","species":"manectric","item":"manectite","ability":"Static","moves":["overheat","thunderbolt","hiddenpowerice","voltswitch"],"nature":"Timid","evs":{"hp":0,"atk":0,"def":0,"spa":252,"spd":4,"spe":252},"ivs":{"hp":31,"atk":30,"def":30,"spa":31,"spd":31,"spe":31}},{"name":"GaryGaryGary","species":"electivire","item":"choiceband","ability":"Motor Drive","moves":["earthquake","crosschop","wildcharge","icepunch"],"nature":"Jolly","evs":{"hp":4,"atk":252,"def":0,"spa":0,"spd":0,"spe":252},"ivs":{"hp":31,"atk":31,"def":31,"spa":31,"spd":31,"spe":31}},{"name":"I bug people.","species":"galvantula","item":"focussash","ability":"Compound Eyes","moves":["thunder","energyball","bugbuzz","stickyweb"],"nature":"Timid","evs":{"hp":0,"atk":0,"def":0,"spa":252,"spd":4,"spe":252},"ivs":{"hp":31,"atk":31,"def":31,"spa":31,"spd":31,"spe":31}},{"name":"Thundercats","species":"raikou","item":"choicescarf","ability":"Pressure","moves":["thunderbolt","voltswitch","hiddenpowerice","extrasensory"],"nature":"Timid","evs":{"hp":0,"atk":0,"def":0,"spa":252,"spd":4,"spe":252},"ivs":{"hp":31,"atk":30,"def":30,"spa":31,"spd":31,"spe":31}},{"name":"WashYoClothes","species":"rotomwash","item":"chestoberry","ability":"Levitate","moves":["willowisp","voltswitch","hydropump","rest"],"nature":"Calm","evs":{"hp":248,"atk":0,"def":0,"spa":8,"spd":252,"spe":0},"ivs":{"hp":31,"atk":31,"def":31,"spa":31,"spd":31,"spe":31}},{"name":"I Fly.","species":"zapdos","item":"leftovers","ability":"Pressure","moves":["heatwave","roost","defog","discharge"],"nature":"Calm","evs":{"hp":252,"atk":0,"def":0,"spa":4,"spd":252,"spe":0},"ivs":{"hp":31,"atk":31,"def":31,"spa":31,"spd":31,"spe":31}}],"p2team":[{"name":"Aggron","species":"Aggron","item":"aggronite","ability":"Sturdy","moves":["thunderwave","earthquake","ironhead","endeavor"],"nature":"Adamant","evs":{"hp":252,"atk":68,"def":12,"spa":0,"spd":176,"spe":0},"ivs":{"hp":31,"atk":31,"def":31,"spa":31,"spd":31,"spe":31}},{"name":"Metagross","species":"Metagross","item":"lifeorb","ability":"Clear Body","moves":["agility","icepunch","earthquake","zenheadbutt"],"nature":"Adamant","evs":{"hp":4,"atk":252,"def":0,"spa":0,"spd":0,"spe":252},"ivs":{"hp":31,"atk":31,"def":31,"spa":31,"spd":31,"spe":31}},{"name":"Empoleon","species":"Empoleon","item":"choicespecs","ability":"Torrent","moves":["icebeam","scald","flashcannon","signalbeam"],"nature":"Modest","evs":{"hp":252,"atk":0,"def":0,"spa":252,"spd":4,"spe":0},"ivs":{"hp":31,"atk":31,"def":31,"spa":31,"spd":31,"spe":31}},{"name":"Excadrill","species":"Excadrill","item":"choicescarf","ability":"Mold Breaker","moves":["earthquake","xscissor","rockslide","ironhead"],"nature":"Jolly","evs":{"hp":4,"atk":252,"def":0,"spa":0,"spd":0,"spe":252},"ivs":{"hp":31,"atk":31,"def":31,"spa":31,"spd":31,"spe":31}},{"name":"Heatran","species":"Heatran","item":"airballoon","ability":"Flash Fire","moves":["darkpulse","earthpower","flamethrower","flashcannon"],"nature":"Modest","evs":{"hp":252,"atk":0,"def":0,"spa":252,"spd":4,"spe":0},"ivs":{"hp":31,"atk":31,"def":31,"spa":31,"spd":31,"spe":31}},{"name":"Scizor","species":"Scizor","item":"leftovers","ability":"Technician","moves":["bugbite","bulletpunch","swordsdance","roost"],"nature":"Adamant","evs":{"hp":252,"atk":252,"def":0,"spa":0,"spd":4,"spe":0},"ivs":{"hp":31,"atk":31,"def":31,"spa":31,"spd":31,"spe":31}}],"log":["|player|p1|Crystal Blade64|165","|player|p2|Jake1079|150","|gametype|singles","|gen|6","|tier|Monotype","|rated","|rule|Baton Pass Clause: Limit one Baton Passer, can't pass Spe and other stats simultaneously","|rule|Swagger Clause: Swagger is banned","|rule|Same Type Clause: Pokémon in a team must share a type","|clearpoke","|poke|p1|Manectric, F","|poke|p1|Electivire, M","|poke|p1|Galvantula, M","|poke|p1|Raikou","|poke|p1|Rotom-Wash","|poke|p1|Zapdos","|poke|p2|Aggron, M","|poke|p2|Metagross","|poke|p2|Empoleon, M","|poke|p2|Excadrill, M","|poke|p2|Heatran, M","|poke|p2|Scizor, F","|rule|Sleep Clause Mod: Limit one foe put to sleep","|rule|Species Clause: Limit one of each Pokémon","|rule|OHKO Clause: OHKO moves are banned","|rule|Moody Clause: Moody is banned","|rule|Evasion Moves Clause: Evasion moves are banned","|rule|Endless Battle Clause: Forcing endless battles is banned","|rule|HP Percentage Mod: HP is shown in percentages","|teampreview","|","|start","|switch|p1a: I bug people.|Galvantula, M|281/281","|switch|p2a: Aggron|Aggron, M|344/344","|turn|1","|","|detailschange|p2a: Aggron|Aggron-Mega, M","|-mega|p2a: Aggron|Aggron|Aggronite","|move|p1a: I bug people.|Sticky Web|p2a: Aggron","|-sidestart|p2: Jake1079|move: Sticky Web","|move|p2a: Aggron|Earthquake|p1a: I bug people.","|-damage|p1a: I bug people.|102/281","|","|turn|2","|","|move|p1a: I bug people.|Thunder|p2a: Aggron|[miss]","|-miss|p1a: I bug people.|p2a: Aggron","|move|p2a: Aggron|Earthquake|p1a: I bug people.","|-damage|p1a: I bug people.|0 fnt","|faint|p1a: I bug people.","|","|","|switch|p1a: Zeus+Thor=Me|Manectric, F|281/281","|turn|3","|","|detailschange|p1a: Zeus+Thor=Me|Manectric-Mega, F","|-mega|p1a: Zeus+Thor=Me|Manectric|Manectite","|-ability|p1a: Zeus+Thor=Me|Intimidate","|-unboost|p2a: Aggron|atk|1","|move|p1a: Zeus+Thor=Me|Volt Switch|p2a: Aggron","|-damage|p2a: Aggron|217/344","|","|switch|p1a: WashYoClothes|Rotom-Wash|303/303","|move|p2a: Aggron|Earthquake|p1a: WashYoClothes","|-immune|p1a: WashYoClothes|[msg]","|","|turn|4","|","|move|p1a: WashYoClothes|Volt Switch|p2a: Aggron","|-damage|p2a: Aggron|136/344","|","|switch|p1a: Zeus+Thor=Me|Manectric-Mega, F|281/281","|-ability|p1a: Zeus+Thor=Me|Intimidate","|-unboost|p2a: Aggron|atk|1","|move|p2a: Aggron|Iron Head|p1a: Zeus+Thor=Me","|-resisted|p1a: Zeus+Thor=Me","|-damage|p1a: Zeus+Thor=Me|237/281","|","|turn|5","|","|move|p1a: Zeus+Thor=Me|Thunderbolt|p2a: Aggron","|-crit|p2a: Aggron","|-damage|p2a: Aggron|0 fnt","|faint|p2a: Aggron","|","|","|switch|p2a: Excadrill|Excadrill, M|362/362","|-activate|p2a: Excadrill|move: Sticky Web","|-unboost|p2a: Excadrill|spe|1","|-ability|p2a: Excadrill|Mold Breaker","|turn|6","|","|switch|p1a: I Fly.|Zapdos|384/384","|-ability|p1a: I Fly.|Pressure","|move|p2a: Excadrill|Earthquake|p1a: I Fly.","|-immune|p1a: I Fly.|[msg]","|","|turn|7","|","|switch|p2a: Empoleon|Empoleon, M|372/372","|-activate|p2a: Empoleon|move: Sticky Web","|-unboost|p2a: Empoleon|spe|1","|switch|p1a: Zeus+Thor=Me|Manectric-Mega, F|237/281","|-ability|p1a: Zeus+Thor=Me|Intimidate","|-unboost|p2a: Empoleon|atk|1","|","|turn|8","|","|move|p1a: Zeus+Thor=Me|Thunderbolt|p2a: Empoleon","|-supereffective|p2a: Empoleon","|-damage|p2a: Empoleon|34/372","|move|p2a: Empoleon|Flash Cannon|p1a: Zeus+Thor=Me","|-resisted|p1a: Zeus+Thor=Me","|-damage|p1a: Zeus+Thor=Me|109/281","|","|turn|9","|","|move|p1a: Zeus+Thor=Me|Volt Switch|p2a: Empoleon","|-supereffective|p2a: Empoleon","|-damage|p2a: Empoleon|0 fnt","|faint|p2a: Empoleon","|","|switch|p1a: Thundercats|Raikou|321/321","|-ability|p1a: Thundercats|Pressure","|","|","|switch|p2a: Metagross|Metagross|302/302","|-activate|p2a: Metagross|move: Sticky Web","|-fail|p2a: Metagross|unboost|[from] ability: Clear Body|[of] p2a: Metagross","|turn|10","|","|move|p1a: Thundercats|Volt Switch|p2a: Metagross","|-damage|p2a: Metagross|185/302","|","|switch|p1a: WashYoClothes|Rotom-Wash|303/303","|move|p2a: Metagross|Agility|p2a: Metagross","|-boost|p2a: Metagross|spe|2","|","|turn|11","|","|move|p2a: Metagross|Zen Headbutt|p1a: WashYoClothes","|-damage|p1a: WashYoClothes|116/303","|-damage|p2a: Metagross|155/302|[from] item: Life Orb","|move|p1a: WashYoClothes|Will-O-Wisp|p2a: Metagross","|-status|p2a: Metagross|brn","|","|-damage|p2a: Metagross|118/302 brn|[from] brn","|turn|12","|","|switch|p1a: Zeus+Thor=Me|Manectric-Mega, F|109/281","|-ability|p1a: Zeus+Thor=Me|Intimidate","|-fail|p2a: Metagross|unboost|[from] ability: Clear Body|[of] p2a: Metagross","|move|p2a: Metagross|Zen Headbutt|p1a: Zeus+Thor=Me","|-damage|p1a: Zeus+Thor=Me|0 fnt","|-damage|p2a: Metagross|88/302 brn|[from] item: Life Orb","|faint|p1a: Zeus+Thor=Me","|","|-damage|p2a: Metagross|51/302 brn|[from] brn","|","|switch|p1a: WashYoClothes|Rotom-Wash|116/303","|turn|13","|","|move|p2a: Metagross|Zen Headbutt|p1a: WashYoClothes","|-damage|p1a: WashYoClothes|24/303","|-damage|p2a: Metagross|21/302 brn|[from] item: Life Orb","|move|p1a: WashYoClothes|Rest|p1a: WashYoClothes","|-status|p1a: WashYoClothes|slp","|-heal|p1a: WashYoClothes|303/303 slp|[silent]","|-status|p1a: WashYoClothes|slp|[from] move: Rest","|-enditem|p1a: WashYoClothes|Chesto Berry|[eat]","|-curestatus|p1a: WashYoClothes|slp","|","|-damage|p2a: Metagross|0 fnt|[from] brn","|faint|p2a: Metagross","|","|switch|p2a: Scizor|Scizor, F|344/344","|-activate|p2a: Scizor|move: Sticky Web","|-unboost|p2a: Scizor|spe|1","|turn|14","|","|move|p1a: WashYoClothes|Will-O-Wisp|p2a: Scizor","|-status|p2a: Scizor|brn","|move|p2a: Scizor|Swords Dance|p2a: Scizor","|-boost|p2a: Scizor|atk|2","|","|-damage|p2a: Scizor|301/344 brn|[from] brn","|turn|15","|","|move|p1a: WashYoClothes|Hydro Pump|p2a: Scizor","|-damage|p2a: Scizor|147/344 brn","|move|p2a: Scizor|Swords Dance|p2a: Scizor","|-boost|p2a: Scizor|atk|2","|","|-heal|p2a: Scizor|168/344 brn|[from] item: Leftovers","|-damage|p2a: Scizor|125/344 brn|[from] brn","|turn|16","|","|move|p2a: Scizor|Bullet Punch|p1a: WashYoClothes","|-resisted|p1a: WashYoClothes","|-damage|p1a: WashYoClothes|263/303","|move|p1a: WashYoClothes|Volt Switch|p2a: Scizor","|-damage|p2a: Scizor|22/344 brn","|","|switch|p1a: Thundercats|Raikou|321/321","|-ability|p1a: Thundercats|Pressure","|","|-heal|p2a: Scizor|43/344 brn|[from] item: Leftovers","|-damage|p2a: Scizor|0 fnt|[from] brn","|faint|p2a: Scizor","|","|switch|p2a: Heatran|Heatran, M|386/386","|-item|p2a: Heatran|Air Balloon","|turn|17","|","|move|p1a: Thundercats|Thunderbolt|p2a: Heatran","|-damage|p2a: Heatran|238/386","|-enditem|p2a: Heatran|Air Balloon","|move|p2a: Heatran|Earth Power|p1a: Thundercats","|-supereffective|p1a: Thundercats","|-damage|p1a: Thundercats|93/321","|","|turn|18","|","|switch|p1a: WashYoClothes|Rotom-Wash|263/303","|move|p2a: Heatran|Flamethrower|p1a: WashYoClothes","|-resisted|p1a: WashYoClothes","|-damage|p1a: WashYoClothes|203/303","|","|turn|19","|","|move|p1a: WashYoClothes|Hydro Pump|p2a: Heatran","|-supereffective|p2a: Heatran","|-damage|p2a: Heatran|0 fnt","|faint|p2a: Heatran","|","|","|switch|p2a: Excadrill|Excadrill, M|362/362","|-activate|p2a: Excadrill|move: Sticky Web","|-unboost|p2a: Excadrill|spe|1","|-ability|p2a: Excadrill|Mold Breaker","|turn|20","|","|move|p2a: Excadrill|X-Scissor|p1a: WashYoClothes","|-damage|p1a: WashYoClothes|115/303","|move|p1a: WashYoClothes|Will-O-Wisp|p2a: Excadrill","|-status|p2a: Excadrill|brn","|","|-damage|p2a: Excadrill|317/362 brn|[from] brn","|turn|21","|","|move|p2a: Excadrill|X-Scissor|p1a: WashYoClothes","|-damage|p1a: WashYoClothes|65/303","|move|p1a: WashYoClothes|Hydro Pump|p2a: Excadrill","|-supereffective|p2a: Excadrill","|-damage|p2a: Excadrill|0 fnt","|faint|p2a: Excadrill","|","|win|Crystal Blade64"],"p1rating":{"entryid":"6391332","serverid":"eos","formatid":"monotype","userid":"crystalblade64","username":"Crystal Blade64","w":11,"l":"13","t":"0","gxe":48.6,"r":"1448.2855493358","rd":"80.09212301531","sigma":"0","rptime":"1438938000","rpr":1488.9310596688,"rprd":69.26236814468,"rpsigma":"0","acre":1172.518729216,"lacre":1172.518729216,"oldacre":"1149.4195822863"},"p2rating":{"entryid":"7429437","serverid":"eos","formatid":"monotype","userid":"jake1079","username":"Jake1079","w":"15","l":20,"t":"0","gxe":43.9,"r":"1432.0215284905","rd":"63.342948455493","sigma":"0","rptime":"1438938000","rpr":1453.4442650345,"rprd":56.342171496152,"rpsigma":"0","acre":1099.8523909276,"lacre":1099.8523909276,"oldacre":"1122.9515378573"},"endType":"normal"}