{"seed":[8359,49857,23355,9384],"turns":21,"p1":"Accurate Man","p2":"Alliance- WU용의TANG","p1team":[{"name":"Applejack","species":"victini","item":"charcoal","ability":"Victory Star","moves":["vcreate","boltstrike","trickroom","willowisp"],"nature":"Brave","evs":{"hp":248,"atk":252,"def":0,"spa":0,"spd":8,"spe":0},"ivs":{"hp":31,"atk":31,"def":31,"spa":31,"spd":31,"spe":0}},{"name":"Rarity","species":"slowbro","item":"weaknesspolicy","ability":"Regenerator","moves":["scald","trickroom","calmmind","slackoff"],"nature":"Relaxed","evs":{"hp":252,"atk":0,"def":252,"spa":0,"spd":4,"spe":0},"ivs":{"hp":31,"atk":31,"def":31,"spa":31,"spd":31,"spe":0}},{"name":"Pinkie Pie","species":"malamar","item":"focussash","ability":"Contrary","moves":["superpower","knockoff","trickroom","topsyturvy"],"nature":"Brave","evs":{"hp":252,"atk":252,"def":0,"spa":0,"spd":4,"spe":0},"gender":"F","ivs":{"hp":31,"atk":31,"def":31,"spa":31,"spd":31,"spe":0}},{"name":"Twilight Sparkle","species":"gardevoir","item":"gardevoirite","ability":"Trace","moves":["hypervoice","trickroom","focusblast","hiddenpowerrock"],"nature":"Quiet","evs":{"hp":252,"atk":0,"def":0,"spa":252,"spd":4,"spe":0},"gender":"F","ivs":{"hp":31,"atk":31,"def":30,"spa":31,"spd":30,"spe":2}},{"name":"Rainbow Dash","species":"medicham","item":"lifeorb","ability":"Pure Power","moves":["fakeout","highjumpkick","zenheadbutt","icepunch"],"nature":"Brave","evs":{"hp":248,"atk":252,"def":4,"spa":0,"spd":4,"spe":0},"ivs":{"hp":31,"atk":31,"def":31,"spa":31,"spd":31,"spe":0}},{"name":"Fluttershy","species":"meloetta","item":"choicespecs","ability":"Serene Grace","moves":["focusblast","psychic","shadowball","energyball"],"nature":"Quiet","evs":{"hp":252,"atk":0,"def":0,"spa":252,"spd":4,"spe":0},"ivs":{"hp":31,"atk":0,"def":31,"spa":31,"spd":31,"spe":0}}],"p2team":[{"name":"Tornadus-Therian","species":"Tornadus-Therian","item":"assaultvest","ability":"Regenerator","moves":["hurricane","heatwave","knockoff","uturn"],"nature":"Modest","evs":{"hp":112,"atk":0,"def":0,"spa":200,"spd":0,"spe":196},"shiny":true,"ivs":{"hp":31,"atk":31,"def":31,"spa":31,"spd":31,"spe":31}},{"name":"Landorus-Therian","species":"Landorus-Therian","item":"choicescarf","ability":"Intimidate","moves":["uturn","knockoff","earthquake","rockslide"],"nature":"Jolly","evs":{"hp":4,"atk":252,"def":0,"spa":0,"spd":0,"spe":252},"ivs":{"hp":31,"atk":31,"def":31,"spa":31,"spd":31,"spe":31}},{"name":"Skarmory","species":"Skarmory","item":"rockyhelmet","ability":"Sturdy","moves":["ironhead","roost","defog","stealthrock"],"nature":"Impish","evs":{"hp":252,"atk":0,"def":212,"spa":0,"spd":44,"spe":0},"shiny":true,"ivs":{"hp":31,"atk":31,"def":31,"spa":31,"spd":31,"spe":31}},{"name":"Thundurus-Therian","species":"Thundurus-Therian","item":"lifeorb","ability":"Volt Absorb","moves":["hiddenpowerice","thunderbolt","focusblast","voltswitch"],"nature":"Timid","evs":{"hp":4,"atk":0,"def":0,"spa":252,"spd":0,"spe":252},"ivs":{"hp":31,"atk":30,"def":30,"spa":31,"spd":31,"spe":31}},{"name":"Gyarados","species":"Gyarados","item":"gyaradosite","ability":"Intimidate","moves":["dragondance","earthquake","waterfall","icefang"],"nature":"Adamant","evs":{"hp":0,"atk":252,"def":0,"spa":0,"spd":4,"spe":252},"ivs":{"hp":31,"atk":31,"def":31,"spa":31,"spd":31,"spe":31}},{"name":"Dragonite","species":"Dragonite","item":"weaknesspolicy","ability":"Multiscale","moves":["extremespeed","dragondance","earthquake","dragonclaw"],"nature":"Adamant","evs":{"hp":4,"atk":252,"def":0,"spa":0,"spd":0,"spe":252},"ivs":{"hp":31,"atk":31,"def":31,"spa":31,"spd":31,"spe":31}}],"log":["|player|p1|Accurate Man|95","|player|p2|Alliance- WU용의TANG|alliancewutang.png","|gametype|singles","|gen|6","|tier|Monotype","|rated","|rule|Baton Pass Clause: Limit one Baton Passer, can't pass Spe and other stats simultaneously","|rule|Swagger Clause: Swagger is banned","|rule|Same Type Clause: Pokémon in a team must share a type","|clearpoke","|poke|p1|Victini","|poke|p1|Slowbro, F","|poke|p1|Malamar, F","|poke|p1|Gardevoir, F","|poke|p1|Medicham, M","|poke|p1|Meloetta","|poke|p2|Tornadus-Therian, M, shiny","|poke|p2|Landorus-Therian, M","|poke|p2|Skarmory, F, shiny","|poke|p2|Thundurus-Therian, M","|poke|p2|Gyarados, M","|poke|p2|Dragonite, F","|rule|Sleep Clause Mod: Limit one foe put to sleep","|rule|Species Clause: Limit one of each Pokémon","|rule|OHKO Clause: OHKO moves are banned","|rule|Moody Clause: Moody is banned","|rule|Evasion Moves Clause: Evasion moves are banned","|rule|Endless Battle Clause: Forcing endless battles is banned","|rule|HP Percentage Mod: HP is shown in percentages","|teampreview","|","|start","|switch|p1a: Rainbow Dash|Medicham, M|323/323","|switch|p2a: Landorus-Therian|Landorus-Therian, M|320/320","|-ability|p2a: Landorus-Therian|Intimidate","|-unboost|p1a: Rainbow Dash|atk|1","|turn|1","|","|switch|p2a: Skarmory|Skarmory, F, shiny|334/334","|move|p1a: Rainbow Dash|Fake Out|p2a: Skarmory","|-resisted|p2a: Skarmory","|-damage|p2a: Skarmory|317/334","|-damage|p1a: Rainbow Dash|270/323|[from] item: Rocky Helmet|[of] p2a: Skarmory","|-damage|p1a: Rainbow Dash|238/323|[from] item: Life Orb","|","|turn|2","|","|move|p2a: Skarmory|Stealth Rock|p1a: Rainbow Dash","|-sidestart|p1: Accurate Man|move: Stealth Rock","|move|p1a: Rainbow Dash|High Jump Kick|p2a: Skarmory|[miss]","|-miss|p1a: Rainbow Dash|p2a: Skarmory","|-damage|p1a: Rainbow Dash|77/323|[from] highjumpkick","|","|turn|3","|","|switch|p1a: Rarity|Slowbro, F|394/394","|-damage|p1a: Rarity|345/394|[from] Stealth Rock","|move|p2a: Skarmory|Iron Head|p1a: Rarity","|-resisted|p1a: Rarity","|-damage|p1a: Rarity|316/394","|","|turn|4","|","|switch|p2a: Thundurus-Therian|Thundurus-Therian, M|300/300","|move|p1a: Rarity|Scald|p2a: Thundurus-Therian","|-damage|p2a: Thundurus-Therian|192/300","|","|turn|5","|","|switch|p1a: Twilight Sparkle|Gardevoir, F|340/340","|-damage|p1a: Twilight Sparkle|298/340|[from] Stealth Rock","|-ability|p1a: Twilight Sparkle|Volt Absorb|[from] ability: Trace|[of] p2a: Thundurus-Therian","|move|p2a: Thundurus-Therian|Thunderbolt|p1a: Twilight Sparkle","|-heal|p1a: Twilight Sparkle|340/340|[from] ability: Volt Absorb|[of] p2a: Thundurus-Therian","|","|turn|6","|","|detailschange|p1a: Twilight Sparkle|Gardevoir-Mega, F","|-mega|p1a: Twilight Sparkle|Gardevoir|Gardevoirite","|move|p2a: Thundurus-Therian|Volt Switch|p1a: Twilight Sparkle","|-damage|p1a: Twilight Sparkle|194/340","|-damage|p2a: Thundurus-Therian|162/300|[from] item: Life Orb","|","|switch|p2a: Dragonite|Dragonite, F|324/324","|move|p1a: Twilight Sparkle|Trick Room|p1a: Twilight Sparkle","|-fieldstart|move: Trick Room|[of] p1a: Twilight Sparkle","|","|turn|7","|","|move|p1a: Twilight Sparkle|Hyper Voice|p2a: Dragonite","|-supereffective|p2a: Dragonite","|-damage|p2a: Dragonite|45/324","|-enditem|p2a: Dragonite|Weakness Policy","|-boost|p2a: Dragonite|atk|2|[from] item: Weakness Policy","|-boost|p2a: Dragonite|spa|2|[from] item: Weakness Policy","|move|p2a: Dragonite|Dragon Dance|p2a: Dragonite","|-boost|p2a: Dragonite|atk|1","|-boost|p2a: Dragonite|spe|1","|","|turn|8","|","|switch|p1a: Fluttershy|Meloetta|404/404","|-damage|p1a: Fluttershy|354/404|[from] Stealth Rock","|move|p2a: Dragonite|Extreme Speed|p1a: Fluttershy","|-damage|p1a: Fluttershy|36/404","|","|turn|9","|","|move|p2a: Dragonite|Extreme Speed|p1a: Fluttershy","|-damage|p1a: Fluttershy|0 fnt","|faint|p1a: Fluttershy","|","|","|switch|p1a: Rainbow Dash|Medicham, M|77/323","|-damage|p1a: Rainbow Dash|57/323|[from] Stealth Rock","|turn|10","|","|move|p1a: Rainbow Dash|Fake Out|p2a: Dragonite","|-damage|p2a: Dragonite|0 fnt","|-damage|p1a: Rainbow Dash|25/323|[from] item: Life Orb","|faint|p2a: Dragonite","|","|-fieldend|move: Trick Room","|","|switch|p2a: Landorus-Therian|Landorus-Therian, M|320/320","|-ability|p2a: Landorus-Therian|Intimidate","|-unboost|p1a: Rainbow Dash|atk|1","|turn|11","|","|switch|p1a: Rarity|Slowbro, F|394/394","|-damage|p1a: Rarity|345/394|[from] Stealth Rock","|move|p2a: Landorus-Therian|U-turn|p1a: Rarity","|-supereffective|p1a: Rarity","|-damage|p1a: Rarity|225/394","|-enditem|p1a: Rarity|Weakness Policy","|-boost|p1a: Rarity|atk|2|[from] item: Weakness Policy","|-boost|p1a: Rarity|spa|2|[from] item: Weakness Policy","|","|switch|p2a: Thundurus-Therian|Thundurus-Therian, M|162/300","|","|turn|12","|","|move|p2a: Thundurus-Therian|Thunderbolt|p1a: Rarity","|-supereffective|p1a: Rarity","|-damage|p1a: Rarity|0 fnt","|-damage|p2a: Thundurus-Therian|132/300|[from] item: Life Orb","|faint|p1a: Rarity","|","|","|switch|p1a: Twilight Sparkle|Gardevoir-Mega, F|194/340","|-damage|p1a: Twilight Sparkle|152/340|[from] Stealth Rock","|turn|13","|","|move|p2a: Thundurus-Therian|Thunderbolt|p1a: Twilight Sparkle","|-damage|p1a: Twilight Sparkle|0 fnt","|-damage|p2a: Thundurus-Therian|102/300|[from] item: Life Orb","|faint|p1a: Twilight Sparkle","|","|","|switch|p1a: Pinkie Pie|Malamar, F|376/376","|-damage|p1a: Pinkie Pie|329/376|[from] Stealth Rock","|turn|14","|","|move|p2a: Thundurus-Therian|Volt Switch|p1a: Pinkie Pie","|-damage|p1a: Pinkie Pie|91/376","|-damage|p2a: Thundurus-Therian|72/300|[from] item: Life Orb","|","|switch|p2a: Skarmory|Skarmory, F, shiny|317/334","|move|p1a: Pinkie Pie|Trick Room|p1a: Pinkie Pie","|-fieldstart|move: Trick Room|[of] p1a: Pinkie Pie","|","|turn|15","|","|switch|p1a: Applejack|Victini|403/403","|-damage|p1a: Applejack|303/403|[from] Stealth Rock","|move|p2a: Skarmory|Roost|p2a: Skarmory","|-heal|p2a: Skarmory|334/334","|","|turn|16","|","|move|p2a: Skarmory|Iron Head|p1a: Applejack","|-resisted|p1a: Applejack","|-damage|p1a: Applejack|265/403","|move|p1a: Applejack|V-create|p2a: Skarmory","|-supereffective|p2a: Skarmory","|-ability|p2a: Skarmory|Sturdy","|-damage|p2a: Skarmory|1/334","|-damage|p1a: Applejack|198/403|[from] item: Rocky Helmet|[of] p2a: Skarmory","|-unboost|p1a: Applejack|spe|1","|-unboost|p1a: Applejack|def|1","|-unboost|p1a: Applejack|spd|1","|","|turn|17","|","|move|p1a: Applejack|V-create|p2a: Skarmory","|-supereffective|p2a: Skarmory","|-damage|p2a: Skarmory|0 fnt","|-damage|p1a: Applejack|131/403|[from] item: Rocky Helmet|[of] p2a: Skarmory","|-unboost|p1a: Applejack|spe|1","|-unboost|p1a: Applejack|def|1","|-unboost|p1a: Applejack|spd|1","|faint|p2a: Skarmory","|","|","|switch|p2a: Gyarados|Gyarados, M|331/331","|-ability|p2a: Gyarados|Intimidate","|-unboost|p1a: Applejack|atk|1","|turn|18","|","|detailschange|p2a: Gyarados|Gyarados-Mega, M","|-mega|p2a: Gyarados|Gyarados|Gyaradosite","|-ability|p2a: Gyarados|Mold Breaker","|move|p1a: Applejack|Bolt Strike|p2a: Gyarados","|-supereffective|p2a: Gyarados","|-damage|p2a: Gyarados|157/331","|move|p2a: Gyarados|Dragon Dance|p2a: Gyarados","|-boost|p2a: Gyarados|atk|1","|-boost|p2a: Gyarados|spe|1","|","|-fieldend|move: Trick Room","|turn|19","|","|move|p2a: Gyarados|Waterfall|p1a: Applejack","|-supereffective|p1a: Applejack","|-damage|p1a: Applejack|0 fnt","|faint|p1a: Applejack","|","|","|switch|p1a: Rainbow Dash|Medicham, M|25/323","|-damage|p1a: Rainbow Dash|5/323|[from] Stealth Rock","|turn|20","|","|move|p1a: Rainbow Dash|Fake Out|p2a: Gyarados","|-crit|p2a: Gyarados","|-damage|p2a: Gyarados|36/331","|-damage|p1a: Rainbow Dash|0 fnt|[from] item: Life Orb","|faint|p1a: Rainbow Dash","|cant|p2a: Gyarados|flinch","|","|","|switch|p1a: Pinkie Pie|Malamar, F|91/376","|-damage|p1a: Pinkie Pie|44/376|[from] Stealth Rock","|turn|21","|","|move|p2a: Gyarados|Earthquake|p1a: Pinkie Pie","|-damage|p1a: Pinkie Pie|0 fnt","|faint|p1a: Pinkie Pie","|","|win|Alliance- WU용의TANG"],"p1rating":{"entryid":"7366843","serverid":"eos","formatid":"monotype","userid":"accurateman","username":"Accurate Man","w":"4","l":7,"t":"0","gxe":46.4,"r":"1483.2333681639","rd":"86.009150972693","sigma":"0","rptime":"1438938000","rpr":1472.3032077012,"rprd":84.042178799104,"rpsigma":"0","acre":1104.792017451,"lacre":1104.792017451,"oldacre":"1117.7669095358"},"p2rating":{"entryid":"7022950","serverid":"eos","formatid":"monotype","userid":"alliancewutang","username":"Alliance - Wu Tang","w":43,"l":"17","t":"0","gxe":69.1,"r":"1656.2145089817","rd":"50.371973774151","sigma":"0","rptime":"1438938000","rpr":1652.8727433129,"rprd":46.984380628464,"rpsigma":"0","acre":1312.8988330618,"lacre":1312.8988330618,"oldacre":"1299.923940977"},"endType":"normal"}