{"seed":[49717,24538,64960,32889],"turns":20,"p1":"Jake1079","p2":"Rustic Espeon","p1team":[{"name":"Aggron","species":"Aggron","item":"aggronite","ability":"Sturdy","moves":["thunderwave","earthquake","ironhead","endeavor"],"nature":"Adamant","evs":{"hp":252,"atk":68,"def":12,"spa":0,"spd":176,"spe":0},"ivs":{"hp":31,"atk":31,"def":31,"spa":31,"spd":31,"spe":31}},{"name":"Metagross","species":"Metagross","item":"lifeorb","ability":"Clear Body","moves":["agility","icepunch","earthquake","zenheadbutt"],"nature":"Adamant","evs":{"hp":4,"atk":252,"def":0,"spa":0,"spd":0,"spe":252},"ivs":{"hp":31,"atk":31,"def":31,"spa":31,"spd":31,"spe":31}},{"name":"Empoleon","species":"Empoleon","item":"choicespecs","ability":"Torrent","moves":["icebeam","scald","flashcannon","signalbeam"],"nature":"Modest","evs":{"hp":252,"atk":0,"def":0,"spa":252,"spd":4,"spe":0},"ivs":{"hp":31,"atk":31,"def":31,"spa":31,"spd":31,"spe":31}},{"name":"Excadrill","species":"Excadrill","item":"choicescarf","ability":"Mold Breaker","moves":["earthquake","xscissor","rockslide","ironhead"],"nature":"Jolly","evs":{"hp":4,"atk":252,"def":0,"spa":0,"spd":0,"spe":252},"ivs":{"hp":31,"atk":31,"def":31,"spa":31,"spd":31,"spe":31}},{"name":"Heatran","species":"Heatran","item":"airballoon","ability":"Flash Fire","moves":["darkpulse","earthpower","flamethrower","flashcannon"],"nature":"Modest","evs":{"hp":252,"atk":0,"def":0,"spa":252,"spd":4,"spe":0},"ivs":{"hp":31,"atk":31,"def":31,"spa":31,"spd":31,"spe":31}},{"name":"Scizor","species":"Scizor","item":"leftovers","ability":"Technician","moves":["bugbite","bulletpunch","swordsdance","roost"],"nature":"Adamant","evs":{"hp":252,"atk":252,"def":0,"spa":0,"spd":4,"spe":0},"ivs":{"hp":31,"atk":31,"def":31,"spa":31,"spd":31,"spe":31}}],"p2team":[{"name":"Torkoal","species":"Torkoal","item":"leftovers","ability":"White Smoke","moves":["rapidspin","lavaplume","stealthrock","yawn"],"nature":"Bold","evs":{"hp":252,"atk":0,"def":252,"spa":4,"spd":0,"spe":0},"ivs":{"hp":31,"atk":31,"def":31,"spa":31,"spd":31,"spe":31}},{"name":"Entei","species":"Entei","item":"choiceband","ability":"Pressure","moves":["stoneedge","sacredfire","extremespeed","ironhead"],"nature":"Adamant","evs":{"hp":4,"atk":252,"def":0,"spa":0,"spd":0,"spe":252},"shiny":true,"ivs":{"hp":31,"atk":31,"def":31,"spa":31,"spd":31,"spe":31}},{"name":"Victini","species":"Victini","item":"choicescarf","ability":"Victory Star","moves":["boltstrike","blueflare","vcreate","uturn"],"nature":"Hasty","evs":{"hp":0,"atk":252,"def":0,"spa":4,"spd":0,"spe":252},"ivs":{"hp":31,"atk":31,"def":31,"spa":31,"spd":31,"spe":31}},{"name":"Charizard","species":"Charizard","item":"charizarditex","ability":"Blaze","moves":["dragondance","flareblitz","earthquake","dragonclaw"],"nature":"Adamant","evs":{"hp":0,"atk":252,"def":0,"spa":0,"spd":4,"spe":252},"ivs":{"hp":31,"atk":31,"def":31,"spa":31,"spd":31,"spe":31}},{"name":"Ninetales","species":"Ninetales","item":"choicespecs","ability":"Drought","moves":["overheat","solarbeam","psyshock","hiddenpowerice"],"nature":"Timid","evs":{"hp":0,"atk":0,"def":0,"spa":252,"spd":4,"spe":252},"ivs":{"hp":31,"atk":30,"def":30,"spa":31,"spd":31,"spe":31}},{"name":"Arcanine","species":"Arcanine","item":"rockyhelmet","ability":"Intimidate","moves":["flareblitz","extremespeed","wildcharge","closecombat"],"nature":"Lonely","evs":{"hp":248,"atk":252,"def":0,"spa":8,"spd":0,"spe":0},"ivs":{"hp":31,"atk":31,"def":31,"spa":31,"spd":31,"spe":31}}],"log":["|player|p1|Jake1079|150","|player|p2|Rustic Espeon|70","|gametype|singles","|gen|6","|tier|Monotype","|rated","|rule|Baton Pass Clause: Limit one Baton Passer, can't pass Spe and other stats simultaneously","|rule|Swagger Clause: Swagger is banned","|rule|Same Type Clause: Pokémon in a team must share a type","|clearpoke","|poke|p1|Aggron, F","|poke|p1|Metagross","|poke|p1|Empoleon, M","|poke|p1|Excadrill, F","|poke|p1|Heatran, M","|poke|p1|Scizor, M","|poke|p2|Torkoal, F","|poke|p2|Entei, shiny","|poke|p2|Victini","|poke|p2|Charizard, F","|poke|p2|Ninetales, M","|poke|p2|Arcanine, F","|rule|Sleep Clause Mod: Limit one foe put to sleep","|rule|Species Clause: Limit one of each Pokémon","|rule|OHKO Clause: OHKO moves are banned","|rule|Moody Clause: Moody is banned","|rule|Evasion Moves Clause: Evasion moves are banned","|rule|Endless Battle Clause: Forcing endless battles is banned","|rule|HP Percentage Mod: HP is shown in percentages","|teampreview","|","|start","|switch|p1a: Aggron|Aggron, F|344/344","|switch|p2a: Victini|Victini|341/341","|turn|1","|","|move|p2a: Victini|U-turn|p1a: Aggron","|-resisted|p1a: Aggron","|-damage|p1a: Aggron|324/344","|","|switch|p2a: Torkoal|Torkoal, F|344/344","|move|p1a: Aggron|Earthquake|p2a: Torkoal","|-supereffective|p2a: Torkoal","|-damage|p2a: Torkoal|228/344","|","|-heal|p2a: Torkoal|249/344|[from] item: Leftovers","|turn|2","|","|detailschange|p1a: Aggron|Aggron-Mega, F","|-mega|p1a: Aggron|Aggron|Aggronite","|move|p1a: Aggron|Earthquake|p2a: Torkoal","|-supereffective|p2a: Torkoal","|-damage|p2a: Torkoal|119/344","|move|p2a: Torkoal|Stealth Rock|p1a: Aggron","|-sidestart|p1: Jake1079|move: Stealth Rock","|","|-heal|p2a: Torkoal|140/344|[from] item: Leftovers","|turn|3","|","|move|p1a: Aggron|Earthquake|p2a: Torkoal","|-supereffective|p2a: Torkoal","|-damage|p2a: Torkoal|8/344","|move|p2a: Torkoal|Yawn|p1a: Aggron","|-start|p1a: Aggron|move: Yawn|[of] p2a: Torkoal","|","|-heal|p2a: Torkoal|29/344|[from] item: Leftovers","|turn|4","|","|switch|p1a: Scizor|Scizor, M|344/344","|-damage|p1a: Scizor|301/344|[from] Stealth Rock","|switch|p2a: Charizard|Charizard, F|297/297","|","|-heal|p1a: Scizor|322/344|[from] item: Leftovers","|turn|5","|","|detailschange|p2a: Charizard|Charizard-Mega-X, F","|-mega|p2a: Charizard|Charizard|Charizardite X","|move|p1a: Scizor|Bullet Punch|p2a: Charizard","|-crit|p2a: Charizard","|-resisted|p2a: Charizard","|-damage|p2a: Charizard|221/297","|move|p2a: Charizard|Dragon Dance|p2a: Charizard","|-boost|p2a: Charizard|atk|1","|-boost|p2a: Charizard|spe|1","|","|-heal|p1a: Scizor|343/344|[from] item: Leftovers","|turn|6","|","|move|p2a: Charizard|Dragon Dance|p2a: Charizard","|-boost|p2a: Charizard|atk|1","|-boost|p2a: Charizard|spe|1","|move|p1a: Scizor|Bug Bite|p2a: Charizard","|-resisted|p2a: Charizard","|-damage|p2a: Charizard|136/297","|","|-heal|p1a: Scizor|344/344|[from] item: Leftovers","|turn|7","|","|move|p2a: Charizard|Flare Blitz|p1a: Scizor","|-supereffective|p1a: Scizor","|-damage|p1a: Scizor|0 fnt","|-damage|p2a: Charizard|22/297|[from] recoil|[of] p1a: Scizor","|faint|p1a: Scizor","|","|","|switch|p1a: Heatran|Heatran, M|386/386","|-damage|p1a: Heatran|338/386|[from] Stealth Rock","|-item|p1a: Heatran|Air Balloon","|turn|8","|","|move|p2a: Charizard|Dragon Claw|p1a: Heatran","|-resisted|p1a: Heatran","|-damage|p1a: Heatran|129/386","|-enditem|p1a: Heatran|Air Balloon","|move|p1a: Heatran|Earth Power|p2a: Charizard","|-supereffective|p2a: Charizard","|-damage|p2a: Charizard|0 fnt","|faint|p2a: Charizard","|","|","|switch|p2a: Arcanine|Arcanine, F|383/383","|-ability|p2a: Arcanine|Intimidate","|-unboost|p1a: Heatran|atk|1","|turn|9","|player|p2","|player|p2|Rustic Espeon|70","|","|move|p2a: Arcanine|Close Combat|p1a: Heatran","|-supereffective|p1a: Heatran","|-damage|p1a: Heatran|0 fnt","|-unboost|p2a: Arcanine|def|1","|-unboost|p2a: Arcanine|spd|1","|faint|p1a: Heatran","|","|","|switch|p1a: Metagross|Metagross|302/302","|-damage|p1a: Metagross|284/302|[from] Stealth Rock","|turn|10","|","|switch|p2a: Torkoal|Torkoal, F|29/344","|move|p1a: Metagross|Agility|p1a: Metagross","|-boost|p1a: Metagross|spe|2","|","|-heal|p2a: Torkoal|50/344|[from] item: Leftovers","|turn|11","|","|move|p1a: Metagross|Earthquake|p2a: Torkoal","|-supereffective|p2a: Torkoal","|-damage|p2a: Torkoal|0 fnt","|-damage|p1a: Metagross|254/302|[from] item: Life Orb","|faint|p2a: Torkoal","|","|","|switch|p2a: Arcanine|Arcanine, F|383/383","|-ability|p2a: Arcanine|Intimidate","|-fail|p1a: Metagross|unboost|[from] ability: Clear Body|[of] p1a: Metagross","|turn|12","|","|move|p1a: Metagross|Earthquake|p2a: Arcanine","|-supereffective|p2a: Arcanine","|-damage|p2a: Arcanine|0 fnt","|-damage|p1a: Metagross|224/302|[from] item: Life Orb","|faint|p2a: Arcanine","|","|","|switch|p2a: Victini|Victini|341/341","|turn|13","|","|move|p2a: Victini|V-create|p1a: Metagross","|-crit|p1a: Metagross","|-supereffective|p1a: Metagross","|-damage|p1a: Metagross|0 fnt","|-unboost|p2a: Victini|spe|1","|-unboost|p2a: Victini|def|1","|-unboost|p2a: Victini|spd|1","|faint|p1a: Metagross","|","|","|switch|p1a: Aggron|Aggron-Mega, F|324/344","|-damage|p1a: Aggron|303/344|[from] Stealth Rock","|turn|14","|player|p2","|player|p2|Rustic Espeon|70","|","|switch|p2a: Entei|Entei, shiny|372/372","|-ability|p2a: Entei|Pressure","|move|p1a: Aggron|Earthquake|p2a: Entei","|-supereffective|p2a: Entei","|-damage|p2a: Entei|92/372","|","|turn|15","|","|move|p2a: Entei|Sacred Fire|p1a: Aggron","|-supereffective|p1a: Aggron","|-damage|p1a: Aggron|110/344","|-status|p1a: Aggron|brn","|move|p1a: Aggron|Earthquake|p2a: Entei","|-supereffective|p2a: Entei","|-damage|p2a: Entei|0 fnt","|faint|p2a: Entei","|","|-damage|p1a: Aggron|67/344 brn|[from] brn","|","|switch|p2a: Ninetales|Ninetales, M|287/287","|-weather|SunnyDay","|turn|16","|","|move|p2a: Ninetales|Solar Beam|p1a: Aggron|[still]","|-prepare|p2a: Ninetales|Solar Beam|p1a: Aggron","|-anim|p2a: Ninetales|Solar Beam|p1a: Aggron","|-resisted|p1a: Aggron","|-damage|p1a: Aggron|0 fnt","|faint|p1a: Aggron","|","|-weather|SunnyDay|[upkeep]","|","|switch|p1a: Excadrill|Excadrill, F|362/362","|-damage|p1a: Excadrill|351/362|[from] Stealth Rock","|-ability|p1a: Excadrill|Mold Breaker","|turn|17","|","|move|p1a: Excadrill|Earthquake|p2a: Ninetales","|-crit|p2a: Ninetales","|-supereffective|p2a: Ninetales","|-damage|p2a: Ninetales|0 fnt","|faint|p2a: Ninetales","|","|-weather|SunnyDay|[upkeep]","|","|switch|p2a: Victini|Victini|341/341","|turn|18","|","|move|p2a: Victini|Blue Flare|p1a: Excadrill","|-supereffective|p1a: Excadrill","|-damage|p1a: Excadrill|0 fnt","|faint|p1a: Excadrill","|","|-weather|SunnyDay|[upkeep]","|","|switch|p1a: Empoleon|Empoleon, M|372/372","|-damage|p1a: Empoleon|349/372|[from] Stealth Rock","|turn|19","|","|move|p2a: Victini|Blue Flare|p1a: Empoleon","|-crit|p1a: Empoleon","|-damage|p1a: Empoleon|25/372","|move|p1a: Empoleon|Scald|p2a: Victini","|-supereffective|p2a: Victini","|-damage|p2a: Victini|3/341","|","|-weather|SunnyDay|[upkeep]","|turn|20","|","|move|p2a: Victini|Blue Flare|p1a: Empoleon","|-damage|p1a: Empoleon|0 fnt","|faint|p1a: Empoleon","|","|win|Rustic Espeon"],"p1rating":{"entryid":"7429437","serverid":"eos","formatid":"monotype","userid":"jake1079","username":"Jake1079","w":"17","l":21,"t":"0","gxe":45.3,"r":"1432.0215284905","rd":"63.342948455493","sigma":"0","rptime":"1438938000","rpr":1463.7724672396,"rprd":54.474320230616,"rpsigma":"0","acre":1122.0695297364,"lacre":1122.0695297364,"oldacre":"1144.7659485457"},"p2rating":{"entryid":"7202561","serverid":"eos","formatid":"monotype","userid":"rusticespeon","username":"Rustic Espeon","w":15,"l":"8","t":"0","gxe":61.8,"r":"1564.9480011544","rd":"71.382759115292","sigma":"0","rptime":"1438938000","rpr":1592.4096572396,"rprd":68.062541602299,"rpsigma":"0","acre":1199.5672781289,"lacre":1199.5672781289,"oldacre":"1176.8708593196"},"endType":"normal"}