{"seed":[28373,5645,5332,46714],"turns":34,"p1":"MrNyanNyanz","p2":"LTIL-Tahit","p1team":[{"name":"Bisharp","species":"Bisharp","item":"focussash","ability":"Defiant","moves":["suckerpunch","swordsdance","knockoff","ironhead"],"nature":"Adamant","evs":{"hp":248,"atk":252,"def":0,"spa":0,"spd":8,"spe":0},"ivs":{"hp":31,"atk":31,"def":31,"spa":31,"spd":31,"spe":31}},{"name":"Magnezone","species":"Magnezone","item":"choicescarf","ability":"Sturdy","moves":["thunderbolt","hiddenpowerice","voltswitch","flashcannon"],"nature":"Timid","evs":{"hp":0,"atk":0,"def":0,"spa":252,"spd":4,"spe":252},"ivs":{"hp":31,"atk":30,"def":30,"spa":31,"spd":31,"spe":31}},{"name":"Doublade","species":"Doublade","item":"eviolite","ability":"No Guard","moves":["swordsdance","rockslide","sacredsword","shadowsneak"],"nature":"Adamant","evs":{"hp":248,"atk":252,"def":0,"spa":0,"spd":8,"spe":0},"ivs":{"hp":31,"atk":31,"def":31,"spa":31,"spd":31,"spe":31}},{"name":"Heatran","species":"Heatran","item":"airballoon","ability":"Flash Fire","moves":["lavaplume","earthpower","ancientpower","roar"],"nature":"Modest","evs":{"hp":240,"atk":0,"def":0,"spa":252,"spd":0,"spe":16},"ivs":{"hp":31,"atk":31,"def":31,"spa":31,"spd":31,"spe":31}},{"name":"Skarmory","species":"Skarmory","item":"rockyhelmet","ability":"Sturdy","moves":["bravebird","roost","defog","stealthrock"],"nature":"Impish","evs":{"hp":248,"atk":0,"def":236,"spa":0,"spd":0,"spe":24},"ivs":{"hp":31,"atk":31,"def":31,"spa":31,"spd":31,"spe":31}},{"name":"Scizor","species":"Scizor","item":"scizorite","ability":"Technician","moves":["swordsdance","superpower","bulletpunch","bugbite"],"nature":"Adamant","evs":{"hp":248,"atk":252,"def":0,"spa":0,"spd":8,"spe":0},"ivs":{"hp":31,"atk":31,"def":31,"spa":31,"spd":31,"spe":31}}],"p2team":[{"name":"Ambipom","species":"Ambipom","item":"lifeorb","ability":"Technician","moves":["fakeout","lastresort","lowkick","knockoff"],"nature":"Jolly","evs":{"hp":0,"atk":252,"def":4,"spa":0,"spd":0,"spe":252},"ivs":{"hp":31,"atk":31,"def":31,"spa":31,"spd":31,"spe":31}},{"name":"Porygon2","species":"Porygon2","item":"eviolite","ability":"Download","moves":["icebeam","triattack","discharge","recover"],"nature":"Modest","evs":{"hp":252,"atk":0,"def":0,"spa":252,"spd":4,"spe":0},"ivs":{"hp":31,"atk":31,"def":31,"spa":31,"spd":31,"spe":31}},{"name":"Meloetta","species":"Meloetta","item":"lifeorb","ability":"Serene Grace","moves":["drainpunch","return","zenheadbutt","relicsong"],"nature":"Naive","evs":{"hp":0,"atk":252,"def":0,"spa":4,"spd":0,"spe":252},"ivs":{"hp":31,"atk":31,"def":31,"spa":31,"spd":31,"spe":31}},{"name":"Porygon-Z","species":"Porygon-Z","item":"focussash","ability":"Download","moves":["nastyplot","triattack","shadowball","icebeam"],"nature":"Modest","evs":{"hp":4,"atk":0,"def":0,"spa":252,"spd":0,"spe":252},"ivs":{"hp":31,"atk":31,"def":31,"spa":31,"spd":31,"spe":31}},{"name":"Lopunny","species":"Lopunny","item":"lopunnite","ability":"Limber","moves":["highjumpkick","firepunch","fakeout","return"],"nature":"Jolly","evs":{"hp":4,"atk":252,"def":0,"spa":0,"spd":0,"spe":252},"ivs":{"hp":31,"atk":31,"def":31,"spa":31,"spd":31,"spe":31}},{"name":"Snorlax","species":"Snorlax","item":"leftovers","ability":"Thick Fat","moves":["curse","bodyslam","rest","crunch"],"nature":"Careful","evs":{"hp":252,"atk":0,"def":252,"spa":0,"spd":4,"spe":0},"ivs":{"hp":31,"atk":31,"def":31,"spa":31,"spd":31,"spe":31}}],"log":["|player|p1|MrNyanNyanz|mrnyannyanz.png","|player|p2|LTIL-Tahit|169","|gametype|singles","|gen|6","|tier|Monotype","|rated","|rule|Baton Pass Clause: Limit one Baton Passer, can't pass Spe and other stats simultaneously","|rule|Swagger Clause: Swagger is banned","|rule|Same Type Clause: Pokémon in a team must share a type","|clearpoke","|poke|p1|Bisharp, M","|poke|p1|Magnezone","|poke|p1|Doublade, M","|poke|p1|Heatran, M","|poke|p1|Skarmory, F","|poke|p1|Scizor, F","|poke|p2|Ambipom, M","|poke|p2|Porygon2","|poke|p2|Meloetta","|poke|p2|Porygon-Z","|poke|p2|Lopunny, F","|poke|p2|Snorlax, M","|rule|Sleep Clause Mod: Limit one foe put to sleep","|rule|Species Clause: Limit one of each Pokémon","|rule|OHKO Clause: OHKO moves are banned","|rule|Moody Clause: Moody is banned","|rule|Evasion Moves Clause: Evasion moves are banned","|rule|Endless Battle Clause: Forcing endless battles is banned","|rule|HP Percentage Mod: HP is shown in percentages","|teampreview","|","|start","|switch|p1a: Doublade|Doublade, M|321/321","|switch|p2a: Ambipom|Ambipom, M|291/291","|turn|1","|","|move|p2a: Ambipom|Knock Off|p1a: Doublade","|-supereffective|p1a: Doublade","|-damage|p1a: Doublade|199/321","|-enditem|p1a: Doublade|Eviolite|[from] move: Knock Off|[of] p2a: Ambipom","|-damage|p2a: Ambipom|262/291|[from] item: Life Orb","|move|p1a: Doublade|Sacred Sword|p2a: Ambipom","|-supereffective|p2a: Ambipom","|-damage|p2a: Ambipom|0 fnt","|faint|p2a: Ambipom","|","|","|switch|p2a: Meloetta|Meloetta|341/341","|turn|2","|","|switch|p1a: Bisharp|Bisharp, M|333/333","|move|p2a: Meloetta|Zen Headbutt|p1a: Bisharp","|-immune|p1a: Bisharp|[msg]","|","|turn|3","|","|move|p2a: Meloetta|Relic Song|p1a: Bisharp","|-resisted|p1a: Bisharp","|-damage|p1a: Bisharp|245/333","|-damage|p2a: Meloetta|307/341|[from] item: Life Orb","|-formechange|p2a: Meloetta|Meloetta-Pirouette|[msg]","|move|p1a: Bisharp|Knock Off|p2a: Meloetta","|-resisted|p2a: Meloetta","|-damage|p2a: Meloetta|204/341","|-enditem|p2a: Meloetta|Life Orb|[from] move: Knock Off|[of] p1a: Bisharp","|","|turn|4","|","|switch|p1a: Doublade|Doublade, M|199/321","|move|p2a: Meloetta|Drain Punch|p1a: Doublade","|-immune|p1a: Doublade|[msg]","|","|turn|5","|","|move|p2a: Meloetta|Zen Headbutt|p1a: Doublade","|-resisted|p1a: Doublade","|-damage|p1a: Doublade|166/321","|cant|p1a: Doublade|flinch","|","|turn|6","|","|move|p2a: Meloetta|Zen Headbutt|p1a: Doublade","|-resisted|p1a: Doublade","|-damage|p1a: Doublade|133/321","|cant|p1a: Doublade|flinch","|","|turn|7","|","|move|p2a: Meloetta|Zen Headbutt|p1a: Doublade","|-crit|p1a: Doublade","|-resisted|p1a: Doublade","|-damage|p1a: Doublade|86/321","|cant|p1a: Doublade|flinch","|","|turn|8","|","|switch|p1a: Bisharp|Bisharp, M|245/333","|move|p2a: Meloetta|Zen Headbutt|p1a: Bisharp","|-immune|p1a: Bisharp|[msg]","|","|turn|9","|","|switch|p1a: Skarmory|Skarmory, F|333/333","|move|p2a: Meloetta|Drain Punch|p1a: Skarmory","|-damage|p1a: Skarmory|254/333","|-heal|p2a: Meloetta|244/341|[from] drain|[of] p1a: Skarmory","|-damage|p2a: Meloetta|188/341|[from] item: Rocky Helmet|[of] p1a: Skarmory","|","|turn|10","|","|move|p2a: Meloetta|Drain Punch|p1a: Skarmory","|-damage|p1a: Skarmory|181/333","|-heal|p2a: Meloetta|225/341|[from] drain|[of] p1a: Skarmory","|-damage|p2a: Meloetta|169/341|[from] item: Rocky Helmet|[of] p1a: Skarmory","|move|p1a: Skarmory|Brave Bird|p2a: Meloetta","|-supereffective|p2a: Meloetta","|-damage|p2a: Meloetta|0 fnt","|-damage|p1a: Skarmory|125/333|[from] recoil|[of] p2a: Meloetta","|faint|p2a: Meloetta","|","|","|switch|p2a: Porygon2|Porygon2|374/374","|-boost|p2a: Porygon2|spa|1|[from] ability: Download","|turn|11","|","|switch|p1a: Doublade|Doublade, M|86/321","|move|p2a: Porygon2|Discharge|p1a: Doublade","|-damage|p1a: Doublade|0 fnt","|faint|p1a: Doublade","|","|","|switch|p1a: Bisharp|Bisharp, M|245/333","|turn|12","|","|move|p1a: Bisharp|Knock Off|p2a: Porygon2","|-damage|p2a: Porygon2|242/374","|-enditem|p2a: Porygon2|Eviolite|[from] move: Knock Off|[of] p1a: Bisharp","|move|p2a: Porygon2|Discharge|p1a: Bisharp","|-damage|p1a: Bisharp|80/333","|","|turn|13","|","|switch|p1a: Magnezone|Magnezone|281/281","|move|p2a: Porygon2|Discharge|p1a: Magnezone","|-resisted|p1a: Magnezone","|-damage|p1a: Magnezone|205/281","|","|turn|14","|","|move|p1a: Magnezone|Thunderbolt|p2a: Porygon2","|-damage|p2a: Porygon2|89/374","|move|p2a: Porygon2|Tri Attack|p1a: Magnezone","|-resisted|p1a: Magnezone","|-damage|p1a: Magnezone|91/281","|","|turn|15","|","|move|p1a: Magnezone|Thunderbolt|p2a: Porygon2","|-damage|p2a: Porygon2|0 fnt","|faint|p2a: Porygon2","|","|","|switch|p2a: Porygon-Z|Porygon-Z|312/312","|-boost|p2a: Porygon-Z|spa|1|[from] ability: Download","|turn|16","|","|move|p1a: Magnezone|Thunderbolt|p2a: Porygon-Z","|-damage|p2a: Porygon-Z|117/312","|move|p2a: Porygon-Z|Tri Attack|p1a: Magnezone","|-resisted|p1a: Magnezone","|-damage|p1a: Magnezone|0 fnt","|faint|p1a: Magnezone","|","|","|switch|p1a: Bisharp|Bisharp, M|80/333","|turn|17","|","|move|p1a: Bisharp|Sucker Punch|p2a: Porygon-Z","|-damage|p2a: Porygon-Z|0 fnt","|faint|p2a: Porygon-Z","|","|","|switch|p2a: Snorlax|Snorlax, M|524/524","|turn|18","|","|move|p1a: Bisharp|Knock Off|p2a: Snorlax","|-damage|p2a: Snorlax|320/524","|-enditem|p2a: Snorlax|Leftovers|[from] move: Knock Off|[of] p1a: Bisharp","|move|p2a: Snorlax|Curse|p2a: Snorlax","|-unboost|p2a: Snorlax|spe|1","|-boost|p2a: Snorlax|atk|1","|-boost|p2a: Snorlax|def|1","|","|turn|19","|","|move|p1a: Bisharp|Swords Dance|p1a: Bisharp","|-boost|p1a: Bisharp|atk|2","|move|p2a: Snorlax|Body Slam|p1a: Bisharp","|-resisted|p1a: Bisharp","|-damage|p1a: Bisharp|4/333","|","|turn|20","|","|move|p1a: Bisharp|Iron Head|p2a: Snorlax","|-damage|p2a: Snorlax|95/524","|move|p2a: Snorlax|Body Slam|p1a: Bisharp","|-resisted|p1a: Bisharp","|-damage|p1a: Bisharp|0 fnt","|faint|p1a: Bisharp","|","|","|switch|p1a: Heatran|Heatran, M|383/383","|-item|p1a: Heatran|Air Balloon","|turn|21","|","|move|p1a: Heatran|Earth Power|p2a: Snorlax","|-damage|p2a: Snorlax|1/524","|move|p2a: Snorlax|Rest|p2a: Snorlax","|-status|p2a: Snorlax|slp","|-heal|p2a: Snorlax|524/524 slp|[silent]","|-status|p2a: Snorlax|slp|[from] move: Rest","|","|turn|22","|","|cant|p2a: Snorlax|slp","|move|p1a: Heatran|Roar|p2a: Snorlax","|drag|p2a: Lopunny|Lopunny, F|272/272","|","|turn|23","|","|detailschange|p2a: Lopunny|Lopunny-Mega, F","|-mega|p2a: Lopunny|Lopunny|Lopunnite","|move|p2a: Lopunny|Fake Out|p1a: Heatran","|-resisted|p1a: Heatran","|-damage|p1a: Heatran|346/383","|-enditem|p1a: Heatran|Air Balloon","|cant|p1a: Heatran|flinch","|","|turn|24","|","|move|p2a: Lopunny|High Jump Kick|p1a: Heatran","|-supereffective|p1a: Heatran","|-damage|p1a: Heatran|0 fnt","|faint|p1a: Heatran","|","|","|switch|p1a: Skarmory|Skarmory, F|125/333","|turn|25","|","|move|p2a: Lopunny|Fire Punch|p1a: Skarmory","|-supereffective|p1a: Skarmory","|-damage|p1a: Skarmory|27/333","|-damage|p2a: Lopunny|227/272|[from] item: Rocky Helmet|[of] p1a: Skarmory","|move|p1a: Skarmory|Roost|p1a: Skarmory","|-heal|p1a: Skarmory|194/333","|","|turn|26","|","|move|p2a: Lopunny|High Jump Kick|p1a: Skarmory","|-damage|p1a: Skarmory|58/333","|-damage|p2a: Lopunny|182/272|[from] item: Rocky Helmet|[of] p1a: Skarmory","|move|p1a: Skarmory|Roost|p1a: Skarmory","|-heal|p1a: Skarmory|225/333","|","|turn|27","|","|switch|p2a: Snorlax|Snorlax, M|524/524 slp","|move|p1a: Skarmory|Roost|p1a: Skarmory","|-heal|p1a: Skarmory|333/333","|","|turn|28","|","|move|p1a: Skarmory|Stealth Rock|p2a: Snorlax","|-sidestart|p2: LTIL-Tahit|move: Stealth Rock","|cant|p2a: Snorlax|slp","|","|turn|29","|","|switch|p1a: Scizor|Scizor, F|343/343","|-curestatus|p2a: Snorlax|slp","|move|p2a: Snorlax|Curse|p2a: Snorlax","|-unboost|p2a: Snorlax|spe|1","|-boost|p2a: Snorlax|atk|1","|-boost|p2a: Snorlax|def|1","|","|turn|30","|","|detailschange|p1a: Scizor|Scizor-Mega, F","|-mega|p1a: Scizor|Scizor|Scizorite","|move|p1a: Scizor|Swords Dance|p1a: Scizor","|-boost|p1a: Scizor|atk|2","|move|p2a: Snorlax|Curse|p2a: Snorlax","|-unboost|p2a: Snorlax|spe|1","|-boost|p2a: Snorlax|atk|1","|-boost|p2a: Snorlax|def|1","|","|turn|31","|","|move|p1a: Scizor|Superpower|p2a: Snorlax","|-supereffective|p2a: Snorlax","|-damage|p2a: Snorlax|160/524","|-unboost|p1a: Scizor|atk|1","|-unboost|p1a: Scizor|def|1","|move|p2a: Snorlax|Body Slam|p1a: Scizor","|-resisted|p1a: Scizor","|-damage|p1a: Scizor|221/343","|","|turn|32","|","|move|p1a: Scizor|Superpower|p2a: Snorlax","|-supereffective|p2a: Snorlax","|-damage|p2a: Snorlax|0 fnt","|-unboost|p1a: Scizor|atk|1","|-unboost|p1a: Scizor|def|1","|faint|p2a: Snorlax","|","|","|switch|p2a: Lopunny|Lopunny-Mega, F|182/272","|-damage|p2a: Lopunny|165/272|[from] Stealth Rock","|turn|33","|","|switch|p1a: Skarmory|Skarmory, F|333/333","|move|p2a: Lopunny|Fake Out|p1a: Skarmory","|-resisted|p1a: Skarmory","|-damage|p1a: Skarmory|313/333","|-damage|p2a: Lopunny|120/272|[from] item: Rocky Helmet|[of] p1a: Skarmory","|","|turn|34","|","|move|p2a: Lopunny|High Jump Kick|p1a: Skarmory","|-damage|p1a: Skarmory|172/333","|-damage|p2a: Lopunny|75/272|[from] item: Rocky Helmet|[of] p1a: Skarmory","|move|p1a: Skarmory|Brave Bird|p2a: Lopunny","|-supereffective|p2a: Lopunny","|-damage|p2a: Lopunny|0 fnt","|-damage|p1a: Skarmory|147/333|[from] recoil|[of] p2a: Lopunny","|faint|p2a: Lopunny","|","|win|MrNyanNyanz"],"p1rating":{"entryid":"6703862","serverid":"eos","formatid":"monotype","userid":"mrnyannyanz","username":"MrNyanNyanz","w":67,"l":"56","t":"0","gxe":53.9,"r":"1521.8340019731","rd":"33.393445619211","sigma":"0","rptime":"1438938000","rpr":1529.7064248557,"rprd":32.859080462084,"rpsigma":"0","acre":1162.2777607998,"lacre":1162.2777607998,"oldacre":"1141.9434753892"},"p2rating":{"entryid":"6925118","serverid":"eos","formatid":"monotype","userid":"ltiltahit","username":"LTIL-Tahit","w":"52","l":56,"t":"0","gxe":50.1,"r":"1500.8882441454","rd":"38.052066678641","sigma":"0","rptime":"1438938000","rpr":1500.8809492561,"rprd":37.633506860358,"rpsigma":"0","acre":1058.8863254063,"lacre":1058.8863254063,"oldacre":"1076.3331157411"},"endType":"normal"}