{"seed":[32529,4653,33147,12716],"turns":23,"p1":"Odd Cytoplasm","p2":"Sovereign♕Cactus","p1team":[{"name":"Azumarill","species":"Azumarill","item":"sitrusberry","ability":"Huge Power","moves":["aquajet","bellydrum","playrough","superpower"],"nature":"Adamant","evs":{"hp":252,"atk":252,"def":0,"spa":0,"spd":4,"spe":0},"ivs":{"hp":31,"atk":31,"def":31,"spa":31,"spd":31,"spe":31}},{"name":"Diancie","species":"Diancie","item":"diancite","ability":"Clear Body","moves":["ancientpower","dazzlinggleam","earthpower","protect"],"nature":"Modest","evs":{"hp":248,"atk":0,"def":0,"spa":252,"spd":8,"spe":0},"ivs":{"hp":31,"atk":31,"def":31,"spa":31,"spd":31,"spe":31}},{"name":"Togekiss","species":"Togekiss","item":"leftovers","ability":"Serene Grace","moves":["airslash","dazzlinggleam","nastyplot","batonpass"],"nature":"Modest","evs":{"hp":248,"atk":0,"def":0,"spa":252,"spd":4,"spe":0},"ivs":{"hp":31,"atk":31,"def":31,"spa":31,"spd":31,"spe":31}},{"name":"Sylveon","species":"Sylveon","item":"choicescarf","ability":"Pixilate","moves":["hyperbeam","hypervoice","psyshock","shadowball"],"nature":"Timid","evs":{"hp":0,"atk":0,"def":0,"spa":252,"spd":4,"spe":252},"ivs":{"hp":31,"atk":31,"def":31,"spa":31,"spd":31,"spe":31}},{"name":"Klefki","species":"Klefki","item":"lightclay","ability":"Prankster","moves":["thunderwave","reflect","lightscreen","foulplay"],"nature":"Bold","evs":{"hp":252,"atk":0,"def":252,"spa":0,"spd":4,"spe":0},"ivs":{"hp":31,"atk":31,"def":31,"spa":31,"spd":31,"spe":31}},{"name":"Whimsicott","species":"Whimsicott","item":"leftovers","ability":"Prankster","moves":["leechseed","substitute","protect","moonblast"],"nature":"Bold","evs":{"hp":248,"atk":0,"def":252,"spa":8,"spd":0,"spe":0},"ivs":{"hp":31,"atk":31,"def":31,"spa":31,"spd":31,"spe":31}}],"p2team":[{"name":"Hawlucha","species":"Hawlucha","item":"sitrusberry","ability":"Unburden","moves":["acrobatics","highjumpkick","substitute","swordsdance"],"nature":"Adamant","evs":{"hp":0,"atk":252,"def":0,"spa":0,"spd":4,"spe":252},"ivs":{"hp":31,"atk":31,"def":31,"spa":31,"spd":31,"spe":31}},{"name":"Shroomy McSeed","species":"breloom","item":"focussash","ability":"Technician","moves":["swordsdance","spore","machpunch","bulletseed"],"nature":"Jolly","evs":{"hp":0,"atk":252,"def":0,"spa":0,"spd":4,"spe":252},"gender":"M","shiny":true,"ivs":{"hp":31,"atk":31,"def":31,"spa":31,"spd":31,"spe":31}},{"name":"Infernape","species":"Infernape","item":"focussash","ability":"Iron Fist","moves":["fakeout","stealthrock","taunt","firepunch"],"nature":"Jolly","evs":{"hp":0,"atk":252,"def":0,"spa":0,"spd":4,"spe":252},"shiny":true,"ivs":{"hp":31,"atk":31,"def":31,"spa":31,"spd":31,"spe":31}},{"name":"Medicham","species":"Medicham","item":"medichamite","ability":"Pure Power","moves":["bulletpunch","psychocut","fakeout","highjumpkick"],"nature":"Jolly","evs":{"hp":0,"atk":252,"def":0,"spa":0,"spd":4,"spe":252},"gender":"M","shiny":true,"ivs":{"hp":31,"atk":31,"def":31,"spa":31,"spd":31,"spe":31}},{"name":"Terrakion","species":"Terrakion","item":"choicescarf","ability":"Justified","moves":["earthquake","closecombat","rockslide","ironhead"],"nature":"Jolly","evs":{"hp":0,"atk":252,"def":0,"spa":0,"spd":4,"spe":252},"ivs":{"hp":31,"atk":31,"def":31,"spa":31,"spd":31,"spe":31}},{"name":"Lucario","species":"Lucario","item":"lifeorb","ability":"Steadfast","moves":["nastyplot","aurasphere","vacuumwave","flashcannon"],"nature":"Timid","evs":{"hp":0,"atk":0,"def":0,"spa":252,"spd":4,"spe":252},"gender":"M","ivs":{"hp":31,"atk":31,"def":31,"spa":31,"spd":31,"spe":31}}],"log":["|player|p1|Odd Cytoplasm|knightzygarde.png","|player|p2|Sovereign♕Cactus|251","|gametype|singles","|gen|6","|tier|Monotype","|rated","|rule|Baton Pass Clause: Limit one Baton Passer, can't pass Spe and other stats simultaneously","|rule|Swagger Clause: Swagger is banned","|rule|Same Type Clause: Pokémon in a team must share a type","|clearpoke","|poke|p1|Azumarill, F","|poke|p1|Diancie","|poke|p1|Togekiss, F","|poke|p1|Sylveon, M","|poke|p1|Klefki, F","|poke|p1|Whimsicott, F","|poke|p2|Hawlucha, F","|poke|p2|Breloom, M, shiny","|poke|p2|Infernape, M, shiny","|poke|p2|Medicham, M, shiny","|poke|p2|Terrakion","|poke|p2|Lucario, M","|rule|Sleep Clause Mod: Limit one foe put to sleep","|rule|Species Clause: Limit one of each Pokémon","|rule|OHKO Clause: OHKO moves are banned","|rule|Moody Clause: Moody is banned","|rule|Evasion Moves Clause: Evasion moves are banned","|rule|Endless Battle Clause: Forcing endless battles is banned","|rule|HP Percentage Mod: HP is shown in percentages","|teampreview","|","|start","|switch|p1a: Klefki|Klefki, F|318/318","|switch|p2a: Infernape|Infernape, M, shiny|293/293","|turn|1","|","|move|p1a: Klefki|Reflect|p1a: Klefki","|-sidestart|p1: Odd Cytoplasm|Reflect","|move|p2a: Infernape|Taunt|p1a: Klefki","|-start|p1a: Klefki|move: Taunt","|","|turn|2","|","|switch|p1a: Togekiss|Togekiss, F|373/373","|move|p2a: Infernape|Stealth Rock|p1a: Togekiss","|-sidestart|p1: Odd Cytoplasm|move: Stealth Rock","|","|turn|3","|","|switch|p2a: Lucario|Lucario, M|281/281","|move|p1a: Togekiss|Nasty Plot|p1a: Togekiss","|-boost|p1a: Togekiss|spa|2","|","|turn|4","|","|move|p2a: Lucario|Nasty Plot|p2a: Lucario","|-boost|p2a: Lucario|spa|2","|move|p1a: Togekiss|Air Slash|p2a: Lucario","|-damage|p2a: Lucario|0 fnt","|faint|p2a: Lucario","|","|","|switch|p2a: Terrakion|Terrakion|323/323","|turn|5","|","|move|p2a: Terrakion|Rock Slide|p1a: Togekiss","|-supereffective|p1a: Togekiss","|-damage|p1a: Togekiss|243/373","|move|p1a: Togekiss|Baton Pass|p1a: Togekiss","|","|switch|p1a: Diancie|Diancie|303/303","|-damage|p1a: Diancie|266/303|[from] Stealth Rock","|","|turn|6","|","|switch|p2a: Shroomy McSeed|Breloom, M, shiny|261/261","|detailschange|p1a: Diancie|Diancie-Mega","|-mega|p1a: Diancie|Diancie|Diancite","|move|p1a: Diancie|Earth Power|p2a: Shroomy McSeed","|-resisted|p2a: Shroomy McSeed","|-damage|p2a: Shroomy McSeed|70/261","|-unboost|p2a: Shroomy McSeed|spd|1","|","|turn|7","|","|move|p2a: Shroomy McSeed|Bullet Seed|p1a: Diancie","|-supereffective|p1a: Diancie","|-damage|p1a: Diancie|203/303","|-supereffective|p1a: Diancie","|-damage|p1a: Diancie|142/303","|-supereffective|p1a: Diancie","|-damage|p1a: Diancie|78/303","|-hitcount|p1a: Diancie|3","|move|p1a: Diancie|Dazzling Gleam|p2a: Shroomy McSeed","|-supereffective|p2a: Shroomy McSeed","|-damage|p2a: Shroomy McSeed|0 fnt","|faint|p2a: Shroomy McSeed","|","|","|switch|p2a: Terrakion|Terrakion|323/323","|turn|8","|","|move|p2a: Terrakion|Iron Head|p1a: Diancie","|-supereffective|p1a: Diancie","|-damage|p1a: Diancie|0 fnt","|faint|p1a: Diancie","|","|-sideend|p1: Odd Cytoplasm|Reflect","|","|switch|p1a: Sylveon|Sylveon, M|331/331","|-damage|p1a: Sylveon|290/331|[from] Stealth Rock","|turn|9","|","|move|p2a: Terrakion|Iron Head|p1a: Sylveon","|-supereffective|p1a: Sylveon","|-damage|p1a: Sylveon|36/331","|move|p1a: Sylveon|Hyper Voice|p2a: Terrakion","|-supereffective|p2a: Terrakion","|-damage|p2a: Terrakion|0 fnt","|faint|p2a: Terrakion","|","|","|switch|p2a: Medicham|Medicham, M, shiny|261/261","|turn|10","|","|detailschange|p2a: Medicham|Medicham-Mega, M, shiny","|-mega|p2a: Medicham|Medicham|Medichamite","|move|p2a: Medicham|Fake Out|p1a: Sylveon","|-damage|p1a: Sylveon|0 fnt","|faint|p1a: Sylveon","|","|","|switch|p1a: Whimsicott|Whimsicott, F|323/323","|-damage|p1a: Whimsicott|283/323|[from] Stealth Rock","|turn|11","|","|move|p2a: Medicham|Psycho Cut|p1a: Whimsicott","|-damage|p1a: Whimsicott|121/323","|move|p1a: Whimsicott|Moonblast|p2a: Medicham","|-supereffective|p2a: Medicham","|-damage|p2a: Medicham|45/261","|-unboost|p2a: Medicham|spa|1","|","|-heal|p1a: Whimsicott|141/323|[from] item: Leftovers","|turn|12","|","|move|p2a: Medicham|Bullet Punch|p1a: Whimsicott","|-supereffective|p1a: Whimsicott","|-damage|p1a: Whimsicott|19/323","|move|p1a: Whimsicott|Leech Seed|p2a: Medicham|[miss]","|-miss|p1a: Whimsicott|p2a: Medicham","|","|-heal|p1a: Whimsicott|39/323|[from] item: Leftovers","|turn|13","|","|move|p1a: Whimsicott|Protect|p1a: Whimsicott","|-singleturn|p1a: Whimsicott|Protect","|move|p2a: Medicham|Bullet Punch|p1a: Whimsicott","|-activate|p1a: Whimsicott|Protect","|","|-heal|p1a: Whimsicott|59/323|[from] item: Leftovers","|turn|14","|","|move|p2a: Medicham|Bullet Punch|p1a: Whimsicott","|-supereffective|p1a: Whimsicott","|-damage|p1a: Whimsicott|0 fnt","|faint|p1a: Whimsicott","|","|","|switch|p1a: Azumarill|Azumarill, F|404/404","|-damage|p1a: Azumarill|354/404|[from] Stealth Rock","|turn|15","|","|move|p1a: Azumarill|Aqua Jet|p2a: Medicham","|-damage|p2a: Medicham|0 fnt","|faint|p2a: Medicham","|","|","|switch|p2a: Hawlucha|Hawlucha, F|297/297","|turn|16","|","|move|p2a: Hawlucha|Substitute|p2a: Hawlucha","|-start|p2a: Hawlucha|Substitute","|-damage|p2a: Hawlucha|223/297","|move|p1a: Azumarill|Play Rough|p2a: Hawlucha","|-supereffective|p2a: Hawlucha","|-end|p2a: Hawlucha|Substitute","|","|turn|17","|","|move|p2a: Hawlucha|Substitute|p2a: Hawlucha","|-start|p2a: Hawlucha|Substitute","|-damage|p2a: Hawlucha|149/297","|move|p1a: Azumarill|Play Rough|p2a: Hawlucha","|-crit|p2a: Hawlucha","|-supereffective|p2a: Hawlucha","|-end|p2a: Hawlucha|Substitute","|","|turn|18","|","|move|p1a: Azumarill|Aqua Jet|p2a: Hawlucha","|-damage|p2a: Hawlucha|29/297","|-enditem|p2a: Hawlucha|Sitrus Berry|[eat]","|-heal|p2a: Hawlucha|103/297|[from] item: Sitrus Berry","|move|p2a: Hawlucha|Substitute|p2a: Hawlucha","|-start|p2a: Hawlucha|Substitute","|-damage|p2a: Hawlucha|29/297","|","|turn|19","|","|move|p1a: Azumarill|Aqua Jet|p2a: Hawlucha","|-end|p2a: Hawlucha|Substitute","|move|p2a: Hawlucha|Acrobatics|p1a: Azumarill","|-damage|p1a: Azumarill|164/404","|-enditem|p1a: Azumarill|Sitrus Berry|[eat]","|-heal|p1a: Azumarill|265/404|[from] item: Sitrus Berry","|","|turn|20","|","|move|p1a: Azumarill|Aqua Jet|p2a: Hawlucha","|-damage|p2a: Hawlucha|0 fnt","|faint|p2a: Hawlucha","|","|","|switch|p2a: Infernape|Infernape, M, shiny|293/293","|turn|21","|","|move|p2a: Infernape|Fake Out|p1a: Azumarill","|-crit|p1a: Azumarill","|-damage|p1a: Azumarill|190/404","|cant|p1a: Azumarill|flinch","|","|turn|22","|","|move|p1a: Azumarill|Aqua Jet|p2a: Infernape","|-supereffective|p2a: Infernape","|-damage|p2a: Infernape|41/293","|move|p2a: Infernape|Fire Punch|p1a: Azumarill","|-resisted|p1a: Azumarill","|-damage|p1a: Azumarill|108/404","|","|turn|23","|","|move|p2a: Infernape|Fire Punch|p1a: Azumarill","|-resisted|p1a: Azumarill","|-damage|p1a: Azumarill|18/404","|move|p1a: Azumarill|Superpower|p2a: Infernape","|-damage|p2a: Infernape|0 fnt","|-unboost|p1a: Azumarill|atk|1","|-unboost|p1a: Azumarill|def|1","|faint|p2a: Infernape","|","|win|Odd Cytoplasm"],"p1rating":{"entryid":"7187668","serverid":"eos","formatid":"monotype","userid":"oddcytoplasm","username":"Odd Cytoplasm","w":18,"l":"12","t":"0","gxe":59.7,"r":"1567.3983776125","rd":"63.097504181194","sigma":"0","rptime":"1438938000","rpr":1575.2575410605,"rprd":62.172024580259,"rpsigma":"0","acre":1171.1676762155,"lacre":1171.1676762155,"oldacre":"1150.1733109657"},"p2rating":{"entryid":"6867552","serverid":"eos","formatid":"monotype","userid":"sovereigncactus","username":"Sovereign♕Cactus","w":"101","l":123,"t":"0","gxe":44.6,"r":"1462.8206280308","rd":"25","sigma":"0","rptime":"1438938000","rpr":1458.9823155071,"rprd":25,"rpsigma":"0","acre":1073.7801894059,"lacre":1073.7801894059,"oldacre":"1094.021460848"},"endType":"normal"}