{"seed":[25462,38720,11003,4167],"turns":25,"p1":"Amateurized","p2":"KGBeast","p1team":[{"name":"Maskless Hollow","species":"hoopaunbound","item":"lifeorb","ability":"Magician","moves":["substitute","hyperspacehole","darkpulse","nastyplot"],"nature":"Timid","evs":{"hp":4,"atk":0,"def":0,"spa":252,"spd":0,"spe":252},"ivs":{"hp":31,"atk":31,"def":31,"spa":31,"spd":31,"spe":31}},{"name":"Krookodile","species":"Krookodile","item":"focussash","ability":"Intimidate","moves":["stealthrock","earthquake","knockoff","substitute"],"nature":"Impish","evs":{"hp":248,"atk":8,"def":252,"spa":0,"spd":0,"spe":0},"ivs":{"hp":31,"atk":31,"def":31,"spa":31,"spd":31,"spe":31}},{"name":"Turd-Birds","species":"murkrow","item":"eviolite","ability":"Prankster","moves":["featherdance","perishsong","tailwind","taunt"],"nature":"Calm","evs":{"hp":248,"atk":0,"def":8,"spa":0,"spd":252,"spe":0},"ivs":{"hp":31,"atk":31,"def":31,"spa":31,"spd":31,"spe":31}},{"name":"Triple Collateral","species":"hydreigon","item":"choicescarf","ability":"Levitate","moves":["darkpulse","earthpower","flamethrower","dragonpulse"],"nature":"Timid","evs":{"hp":0,"atk":0,"def":0,"spa":252,"spd":4,"spe":252},"ivs":{"hp":31,"atk":31,"def":31,"spa":31,"spd":31,"spe":31}},{"name":"Sharpedo","species":"Sharpedo","item":"sharpedonite","ability":"Speed Boost","moves":["crunch","waterfall","zenheadbutt","protect"],"nature":"Adamant","evs":{"hp":0,"atk":252,"def":0,"spa":0,"spd":4,"spe":252},"ivs":{"hp":31,"atk":31,"def":31,"spa":31,"spd":31,"spe":31}},{"name":"Pain to kill","species":"mandibuzz","item":"leftovers","ability":"Overcoat","moves":["tailwind","uturn","roost","toxic"],"nature":"Careful","evs":{"hp":248,"atk":0,"def":8,"spa":0,"spd":252,"spe":0},"ivs":{"hp":31,"atk":31,"def":31,"spa":31,"spd":31,"spe":31}}],"p2team":[{"name":"Excadrill","species":"Excadrill","item":"leftovers","ability":"Mold Breaker","moves":["ironhead","earthquake","rapidspin","toxic"],"nature":"Careful","evs":{"hp":252,"atk":0,"def":0,"spa":0,"spd":252,"spe":4},"ivs":{"hp":31,"atk":31,"def":31,"spa":31,"spd":31,"spe":31}},{"name":"Camerupt","species":"Camerupt","item":"cameruptite","ability":"Solid Rock","moves":["willowisp","flamethrower","earthpower","ancientpower"],"nature":"Modest","evs":{"hp":168,"atk":0,"def":0,"spa":252,"spd":0,"spe":88},"ivs":{"hp":31,"atk":0,"def":31,"spa":31,"spd":31,"spe":31}},{"name":"Landorus","species":"Landorus","item":"lifeorb","ability":"Sheer Force","moves":["earthpower","sludgewave","substitute","gravity"],"nature":"Modest","evs":{"hp":0,"atk":0,"def":4,"spa":252,"spd":0,"spe":252},"ivs":{"hp":31,"atk":0,"def":31,"spa":31,"spd":31,"spe":31}},{"name":"Garchomp","species":"Garchomp","item":"rockyhelmet","ability":"Rough Skin","moves":["stealthrock","earthquake","dragontail","rest"],"nature":"Impish","evs":{"hp":252,"atk":0,"def":252,"spa":0,"spd":0,"spe":4},"ivs":{"hp":31,"atk":31,"def":31,"spa":31,"spd":31,"spe":31}},{"name":"Diggersby","species":"Diggersby","item":"choiceband","ability":"Huge Power","moves":["return","earthquake","knockoff","quickattack"],"nature":"Adamant","evs":{"hp":0,"atk":252,"def":4,"spa":0,"spd":0,"spe":252},"ivs":{"hp":31,"atk":31,"def":31,"spa":31,"spd":31,"spe":31}},{"name":"Gastrodon","species":"Gastrodon","item":"leftovers","ability":"Storm Drain","moves":["scald","earthquake","toxic","recover"],"nature":"Sassy","evs":{"hp":252,"atk":4,"def":0,"spa":0,"spd":252,"spe":0},"ivs":{"hp":31,"atk":31,"def":31,"spa":31,"spd":31,"spe":31}}],"log":["|player|p1|Amateurized|170","|player|p2|KGBeast|kgbeast.png","|gametype|singles","|gen|6","|tier|Monotype","|rated","|rule|Baton Pass Clause: Limit one Baton Passer, can't pass Spe and other stats simultaneously","|rule|Swagger Clause: Swagger is banned","|rule|Same Type Clause: Pokémon in a team must share a type","|clearpoke","|poke|p1|Hoopa-Unbound","|poke|p1|Krookodile, F","|poke|p1|Murkrow, F","|poke|p1|Hydreigon, M","|poke|p1|Sharpedo, M","|poke|p1|Mandibuzz, F","|poke|p2|Excadrill, M","|poke|p2|Camerupt, F","|poke|p2|Landorus, M","|poke|p2|Garchomp, M","|poke|p2|Diggersby, F","|poke|p2|Gastrodon, F","|rule|Sleep Clause Mod: Limit one foe put to sleep","|rule|Species Clause: Limit one of each Pokémon","|rule|OHKO Clause: OHKO moves are banned","|rule|Moody Clause: Moody is banned","|rule|Evasion Moves Clause: Evasion moves are banned","|rule|Endless Battle Clause: Forcing endless battles is banned","|rule|HP Percentage Mod: HP is shown in percentages","|teampreview","|","|start","|switch|p1a: Turd-Birds|Murkrow, F|323/323","|switch|p2a: Garchomp|Garchomp, M|420/420","|turn|1","|","|move|p1a: Turd-Birds|Taunt|p2a: Garchomp","|-start|p2a: Garchomp|move: Taunt","|cant|p2a: Garchomp|move: Taunt|Stealth Rock","|","|turn|2","|","|switch|p2a: Diggersby|Diggersby, F|311/311","|move|p1a: Turd-Birds|Feather Dance|p2a: Diggersby","|-unboost|p2a: Diggersby|atk|2","|","|turn|3","|","|switch|p2a: Excadrill|Excadrill, M|424/424","|-ability|p2a: Excadrill|Mold Breaker","|move|p1a: Turd-Birds|Tailwind|p1a: Turd-Birds","|-sidestart|p1: Amateurized|move: Tailwind","|","|turn|4","|","|move|p1a: Turd-Birds|Feather Dance|p2a: Excadrill","|-unboost|p2a: Excadrill|atk|2","|move|p2a: Excadrill|Toxic|p1a: Turd-Birds","|-status|p1a: Turd-Birds|tox","|","|-damage|p1a: Turd-Birds|303/323 tox|[from] psn","|turn|5","|","|move|p1a: Turd-Birds|Perish Song|p1a: Turd-Birds","|-start|p1a: Turd-Birds|perish3|[silent]","|-start|p2a: Excadrill|perish3|[silent]","|-fieldactivate|move: Perish Song","|move|p2a: Excadrill|Toxic|p1a: Turd-Birds","|-fail|p1a: Turd-Birds|tox","|","|-start|p1a: Turd-Birds|perish3","|-start|p2a: Excadrill|perish3","|-damage|p1a: Turd-Birds|263/323 tox|[from] psn","|turn|6","|","|switch|p2a: Camerupt|Camerupt, F|323/323","|move|p1a: Turd-Birds|Taunt|p2a: Camerupt","|-start|p2a: Camerupt|move: Taunt","|","|-start|p1a: Turd-Birds|perish2","|-damage|p1a: Turd-Birds|203/323 tox|[from] psn","|-sideend|p1: Amateurized|move: Tailwind","|turn|7","|","|detailschange|p2a: Camerupt|Camerupt-Mega, F","|-mega|p2a: Camerupt|Camerupt|Cameruptite","|move|p1a: Turd-Birds|Tailwind|p1a: Turd-Birds","|-sidestart|p1: Amateurized|move: Tailwind","|move|p2a: Camerupt|Flamethrower|p1a: Turd-Birds","|-damage|p1a: Turd-Birds|17/323 tox","|","|-start|p1a: Turd-Birds|perish1","|-damage|p1a: Turd-Birds|0 fnt|[from] psn","|faint|p1a: Turd-Birds","|","|switch|p1a: Maskless Hollow|Hoopa-Unbound|302/302","|turn|8","|","|switch|p2a: Garchomp|Garchomp, M|420/420","|move|p1a: Maskless Hollow|Nasty Plot|p1a: Maskless Hollow","|-boost|p1a: Maskless Hollow|spa|2","|","|turn|9","|","|switch|p2a: Gastrodon|Gastrodon, F|426/426","|move|p1a: Maskless Hollow|Hyperspace Hole|p2a: Gastrodon","|-damage|p2a: Gastrodon|50/426","|-damage|p1a: Maskless Hollow|272/302|[from] item: Life Orb","|","|-heal|p2a: Gastrodon|76/426|[from] item: Leftovers","|turn|10","|","|move|p1a: Maskless Hollow|Dark Pulse|p2a: Gastrodon","|-damage|p2a: Gastrodon|0 fnt","|-damage|p1a: Maskless Hollow|242/302|[from] item: Life Orb","|faint|p2a: Gastrodon","|","|-sideend|p1: Amateurized|move: Tailwind","|","|switch|p2a: Landorus|Landorus, M|319/319","|turn|11","|","|move|p2a: Landorus|Earth Power|p1a: Maskless Hollow","|-damage|p1a: Maskless Hollow|28/302","|move|p1a: Maskless Hollow|Hyperspace Hole|p2a: Landorus","|-damage|p2a: Landorus|0 fnt","|-damage|p1a: Maskless Hollow|0 fnt|[from] item: Life Orb","|faint|p2a: Landorus","|faint|p1a: Maskless Hollow","|","|","|switch|p2a: Diggersby|Diggersby, F|311/311","|switch|p1a: Krookodile|Krookodile, F|393/393","|-ability|p1a: Krookodile|Intimidate","|-unboost|p2a: Diggersby|atk|1","|turn|12","|","|switch|p2a: Garchomp|Garchomp, M|420/420","|move|p1a: Krookodile|Knock Off|p2a: Garchomp","|-damage|p2a: Garchomp|329/420","|-damage|p1a: Krookodile|344/393|[from] ability: Rough Skin|[of] p2a: Garchomp","|-damage|p1a: Krookodile|279/393|[from] item: Rocky Helmet|[of] p2a: Garchomp","|-enditem|p2a: Garchomp|Rocky Helmet|[from] move: Knock Off|[of] p1a: Krookodile","|","|turn|13","|","|switch|p1a: Triple Collateral|Hydreigon, M|325/325","|move|p2a: Garchomp|Stealth Rock|p1a: Triple Collateral","|-sidestart|p1: Amateurized|move: Stealth Rock","|","|turn|14","|","|switch|p2a: Excadrill|Excadrill, M|424/424","|-ability|p2a: Excadrill|Mold Breaker","|move|p1a: Triple Collateral|Dragon Pulse|p2a: Excadrill","|-resisted|p2a: Excadrill","|-damage|p2a: Excadrill|353/424","|","|-heal|p2a: Excadrill|379/424|[from] item: Leftovers","|turn|15","|","|switch|p1a: Krookodile|Krookodile, F|279/393","|-damage|p1a: Krookodile|255/393|[from] Stealth Rock","|-ability|p1a: Krookodile|Intimidate","|-unboost|p2a: Excadrill|atk|1","|move|p2a: Excadrill|Earthquake|p1a: Krookodile","|-damage|p1a: Krookodile|173/393","|","|-heal|p2a: Excadrill|405/424|[from] item: Leftovers","|turn|16","|","|switch|p2a: Garchomp|Garchomp, M|329/420","|move|p1a: Krookodile|Substitute|p1a: Krookodile","|-start|p1a: Krookodile|Substitute","|-damage|p1a: Krookodile|75/393","|","|turn|17","|","|move|p2a: Garchomp|Earthquake|p1a: Krookodile","|-end|p1a: Krookodile|Substitute","|move|p1a: Krookodile|Earthquake|p2a: Garchomp","|-damage|p2a: Garchomp|232/420","|","|turn|18","|","|switch|p1a: Pain to kill|Mandibuzz, F|423/423","|-damage|p1a: Pain to kill|318/423|[from] Stealth Rock","|move|p2a: Garchomp|Dragon Tail|p1a: Pain to kill","|-damage|p1a: Pain to kill|225/423","|drag|p1a: Triple Collateral|Hydreigon, M|325/325","|-damage|p1a: Triple Collateral|285/325|[from] Stealth Rock","|","|turn|19","|","|switch|p2a: Excadrill|Excadrill, M|405/424","|-ability|p2a: Excadrill|Mold Breaker","|move|p1a: Triple Collateral|Dark Pulse|p2a: Excadrill","|-damage|p2a: Excadrill|276/424","|","|-heal|p2a: Excadrill|302/424|[from] item: Leftovers","|turn|20","|","|move|p1a: Triple Collateral|Dark Pulse|p2a: Excadrill","|-damage|p2a: Excadrill|182/424","|move|p2a: Excadrill|Earthquake|p1a: Triple Collateral","|-damage|p1a: Triple Collateral|104/325","|","|-heal|p2a: Excadrill|208/424|[from] item: Leftovers","|turn|21","|","|switch|p1a: Pain to kill|Mandibuzz, F|225/423","|-damage|p1a: Pain to kill|120/423|[from] Stealth Rock","|move|p2a: Excadrill|Iron Head|p1a: Pain to kill","|-damage|p1a: Pain to kill|3/423","|","|-heal|p2a: Excadrill|234/424|[from] item: Leftovers","|-heal|p1a: Pain to kill|29/423|[from] item: Leftovers","|turn|22","|","|move|p2a: Excadrill|Iron Head|p1a: Pain to kill","|-damage|p1a: Pain to kill|0 fnt","|faint|p1a: Pain to kill","|","|-heal|p2a: Excadrill|260/424|[from] item: Leftovers","|","|switch|p1a: Sharpedo|Sharpedo, M|281/281","|-damage|p1a: Sharpedo|246/281|[from] Stealth Rock","|turn|23","|","|switch|p2a: Camerupt|Camerupt-Mega, F|323/323","|move|p1a: Sharpedo|Waterfall|p2a: Camerupt","|-supereffective|p2a: Camerupt","|-damage|p2a: Camerupt|0 fnt","|faint|p2a: Camerupt","|","|-boost|p1a: Sharpedo|spe|1|[from] ability: Speed Boost","|","|switch|p2a: Garchomp|Garchomp, M|232/420","|turn|24","|","|detailschange|p1a: Sharpedo|Sharpedo-Mega, M","|-mega|p1a: Sharpedo|Sharpedo|Sharpedonite","|move|p1a: Sharpedo|Crunch|p2a: Garchomp","|-crit|p2a: Garchomp","|-damage|p2a: Garchomp|0 fnt","|-damage|p1a: Sharpedo|211/281|[from] ability: Rough Skin|[of] p2a: Garchomp","|faint|p2a: Garchomp","|","|","|switch|p2a: Diggersby|Diggersby, F|311/311","|turn|25","|","|move|p2a: Diggersby|Quick Attack|p1a: Sharpedo","|-damage|p1a: Sharpedo|15/281","|move|p1a: Sharpedo|Waterfall|p2a: Diggersby","|-supereffective|p2a: Diggersby","|-damage|p2a: Diggersby|0 fnt","|faint|p2a: Diggersby","|","|","|win|Amateurized"],"p1rating":{"entryid":"6102252","serverid":"eos","formatid":"monotype","userid":"amateurized","username":"Amateurized","w":18,"l":"17","t":"0","gxe":49.1,"r":"1478.7934185303","rd":"60.674266966526","sigma":"0","rptime":"1438938000","rpr":1493.3697474794,"rprd":59.940616913706,"rpsigma":"0","acre":1172.5442504673,"lacre":1172.5442504673,"oldacre":"1133.9773678848"},"p2rating":{"entryid":"6349485","serverid":"eos","formatid":"monotype","userid":"kgbeast","username":"KGBeast","w":"60","l":28,"t":"0","gxe":66.9,"r":"1636.5642975851","rd":"41.975700287194","sigma":"0","rptime":"1438938000","rpr":1633.2713269653,"rprd":41.477649744865,"rpsigma":"0","acre":1314.3438105919,"lacre":1314.3438105919,"oldacre":"1345.1973166579"},"endType":"forfeit"}