{"seed":[57985,55806,19045,28685],"turns":31,"p1":"Doomsquach","p2":"Intern Twizz","p1team":[{"name":"Mandibuzz","species":"Mandibuzz","item":"leftovers","ability":"Overcoat","moves":["roost","bravebird","foulplay","defog"],"nature":"Impish","evs":{"hp":240,"atk":0,"def":252,"spa":0,"spd":0,"spe":16},"shiny":true,"ivs":{"hp":31,"atk":31,"def":31,"spa":31,"spd":31,"spe":31}},{"name":"Sableye","species":"Sableye","item":"leftovers","ability":"Prankster","moves":["willowisp","calmmind","recover","taunt"],"nature":"Calm","evs":{"hp":224,"atk":0,"def":0,"spa":0,"spd":252,"spe":32},"gender":"M","ivs":{"hp":31,"atk":0,"def":31,"spa":31,"spd":31,"spe":31},"shiny":true},{"name":"Umbreon","species":"Umbreon","item":"leftovers","ability":"Synchronize","moves":["wish","protect","foulplay","healbell"],"nature":"Calm","evs":{"hp":252,"atk":0,"def":4,"spa":0,"spd":252,"spe":0},"gender":"M","ivs":{"hp":31,"atk":0,"def":31,"spa":31,"spd":31,"spe":31},"shiny":true},{"name":"Weavile","species":"Weavile","item":"lifeorb","ability":"Pressure","moves":["iciclecrash","iceshard","knockoff","lowkick"],"nature":"Jolly","evs":{"hp":0,"atk":252,"def":0,"spa":0,"spd":4,"spe":252},"gender":"M","shiny":true,"ivs":{"hp":31,"atk":31,"def":31,"spa":31,"spd":31,"spe":31}},{"name":"Sharp","species":"bisharp","item":"lumberry","ability":"Defiant","moves":["swordsdance","knockoff","ironhead","suckerpunch"],"nature":"Adamant","evs":{"hp":0,"atk":252,"def":0,"spa":0,"spd":4,"spe":252},"ivs":{"hp":31,"atk":31,"def":31,"spa":31,"spd":31,"spe":31}},{"name":"Tyran","species":"tyranitar","item":"tyranitarite","ability":"Sand Stream","moves":["stealthrock","thunderwave","stoneedge","ironhead"],"nature":"Careful","evs":{"hp":252,"atk":4,"def":0,"spa":0,"spd":252,"spe":0},"gender":"M","ivs":{"hp":31,"atk":31,"def":31,"spa":31,"spd":31,"spe":31}}],"p2team":[{"name":"Magnezone","species":"Magnezone","item":"leftovers","ability":"Sturdy","moves":["flashcannon","thunderbolt","protect","hiddenpowerice"],"nature":"Modest","evs":{"hp":76,"atk":0,"def":180,"spa":252,"spd":0,"spe":0},"ivs":{"hp":31,"atk":30,"def":30,"spa":31,"spd":31,"spe":31}},{"name":"Zapdos","species":"Zapdos","item":"leftovers","ability":"Pressure","moves":["discharge","heatwave","toxic","roost"],"nature":"Bold","evs":{"hp":4,"atk":0,"def":252,"spa":0,"spd":252,"spe":0},"ivs":{"hp":31,"atk":31,"def":31,"spa":31,"spd":31,"spe":31}},{"name":"Ampharos","species":"Ampharos","item":"ampharosite","ability":"Static","moves":["cottonguard","rest","sleeptalk","dragonpulse"],"nature":"Bold","evs":{"hp":0,"atk":0,"def":252,"spa":136,"spd":120,"spe":0},"ivs":{"hp":31,"atk":31,"def":31,"spa":31,"spd":31,"spe":31}},{"name":"Raikou","species":"Raikou","item":"leftovers","ability":"Pressure","moves":["calmmind","substitute","thunderbolt","extrasensory"],"nature":"Timid","evs":{"hp":0,"atk":0,"def":0,"spa":252,"spd":4,"spe":252},"ivs":{"hp":31,"atk":31,"def":31,"spa":31,"spd":31,"spe":31}},{"name":"Rotom-Wash","species":"Rotom-Wash","item":"choicescarf","ability":"Levitate","moves":["voltswitch","hydropump","willowisp","trick"],"nature":"Timid","evs":{"hp":0,"atk":0,"def":0,"spa":252,"spd":4,"spe":252},"ivs":{"hp":31,"atk":31,"def":31,"spa":31,"spd":31,"spe":31}},{"name":"Condom","species":"eelektross","item":"assaultvest","ability":"Levitate","moves":["gigadrain","thunderbolt","drainpunch","knockoff"],"nature":"Quiet","evs":{"hp":3,"atk":136,"def":0,"spa":108,"spd":252,"spe":0},"ivs":{"hp":31,"atk":31,"def":31,"spa":31,"spd":31,"spe":31}}],"log":["|player|p1|Doomsquach|20","|player|p2|Intern Twizz|122","|gametype|singles","|gen|6","|tier|Monotype","|rated","|rule|Baton Pass Clause: Limit one Baton Passer, can't pass Spe and other stats simultaneously","|rule|Swagger Clause: Swagger is banned","|rule|Same Type Clause: Pokémon in a team must share a type","|clearpoke","|poke|p1|Mandibuzz, F, shiny","|poke|p1|Sableye, M, shiny","|poke|p1|Umbreon, M, shiny","|poke|p1|Weavile, M, shiny","|poke|p1|Bisharp, M","|poke|p1|Tyranitar, M","|poke|p2|Magnezone","|poke|p2|Zapdos","|poke|p2|Ampharos, M","|poke|p2|Raikou","|poke|p2|Rotom-Wash","|poke|p2|Eelektross, M","|rule|Sleep Clause Mod: Limit one foe put to sleep","|rule|Species Clause: Limit one of each Pokémon","|rule|OHKO Clause: OHKO moves are banned","|rule|Moody Clause: Moody is banned","|rule|Evasion Moves Clause: Evasion moves are banned","|rule|Endless Battle Clause: Forcing endless battles is banned","|rule|HP Percentage Mod: HP is shown in percentages","|teampreview","|","|start","|switch|p1a: Tyran|Tyranitar, M|404/404","|switch|p2a: Rotom-Wash|Rotom-Wash|241/241","|-weather|Sandstorm","|turn|1","|","|detailschange|p1a: Tyran|Tyranitar-Mega, M","|-mega|p1a: Tyran|Tyranitar|Tyranitarite","|move|p2a: Rotom-Wash|Will-O-Wisp|p1a: Tyran","|-status|p1a: Tyran|brn","|move|p1a: Tyran|Stealth Rock|p2a: Rotom-Wash","|-sidestart|p2: Intern Twizz|move: Stealth Rock","|","|-weather|Sandstorm|[upkeep]","|-damage|p2a: Rotom-Wash|226/241|[from] sandstorm","|-damage|p1a: Tyran|354/404 brn|[from] brn","|turn|2","|","|switch|p2a: Magnezone|Magnezone|300/300","|-damage|p2a: Magnezone|282/300|[from] Stealth Rock","|move|p1a: Tyran|Stone Edge|p2a: Magnezone|[miss]","|-miss|p1a: Tyran|p2a: Magnezone","|","|-weather|Sandstorm|[upkeep]","|-heal|p2a: Magnezone|300/300|[from] item: Leftovers","|-damage|p1a: Tyran|304/404 brn|[from] brn","|turn|3","|","|move|p2a: Magnezone|Protect|p2a: Magnezone","|-singleturn|p2a: Magnezone|Protect","|move|p1a: Tyran|Iron Head|p2a: Magnezone","|-activate|p2a: Magnezone|Protect","|","|-weather|Sandstorm|[upkeep]","|-damage|p1a: Tyran|254/404 brn|[from] brn","|turn|4","|","|move|p1a: Tyran|Iron Head|p2a: Magnezone","|-resisted|p2a: Magnezone","|-damage|p2a: Magnezone|292/300","|move|p2a: Magnezone|Flash Cannon|p1a: Tyran","|-supereffective|p1a: Tyran","|-damage|p1a: Tyran|114/404 brn","|","|-weather|Sandstorm|[upkeep]","|-heal|p2a: Magnezone|300/300|[from] item: Leftovers","|-damage|p1a: Tyran|64/404 brn|[from] brn","|turn|5","|","|move|p1a: Tyran|Stone Edge|p2a: Magnezone|[miss]","|-miss|p1a: Tyran|p2a: Magnezone","|move|p2a: Magnezone|Flash Cannon|p1a: Tyran","|-supereffective|p1a: Tyran","|-damage|p1a: Tyran|0 fnt","|faint|p1a: Tyran","|","|-weather|none","|","|switch|p1a: Sableye|Sableye, M, shiny|297/297","|turn|6","|","|move|p1a: Sableye|Taunt|p2a: Magnezone","|-start|p2a: Magnezone|move: Taunt","|move|p2a: Magnezone|Thunderbolt|p1a: Sableye","|-crit|p1a: Sableye","|-damage|p1a: Sableye|53/297","|","|-heal|p1a: Sableye|71/297|[from] item: Leftovers","|turn|7","|","|move|p1a: Sableye|Recover|p1a: Sableye","|-heal|p1a: Sableye|220/297","|move|p2a: Magnezone|Thunderbolt|p1a: Sableye","|-damage|p1a: Sableye|45/297","|","|-heal|p1a: Sableye|63/297|[from] item: Leftovers","|turn|8","|","|move|p1a: Sableye|Recover|p1a: Sableye","|-heal|p1a: Sableye|212/297","|move|p2a: Magnezone|Thunderbolt|p1a: Sableye","|-damage|p1a: Sableye|58/297","|","|-heal|p1a: Sableye|76/297|[from] item: Leftovers","|-end|p2a: Magnezone|move: Taunt","|turn|9","|","|move|p1a: Sableye|Recover|p1a: Sableye","|-heal|p1a: Sableye|225/297","|move|p2a: Magnezone|Thunderbolt|p1a: Sableye","|-damage|p1a: Sableye|57/297","|-status|p1a: Sableye|par","|","|-heal|p1a: Sableye|75/297 par|[from] item: Leftovers","|turn|10","|","|move|p1a: Sableye|Will-O-Wisp|p2a: Magnezone","|-status|p2a: Magnezone|brn","|move|p2a: Magnezone|Thunderbolt|p1a: Sableye","|-damage|p1a: Sableye|0 fnt","|faint|p1a: Sableye","|","|-damage|p2a: Magnezone|263/300 brn|[from] brn","|","|switch|p1a: Umbreon|Umbreon, M, shiny|394/394","|turn|11","|","|move|p1a: Umbreon|Foul Play|p2a: Magnezone","|-damage|p2a: Magnezone|206/300 brn","|move|p2a: Magnezone|Thunderbolt|p1a: Umbreon","|-damage|p1a: Umbreon|289/394","|-status|p1a: Umbreon|par","|","|-heal|p2a: Magnezone|224/300 brn|[from] item: Leftovers","|-heal|p1a: Umbreon|313/394 par|[from] item: Leftovers","|-damage|p2a: Magnezone|187/300 brn|[from] brn","|turn|12","|","|move|p2a: Magnezone|Thunderbolt|p1a: Umbreon","|-damage|p1a: Umbreon|211/394 par","|move|p1a: Umbreon|Wish|p1a: Umbreon","|","|-heal|p2a: Magnezone|205/300 brn|[from] item: Leftovers","|-heal|p1a: Umbreon|235/394 par|[from] item: Leftovers","|-damage|p2a: Magnezone|168/300 brn|[from] brn","|turn|13","|","|switch|p2a: Condom|Eelektross, M|311/311","|-damage|p2a: Condom|273/311|[from] Stealth Rock","|move|p1a: Umbreon|Heal Bell|p1a: Umbreon","|-cureteam|p1a: Umbreon|[from] move: HealBell","|","|-heal|p1a: Umbreon|394/394|[from] move: Wish|[wisher] Umbreon","|turn|14","|","|move|p1a: Umbreon|Foul Play|p2a: Condom","|-damage|p2a: Condom|114/311","|move|p2a: Condom|Knock Off|p1a: Umbreon","|-resisted|p1a: Umbreon","|-damage|p1a: Umbreon|350/394","|-enditem|p1a: Umbreon|Leftovers|[from] move: Knock Off|[of] p2a: Condom","|","|turn|15","|","|switch|p2a: Rotom-Wash|Rotom-Wash|226/241","|-damage|p2a: Rotom-Wash|196/241|[from] Stealth Rock","|move|p1a: Umbreon|Foul Play|p2a: Rotom-Wash","|-damage|p2a: Rotom-Wash|126/241","|","|turn|16","|","|switch|p1a: Sharp|Bisharp, M|271/271","|move|p2a: Rotom-Wash|Trick|p1a: Sharp","|-activate|p2a: Rotom-Wash|move: Trick|[of] p1a: Sharp","|-item|p1a: Sharp|Choice Scarf|[from] move: Trick","|-item|p2a: Rotom-Wash|Lum Berry|[from] move: Trick","|","|turn|17","|","|move|p1a: Sharp|Knock Off|p2a: Rotom-Wash","|-damage|p2a: Rotom-Wash|0 fnt","|-enditem|p2a: Rotom-Wash|Lum Berry|[from] move: Knock Off|[of] p1a: Sharp","|faint|p2a: Rotom-Wash","|","|","|switch|p2a: Ampharos|Ampharos, M|321/321","|-damage|p2a: Ampharos|281/321|[from] Stealth Rock","|turn|18","|","|detailschange|p2a: Ampharos|Ampharos-Mega, M","|-mega|p2a: Ampharos|Ampharos|Ampharosite","|-ability|p2a: Ampharos|Mold Breaker","|move|p1a: Sharp|Knock Off|p2a: Ampharos","|-damage|p2a: Ampharos|193/321","|move|p2a: Ampharos|Cotton Guard|p2a: Ampharos","|-boost|p2a: Ampharos|def|3","|","|turn|19","|","|switch|p1a: Weavile|Weavile, M, shiny|281/281","|-ability|p1a: Weavile|Pressure","|move|p2a: Ampharos|Cotton Guard|p2a: Ampharos","|-boost|p2a: Ampharos|def|3","|","|turn|20","|","|move|p1a: Weavile|Icicle Crash|p2a: Ampharos","|-supereffective|p2a: Ampharos","|-damage|p2a: Ampharos|131/321","|-damage|p1a: Weavile|253/281|[from] item: Life Orb","|move|p2a: Ampharos|Dragon Pulse|p1a: Weavile","|-damage|p1a: Weavile|48/281","|","|turn|21","|","|move|p1a: Weavile|Icicle Crash|p2a: Ampharos|[miss]","|-miss|p1a: Weavile|p2a: Ampharos","|move|p2a: Ampharos|Rest|p2a: Ampharos","|-status|p2a: Ampharos|slp","|-heal|p2a: Ampharos|321/321 slp|[silent]","|-status|p2a: Ampharos|slp|[from] move: Rest","|","|turn|22","|","|move|p1a: Weavile|Icicle Crash|p2a: Ampharos","|-supereffective|p2a: Ampharos","|-damage|p2a: Ampharos|256/321 slp","|-damage|p1a: Weavile|20/281|[from] item: Life Orb","|cant|p2a: Ampharos|slp","|move|p2a: Ampharos|Sleep Talk|p2a: Ampharos","|move|p2a: Ampharos|Cotton Guard|p2a: Ampharos|[from]Sleep Talk","|-fail|p2a: Ampharos","|","|turn|23","|","|move|p1a: Weavile|Icicle Crash|p2a: Ampharos","|-supereffective|p2a: Ampharos","|-damage|p2a: Ampharos|194/321 slp","|-damage|p1a: Weavile|0 fnt|[from] item: Life Orb","|faint|p1a: Weavile","|cant|p2a: Ampharos|slp","|move|p2a: Ampharos|Sleep Talk|p2a: Ampharos","|move|p2a: Ampharos|Cotton Guard|p2a: Ampharos|[from]Sleep Talk","|-fail|p2a: Ampharos","|","|","|switch|p1a: Sharp|Bisharp, M|271/271","|turn|24","|","|move|p1a: Sharp|Iron Head|p2a: Ampharos","|-crit|p2a: Ampharos","|-resisted|p2a: Ampharos","|-damage|p2a: Ampharos|112/321 slp","|-curestatus|p2a: Ampharos|slp","|move|p2a: Ampharos|Rest|p2a: Ampharos","|-status|p2a: Ampharos|slp","|-heal|p2a: Ampharos|321/321 slp|[silent]","|-status|p2a: Ampharos|slp|[from] move: Rest","|","|turn|25","|","|move|p1a: Sharp|Iron Head|p2a: Ampharos","|-resisted|p2a: Ampharos","|-damage|p2a: Ampharos|307/321 slp","|cant|p2a: Ampharos|slp","|move|p2a: Ampharos|Sleep Talk|p2a: Ampharos","|move|p2a: Ampharos|Cotton Guard|p2a: Ampharos|[from]Sleep Talk","|-fail|p2a: Ampharos","|","|turn|26","|","|switch|p1a: Umbreon|Umbreon, M, shiny|350/394","|cant|p2a: Ampharos|slp","|move|p2a: Ampharos|Sleep Talk|p2a: Ampharos","|move|p2a: Ampharos|Cotton Guard|p2a: Ampharos|[from]Sleep Talk","|-fail|p2a: Ampharos","|","|turn|27","|","|move|p1a: Umbreon|Foul Play|p2a: Ampharos","|-damage|p2a: Ampharos|289/321 slp","|-curestatus|p2a: Ampharos|slp","|move|p2a: Ampharos|Dragon Pulse|p1a: Umbreon","|-crit|p1a: Umbreon","|-damage|p1a: Umbreon|209/394","|","|turn|28","|","|move|p1a: Umbreon|Foul Play|p2a: Ampharos","|-damage|p2a: Ampharos|271/321","|move|p2a: Ampharos|Dragon Pulse|p1a: Umbreon","|-damage|p1a: Umbreon|98/394","|","|turn|29","|","|move|p1a: Umbreon|Foul Play|p2a: Ampharos","|-damage|p2a: Ampharos|253/321","|move|p2a: Ampharos|Dragon Pulse|p1a: Umbreon","|-damage|p1a: Umbreon|0 fnt","|faint|p1a: Umbreon","|","|","|switch|p1a: Mandibuzz|Mandibuzz, F, shiny|421/421","|turn|30","|","|move|p1a: Mandibuzz|Foul Play|p2a: Ampharos","|-damage|p2a: Ampharos|237/321","|move|p2a: Ampharos|Dragon Pulse|p1a: Mandibuzz","|-damage|p1a: Mandibuzz|253/421","|","|-heal|p1a: Mandibuzz|279/421|[from] item: Leftovers","|turn|31","|","|win|Intern Twizz"],"p1rating":{"entryid":"6925117","serverid":"eos","formatid":"monotype","userid":"doomsquach","username":"doomsquach","w":"7","l":13,"t":"0","gxe":38.6,"r":1424.3936117634,"rd":73.746032712163,"sigma":"0","rptime":1438938000,"rpr":1411.17968795,"rprd":72.303749436841,"rpsigma":"0","acre":1044.0210697608,"lacre":1044.0210697608,"oldacre":"1062.6904947233"},"p2rating":{"entryid":"7448162","serverid":"eos","formatid":"monotype","userid":"interntwizz","username":"Intern Twizz","w":3,"l":"3","t":"0","gxe":51.9,"r":"1451.5297298288","rd":"105.46575590565","sigma":"0","rptime":"1438938000","rpr":1514.85891881,"rprd":97.580960107525,"rpsigma":"0","acre":1103.3829287585,"lacre":1103.3829287585,"oldacre":"1075.8422671561"},"endType":"forfeit"}