{"seed":[15174,4680,62927,37255],"turns":30,"p1":"Guard Choppah","p2":"GTX♅Bzumzum","p1team":[{"name":"Altaria","species":"Altaria","item":"altarianite","ability":"Natural Cure","moves":["dragondance","earthquake","return","roost"],"nature":"Adamant","evs":{"hp":0,"atk":252,"def":0,"spa":0,"spd":4,"spe":252},"ivs":{"hp":31,"atk":31,"def":31,"spa":31,"spd":31,"spe":31}},{"name":"Dragonite","species":"Dragonite","item":"choiceband","ability":"Multiscale","moves":["extremespeed","earthquake","outrage","firepunch"],"nature":"Adamant","evs":{"hp":0,"atk":252,"def":0,"spa":0,"spd":4,"spe":252},"ivs":{"hp":31,"atk":31,"def":31,"spa":31,"spd":31,"spe":31}},{"name":"Garchomp","species":"Garchomp","item":"rockyhelmet","ability":"Rough Skin","moves":["earthquake","outrage","fireblast","stealthrock"],"nature":"Lax","evs":{"hp":252,"atk":4,"def":252,"spa":0,"spd":0,"spe":0},"ivs":{"hp":31,"atk":31,"def":31,"spa":31,"spd":31,"spe":31}},{"name":"Kyurem-Black","species":"Kyurem-Black","item":"leftovers","ability":"Teravolt","moves":["outrage","fusionbolt","substitute","ironhead"],"nature":"Adamant","evs":{"hp":252,"atk":252,"def":0,"spa":0,"spd":4,"spe":0},"ivs":{"hp":31,"atk":31,"def":31,"spa":31,"spd":31,"spe":31}},{"name":"Latios","species":"Latios","item":"choicescarf","ability":"Levitate","moves":["dracometeor","energyball","psyshock","dragonpulse"],"nature":"Modest","evs":{"hp":0,"atk":0,"def":0,"spa":252,"spd":4,"spe":252},"ivs":{"hp":31,"atk":31,"def":31,"spa":31,"spd":31,"spe":31}},{"name":"Latias","species":"Latias","item":"choicescarf","ability":"Levitate","moves":["thunderbolt","dragonpulse","psyshock","healingwish"],"nature":"Modest","evs":{"hp":0,"atk":0,"def":0,"spa":252,"spd":4,"spe":252},"ivs":{"hp":31,"atk":31,"def":31,"spa":31,"spd":31,"spe":31}}],"p2team":[{"name":"Elec","species":"manectric","item":"manectite","ability":"Lightning Rod","moves":["thunderbolt","hiddenpowergrass","voltswitch","overheat"],"nature":"Timid","evs":{"hp":0,"atk":0,"def":0,"spa":252,"spd":4,"spe":252},"gender":"M","ivs":{"hp":31,"atk":30,"def":31,"spa":30,"spd":31,"spe":31}},{"name":"Water-Safe","species":"rotomwash","item":"chestoberry","ability":"Levitate","moves":["hydropump","hex","willowisp","rest"],"nature":"Calm","evs":{"hp":248,"atk":0,"def":0,"spa":8,"spd":252,"spe":0},"shiny":true,"ivs":{"hp":31,"atk":31,"def":31,"spa":31,"spd":31,"spe":31}},{"name":"MY ZONE!!!","species":"magnezone","item":"choicespecs","ability":"Sturdy","moves":["hiddenpowerice","flashcannon","triattack","signalbeam"],"nature":"Modest","evs":{"hp":248,"atk":0,"def":0,"spa":252,"spd":8,"spe":0},"ivs":{"hp":31,"atk":30,"def":30,"spa":31,"spd":31,"spe":31},"shiny":true},{"name":"Thundernor","species":"eelektross","item":"leftovers","ability":"Levitate","moves":["coil","drainpunch","knockoff","uturn"],"nature":"Adamant","evs":{"hp":252,"atk":252,"def":0,"spa":0,"spd":0,"spe":4},"gender":"M","shiny":true,"ivs":{"hp":31,"atk":31,"def":31,"spa":31,"spd":31,"spe":31}},{"name":"Zapz","species":"zapdos","item":"leftovers","ability":"Pressure","moves":["heatwave","roost","extrasensory","defog"],"nature":"Modest","evs":{"hp":252,"atk":0,"def":0,"spa":252,"spd":4,"spe":0},"shiny":true,"ivs":{"hp":31,"atk":31,"def":31,"spa":31,"spd":31,"spe":31}},{"name":"Plugg-in Failure","species":"electivire","item":"choicescarf","ability":"Vital Spirit","moves":["crosschop","earthquake","icepunch","rockslide"],"nature":"Adamant","evs":{"hp":0,"atk":252,"def":0,"spa":0,"spd":4,"spe":252},"gender":"M","shiny":true,"ivs":{"hp":31,"atk":31,"def":31,"spa":31,"spd":31,"spe":31}}],"log":["|player|p1|Guard Choppah|146","|player|p2|GTX♅Bzumzum|225","|gametype|singles","|gen|6","|tier|Monotype","|rated","|rule|Baton Pass Clause: Limit one Baton Passer, can't pass Spe and other stats simultaneously","|rule|Swagger Clause: Swagger is banned","|rule|Same Type Clause: Pokémon in a team must share a type","|clearpoke","|poke|p1|Altaria, F","|poke|p1|Dragonite, M","|poke|p1|Garchomp, F","|poke|p1|Kyurem-Black","|poke|p1|Latios, M","|poke|p1|Latias, F","|poke|p2|Manectric, M","|poke|p2|Rotom-Wash, shiny","|poke|p2|Magnezone, shiny","|poke|p2|Eelektross, M, shiny","|poke|p2|Zapdos, shiny","|poke|p2|Electivire, M, shiny","|rule|Sleep Clause Mod: Limit one foe put to sleep","|rule|Species Clause: Limit one of each Pokémon","|rule|OHKO Clause: OHKO moves are banned","|rule|Moody Clause: Moody is banned","|rule|Evasion Moves Clause: Evasion moves are banned","|rule|Endless Battle Clause: Forcing endless battles is banned","|rule|HP Percentage Mod: HP is shown in percentages","|teampreview","|","|start","|switch|p1a: Latios|Latios, M|301/301","|switch|p2a: Zapz|Zapdos, shiny|384/384","|-ability|p2a: Zapz|Pressure","|turn|1","|","|move|p1a: Latios|Draco Meteor|p2a: Zapz|[miss]","|-miss|p1a: Latios|p2a: Zapz","|move|p2a: Zapz|Heat Wave|p1a: Latios","|-resisted|p1a: Latios","|-damage|p1a: Latios|246/301","|","|turn|2","|","|move|p1a: Latios|Draco Meteor|p2a: Zapz","|-damage|p2a: Zapz|99/384","|-unboost|p1a: Latios|spa|2","|move|p2a: Zapz|Heat Wave|p1a: Latios","|-resisted|p1a: Latios","|-damage|p1a: Latios|192/301","|","|-heal|p2a: Zapz|123/384|[from] item: Leftovers","|turn|3","|","|switch|p2a: Water-Safe|Rotom-Wash, shiny|303/303","|move|p1a: Latios|Draco Meteor|p2a: Water-Safe","|-damage|p2a: Water-Safe|219/303","|-unboost|p1a: Latios|spa|2","|","|turn|4","|","|switch|p1a: Latias|Latias, F|301/301","|move|p2a: Water-Safe|Will-O-Wisp|p1a: Latias","|-status|p1a: Latias|brn","|","|-damage|p1a: Latias|264/301 brn|[from] brn","|turn|5","|","|move|p1a: Latias|Dragon Pulse|p2a: Water-Safe","|-damage|p2a: Water-Safe|114/303","|move|p2a: Water-Safe|Hex|p1a: Latias","|-supereffective|p1a: Latias","|-damage|p1a: Latias|106/301 brn","|","|-damage|p1a: Latias|69/301 brn|[from] brn","|turn|6","|","|switch|p1a: Latios|Latios, M|192/301","|move|p2a: Water-Safe|Rest|p2a: Water-Safe","|-status|p2a: Water-Safe|slp","|-heal|p2a: Water-Safe|303/303 slp|[silent]","|-status|p2a: Water-Safe|slp|[from] move: Rest","|-enditem|p2a: Water-Safe|Chesto Berry|[eat]","|-curestatus|p2a: Water-Safe|slp","|","|turn|7","|","|move|p1a: Latios|Energy Ball|p2a: Water-Safe","|-supereffective|p2a: Water-Safe","|-damage|p2a: Water-Safe|149/303","|move|p2a: Water-Safe|Hydro Pump|p1a: Latios|[miss]","|-miss|p2a: Water-Safe|p1a: Latios","|","|turn|8","|","|switch|p1a: Altaria|Altaria, F|291/291","|switch|p2a: Zapz|Zapdos, shiny|123/384","|-ability|p2a: Zapz|Pressure","|","|-heal|p2a: Zapz|147/384|[from] item: Leftovers","|turn|9","|","|move|p1a: Altaria|Dragon Dance|p1a: Altaria","|-boost|p1a: Altaria|atk|1","|-boost|p1a: Altaria|spe|1","|move|p2a: Zapz|Extrasensory|p1a: Altaria","|-damage|p1a: Altaria|194/291","|","|-heal|p2a: Zapz|171/384|[from] item: Leftovers","|turn|10","|","|move|p1a: Altaria|Dragon Dance|p1a: Altaria","|-boost|p1a: Altaria|atk|1","|-boost|p1a: Altaria|spe|1","|move|p2a: Zapz|Roost|p2a: Zapz","|-heal|p2a: Zapz|363/384","|","|-heal|p2a: Zapz|384/384|[from] item: Leftovers","|turn|11","|","|move|p1a: Altaria|Return|p2a: Zapz","|-damage|p2a: Zapz|190/384","|move|p2a: Zapz|Extrasensory|p1a: Altaria","|-damage|p1a: Altaria|98/291","|","|-heal|p2a: Zapz|214/384|[from] item: Leftovers","|turn|12","|","|detailschange|p1a: Altaria|Altaria-Mega, F","|-mega|p1a: Altaria|Altaria|Altarianite","|move|p1a: Altaria|Roost|p1a: Altaria","|-heal|p1a: Altaria|244/291","|move|p2a: Zapz|Roost|p2a: Zapz","|-heal|p2a: Zapz|384/384","|","|turn|13","|","|move|p1a: Altaria|Dragon Dance|p1a: Altaria","|-boost|p1a: Altaria|atk|1","|-boost|p1a: Altaria|spe|1","|move|p2a: Zapz|Extrasensory|p1a: Altaria","|-damage|p1a: Altaria|149/291","|","|turn|14","|","|move|p1a: Altaria|Roost|p1a: Altaria","|-heal|p1a: Altaria|291/291","|move|p2a: Zapz|Extrasensory|p1a: Altaria","|-damage|p1a: Altaria|200/291","|","|turn|15","|","|move|p1a: Altaria|Dragon Dance|p1a: Altaria","|-boost|p1a: Altaria|atk|1","|-boost|p1a: Altaria|spe|1","|move|p2a: Zapz|Heat Wave|p1a: Altaria","|-resisted|p1a: Altaria","|-damage|p1a: Altaria|142/291","|","|turn|16","|","|move|p1a: Altaria|Roost|p1a: Altaria","|-heal|p1a: Altaria|288/291","|move|p2a: Zapz|Extrasensory|p1a: Altaria","|-damage|p1a: Altaria|194/291","|","|turn|17","|","|move|p1a: Altaria|Return|p2a: Zapz","|-damage|p2a: Zapz|0 fnt","|faint|p2a: Zapz","|","|","|switch|p2a: Plugg-in Failure|Electivire, M, shiny|291/291","|turn|18","|","|move|p1a: Altaria|Earthquake|p2a: Plugg-in Failure","|-supereffective|p2a: Plugg-in Failure","|-damage|p2a: Plugg-in Failure|0 fnt","|faint|p2a: Plugg-in Failure","|","|","|switch|p2a: MY ZONE!!!|Magnezone, shiny|343/343","|turn|19","|","|move|p1a: Altaria|Earthquake|p2a: MY ZONE!!!","|-supereffective|p2a: MY ZONE!!!","|-ability|p2a: MY ZONE!!!|Sturdy","|-damage|p2a: MY ZONE!!!|1/343","|move|p2a: MY ZONE!!!|Flash Cannon|p1a: Altaria","|-crit|p1a: Altaria","|-supereffective|p1a: Altaria","|-damage|p1a: Altaria|0 fnt","|faint|p1a: Altaria","|","|","|switch|p1a: Garchomp|Garchomp, F|420/420","|turn|20","|","|switch|p2a: Water-Safe|Rotom-Wash, shiny|149/303","|move|p1a: Garchomp|Stealth Rock|p2a: Water-Safe","|-sidestart|p2: GTX♅Bzumzum|move: Stealth Rock","|","|turn|21","|","|switch|p1a: Latios|Latios, M|192/301","|move|p2a: Water-Safe|Hydro Pump|p1a: Latios","|-resisted|p1a: Latios","|-damage|p1a: Latios|129/301","|","|turn|22","|","|switch|p2a: MY ZONE!!!|Magnezone, shiny|1/343","|-damage|p2a: MY ZONE!!!|0 fnt|[from] Stealth Rock","|faint|p2a: MY ZONE!!!","|move|p1a: Latios|Energy Ball|p2: MY ZONE!!!|[notarget]","|-notarget","|","|","|switch|p2a: Thundernor|Eelektross, M, shiny|374/374","|-damage|p2a: Thundernor|328/374|[from] Stealth Rock","|turn|23","|","|switch|p1a: Kyurem-Black|Kyurem-Black|454/454","|-ability|p1a: Kyurem-Black|Teravolt","|move|p2a: Thundernor|Coil|p2a: Thundernor","|-boost|p2a: Thundernor|atk|1","|-boost|p2a: Thundernor|def|1","|-boost|p2a: Thundernor|accuracy|1","|","|-heal|p2a: Thundernor|351/374|[from] item: Leftovers","|turn|24","|","|move|p1a: Kyurem-Black|Outrage|p2a: Thundernor","|-damage|p2a: Thundernor|117/374","|move|p2a: Thundernor|Drain Punch|p1a: Kyurem-Black","|-supereffective|p1a: Kyurem-Black","|-damage|p1a: Kyurem-Black|162/454","|-heal|p2a: Thundernor|263/374|[from] drain|[of] p1a: Kyurem-Black","|","|-heal|p1a: Kyurem-Black|190/454|[from] item: Leftovers","|-heal|p2a: Thundernor|286/374|[from] item: Leftovers","|turn|25","|","|move|p1a: Kyurem-Black|Outrage|p2a: Thundernor|[from]lockedmove","|-damage|p2a: Thundernor|57/374","|move|p2a: Thundernor|Drain Punch|p1a: Kyurem-Black","|-supereffective|p1a: Kyurem-Black","|-damage|p1a: Kyurem-Black|0 fnt","|-heal|p2a: Thundernor|152/374|[from] drain|[of] p1a: Kyurem-Black","|faint|p1a: Kyurem-Black","|","|-heal|p2a: Thundernor|175/374|[from] item: Leftovers","|","|switch|p1a: Garchomp|Garchomp, F|420/420","|turn|26","|","|move|p1a: Garchomp|Outrage|p2a: Thundernor","|-damage|p2a: Thundernor|42/374","|move|p2a: Thundernor|Drain Punch|p1a: Garchomp","|-damage|p1a: Garchomp|315/420","|-heal|p2a: Thundernor|95/374|[from] drain|[of] p1a: Garchomp","|-damage|p2a: Thundernor|49/374|[from] ability: Rough Skin|[of] p1a: Garchomp","|-damage|p2a: Thundernor|0 fnt|[from] item: Rocky Helmet|[of] p1a: Garchomp","|faint|p2a: Thundernor","|","|","|switch|p2a: Water-Safe|Rotom-Wash, shiny|149/303","|-damage|p2a: Water-Safe|112/303|[from] Stealth Rock","|turn|27","|","|move|p1a: Garchomp|Outrage|p2a: Water-Safe|[from]lockedmove","|-damage|p2a: Water-Safe|0 fnt","|-start|p1a: Garchomp|confusion|[fatigue]","|faint|p2a: Water-Safe","|","|","|switch|p2a: Elec|Manectric, M|281/281","|-damage|p2a: Elec|246/281|[from] Stealth Rock","|turn|28","|","|detailschange|p2a: Elec|Manectric-Mega, M","|-mega|p2a: Elec|Manectric|Manectite","|-ability|p2a: Elec|Intimidate","|-unboost|p1a: Garchomp|atk|1","|move|p2a: Elec|Hidden Power|p1a: Garchomp","|-damage|p1a: Garchomp|223/420","|-activate|p1a: Garchomp|confusion","|move|p1a: Garchomp|Earthquake|p2a: Elec","|-supereffective|p2a: Elec","|-damage|p2a: Elec|28/281","|","|turn|29","|","|move|p2a: Elec|Hidden Power|p1a: Garchomp","|-damage|p1a: Garchomp|125/420","|-activate|p1a: Garchomp|confusion","|-damage|p1a: Garchomp|107/420|[from] confusion","|","|turn|30","|","|move|p2a: Elec|Hidden Power|p1a: Garchomp","|-damage|p1a: Garchomp|18/420","|-activate|p1a: Garchomp|confusion","|move|p1a: Garchomp|Earthquake|p2a: Elec","|-crit|p2a: Elec","|-supereffective|p2a: Elec","|-damage|p2a: Elec|0 fnt","|faint|p2a: Elec","|","|win|Guard Choppah"],"p1rating":{"entryid":"7425426","serverid":"eos","formatid":"monotype","userid":"guardchoppah","username":"Guard Choppah","w":18,"l":"4","t":"0","gxe":74.5,"r":"1683.3319553746","rd":"71.936269136568","sigma":"0","rptime":"1438938000","rpr":1705.8470816312,"rprd":68.882776571527,"rpsigma":"0","acre":1319.7206025486,"lacre":1319.7206025486,"oldacre":"1311.1926000952"},"p2rating":{"entryid":"6857825","serverid":"eos","formatid":"monotype","userid":"gtxbzumzum","username":"GTX♅Bzumzum","w":"24","l":86,"t":"0","gxe":23.1,"r":1273.8247855487,"rd":38.217168250411,"sigma":"0","rptime":1438938000,"rpr":1273.0794841846,"rprd":38.144469125856,"rpsigma":"0","acre":1074.7020195426,"lacre":1074.7020195426,"oldacre":"1084.361803258"},"endType":"normal"}