{"seed":[50392,45311,129,10555],"turns":25,"p1":"Crystal Blade64","p2":"The Emblem","p1team":[{"name":"Hi","species":"slowbro","item":"leftovers","ability":"Oblivious","moves":["scald","calmmind","slackoff","fireblast"],"nature":"Bold","evs":{"hp":252,"atk":0,"def":252,"spa":4,"spd":0,"spe":0},"ivs":{"hp":31,"atk":31,"def":31,"spa":31,"spd":31,"spe":31}},{"name":"Mega Magikarp","species":"gyarados","item":"leftovers","ability":"Intimidate","moves":["rest","sleeptalk","dragondance","waterfall"],"nature":"Adamant","evs":{"hp":0,"atk":252,"def":0,"spa":0,"spd":4,"spe":252},"ivs":{"hp":31,"atk":31,"def":31,"spa":31,"spd":31,"spe":31}},{"name":"Lightning-Proof","species":"lanturn","item":"leftovers","ability":"Volt Absorb","moves":["scald","healbell","voltswitch","toxic"],"nature":"Bold","evs":{"hp":252,"atk":0,"def":252,"spa":4,"spd":0,"spe":0},"ivs":{"hp":31,"atk":31,"def":31,"spa":31,"spd":31,"spe":31}},{"name":"Not MLP but MLG","species":"keldeo","item":"choicescarf","ability":"Justified","moves":["hydropump","secretsword","hiddenpowerground","icywind"],"nature":"Timid","evs":{"hp":0,"atk":0,"def":0,"spa":252,"spd":4,"spe":252},"ivs":{"hp":31,"atk":31,"def":31,"spa":30,"spd":30,"spe":31}},{"name":"Grass-Proof","species":"azumarill","item":"leftovers","ability":"Sap Sipper","moves":["protect","toxic","knockoff","scald"],"nature":"Relaxed","evs":{"hp":252,"atk":4,"def":252,"spa":0,"spd":0,"spe":0},"ivs":{"hp":31,"atk":31,"def":31,"spa":31,"spd":31,"spe":31}},{"name":"Wat","species":"manaphy","item":"leftovers","ability":"Hydration","moves":["whirlpool","substitute","aquaring","scald"],"nature":"Modest","evs":{"hp":248,"atk":0,"def":0,"spa":252,"spd":8,"spe":0},"ivs":{"hp":31,"atk":31,"def":31,"spa":31,"spd":31,"spe":31}}],"p2team":[{"name":"Ferrothorn","species":"Ferrothorn","item":"rockyhelmet","ability":"Iron Barbs","moves":["gyroball","leechseed","toxic","protect"],"nature":"Relaxed","evs":{"hp":248,"atk":8,"def":252,"spa":0,"spd":0,"spe":0},"ivs":{"hp":31,"atk":31,"def":31,"spa":31,"spd":31,"spe":0}},{"name":"Breloom","species":"Breloom","item":"toxicorb","ability":"Poison Heal","moves":["machpunch","swordsdance","seedbomb","substitute"],"nature":"Adamant","evs":{"hp":248,"atk":252,"def":0,"spa":0,"spd":8,"spe":0},"ivs":{"hp":31,"atk":31,"def":31,"spa":31,"spd":31,"spe":31}},{"name":"Celebi","species":"Celebi","item":"leftovers","ability":"Natural Cure","moves":["calmmind","psychic","healingwish","healbell"],"nature":"Modest","evs":{"hp":220,"atk":0,"def":0,"spa":252,"spd":0,"spe":36},"ivs":{"hp":31,"atk":31,"def":31,"spa":31,"spd":31,"spe":31}},{"name":"Serperior","species":"Serperior","item":"lifeorb","ability":"Contrary","moves":["leafstorm","dragonpulse","hiddenpowerfire","substitute"],"nature":"Timid","evs":{"hp":0,"atk":0,"def":0,"spa":252,"spd":4,"spe":252},"ivs":{"hp":31,"atk":30,"def":31,"spa":30,"spd":31,"spe":30}},{"name":"Venusaur","species":"Venusaur","item":"venusaurite","ability":"Chlorophyll","moves":["leechseed","gigadrain","sludgebomb","synthesis"],"nature":"Bold","evs":{"hp":248,"atk":0,"def":96,"spa":0,"spd":144,"spe":20},"ivs":{"hp":31,"atk":30,"def":31,"spa":30,"spd":31,"spe":30}},{"name":"Whimsicott","species":"Whimsicott","item":"leftovers","ability":"Prankster","moves":["moonblast","leechseed","encore","taunt"],"nature":"Timid","evs":{"hp":160,"atk":0,"def":252,"spa":4,"spd":0,"spe":92},"ivs":{"hp":31,"atk":31,"def":31,"spa":31,"spd":31,"spe":31}}],"log":["|player|p1|Crystal Blade64|165","|player|p2|The Emblem|265","|gametype|singles","|gen|6","|tier|Monotype","|rated","|rule|Baton Pass Clause: Limit one Baton Passer, can't pass Spe and other stats simultaneously","|rule|Swagger Clause: Swagger is banned","|rule|Same Type Clause: Pokémon in a team must share a type","|clearpoke","|poke|p1|Slowbro, F","|poke|p1|Gyarados, F","|poke|p1|Lanturn, F","|poke|p1|Keldeo","|poke|p1|Azumarill, M","|poke|p1|Manaphy","|poke|p2|Ferrothorn, M","|poke|p2|Breloom, M","|poke|p2|Celebi","|poke|p2|Serperior, M","|poke|p2|Venusaur, F","|poke|p2|Whimsicott, M","|rule|Sleep Clause Mod: Limit one foe put to sleep","|rule|Species Clause: Limit one of each Pokémon","|rule|OHKO Clause: OHKO moves are banned","|rule|Moody Clause: Moody is banned","|rule|Evasion Moves Clause: Evasion moves are banned","|rule|Endless Battle Clause: Forcing endless battles is banned","|rule|HP Percentage Mod: HP is shown in percentages","|teampreview","|","|start","|switch|p1a: Mega Magikarp|Gyarados, F|331/331","|switch|p2a: Whimsicott|Whimsicott, M|301/301","|-ability|p1a: Mega Magikarp|Intimidate","|-unboost|p2a: Whimsicott|atk|1","|turn|1","|","|switch|p1a: Grass-Proof|Azumarill, M|404/404","|move|p2a: Whimsicott|Leech Seed|p1a: Grass-Proof","|-boost|p1a: Grass-Proof|atk|1|[from] ability: Sap Sipper","|","|turn|2","|","|switch|p1a: Lightning-Proof|Lanturn, F|454/454","|move|p2a: Whimsicott|Taunt|p1a: Lightning-Proof","|-start|p1a: Lightning-Proof|move: Taunt","|","|turn|3","|","|move|p2a: Whimsicott|Moonblast|p1a: Lightning-Proof","|-damage|p1a: Lightning-Proof|340/454","|move|p1a: Lightning-Proof|Volt Switch|p2a: Whimsicott","|-resisted|p2a: Whimsicott","|-damage|p2a: Whimsicott|256/301","|","|switch|p1a: Not MLP but MLG|Keldeo|323/323","|","|-heal|p2a: Whimsicott|274/301|[from] item: Leftovers","|turn|4","|","|move|p2a: Whimsicott|Taunt|p1a: Not MLP but MLG","|-start|p1a: Not MLP but MLG|move: Taunt","|move|p1a: Not MLP but MLG|Icy Wind|p2a: Whimsicott","|-supereffective|p2a: Whimsicott","|-damage|p2a: Whimsicott|96/301","|-unboost|p2a: Whimsicott|spe|1","|","|-heal|p2a: Whimsicott|114/301|[from] item: Leftovers","|turn|5","|","|move|p2a: Whimsicott|Leech Seed|p1a: Not MLP but MLG","|-start|p1a: Not MLP but MLG|move: Leech Seed","|move|p1a: Not MLP but MLG|Icy Wind|p2a: Whimsicott","|-supereffective|p2a: Whimsicott","|-damage|p2a: Whimsicott|0 fnt","|faint|p2a: Whimsicott","|","|","|switch|p2a: Venusaur|Venusaur, F|363/363","|turn|6","|","|switch|p1a: Grass-Proof|Azumarill, M|404/404","|detailschange|p2a: Venusaur|Venusaur-Mega, F","|-mega|p2a: Venusaur|Venusaur|Venusaurite","|move|p2a: Venusaur|Sludge Bomb|p1a: Grass-Proof","|-supereffective|p1a: Grass-Proof","|-damage|p1a: Grass-Proof|86/404","|","|-heal|p1a: Grass-Proof|111/404|[from] item: Leftovers","|turn|7","|","|move|p1a: Grass-Proof|Protect|p1a: Grass-Proof","|-singleturn|p1a: Grass-Proof|Protect","|move|p2a: Venusaur|Sludge Bomb|p1a: Grass-Proof","|-activate|p1a: Grass-Proof|Protect","|","|-heal|p1a: Grass-Proof|136/404|[from] item: Leftovers","|turn|8","|","|move|p2a: Venusaur|Sludge Bomb|p1a: Grass-Proof","|-supereffective|p1a: Grass-Proof","|-damage|p1a: Grass-Proof|0 fnt","|faint|p1a: Grass-Proof","|","|","|switch|p1a: Wat|Manaphy|403/403","|turn|9","|","|move|p1a: Wat|Substitute|p1a: Wat","|-start|p1a: Wat|Substitute","|-damage|p1a: Wat|303/403","|move|p2a: Venusaur|Leech Seed|p1a: Wat|[miss]","|-miss|p2a: Venusaur|p1a: Wat","|","|-heal|p1a: Wat|328/403|[from] item: Leftovers","|turn|10","|","|move|p1a: Wat|Whirlpool|p2a: Venusaur","|-resisted|p2a: Venusaur","|-damage|p2a: Venusaur|342/363","|-activate|p2a: Venusaur|move: Whirlpool|[of] p1a: Wat","|move|p2a: Venusaur|Giga Drain|p1a: Wat","|-crit|p1a: Wat","|-supereffective|p1a: Wat","|-end|p1a: Wat|Substitute","|-heal|p2a: Venusaur|363/363|[from] drain|[of] p1a: Wat","|","|-heal|p1a: Wat|353/403|[from] item: Leftovers","|-damage|p2a: Venusaur|318/363|[from] move: Whirlpool|[partiallytrapped]","|turn|11","|","|move|p1a: Wat|Substitute|p1a: Wat","|-start|p1a: Wat|Substitute","|-damage|p1a: Wat|253/403","|move|p2a: Venusaur|Giga Drain|p1a: Wat","|-supereffective|p1a: Wat","|-end|p1a: Wat|Substitute","|-heal|p2a: Venusaur|363/363|[from] drain|[of] p1a: Wat","|","|-heal|p1a: Wat|278/403|[from] item: Leftovers","|-damage|p2a: Venusaur|318/363|[from] move: Whirlpool|[partiallytrapped]","|turn|12","|","|move|p1a: Wat|Aqua Ring|p1a: Wat","|-start|p1a: Wat|Aqua Ring","|move|p2a: Venusaur|Sludge Bomb|p1a: Wat","|-damage|p1a: Wat|148/403","|","|-heal|p1a: Wat|173/403|[from] item: Leftovers","|-heal|p1a: Wat|198/403|[from] Aqua Ring","|-damage|p2a: Venusaur|273/363|[from] move: Whirlpool|[partiallytrapped]","|turn|13","|","|move|p1a: Wat|Substitute|p1a: Wat","|-start|p1a: Wat|Substitute","|-damage|p1a: Wat|98/403","|move|p2a: Venusaur|Giga Drain|p1a: Wat","|-supereffective|p1a: Wat","|-end|p1a: Wat|Substitute","|-heal|p2a: Venusaur|323/363|[from] drain|[of] p1a: Wat","|","|-heal|p1a: Wat|123/403|[from] item: Leftovers","|-heal|p1a: Wat|148/403|[from] Aqua Ring","|-damage|p2a: Venusaur|278/363|[from] move: Whirlpool|[partiallytrapped]","|turn|14","|","|move|p1a: Wat|Scald|p2a: Venusaur","|-resisted|p2a: Venusaur","|-damage|p2a: Venusaur|231/363","|-status|p2a: Venusaur|brn","|move|p2a: Venusaur|Giga Drain|p1a: Wat","|-supereffective|p1a: Wat","|-damage|p1a: Wat|0 fnt","|-heal|p2a: Venusaur|305/363 brn|[from] drain|[of] p1a: Wat","|faint|p1a: Wat","|","|-damage|p2a: Venusaur|260/363 brn|[from] brn","|-end|p2a: Venusaur|Whirlpool|[partiallytrapped]","|","|switch|p1a: Mega Magikarp|Gyarados, F|331/331","|-ability|p1a: Mega Magikarp|Intimidate","|-unboost|p2a: Venusaur|atk|1","|turn|15","|","|move|p1a: Mega Magikarp|Dragon Dance|p1a: Mega Magikarp","|-boost|p1a: Mega Magikarp|atk|1","|-boost|p1a: Mega Magikarp|spe|1","|move|p2a: Venusaur|Leech Seed|p1a: Mega Magikarp","|-start|p1a: Mega Magikarp|move: Leech Seed","|","|-damage|p1a: Mega Magikarp|290/331|[from] Leech Seed|[of] p2a: Venusaur","|-heal|p2a: Venusaur|301/363 brn|[silent]","|-damage|p2a: Venusaur|256/363 brn|[from] brn","|turn|16","|","|move|p1a: Mega Magikarp|Dragon Dance|p1a: Mega Magikarp","|-boost|p1a: Mega Magikarp|atk|1","|-boost|p1a: Mega Magikarp|spe|1","|move|p2a: Venusaur|Sludge Bomb|p1a: Mega Magikarp","|-crit|p1a: Mega Magikarp","|-damage|p1a: Mega Magikarp|109/331","|","|-heal|p1a: Mega Magikarp|129/331|[from] item: Leftovers","|-damage|p1a: Mega Magikarp|88/331|[from] Leech Seed|[of] p2a: Venusaur","|-heal|p2a: Venusaur|297/363 brn|[silent]","|-damage|p2a: Venusaur|252/363 brn|[from] brn","|turn|17","|","|move|p1a: Mega Magikarp|Waterfall|p2a: Venusaur","|-resisted|p2a: Venusaur","|-damage|p2a: Venusaur|141/363 brn","|move|p2a: Venusaur|Sludge Bomb|p1a: Mega Magikarp","|-damage|p1a: Mega Magikarp|0 fnt","|faint|p1a: Mega Magikarp","|","|-damage|p2a: Venusaur|96/363 brn|[from] brn","|","|switch|p1a: Not MLP but MLG|Keldeo|323/323","|turn|18","|","|move|p1a: Not MLP but MLG|Icy Wind|p2a: Venusaur","|-supereffective|p2a: Venusaur","|-damage|p2a: Venusaur|48/363 brn","|-unboost|p2a: Venusaur|spe|1","|move|p2a: Venusaur|Synthesis|p2a: Venusaur","|-heal|p2a: Venusaur|229/363 brn","|","|-damage|p2a: Venusaur|184/363 brn|[from] brn","|turn|19","|","|switch|p1a: Hi|Slowbro, F|394/394","|move|p2a: Venusaur|Giga Drain|p1a: Hi","|-supereffective|p1a: Hi","|-damage|p1a: Hi|146/394","|-heal|p2a: Venusaur|308/363 brn|[from] drain|[of] p1a: Hi","|","|-heal|p1a: Hi|170/394|[from] item: Leftovers","|-damage|p2a: Venusaur|263/363 brn|[from] brn","|turn|20","|","|move|p2a: Venusaur|Giga Drain|p1a: Hi","|-supereffective|p1a: Hi","|-damage|p1a: Hi|0 fnt","|-heal|p2a: Venusaur|348/363 brn|[from] drain|[of] p1a: Hi","|faint|p1a: Hi","|","|-damage|p2a: Venusaur|303/363 brn|[from] brn","|","|switch|p1a: Lightning-Proof|Lanturn, F|340/454","|turn|21","|","|move|p1a: Lightning-Proof|Scald|p2a: Venusaur","|-resisted|p2a: Venusaur","|-damage|p2a: Venusaur|274/363 brn","|move|p2a: Venusaur|Leech Seed|p1a: Lightning-Proof","|-start|p1a: Lightning-Proof|move: Leech Seed","|","|-heal|p1a: Lightning-Proof|368/454|[from] item: Leftovers","|-damage|p1a: Lightning-Proof|312/454|[from] Leech Seed|[of] p2a: Venusaur","|-heal|p2a: Venusaur|330/363 brn|[silent]","|-damage|p2a: Venusaur|285/363 brn|[from] brn","|turn|22","|","|move|p1a: Lightning-Proof|Volt Switch|p2a: Venusaur","|-resisted|p2a: Venusaur","|-damage|p2a: Venusaur|261/363 brn","|","|switch|p1a: Not MLP but MLG|Keldeo|323/323","|move|p2a: Venusaur|Giga Drain|p1a: Not MLP but MLG","|-supereffective|p1a: Not MLP but MLG","|-damage|p1a: Not MLP but MLG|105/323","|-heal|p2a: Venusaur|363/363 brn|[from] drain|[of] p1a: Not MLP but MLG","|","|-damage|p2a: Venusaur|318/363 brn|[from] brn","|turn|23","|","|move|p1a: Not MLP but MLG|Icy Wind|p2a: Venusaur","|-supereffective|p2a: Venusaur","|-damage|p2a: Venusaur|270/363 brn","|-unboost|p2a: Venusaur|spe|1","|move|p2a: Venusaur|Giga Drain|p1a: Not MLP but MLG","|-supereffective|p1a: Not MLP but MLG","|-damage|p1a: Not MLP but MLG|0 fnt","|-heal|p2a: Venusaur|323/363 brn|[from] drain|[of] p1a: Not MLP but MLG","|faint|p1a: Not MLP but MLG","|","|-damage|p2a: Venusaur|278/363 brn|[from] brn","|","|switch|p1a: Lightning-Proof|Lanturn, F|312/454","|turn|24","|","|move|p1a: Lightning-Proof|Scald|p2a: Venusaur","|-resisted|p2a: Venusaur","|-damage|p2a: Venusaur|248/363 brn","|move|p2a: Venusaur|Giga Drain|p1a: Lightning-Proof","|-supereffective|p1a: Lightning-Proof","|-damage|p1a: Lightning-Proof|58/454","|-heal|p2a: Venusaur|363/363 brn|[from] drain|[of] p1a: Lightning-Proof","|","|-heal|p1a: Lightning-Proof|86/454|[from] item: Leftovers","|-damage|p2a: Venusaur|318/363 brn|[from] brn","|turn|25","|","|move|p1a: Lightning-Proof|Scald|p2a: Venusaur","|-resisted|p2a: Venusaur","|-damage|p2a: Venusaur|287/363 brn","|move|p2a: Venusaur|Giga Drain|p1a: Lightning-Proof","|-supereffective|p1a: Lightning-Proof","|-damage|p1a: Lightning-Proof|0 fnt","|-heal|p2a: Venusaur|330/363 brn|[from] drain|[of] p1a: Lightning-Proof","|faint|p1a: Lightning-Proof","|","|win|The Emblem"],"p1rating":{"entryid":"6391332","serverid":"eos","formatid":"monotype","userid":"crystalblade64","username":"Crystal Blade64","w":"8","l":13,"t":"0","gxe":44,"r":"1448.2855493358","rd":"80.09212301531","sigma":"0","rptime":"1438938000","rpr":1453.8621729891,"rprd":73.442444166299,"rpsigma":"0","acre":1112.4346485516,"lacre":1112.4346485516,"oldacre":"1143.424322873"},"p2rating":{"entryid":"7465743","serverid":"eos","formatid":"monotype","userid":"theemblem","username":"The Emblem","w":2,"l":"1","t":"0","gxe":52.2,"r":"1500","rd":"130","sigma":"0","rptime":"1438938000","rpr":1517.2332160062,"rprd":111.34733195256,"rpsigma":"0","acre":1097.2332447535,"lacre":1097.2332447535,"oldacre":"1058.5333408605"},"endType":"normal"}