{"seed":[43743,51295,29859,40609],"turns":28,"p1":"MrNyanNyanz","p2":"Crystal Blade64","p1team":[{"name":"Jirachi","species":"Jirachi","item":"leftovers","ability":"Serene Grace","moves":["thunderwave","ironhead","wish","stealthrock"],"nature":"Careful","evs":{"hp":252,"atk":0,"def":0,"spa":0,"spd":224,"spe":32},"ivs":{"hp":31,"atk":31,"def":31,"spa":31,"spd":31,"spe":31}},{"name":"Gardevoir","species":"Gardevoir","item":"gardevoirite","ability":"Trace","moves":["substitute","hypervoice","shadowball","psyshock"],"nature":"Timid","evs":{"hp":4,"atk":0,"def":0,"spa":252,"spd":0,"spe":252},"ivs":{"hp":31,"atk":30,"def":31,"spa":30,"spd":31,"spe":30}},{"name":"Slowbro","species":"Slowbro","item":"rockyhelmet","ability":"Regenerator","moves":["slackoff","scald","flamethrower","thunderwave"],"nature":"Bold","evs":{"hp":248,"atk":0,"def":252,"spa":8,"spd":0,"spe":0},"ivs":{"hp":31,"atk":31,"def":31,"spa":31,"spd":31,"spe":31}},{"name":"Victini","species":"Victini","item":"choicescarf","ability":"Victory Star","moves":["vcreate","boltstrike","uturn","zenheadbutt"],"nature":"Jolly","evs":{"hp":0,"atk":252,"def":0,"spa":0,"spd":4,"spe":252},"ivs":{"hp":31,"atk":31,"def":31,"spa":31,"spd":31,"spe":31}},{"name":"Hoopa-Unbound","species":"Hoopa-Unbound","item":"lifeorb","ability":"Magician","moves":["hyperspacefury","hyperspacehole","drainpunch","substitute"],"nature":"Lonely","evs":{"hp":252,"atk":252,"def":0,"spa":4,"spd":0,"spe":0},"ivs":{"hp":31,"atk":31,"def":31,"spa":31,"spd":31,"spe":31}},{"name":"Deoxys-Speed","species":"Deoxys-Speed","item":"lifeorb","ability":"Pressure","moves":["superpower","psychoboost","extremespeed","knockoff"],"nature":"Hasty","evs":{"hp":0,"atk":252,"def":0,"spa":4,"spd":0,"spe":252},"ivs":{"hp":31,"atk":31,"def":31,"spa":31,"spd":31,"spe":31}}],"p2team":[{"name":"Checkmate","species":"bisharp","item":"lumberry","ability":"Defiant","moves":["suckerpunch","ironhead","knockoff","swordsdance"],"nature":"Adamant","evs":{"hp":248,"atk":252,"def":0,"spa":0,"spd":8,"spe":0},"ivs":{"hp":31,"atk":31,"def":31,"spa":31,"spd":31,"spe":31}},{"name":"HugMePls","species":"ferrothorn","item":"leftovers","ability":"Iron Barbs","moves":["leechseed","toxic","gyroball","protect"],"nature":"Bold","evs":{"hp":252,"atk":0,"def":252,"spa":0,"spd":4,"spe":0},"ivs":{"hp":31,"atk":31,"def":31,"spa":31,"spd":31,"spe":0}},{"name":"GigaDrillBreak","species":"excadrill","item":"choicescarf","ability":"Mold Breaker","moves":["earthquake","ironhead","rockslide","rapidspin"],"nature":"Jolly","evs":{"hp":4,"atk":252,"def":0,"spa":0,"spd":0,"spe":252},"ivs":{"hp":31,"atk":31,"def":31,"spa":31,"spd":31,"spe":31}},{"name":"Scizor","species":"Scizor","item":"scizorite","ability":"Technician","moves":["bulletpunch","knockoff","roost","swordsdance"],"nature":"Adamant","evs":{"hp":248,"atk":252,"def":0,"spa":0,"spd":8,"spe":0},"ivs":{"hp":31,"atk":31,"def":31,"spa":31,"spd":31,"spe":31}},{"name":"Dyna Blade","species":"skarmory","item":"leftovers","ability":"Sturdy","moves":["roost","spikes","bravebird","whirlwind"],"nature":"Bold","evs":{"hp":252,"atk":0,"def":232,"spa":0,"spd":0,"spe":24},"ivs":{"hp":31,"atk":31,"def":31,"spa":31,"spd":31,"spe":31}},{"name":"ILiekFire","species":"heatran","item":"airballoon","ability":"Flash Fire","moves":["earthpower","lavaplume","toxic","stealthrock"],"nature":"Calm","evs":{"hp":252,"atk":0,"def":0,"spa":4,"spd":252,"spe":0},"ivs":{"hp":31,"atk":31,"def":31,"spa":31,"spd":31,"spe":31}}],"log":["|player|p1|MrNyanNyanz|mrnyannyanz.png","|player|p2|Crystal Blade64|165","|gametype|singles","|gen|6","|tier|Monotype","|rated","|rule|Baton Pass Clause: Limit one Baton Passer, can't pass Spe and other stats simultaneously","|rule|Swagger Clause: Swagger is banned","|rule|Same Type Clause: Pokémon in a team must share a type","|clearpoke","|poke|p1|Jirachi","|poke|p1|Gardevoir, F","|poke|p1|Slowbro, M","|poke|p1|Victini","|poke|p1|Hoopa-Unbound","|poke|p1|Deoxys-Speed","|poke|p2|Bisharp, F","|poke|p2|Ferrothorn, F","|poke|p2|Excadrill, F","|poke|p2|Scizor, F","|poke|p2|Skarmory, M","|poke|p2|Heatran, M","|rule|Sleep Clause Mod: Limit one foe put to sleep","|rule|Species Clause: Limit one of each Pokémon","|rule|OHKO Clause: OHKO moves are banned","|rule|Moody Clause: Moody is banned","|rule|Evasion Moves Clause: Evasion moves are banned","|rule|Endless Battle Clause: Forcing endless battles is banned","|rule|HP Percentage Mod: HP is shown in percentages","|teampreview","|","|start","|switch|p1a: Victini|Victini|341/341","|switch|p2a: ILiekFire|Heatran, M|386/386","|-item|p2a: ILiekFire|Air Balloon","|turn|1","|","|move|p1a: Victini|U-turn|p2a: ILiekFire","|-resisted|p2a: ILiekFire","|-damage|p2a: ILiekFire|370/386","|-enditem|p2a: ILiekFire|Air Balloon","|","|switch|p1a: Slowbro|Slowbro, M|393/393","|move|p2a: ILiekFire|Stealth Rock|p1a: Slowbro","|-sidestart|p1: MrNyanNyanz|move: Stealth Rock","|","|turn|2","|","|switch|p2a: HugMePls|Ferrothorn, F|352/352","|move|p1a: Slowbro|Thunder Wave|p2a: HugMePls","|-status|p2a: HugMePls|par","|","|turn|3","|","|move|p1a: Slowbro|Flamethrower|p2a: HugMePls","|-supereffective|p2a: HugMePls","|-damage|p2a: HugMePls|120/352 par","|move|p2a: HugMePls|Leech Seed|p1a: Slowbro","|-start|p1a: Slowbro|move: Leech Seed","|","|-heal|p2a: HugMePls|142/352 par|[from] item: Leftovers","|-damage|p1a: Slowbro|344/393|[from] Leech Seed|[of] p2a: HugMePls","|-heal|p2a: HugMePls|191/352 par|[silent]","|turn|4","|","|switch|p1a: Deoxys-Speed|Deoxys-Speed|241/241","|-damage|p1a: Deoxys-Speed|211/241|[from] Stealth Rock","|-ability|p1a: Deoxys-Speed|Pressure","|move|p2a: HugMePls|Protect|p2a: HugMePls","|-fail|p2a: HugMePls","|","|-heal|p2a: HugMePls|213/352 par|[from] item: Leftovers","|turn|5","|","|move|p1a: Deoxys-Speed|Superpower|p2a: HugMePls","|-supereffective|p2a: HugMePls","|-damage|p2a: HugMePls|47/352 par","|-damage|p1a: Deoxys-Speed|181/241|[from] ability: Iron Barbs|[of] p2a: HugMePls","|-unboost|p1a: Deoxys-Speed|atk|1","|-unboost|p1a: Deoxys-Speed|def|1","|-damage|p1a: Deoxys-Speed|157/241|[from] item: Life Orb","|cant|p2a: HugMePls|par","|","|-heal|p2a: HugMePls|69/352 par|[from] item: Leftovers","|turn|6","|","|move|p2a: HugMePls|Protect|p2a: HugMePls","|-singleturn|p2a: HugMePls|Protect","|move|p1a: Deoxys-Speed|Superpower|p2a: HugMePls","|-activate|p2a: HugMePls|Protect","|","|-heal|p2a: HugMePls|91/352 par|[from] item: Leftovers","|turn|7","|","|switch|p2a: Dyna Blade|Skarmory, M|334/334","|move|p1a: Deoxys-Speed|Superpower|p2a: Dyna Blade","|-damage|p2a: Dyna Blade|274/334","|-unboost|p1a: Deoxys-Speed|atk|1","|-unboost|p1a: Deoxys-Speed|def|1","|-damage|p1a: Deoxys-Speed|133/241|[from] item: Life Orb","|","|-heal|p2a: Dyna Blade|294/334|[from] item: Leftovers","|turn|8","|","|switch|p1a: Slowbro|Slowbro, M|393/393","|-damage|p1a: Slowbro|344/393|[from] Stealth Rock","|move|p2a: Dyna Blade|Spikes|p1a: Slowbro","|-sidestart|p1: MrNyanNyanz|Spikes","|","|-heal|p2a: Dyna Blade|314/334|[from] item: Leftovers","|turn|9","|","|switch|p2a: ILiekFire|Heatran, M|370/386","|move|p1a: Slowbro|Scald|p2a: ILiekFire","|-supereffective|p2a: ILiekFire","|-damage|p2a: ILiekFire|230/386","|","|turn|10","|","|move|p2a: ILiekFire|Toxic|p1a: Slowbro","|-status|p1a: Slowbro|tox","|move|p1a: Slowbro|Scald|p2a: ILiekFire","|-supereffective|p2a: ILiekFire","|-damage|p2a: ILiekFire|98/386","|","|-damage|p1a: Slowbro|320/393 tox|[from] psn","|turn|11","|","|switch|p2a: HugMePls|Ferrothorn, F|91/352 par","|move|p1a: Slowbro|Flamethrower|p2a: HugMePls","|-supereffective|p2a: HugMePls","|-damage|p2a: HugMePls|0 fnt","|faint|p2a: HugMePls","|","|-damage|p1a: Slowbro|272/393 tox|[from] psn","|","|switch|p2a: Checkmate|Bisharp, F|333/333","|turn|12","|","|move|p2a: Checkmate|Knock Off|p1a: Slowbro","|-supereffective|p1a: Slowbro","|-damage|p1a: Slowbro|32/393 tox","|-damage|p2a: Checkmate|278/333|[from] item: Rocky Helmet|[of] p1a: Slowbro","|-enditem|p1a: Slowbro|Rocky Helmet|[from] move: Knock Off|[of] p2a: Checkmate","|move|p1a: Slowbro|Thunder Wave|p2a: Checkmate","|-status|p2a: Checkmate|par","|-enditem|p2a: Checkmate|Lum Berry|[eat]","|-curestatus|p2a: Checkmate|par","|","|-damage|p1a: Slowbro|0 fnt|[from] psn","|faint|p1a: Slowbro","|","|switch|p1a: Hoopa-Unbound|Hoopa-Unbound|364/364","|-damage|p1a: Hoopa-Unbound|319/364|[from] Spikes","|-damage|p1a: Hoopa-Unbound|274/364|[from] Stealth Rock","|turn|13","|","|move|p2a: Checkmate|Sucker Punch|p1a: Hoopa-Unbound","|-fail|p2a: Checkmate","|move|p1a: Hoopa-Unbound|Substitute|p1a: Hoopa-Unbound","|-start|p1a: Hoopa-Unbound|Substitute","|-damage|p1a: Hoopa-Unbound|183/364","|","|turn|14","|","|move|p2a: Checkmate|Sucker Punch|p1a: Hoopa-Unbound","|-end|p1a: Hoopa-Unbound|Substitute","|move|p1a: Hoopa-Unbound|Drain Punch|p2a: Checkmate","|-supereffective|p2a: Checkmate","|-damage|p2a: Checkmate|0 fnt","|-heal|p1a: Hoopa-Unbound|322/364|[from] drain|[of] p2a: Checkmate","|-damage|p1a: Hoopa-Unbound|286/364|[from] item: Life Orb","|faint|p2a: Checkmate","|","|","|switch|p2a: GigaDrillBreak|Excadrill, F|362/362","|-ability|p2a: GigaDrillBreak|Mold Breaker","|turn|15","|","|switch|p1a: Jirachi|Jirachi|404/404","|-damage|p1a: Jirachi|354/404|[from] Spikes","|-damage|p1a: Jirachi|329/404|[from] Stealth Rock","|move|p2a: GigaDrillBreak|Earthquake|p1a: Jirachi","|-supereffective|p1a: Jirachi","|-damage|p1a: Jirachi|0 fnt","|faint|p1a: Jirachi","|","|","|switch|p1a: Deoxys-Speed|Deoxys-Speed|133/241","|-damage|p1a: Deoxys-Speed|103/241|[from] Spikes","|-damage|p1a: Deoxys-Speed|73/241|[from] Stealth Rock","|-ability|p1a: Deoxys-Speed|Pressure","|turn|16","|","|move|p1a: Deoxys-Speed|Superpower|p2a: GigaDrillBreak","|-supereffective|p2a: GigaDrillBreak","|-damage|p2a: GigaDrillBreak|0 fnt","|-unboost|p1a: Deoxys-Speed|atk|1","|-unboost|p1a: Deoxys-Speed|def|1","|-damage|p1a: Deoxys-Speed|49/241|[from] item: Life Orb","|faint|p2a: GigaDrillBreak","|","|","|switch|p2a: Scizor|Scizor, F|343/343","|turn|17","|","|detailschange|p2a: Scizor|Scizor-Mega, F","|-mega|p2a: Scizor|Scizor|Scizorite","|move|p1a: Deoxys-Speed|Psycho Boost|p2a: Scizor","|-resisted|p2a: Scizor","|-damage|p2a: Scizor|235/343","|-unboost|p1a: Deoxys-Speed|spa|2","|-damage|p1a: Deoxys-Speed|25/241|[from] item: Life Orb","|move|p2a: Scizor|Swords Dance|p2a: Scizor","|-boost|p2a: Scizor|atk|2","|","|turn|18","|","|move|p1a: Deoxys-Speed|Superpower|p2a: Scizor","|-damage|p2a: Scizor|153/343","|-unboost|p1a: Deoxys-Speed|atk|1","|-unboost|p1a: Deoxys-Speed|def|1","|-damage|p1a: Deoxys-Speed|1/241|[from] item: Life Orb","|move|p2a: Scizor|Swords Dance|p2a: Scizor","|-boost|p2a: Scizor|atk|2","|","|turn|19","|","|move|p1a: Deoxys-Speed|Superpower|p2a: Scizor","|-damage|p2a: Scizor|102/343","|-unboost|p1a: Deoxys-Speed|atk|1","|-unboost|p1a: Deoxys-Speed|def|1","|-damage|p1a: Deoxys-Speed|0 fnt|[from] item: Life Orb","|faint|p1a: Deoxys-Speed","|move|p2a: Scizor|Roost|p2a: Scizor","|-heal|p2a: Scizor|274/343","|","|","|switch|p1a: Victini|Victini|341/341","|-damage|p1a: Victini|299/341|[from] Spikes","|-damage|p1a: Victini|214/341|[from] Stealth Rock","|turn|20","|","|move|p2a: Scizor|Bullet Punch|p1a: Victini","|-resisted|p1a: Victini","|-damage|p1a: Victini|27/341","|move|p1a: Victini|V-create|p2a: Scizor","|-supereffective|p2a: Scizor","|-damage|p2a: Scizor|0 fnt","|-unboost|p1a: Victini|spe|1","|-unboost|p1a: Victini|def|1","|-unboost|p1a: Victini|spd|1","|faint|p2a: Scizor","|","|","|switch|p2a: ILiekFire|Heatran, M|98/386","|turn|21","|","|move|p1a: Victini|V-create|p2a: ILiekFire","|-start|p2a: ILiekFire|ability: Flash Fire","|move|p2a: ILiekFire|Earth Power|p1a: Victini","|-supereffective|p1a: Victini","|-damage|p1a: Victini|0 fnt","|faint|p1a: Victini","|","|","|switch|p1a: Hoopa-Unbound|Hoopa-Unbound|286/364","|-damage|p1a: Hoopa-Unbound|241/364|[from] Stealth Rock","|-damage|p1a: Hoopa-Unbound|196/364|[from] Spikes","|turn|22","|","|move|p1a: Hoopa-Unbound|Drain Punch|p2a: ILiekFire","|-supereffective|p2a: ILiekFire","|-damage|p2a: ILiekFire|0 fnt","|-heal|p1a: Hoopa-Unbound|245/364|[from] drain|[of] p2a: ILiekFire","|-damage|p1a: Hoopa-Unbound|209/364|[from] item: Life Orb","|faint|p2a: ILiekFire","|","|","|switch|p2a: Dyna Blade|Skarmory, M|314/334","|turn|23","|","|move|p1a: Hoopa-Unbound|Hyperspace Hole|p2a: Dyna Blade","|-resisted|p2a: Dyna Blade","|-damage|p2a: Dyna Blade|189/334","|-damage|p1a: Hoopa-Unbound|173/364|[from] item: Life Orb","|move|p2a: Dyna Blade|Spikes|p1a: Hoopa-Unbound","|-sidestart|p1: MrNyanNyanz|Spikes","|","|-heal|p2a: Dyna Blade|209/334|[from] item: Leftovers","|turn|24","|","|move|p1a: Hoopa-Unbound|Hyperspace Hole|p2a: Dyna Blade","|-resisted|p2a: Dyna Blade","|-damage|p2a: Dyna Blade|74/334","|-damage|p1a: Hoopa-Unbound|137/364|[from] item: Life Orb","|move|p2a: Dyna Blade|Roost|p2a: Dyna Blade","|-heal|p2a: Dyna Blade|241/334","|","|-heal|p2a: Dyna Blade|261/334|[from] item: Leftovers","|turn|25","|","|move|p1a: Hoopa-Unbound|Hyperspace Hole|p2a: Dyna Blade","|-resisted|p2a: Dyna Blade","|-damage|p2a: Dyna Blade|140/334","|-damage|p1a: Hoopa-Unbound|101/364|[from] item: Life Orb","|move|p2a: Dyna Blade|Roost|p2a: Dyna Blade","|-heal|p2a: Dyna Blade|307/334","|","|-heal|p2a: Dyna Blade|327/334|[from] item: Leftovers","|turn|26","|","|move|p1a: Hoopa-Unbound|Hyperspace Hole|p2a: Dyna Blade","|-resisted|p2a: Dyna Blade","|-damage|p2a: Dyna Blade|204/334","|-damage|p1a: Hoopa-Unbound|65/364|[from] item: Life Orb","|move|p2a: Dyna Blade|Whirlwind|p1a: Hoopa-Unbound","|drag|p1a: Gardevoir|Gardevoir, F|278/278","|-damage|p1a: Gardevoir|232/278|[from] Spikes","|-damage|p1a: Gardevoir|198/278|[from] Stealth Rock","|-ability|p1a: Gardevoir|Sturdy|[from] ability: Trace|[of] p2a: Dyna Blade","|","|-heal|p2a: Dyna Blade|224/334|[from] item: Leftovers","|turn|27","|","|detailschange|p1a: Gardevoir|Gardevoir-Mega, F","|-mega|p1a: Gardevoir|Gardevoir|Gardevoirite","|move|p1a: Gardevoir|Shadow Ball|p2a: Dyna Blade","|-damage|p2a: Dyna Blade|81/334","|move|p2a: Dyna Blade|Brave Bird|p1a: Gardevoir","|-damage|p1a: Gardevoir|51/278","|-damage|p2a: Dyna Blade|32/334|[from] recoil|[of] p1a: Gardevoir","|","|-heal|p2a: Dyna Blade|52/334|[from] item: Leftovers","|turn|28","|","|move|p1a: Gardevoir|Shadow Ball|p2a: Dyna Blade","|-crit|p2a: Dyna Blade","|-damage|p2a: Dyna Blade|0 fnt","|faint|p2a: Dyna Blade","|","|win|MrNyanNyanz"],"p1rating":{"entryid":"6703862","serverid":"eos","formatid":"monotype","userid":"mrnyannyanz","username":"MrNyanNyanz","w":70,"l":"58","t":"0","gxe":54.4,"r":"1521.8340019731","rd":"33.393445619211","sigma":"0","rptime":"1438938000","rpr":1533.0091021562,"rprd":32.239394673966,"rpsigma":"0","acre":1179.6895622117,"lacre":1179.6895622117,"oldacre":"1156.9425591448"},"p2rating":{"entryid":"6391332","serverid":"eos","formatid":"monotype","userid":"crystalblade64","username":"Crystal Blade64","w":"6","l":12,"t":"0","gxe":41.6,"r":"1448.2855493358","rd":"80.09212301531","sigma":"0","rptime":"1438938000","rpr":1434.4309213954,"rprd":78.151145334799,"rpsigma":"0","acre":1102.7995236077,"lacre":1102.7995236077,"oldacre":"1125.5465266746"},"endType":"normal"}