{"seed":[5795,63268,42739,60411],"turns":67,"p1":"The Emblem","p2":"WildAlt","p1team":[{"name":"Ferrothorn","species":"Ferrothorn","item":"rockyhelmet","ability":"Iron Barbs","moves":["gyroball","leechseed","toxic","protect"],"nature":"Relaxed","evs":{"hp":248,"atk":8,"def":252,"spa":0,"spd":0,"spe":0},"ivs":{"hp":31,"atk":31,"def":31,"spa":31,"spd":31,"spe":0}},{"name":"Breloom","species":"Breloom","item":"toxicorb","ability":"Poison Heal","moves":["machpunch","swordsdance","seedbomb","substitute"],"nature":"Adamant","evs":{"hp":248,"atk":252,"def":0,"spa":0,"spd":8,"spe":0},"ivs":{"hp":31,"atk":31,"def":31,"spa":31,"spd":31,"spe":31}},{"name":"Celebi","species":"Celebi","item":"leftovers","ability":"Natural Cure","moves":["calmmind","psychic","healingwish","healbell"],"nature":"Modest","evs":{"hp":220,"atk":0,"def":0,"spa":252,"spd":0,"spe":36},"ivs":{"hp":31,"atk":31,"def":31,"spa":31,"spd":31,"spe":31}},{"name":"Serperior","species":"Serperior","item":"lifeorb","ability":"Contrary","moves":["leafstorm","dragonpulse","hiddenpowerfire","substitute"],"nature":"Timid","evs":{"hp":0,"atk":0,"def":0,"spa":252,"spd":4,"spe":252},"ivs":{"hp":31,"atk":30,"def":31,"spa":30,"spd":31,"spe":30}},{"name":"Venusaur","species":"Venusaur","item":"venusaurite","ability":"Chlorophyll","moves":["leechseed","gigadrain","sludgebomb","synthesis"],"nature":"Bold","evs":{"hp":248,"atk":0,"def":96,"spa":0,"spd":144,"spe":20},"ivs":{"hp":31,"atk":30,"def":31,"spa":30,"spd":31,"spe":30}},{"name":"Whimsicott","species":"Whimsicott","item":"leftovers","ability":"Prankster","moves":["moonblast","leechseed","encore","taunt"],"nature":"Timid","evs":{"hp":160,"atk":0,"def":252,"spa":4,"spd":0,"spe":92},"ivs":{"hp":31,"atk":31,"def":31,"spa":31,"spd":31,"spe":31}}],"p2team":[{"name":"Blissey","species":"Blissey","item":"leftovers","ability":"Natural Cure","moves":["stealthrock","softboiled","wish","flamethrower"],"nature":"Calm","evs":{"hp":248,"atk":0,"def":8,"spa":0,"spd":252,"spe":0},"ivs":{"hp":31,"atk":0,"def":31,"spa":31,"spd":31,"spe":31}},{"name":"Chansey","species":"Chansey","item":"eviolite","ability":"Natural Cure","moves":["toxic","healbell","softboiled","wish"],"nature":"Bold","evs":{"hp":248,"atk":0,"def":252,"spa":0,"spd":8,"spe":0},"ivs":{"hp":31,"atk":0,"def":31,"spa":31,"spd":31,"spe":31}},{"name":"Miltank","species":"Miltank","item":"leftovers","ability":"Thick Fat","moves":["hammerarm","seismictoss","milkdrink","toxic"],"nature":"Impish","evs":{"hp":248,"atk":96,"def":164,"spa":0,"spd":0,"spe":0},"ivs":{"hp":31,"atk":31,"def":31,"spa":31,"spd":31,"spe":31}},{"name":"Audino","species":"Audino","item":"audinite","ability":"Regenerator","moves":["calmmind","healbell","wish","drainingkiss"],"nature":"Bold","evs":{"hp":248,"atk":0,"def":252,"spa":8,"spd":0,"spe":0},"gender":"F","ivs":{"hp":31,"atk":0,"def":31,"spa":31,"spd":31,"spe":31}},{"name":"Staraptor","species":"Staraptor","item":"leftovers","ability":"Intimidate","moves":["bravebird","defog","featherdance","roost"],"nature":"Impish","evs":{"hp":248,"atk":8,"def":252,"spa":0,"spd":0,"spe":0},"gender":"M","ivs":{"hp":31,"atk":31,"def":31,"spa":31,"spd":31,"spe":31}},{"name":"Staravia","species":"Staravia","item":"eviolite","ability":"Intimidate","moves":["bravebird","defog","featherdance","roost"],"nature":"Impish","evs":{"hp":248,"atk":8,"def":252,"spa":0,"spd":0,"spe":0},"gender":"M","ivs":{"hp":31,"atk":31,"def":31,"spa":31,"spd":31,"spe":31}}],"log":["|player|p1|The Emblem|265","|player|p2|WildAlt|34","|gametype|singles","|gen|6","|tier|Monotype","|rated","|rule|Baton Pass Clause: Limit one Baton Passer, can't pass Spe and other stats simultaneously","|rule|Swagger Clause: Swagger is banned","|rule|Same Type Clause: Pokémon in a team must share a type","|clearpoke","|poke|p1|Ferrothorn, M","|poke|p1|Breloom, F","|poke|p1|Celebi","|poke|p1|Serperior, F","|poke|p1|Venusaur, M","|poke|p1|Whimsicott, M","|poke|p2|Blissey, F","|poke|p2|Chansey, F","|poke|p2|Miltank, F","|poke|p2|Audino, F","|poke|p2|Staraptor, M","|poke|p2|Staravia, M","|rule|Sleep Clause Mod: Limit one foe put to sleep","|rule|Species Clause: Limit one of each Pokémon","|rule|OHKO Clause: OHKO moves are banned","|rule|Moody Clause: Moody is banned","|rule|Evasion Moves Clause: Evasion moves are banned","|rule|Endless Battle Clause: Forcing endless battles is banned","|rule|HP Percentage Mod: HP is shown in percentages","|teampreview","|","|start","|switch|p1a: Whimsicott|Whimsicott, M|301/301","|switch|p2a: Blissey|Blissey, F|713/713","|turn|1","|","|move|p1a: Whimsicott|Taunt|p2a: Blissey","|-start|p2a: Blissey|move: Taunt","|move|p2a: Blissey|Flamethrower|p1a: Whimsicott","|-supereffective|p1a: Whimsicott","|-damage|p1a: Whimsicott|161/301","|","|-heal|p1a: Whimsicott|179/301|[from] item: Leftovers","|turn|2","|","|move|p1a: Whimsicott|Leech Seed|p2a: Blissey","|-start|p2a: Blissey|move: Leech Seed","|move|p2a: Blissey|Flamethrower|p1a: Whimsicott","|-supereffective|p1a: Whimsicott","|-damage|p1a: Whimsicott|31/301","|","|-heal|p1a: Whimsicott|49/301|[from] item: Leftovers","|-damage|p2a: Blissey|624/713|[from] Leech Seed|[of] p1a: Whimsicott","|-heal|p1a: Whimsicott|138/301|[silent]","|turn|3","|","|switch|p1a: Breloom|Breloom, F|323/323","|switch|p2a: Staraptor|Staraptor, M|373/373","|-ability|p2a: Staraptor|Intimidate","|-unboost|p1a: Breloom|atk|1","|","|-status|p1a: Breloom|tox|[from] item: Toxic Orb","|turn|4","|","|switch|p1a: Ferrothorn|Ferrothorn, M|351/351","|move|p2a: Staraptor|Brave Bird|p1a: Ferrothorn","|-damage|p1a: Ferrothorn|257/351","|-damage|p2a: Staraptor|327/373|[from] ability: Iron Barbs|[of] p1a: Ferrothorn","|-damage|p2a: Staraptor|265/373|[from] item: Rocky Helmet|[of] p1a: Ferrothorn","|-damage|p2a: Staraptor|234/373|[from] recoil|[of] p1a: Ferrothorn","|","|-heal|p2a: Staraptor|257/373|[from] item: Leftovers","|turn|5","|","|move|p2a: Staraptor|Roost|p2a: Staraptor","|-heal|p2a: Staraptor|373/373","|move|p1a: Ferrothorn|Leech Seed|p2a: Staraptor","|-start|p2a: Staraptor|move: Leech Seed","|","|-damage|p2a: Staraptor|327/373|[from] Leech Seed|[of] p1a: Ferrothorn","|-heal|p1a: Ferrothorn|303/351|[silent]","|turn|6","|","|switch|p2a: Blissey|Blissey, F|624/713","|move|p1a: Ferrothorn|Toxic|p2a: Blissey","|-status|p2a: Blissey|tox","|","|-heal|p2a: Blissey|668/713 tox|[from] item: Leftovers","|-damage|p2a: Blissey|624/713 tox|[from] psn","|turn|7","|","|move|p2a: Blissey|Stealth Rock|p1a: Ferrothorn","|-sidestart|p1: The Emblem|move: Stealth Rock","|move|p1a: Ferrothorn|Leech Seed|p2a: Blissey","|-start|p2a: Blissey|move: Leech Seed","|","|-heal|p2a: Blissey|668/713 tox|[from] item: Leftovers","|-damage|p2a: Blissey|579/713 tox|[from] Leech Seed|[of] p1a: Ferrothorn","|-heal|p1a: Ferrothorn|351/351|[silent]","|-damage|p2a: Blissey|491/713 tox|[from] psn","|turn|8","|","|switch|p2a: Chansey|Chansey, F|703/703","|move|p1a: Ferrothorn|Gyro Ball|p2a: Chansey","|-damage|p2a: Chansey|571/703","|","|turn|9","|","|move|p2a: Chansey|Wish|p2a: Chansey","|move|p1a: Ferrothorn|Leech Seed|p2a: Chansey","|-start|p2a: Chansey|move: Leech Seed","|","|-damage|p2a: Chansey|484/703|[from] Leech Seed|[of] p1a: Ferrothorn","|turn|10","|","|switch|p2a: Blissey|Blissey, F|491/713","|move|p1a: Ferrothorn|Gyro Ball|p2a: Blissey","|-damage|p2a: Blissey|47/713","|","|-heal|p2a: Blissey|398/713|[from] move: Wish|[wisher] Chansey","|-heal|p2a: Blissey|442/713|[from] item: Leftovers","|turn|11","|","|move|p2a: Blissey|Flamethrower|p1a: Ferrothorn","|-supereffective|p1a: Ferrothorn","|-damage|p1a: Ferrothorn|167/351","|move|p1a: Ferrothorn|Leech Seed|p2a: Blissey|[miss]","|-miss|p1a: Ferrothorn|p2a: Blissey","|","|-heal|p2a: Blissey|486/713|[from] item: Leftovers","|turn|12","|","|switch|p1a: Breloom|Breloom, F|323/323 tox","|-damage|p1a: Breloom|303/323 tox|[from] Stealth Rock","|move|p2a: Blissey|Flamethrower|p1a: Breloom","|-supereffective|p1a: Breloom","|-damage|p1a: Breloom|127/323 tox","|","|-heal|p2a: Blissey|530/713|[from] item: Leftovers","|-heal|p1a: Breloom|167/323 tox|[from] ability: Poison Heal","|turn|13","|","|switch|p2a: Staraptor|Staraptor, M|327/373","|-ability|p2a: Staraptor|Intimidate","|-unboost|p1a: Breloom|atk|1","|move|p1a: Breloom|Swords Dance|p1a: Breloom","|-boost|p1a: Breloom|atk|2","|","|-heal|p2a: Staraptor|350/373|[from] item: Leftovers","|-heal|p1a: Breloom|207/323 tox|[from] ability: Poison Heal","|turn|14","|","|switch|p2a: Staravia|Staravia, M|313/313","|-ability|p2a: Staravia|Intimidate","|-unboost|p1a: Breloom|atk|1","|move|p1a: Breloom|Mach Punch|p2a: Staravia","|-crit|p2a: Staravia","|-damage|p2a: Staravia|225/313","|","|-heal|p1a: Breloom|247/323 tox|[from] ability: Poison Heal","|turn|15","|","|switch|p2a: Staraptor|Staraptor, M|350/373","|-ability|p2a: Staraptor|Intimidate","|-unboost|p1a: Breloom|atk|1","|switch|p1a: Ferrothorn|Ferrothorn, M|167/351","|-damage|p1a: Ferrothorn|146/351|[from] Stealth Rock","|","|-heal|p2a: Staraptor|373/373|[from] item: Leftovers","|turn|16","|","|switch|p2a: Chansey|Chansey, F|484/703","|move|p1a: Ferrothorn|Leech Seed|p2a: Chansey","|-start|p2a: Chansey|move: Leech Seed","|","|-damage|p2a: Chansey|397/703|[from] Leech Seed|[of] p1a: Ferrothorn","|-heal|p1a: Ferrothorn|233/351|[silent]","|turn|17","|","|switch|p2a: Miltank|Miltank, F|393/393","|move|p1a: Ferrothorn|Protect|p1a: Ferrothorn","|-fail|p1a: Ferrothorn","|","|turn|18","|","|move|p2a: Miltank|Hammer Arm|p1a: Ferrothorn","|-supereffective|p1a: Ferrothorn","|-damage|p1a: Ferrothorn|147/351","|-damage|p2a: Miltank|344/393|[from] ability: Iron Barbs|[of] p1a: Ferrothorn","|-damage|p2a: Miltank|279/393|[from] item: Rocky Helmet|[of] p1a: Ferrothorn","|-unboost|p2a: Miltank|spe|1","|move|p1a: Ferrothorn|Toxic|p2a: Miltank","|-status|p2a: Miltank|tox","|","|-heal|p2a: Miltank|303/393 tox|[from] item: Leftovers","|-damage|p2a: Miltank|279/393 tox|[from] psn","|turn|19","|","|switch|p2a: Chansey|Chansey, F|397/703","|move|p1a: Ferrothorn|Gyro Ball|p2a: Chansey","|-damage|p2a: Chansey|268/703","|","|turn|20","|","|move|p2a: Chansey|Soft-Boiled|p2a: Chansey","|-heal|p2a: Chansey|620/703","|move|p1a: Ferrothorn|Leech Seed|p2a: Chansey","|-start|p2a: Chansey|move: Leech Seed","|","|-damage|p2a: Chansey|533/703|[from] Leech Seed|[of] p1a: Ferrothorn","|-heal|p1a: Ferrothorn|234/351|[silent]","|turn|21","|","|move|p2a: Chansey|Wish|p2a: Chansey","|move|p1a: Ferrothorn|Toxic|p2a: Chansey","|-status|p2a: Chansey|tox","|","|-damage|p2a: Chansey|446/703 tox|[from] Leech Seed|[of] p1a: Ferrothorn","|-heal|p1a: Ferrothorn|321/351|[silent]","|-damage|p2a: Chansey|403/703 tox|[from] psn","|turn|22","|","|switch|p2a: Miltank|Miltank, F|279/393 tox","|move|p1a: Ferrothorn|Gyro Ball|p2a: Miltank","|-crit|p2a: Miltank","|-damage|p2a: Miltank|96/393 tox","|","|-heal|p2a: Miltank|393/393 tox|[from] move: Wish|[wisher] Chansey","|-damage|p2a: Miltank|369/393 tox|[from] psn","|turn|23","|","|switch|p2a: Staravia|Staravia, M|225/313","|-ability|p2a: Staravia|Intimidate","|-unboost|p1a: Ferrothorn|atk|1","|move|p1a: Ferrothorn|Leech Seed|p2a: Staravia|[miss]","|-miss|p1a: Ferrothorn|p2a: Staravia","|","|turn|24","|","|move|p2a: Staravia|Roost|p2a: Staravia","|-heal|p2a: Staravia|313/313","|move|p1a: Ferrothorn|Leech Seed|p2a: Staravia","|-start|p2a: Staravia|move: Leech Seed","|","|-damage|p2a: Staravia|274/313|[from] Leech Seed|[of] p1a: Ferrothorn","|-heal|p1a: Ferrothorn|351/351|[silent]","|turn|25","|","|switch|p2a: Chansey|Chansey, F|403/703","|move|p1a: Ferrothorn|Toxic|p2a: Chansey","|-status|p2a: Chansey|tox","|","|-damage|p2a: Chansey|360/703 tox|[from] psn","|turn|26","|","|move|p2a: Chansey|Soft-Boiled|p2a: Chansey","|-heal|p2a: Chansey|703/703 tox","|move|p1a: Ferrothorn|Leech Seed|p2a: Chansey","|-start|p2a: Chansey|move: Leech Seed","|","|-damage|p2a: Chansey|616/703 tox|[from] Leech Seed|[of] p1a: Ferrothorn","|-damage|p2a: Chansey|530/703 tox|[from] psn","|turn|27","|","|switch|p2a: Audino|Audino, F|409/409","|switch|p1a: Whimsicott|Whimsicott, M|138/301","|-damage|p1a: Whimsicott|101/301|[from] Stealth Rock","|","|-heal|p1a: Whimsicott|119/301|[from] item: Leftovers","|turn|28","|","|switch|p2a: Blissey|Blissey, F|530/713","|move|p1a: Whimsicott|Leech Seed|p2a: Blissey","|-start|p2a: Blissey|move: Leech Seed","|","|-heal|p1a: Whimsicott|137/301|[from] item: Leftovers","|-heal|p2a: Blissey|574/713|[from] item: Leftovers","|-damage|p2a: Blissey|485/713|[from] Leech Seed|[of] p1a: Whimsicott","|-heal|p1a: Whimsicott|226/301|[silent]","|turn|29","|","|switch|p2a: Staraptor|Staraptor, M|373/373","|-ability|p2a: Staraptor|Intimidate","|-unboost|p1a: Whimsicott|atk|1","|move|p1a: Whimsicott|Moonblast|p2a: Staraptor","|-damage|p2a: Staraptor|226/373","|","|-heal|p1a: Whimsicott|244/301|[from] item: Leftovers","|-heal|p2a: Staraptor|249/373|[from] item: Leftovers","|turn|30","|","|switch|p1a: Ferrothorn|Ferrothorn, M|351/351","|-damage|p1a: Ferrothorn|330/351|[from] Stealth Rock","|move|p2a: Staraptor|Brave Bird|p1a: Ferrothorn","|-damage|p1a: Ferrothorn|231/351","|-damage|p2a: Staraptor|203/373|[from] ability: Iron Barbs|[of] p1a: Ferrothorn","|-damage|p2a: Staraptor|141/373|[from] item: Rocky Helmet|[of] p1a: Ferrothorn","|-damage|p2a: Staraptor|108/373|[from] recoil|[of] p1a: Ferrothorn","|","|-heal|p2a: Staraptor|131/373|[from] item: Leftovers","|turn|31","|","|move|p2a: Staraptor|Roost|p2a: Staraptor","|-heal|p2a: Staraptor|318/373","|move|p1a: Ferrothorn|Leech Seed|p2a: Staraptor","|-start|p2a: Staraptor|move: Leech Seed","|","|-heal|p2a: Staraptor|341/373|[from] item: Leftovers","|-damage|p2a: Staraptor|295/373|[from] Leech Seed|[of] p1a: Ferrothorn","|-heal|p1a: Ferrothorn|277/351|[silent]","|turn|32","|","|switch|p2a: Staravia|Staravia, M|274/313","|-ability|p2a: Staravia|Intimidate","|-unboost|p1a: Ferrothorn|atk|1","|move|p1a: Ferrothorn|Toxic|p2a: Staravia","|-status|p2a: Staravia|tox","|","|-damage|p2a: Staravia|255/313 tox|[from] psn","|turn|33","|","|switch|p2a: Staraptor|Staraptor, M|295/373","|-ability|p2a: Staraptor|Intimidate","|-unboost|p1a: Ferrothorn|atk|1","|move|p1a: Ferrothorn|Gyro Ball|p2a: Staraptor","|-damage|p2a: Staraptor|214/373","|","|-heal|p2a: Staraptor|237/373|[from] item: Leftovers","|turn|34","|","|move|p2a: Staraptor|Roost|p2a: Staraptor","|-heal|p2a: Staraptor|373/373","|move|p1a: Ferrothorn|Toxic|p2a: Staraptor","|-status|p2a: Staraptor|tox","|","|-damage|p2a: Staraptor|350/373 tox|[from] psn","|turn|35","|","|switch|p2a: Chansey|Chansey, F|530/703","|move|p1a: Ferrothorn|Leech Seed|p2a: Chansey","|-start|p2a: Chansey|move: Leech Seed","|","|-damage|p2a: Chansey|443/703|[from] Leech Seed|[of] p1a: Ferrothorn","|-heal|p1a: Ferrothorn|351/351|[silent]","|turn|36","|","|switch|p1a: Whimsicott|Whimsicott, M|244/301","|-damage|p1a: Whimsicott|207/301|[from] Stealth Rock","|move|p2a: Chansey|Heal Bell|p2a: Chansey","|-cureteam|p2a: Chansey|[from] move: HealBell","|","|-heal|p1a: Whimsicott|225/301|[from] item: Leftovers","|-damage|p2a: Chansey|356/703|[from] Leech Seed|[of] p1a: Whimsicott","|-heal|p1a: Whimsicott|301/301|[silent]","|turn|37","|","|switch|p2a: Blissey|Blissey, F|485/713","|move|p1a: Whimsicott|Encore|p2a: Blissey","|-fail|p2a: Blissey","|","|-heal|p2a: Blissey|529/713|[from] item: Leftovers","|turn|38","|","|move|p1a: Whimsicott|Leech Seed|p2a: Blissey","|-start|p2a: Blissey|move: Leech Seed","|move|p2a: Blissey|Flamethrower|p1a: Whimsicott","|-supereffective|p1a: Whimsicott","|-damage|p1a: Whimsicott|161/301","|","|-heal|p1a: Whimsicott|179/301|[from] item: Leftovers","|-heal|p2a: Blissey|573/713|[from] item: Leftovers","|-damage|p2a: Blissey|484/713|[from] Leech Seed|[of] p1a: Whimsicott","|-heal|p1a: Whimsicott|268/301|[silent]","|turn|39","|","|switch|p1a: Breloom|Breloom, F|247/323 tox","|-damage|p1a: Breloom|227/323 tox|[from] Stealth Rock","|switch|p2a: Staraptor|Staraptor, M|350/373","|-ability|p2a: Staraptor|Intimidate","|-unboost|p1a: Breloom|atk|1","|","|-heal|p2a: Staraptor|373/373|[from] item: Leftovers","|-heal|p1a: Breloom|267/323 tox|[from] ability: Poison Heal","|turn|40","|","|switch|p1a: Ferrothorn|Ferrothorn, M|351/351","|-damage|p1a: Ferrothorn|330/351|[from] Stealth Rock","|move|p2a: Staraptor|Brave Bird|p1a: Ferrothorn","|-damage|p1a: Ferrothorn|228/351","|-damage|p2a: Staraptor|327/373|[from] ability: Iron Barbs|[of] p1a: Ferrothorn","|-damage|p2a: Staraptor|265/373|[from] item: Rocky Helmet|[of] p1a: Ferrothorn","|-damage|p2a: Staraptor|231/373|[from] recoil|[of] p1a: Ferrothorn","|","|-heal|p2a: Staraptor|254/373|[from] item: Leftovers","|turn|41","|","|switch|p2a: Chansey|Chansey, F|356/703","|move|p1a: Ferrothorn|Gyro Ball|p2a: Chansey","|-damage|p2a: Chansey|233/703","|","|turn|42","|","|move|p2a: Chansey|Soft-Boiled|p2a: Chansey","|-heal|p2a: Chansey|585/703","|move|p1a: Ferrothorn|Leech Seed|p2a: Chansey","|-start|p2a: Chansey|move: Leech Seed","|","|-damage|p2a: Chansey|498/703|[from] Leech Seed|[of] p1a: Ferrothorn","|-heal|p1a: Ferrothorn|315/351|[silent]","|turn|43","|","|switch|p1a: Serperior|Serperior, F|291/291","|-damage|p1a: Serperior|255/291|[from] Stealth Rock","|move|p2a: Chansey|Wish|p2a: Chansey","|","|-damage|p2a: Chansey|411/703|[from] Leech Seed|[of] p1a: Serperior","|-heal|p1a: Serperior|291/291|[silent]","|turn|44","|","|switch|p2a: Blissey|Blissey, F|484/713","|move|p1a: Serperior|Leaf Storm|p2a: Blissey","|-damage|p2a: Blissey|362/713","|-boost|p1a: Serperior|spa|2","|-damage|p1a: Serperior|262/291|[from] item: Life Orb","|","|-heal|p2a: Blissey|713/713|[from] move: Wish|[wisher] Chansey","|turn|45","|","|move|p1a: Serperior|Substitute|p1a: Serperior","|-start|p1a: Serperior|Substitute","|-damage|p1a: Serperior|190/291","|move|p2a: Blissey|Flamethrower|p1a: Serperior","|-supereffective|p1a: Serperior","|-end|p1a: Serperior|Substitute","|","|turn|46","|","|move|p1a: Serperior|Dragon Pulse|p2a: Blissey","|-damage|p2a: Blissey|601/713","|-damage|p1a: Serperior|161/291|[from] item: Life Orb","|move|p2a: Blissey|Flamethrower|p1a: Serperior","|-supereffective|p1a: Serperior","|-damage|p1a: Serperior|41/291","|","|-heal|p2a: Blissey|645/713|[from] item: Leftovers","|turn|47","|","|switch|p1a: Celebi|Celebi|396/396","|-damage|p1a: Celebi|347/396|[from] Stealth Rock","|move|p2a: Blissey|Flamethrower|p1a: Celebi","|-crit|p1a: Celebi","|-supereffective|p1a: Celebi","|-damage|p1a: Celebi|173/396","|","|-heal|p1a: Celebi|197/396|[from] item: Leftovers","|-heal|p2a: Blissey|689/713|[from] item: Leftovers","|turn|48","|","|move|p1a: Celebi|Calm Mind|p1a: Celebi","|-boost|p1a: Celebi|spa|1","|-boost|p1a: Celebi|spd|1","|move|p2a: Blissey|Wish|p2a: Blissey","|","|-heal|p1a: Celebi|221/396|[from] item: Leftovers","|-heal|p2a: Blissey|713/713|[from] item: Leftovers","|turn|49","|","|switch|p2a: Staraptor|Staraptor, M|254/373","|-ability|p2a: Staraptor|Intimidate","|-unboost|p1a: Celebi|atk|1","|move|p1a: Celebi|Psychic|p2a: Staraptor","|-damage|p2a: Staraptor|0 fnt","|faint|p2a: Staraptor","|","|-heal|p1a: Celebi|245/396|[from] item: Leftovers","|","|switch|p2a: Staravia|Staravia, M|255/313","|-ability|p2a: Staravia|Intimidate","|-unboost|p1a: Celebi|atk|1","|turn|50","|","|move|p1a: Celebi|Healing Wish|p1a: Celebi","|faint|p1a: Celebi","|move|p2a: Staravia|Brave Bird|p1: Celebi|[notarget]","|-notarget","|","|","|switch|p1a: Serperior|Serperior, F|41/291","|-heal|p1a: Serperior|291/291|[from] move: Healing Wish","|-damage|p1a: Serperior|255/291|[from] Stealth Rock","|turn|51","|","|switch|p1a: Ferrothorn|Ferrothorn, M|315/351","|-damage|p1a: Ferrothorn|294/351|[from] Stealth Rock","|move|p2a: Staravia|Brave Bird|p1a: Ferrothorn","|-damage|p1a: Ferrothorn|228/351","|-damage|p2a: Staravia|216/313|[from] ability: Iron Barbs|[of] p1a: Ferrothorn","|-damage|p2a: Staravia|164/313|[from] item: Rocky Helmet|[of] p1a: Ferrothorn","|-damage|p2a: Staravia|142/313|[from] recoil|[of] p1a: Ferrothorn","|","|turn|52","|","|move|p2a: Staravia|Roost|p2a: Staravia","|-heal|p2a: Staravia|299/313","|move|p1a: Ferrothorn|Gyro Ball|p2a: Staravia","|-damage|p2a: Staravia|206/313","|","|turn|53","|","|switch|p2a: Chansey|Chansey, F|411/703","|move|p1a: Ferrothorn|Toxic|p2a: Chansey","|-status|p2a: Chansey|tox","|","|-damage|p2a: Chansey|368/703 tox|[from] psn","|turn|54","|","|switch|p1a: Whimsicott|Whimsicott, M|268/301","|-damage|p1a: Whimsicott|231/301|[from] Stealth Rock","|move|p2a: Chansey|Soft-Boiled|p2a: Chansey","|-heal|p2a: Chansey|703/703 tox","|","|-heal|p1a: Whimsicott|249/301|[from] item: Leftovers","|-damage|p2a: Chansey|617/703 tox|[from] psn","|turn|55","|","|switch|p2a: Blissey|Blissey, F|713/713","|move|p1a: Whimsicott|Encore|p2a: Blissey","|-fail|p2a: Blissey","|","|-heal|p1a: Whimsicott|267/301|[from] item: Leftovers","|turn|56","|","|move|p1a: Whimsicott|Leech Seed|p2a: Blissey","|-start|p2a: Blissey|move: Leech Seed","|move|p2a: Blissey|Flamethrower|p1a: Whimsicott","|-crit|p1a: Whimsicott","|-supereffective|p1a: Whimsicott","|-damage|p1a: Whimsicott|41/301","|","|-heal|p1a: Whimsicott|59/301|[from] item: Leftovers","|-damage|p2a: Blissey|624/713|[from] Leech Seed|[of] p1a: Whimsicott","|-heal|p1a: Whimsicott|148/301|[silent]","|turn|57","|","|switch|p2a: Staravia|Staravia, M|206/313","|-ability|p2a: Staravia|Intimidate","|-unboost|p1a: Whimsicott|atk|1","|move|p1a: Whimsicott|Moonblast|p2a: Staravia","|-damage|p2a: Staravia|73/313","|","|-heal|p1a: Whimsicott|166/301|[from] item: Leftovers","|turn|58","|","|switch|p2a: Blissey|Blissey, F|624/713","|move|p1a: Whimsicott|Moonblast|p2a: Blissey","|-crit|p2a: Blissey","|-damage|p2a: Blissey|551/713","|","|-heal|p1a: Whimsicott|184/301|[from] item: Leftovers","|-heal|p2a: Blissey|595/713|[from] item: Leftovers","|turn|59","|","|move|p1a: Whimsicott|Leech Seed|p2a: Blissey","|-start|p2a: Blissey|move: Leech Seed","|move|p2a: Blissey|Flamethrower|p1a: Whimsicott","|-crit|p1a: Whimsicott","|-supereffective|p1a: Whimsicott","|-damage|p1a: Whimsicott|0 fnt","|faint|p1a: Whimsicott","|","|-heal|p2a: Blissey|639/713|[from] item: Leftovers","|","|switch|p1a: Breloom|Breloom, F|267/323 tox","|-damage|p1a: Breloom|247/323 tox|[from] Stealth Rock","|turn|60","|","|switch|p2a: Miltank|Miltank, F|369/393","|move|p1a: Breloom|Swords Dance|p1a: Breloom","|-boost|p1a: Breloom|atk|2","|","|-heal|p2a: Miltank|393/393|[from] item: Leftovers","|-heal|p1a: Breloom|287/323 tox|[from] ability: Poison Heal","|turn|61","|","|move|p2a: Miltank|Seismic Toss|p1a: Breloom","|-damage|p1a: Breloom|187/323 tox","|move|p1a: Breloom|Swords Dance|p1a: Breloom","|-boost|p1a: Breloom|atk|2","|","|-heal|p1a: Breloom|227/323 tox|[from] ability: Poison Heal","|turn|62","|","|move|p1a: Breloom|Mach Punch|p2a: Miltank","|-supereffective|p2a: Miltank","|-damage|p2a: Miltank|43/393","|move|p2a: Miltank|Seismic Toss|p1a: Breloom","|-damage|p1a: Breloom|127/323 tox","|","|-heal|p2a: Miltank|67/393|[from] item: Leftovers","|-heal|p1a: Breloom|167/323 tox|[from] ability: Poison Heal","|turn|63","|","|move|p1a: Breloom|Mach Punch|p2a: Miltank","|-crit|p2a: Miltank","|-supereffective|p2a: Miltank","|-damage|p2a: Miltank|0 fnt","|faint|p2a: Miltank","|","|-heal|p1a: Breloom|207/323 tox|[from] ability: Poison Heal","|","|switch|p2a: Staravia|Staravia, M|73/313","|-ability|p2a: Staravia|Intimidate","|-unboost|p1a: Breloom|atk|1","|turn|64","|","|move|p1a: Breloom|Mach Punch|p2a: Staravia","|-damage|p2a: Staravia|0 fnt","|faint|p2a: Staravia","|","|-heal|p1a: Breloom|247/323 tox|[from] ability: Poison Heal","|","|switch|p2a: Audino|Audino, F|409/409","|turn|65","|","|detailschange|p2a: Audino|Audino-Mega, F","|-mega|p2a: Audino|Audino|Audinite","|move|p1a: Breloom|Mach Punch|p2a: Audino","|-damage|p2a: Audino|283/409","|move|p2a: Audino|Draining Kiss|p1a: Breloom","|-crit|p1a: Breloom","|-supereffective|p1a: Breloom","|-damage|p1a: Breloom|25/323 tox","|-heal|p2a: Audino|409/409|[from] drain|[of] p1a: Breloom","|","|-heal|p1a: Breloom|65/323 tox|[from] ability: Poison Heal","|turn|66","|","|move|p1a: Breloom|Seed Bomb|p2a: Audino","|-damage|p2a: Audino|180/409","|move|p2a: Audino|Wish|p2a: Audino","|","|-heal|p1a: Breloom|105/323 tox|[from] ability: Poison Heal","|turn|67","|","|move|p1a: Breloom|Seed Bomb|p2a: Audino","|-damage|p2a: Audino|0 fnt","|faint|p2a: Audino","|","|-heal|p1a: Breloom|145/323 tox|[from] ability: Poison Heal","|","|win|The Emblem"],"p1rating":{"entryid":"7465743","serverid":"eos","formatid":"monotype","userid":"theemblem","username":"The Emblem","w":1,"l":"1","t":"0","gxe":48.3,"r":"1500","rd":"130","sigma":"0","rptime":"1438938000","rpr":1486.3092278791,"rprd":117.01313234139,"rpsigma":"0","acre":1058.5333408605,"lacre":1058.5333408605,"oldacre":"1000"},"p2rating":{"entryid":"5790887","serverid":"eos","formatid":"monotype","userid":"wildalt","username":"WildAlt","w":"28","l":23,"t":"0","gxe":55.6,"r":"1553.9382041523","rd":"60.04617756566","sigma":"0","rptime":"1438938000","rpr":1542.7325609659,"rprd":57.320233165463,"rpsigma":"0","acre":1137.6722028988,"lacre":1137.6722028988,"oldacre":"1174.2555409366"},"endType":"forfeit"}