{"seed":[46333,60560,50438,37691],"turns":26,"p1":"TS-E4 G-Man","p2":"MrNyanNyanz","p1team":[{"name":"Hoopa-Unbound","species":"Hoopa-Unbound","item":"lifeorb","ability":"Magician","moves":["hyperspacefury","zenheadbutt","gunkshot","drainpunch"],"nature":"Jolly","evs":{"hp":0,"atk":252,"def":0,"spa":0,"spd":4,"spe":252},"ivs":{"hp":31,"atk":31,"def":31,"spa":31,"spd":31,"spe":31}},{"name":"Mandibuzz","species":"Mandibuzz","item":"leftovers","ability":"Overcoat","moves":["defog","foulplay","toxic","roost"],"nature":"Calm","evs":{"hp":104,"atk":0,"def":216,"spa":0,"spd":188,"spe":0},"ivs":{"hp":31,"atk":31,"def":31,"spa":31,"spd":31,"spe":31}},{"name":"Absol","species":"Absol","item":"absolite","ability":"Pressure","moves":["suckerpunch","playrough","rockslide","psychocut"],"nature":"Jolly","evs":{"hp":0,"atk":252,"def":0,"spa":0,"spd":4,"spe":252},"ivs":{"hp":31,"atk":31,"def":31,"spa":31,"spd":31,"spe":31}},{"name":"Hydreigon","species":"Hydreigon","item":"choicescarf","ability":"Levitate","moves":["dracometeor","earthpower","flashcannon","uturn"],"nature":"Timid","evs":{"hp":0,"atk":0,"def":0,"spa":252,"spd":4,"spe":252},"ivs":{"hp":31,"atk":31,"def":31,"spa":31,"spd":31,"spe":31}},{"name":"Umbreon","species":"Umbreon","item":"leftovers","ability":"Synchronize","moves":["healbell","foulplay","toxic","wish"],"nature":"Impish","evs":{"hp":196,"atk":0,"def":176,"spa":0,"spd":136,"spe":0},"ivs":{"hp":31,"atk":31,"def":31,"spa":31,"spd":31,"spe":31}},{"name":"Zoroark","species":"Zoroark","item":"focussash","ability":"Illusion","moves":["focusblast","grassknot","darkpulse","flamethrower"],"nature":"Timid","evs":{"hp":0,"atk":0,"def":0,"spa":252,"spd":4,"spe":252},"ivs":{"hp":31,"atk":31,"def":31,"spa":31,"spd":31,"spe":31}}],"p2team":[{"name":"Bisharp","species":"Bisharp","item":"focussash","ability":"Defiant","moves":["suckerpunch","swordsdance","knockoff","ironhead"],"nature":"Adamant","evs":{"hp":248,"atk":252,"def":0,"spa":0,"spd":8,"spe":0},"ivs":{"hp":31,"atk":31,"def":31,"spa":31,"spd":31,"spe":31}},{"name":"Magnezone","species":"Magnezone","item":"choicescarf","ability":"Sturdy","moves":["thunderbolt","hiddenpowerice","voltswitch","flashcannon"],"nature":"Timid","evs":{"hp":0,"atk":0,"def":0,"spa":252,"spd":4,"spe":252},"ivs":{"hp":31,"atk":30,"def":30,"spa":31,"spd":31,"spe":31}},{"name":"Doublade","species":"Doublade","item":"eviolite","ability":"No Guard","moves":["swordsdance","rockslide","sacredsword","shadowsneak"],"nature":"Adamant","evs":{"hp":248,"atk":252,"def":0,"spa":0,"spd":8,"spe":0},"ivs":{"hp":31,"atk":31,"def":31,"spa":31,"spd":31,"spe":31}},{"name":"Heatran","species":"Heatran","item":"airballoon","ability":"Flash Fire","moves":["lavaplume","earthpower","ancientpower","roar"],"nature":"Modest","evs":{"hp":240,"atk":0,"def":0,"spa":252,"spd":0,"spe":16},"ivs":{"hp":31,"atk":31,"def":31,"spa":31,"spd":31,"spe":31}},{"name":"Skarmory","species":"Skarmory","item":"rockyhelmet","ability":"Sturdy","moves":["bravebird","roost","defog","stealthrock"],"nature":"Impish","evs":{"hp":248,"atk":0,"def":236,"spa":0,"spd":0,"spe":24},"ivs":{"hp":31,"atk":31,"def":31,"spa":31,"spd":31,"spe":31}},{"name":"Scizor","species":"Scizor","item":"scizorite","ability":"Technician","moves":["swordsdance","superpower","bulletpunch","bugbite"],"nature":"Adamant","evs":{"hp":248,"atk":252,"def":0,"spa":0,"spd":8,"spe":0},"ivs":{"hp":31,"atk":31,"def":31,"spa":31,"spd":31,"spe":31}}],"log":["|player|p1|TS-E4 G-Man|99","|player|p2|MrNyanNyanz|mrnyannyanz.png","|gametype|singles","|gen|6","|tier|Monotype","|rated","|rule|Baton Pass Clause: Limit one Baton Passer, can't pass Spe and other stats simultaneously","|rule|Swagger Clause: Swagger is banned","|rule|Same Type Clause: Pokémon in a team must share a type","|clearpoke","|poke|p1|Hoopa-Unbound","|poke|p1|Mandibuzz, F","|poke|p1|Absol, M","|poke|p1|Hydreigon, M","|poke|p1|Umbreon, F","|poke|p1|Zoroark, F","|poke|p2|Bisharp, M","|poke|p2|Magnezone","|poke|p2|Doublade, M","|poke|p2|Heatran, F","|poke|p2|Skarmory, F","|poke|p2|Scizor, F","|rule|Sleep Clause Mod: Limit one foe put to sleep","|rule|Species Clause: Limit one of each Pokémon","|rule|OHKO Clause: OHKO moves are banned","|rule|Moody Clause: Moody is banned","|rule|Evasion Moves Clause: Evasion moves are banned","|rule|Endless Battle Clause: Forcing endless battles is banned","|rule|HP Percentage Mod: HP is shown in percentages","|teampreview","|","|start","|switch|p1a: Hydreigon|Hydreigon, M|261/261","|switch|p2a: Bisharp|Bisharp, M|333/333","|turn|1","|","|move|p1a: Hydreigon|Focus Blast|p2a: Bisharp","|-supereffective|p2a: Bisharp","|-enditem|p2a: Bisharp|Focus Sash","|-damage|p2a: Bisharp|1/333","|move|p2a: Bisharp|Knock Off|p1a: Hydreigon","|-resisted|p1a: Hydreigon","|replace|p1a: Zoroark|Zoroark, F|261/261","|-damage|p1a: Zoroark|120/261","|-enditem|p1a: Zoroark|Focus Sash|[from] move: Knock Off|[of] p2a: Bisharp","|","|turn|2","|","|move|p2a: Bisharp|Sucker Punch|p1a: Zoroark","|-resisted|p1a: Zoroark","|-damage|p1a: Zoroark|3/261","|move|p1a: Zoroark|Flamethrower|p2a: Bisharp","|-supereffective|p2a: Bisharp","|-damage|p2a: Bisharp|0 fnt","|faint|p2a: Bisharp","|","|","|switch|p2a: Scizor|Scizor, F|343/343","|turn|3","|","|detailschange|p2a: Scizor|Scizor-Mega, F","|-mega|p2a: Scizor|Scizor|Scizorite","|move|p2a: Scizor|Bullet Punch|p1a: Zoroark","|-damage|p1a: Zoroark|0 fnt","|faint|p1a: Zoroark","|","|","|switch|p1a: Mandibuzz|Mandibuzz, F|387/387","|turn|4","|","|switch|p2a: Magnezone|Magnezone|281/281","|move|p1a: Mandibuzz|Foul Play|p2a: Magnezone","|-damage|p2a: Magnezone|212/281","|","|turn|5","|","|switch|p1a: Hydreigon|Hydreigon, M|325/325","|move|p2a: Magnezone|Volt Switch|p1a: Hydreigon","|-resisted|p1a: Hydreigon","|-damage|p1a: Hydreigon|256/325","|","|switch|p2a: Skarmory|Skarmory, F|333/333","|","|turn|6","|","|move|p1a: Hydreigon|U-turn|p2a: Skarmory","|-resisted|p2a: Skarmory","|-damage|p2a: Skarmory|326/333","|-damage|p1a: Hydreigon|202/325|[from] item: Rocky Helmet|[of] p2a: Skarmory","|","|switch|p1a: Hoopa-Unbound|Hoopa-Unbound|301/301","|move|p2a: Skarmory|Stealth Rock|p1a: Hoopa-Unbound","|-sidestart|p1: TS-E4 G-Man|move: Stealth Rock","|","|turn|7","|","|move|p1a: Hoopa-Unbound|Hyperspace Fury|p2a: Skarmory","|-crit|p2a: Skarmory","|-damage|p2a: Skarmory|95/333","|-unboost|p1a: Hoopa-Unbound|def|1","|-damage|p1a: Hoopa-Unbound|271/301|[from] item: Life Orb","|move|p2a: Skarmory|Brave Bird|p1a: Hoopa-Unbound","|-damage|p1a: Hoopa-Unbound|9/301","|-damage|p2a: Skarmory|9/333|[from] recoil|[of] p1a: Hoopa-Unbound","|","|turn|8","|","|move|p1a: Hoopa-Unbound|Hyperspace Fury|p2a: Skarmory","|-crit|p2a: Skarmory","|-damage|p2a: Skarmory|0 fnt","|-unboost|p1a: Hoopa-Unbound|def|1","|-damage|p1a: Hoopa-Unbound|0 fnt|[from] item: Life Orb","|faint|p2a: Skarmory","|faint|p1a: Hoopa-Unbound","|","|","|switch|p2a: Magnezone|Magnezone|212/281","|switch|p1a: Mandibuzz|Mandibuzz, F|387/387","|-damage|p1a: Mandibuzz|291/387|[from] Stealth Rock","|turn|9","|","|move|p2a: Magnezone|Thunderbolt|p1a: Mandibuzz","|-supereffective|p1a: Mandibuzz","|-damage|p1a: Mandibuzz|33/387","|move|p1a: Mandibuzz|Defog|p2a: Magnezone","|-unboost|p2a: Magnezone|evasion|1","|-sideend|p1: TS-E4 G-Man|Stealth Rock|[from] move: Defog|[of] p1a: Mandibuzz","|","|-heal|p1a: Mandibuzz|57/387|[from] item: Leftovers","|turn|10","|","|move|p2a: Magnezone|Thunderbolt|p1a: Mandibuzz","|-supereffective|p1a: Mandibuzz","|-damage|p1a: Mandibuzz|0 fnt","|faint|p1a: Mandibuzz","|","|","|switch|p1a: Hydreigon|Hydreigon, M|202/325","|turn|11","|","|switch|p2a: Doublade|Doublade, M|321/321","|move|p1a: Hydreigon|Draco Meteor|p2a: Doublade","|-resisted|p2a: Doublade","|-damage|p2a: Doublade|192/321","|-unboost|p1a: Hydreigon|spa|2","|","|turn|12","|","|switch|p1a: Umbreon|Umbreon, F|380/380","|move|p2a: Doublade|Sacred Sword|p1a: Umbreon","|-supereffective|p1a: Umbreon","|-damage|p1a: Umbreon|220/380","|","|-heal|p1a: Umbreon|243/380|[from] item: Leftovers","|turn|13","|","|move|p1a: Umbreon|Wish|p1a: Umbreon","|move|p2a: Doublade|Sacred Sword|p1a: Umbreon","|-supereffective|p1a: Umbreon","|-damage|p1a: Umbreon|99/380","|","|-heal|p1a: Umbreon|122/380|[from] item: Leftovers","|turn|14","|","|switch|p2a: Magnezone|Magnezone|212/281","|move|p1a: Umbreon|Foul Play|p2a: Magnezone","|-damage|p2a: Magnezone|140/281","|","|-heal|p1a: Umbreon|312/380|[from] move: Wish|[wisher] Umbreon","|-heal|p1a: Umbreon|335/380|[from] item: Leftovers","|turn|15","|","|move|p2a: Magnezone|Thunderbolt|p1a: Umbreon","|-damage|p1a: Umbreon|215/380","|move|p1a: Umbreon|Wish|p1a: Umbreon","|","|-heal|p1a: Umbreon|238/380|[from] item: Leftovers","|turn|16","|","|move|p2a: Magnezone|Thunderbolt|p1a: Umbreon","|-damage|p1a: Umbreon|129/380","|move|p1a: Umbreon|Foul Play|p2a: Magnezone","|-damage|p2a: Magnezone|68/281","|","|-heal|p1a: Umbreon|319/380|[from] move: Wish|[wisher] Umbreon","|-heal|p1a: Umbreon|342/380|[from] item: Leftovers","|turn|17","|","|switch|p2a: Heatran|Heatran, F|383/383","|-item|p2a: Heatran|Air Balloon","|move|p1a: Umbreon|Wish|p1a: Umbreon","|","|-heal|p1a: Umbreon|365/380|[from] item: Leftovers","|turn|18","|","|move|p1a: Umbreon|Foul Play|p2a: Heatran","|-damage|p2a: Heatran|299/383","|-enditem|p2a: Heatran|Air Balloon","|move|p2a: Heatran|Roar|p1a: Umbreon","|drag|p1a: Hydreigon|Hydreigon, M|202/325","|","|-heal|p1a: Hydreigon|325/325|[from] move: Wish|[wisher] Umbreon","|turn|19","|","|switch|p2a: Doublade|Doublade, M|192/321","|move|p1a: Hydreigon|Earth Power|p2a: Doublade","|-supereffective|p2a: Doublade","|-damage|p2a: Doublade|0 fnt","|faint|p2a: Doublade","|","|","|switch|p2a: Scizor|Scizor-Mega, F|343/343","|turn|20","|","|move|p1a: Hydreigon|Earth Power|p2a: Scizor","|-damage|p2a: Scizor|237/343","|-unboost|p2a: Scizor|spd|1","|move|p2a: Scizor|Swords Dance|p2a: Scizor","|-boost|p2a: Scizor|atk|2","|","|turn|21","|","|switch|p1a: Umbreon|Umbreon, F|365/380","|move|p2a: Scizor|Bug Bite|p1a: Umbreon","|-crit|p1a: Umbreon","|-supereffective|p1a: Umbreon","|-damage|p1a: Umbreon|0 fnt","|faint|p1a: Umbreon","|","|","|switch|p1a: Hydreigon|Hydreigon, M|325/325","|turn|22","|","|switch|p2a: Heatran|Heatran, F|299/383","|move|p1a: Hydreigon|Draco Meteor|p2a: Heatran","|-resisted|p2a: Heatran","|-damage|p2a: Heatran|186/383","|-unboost|p1a: Hydreigon|spa|2","|","|turn|23","|","|switch|p1a: Absol|Absol, M|271/271","|-ability|p1a: Absol|Pressure","|move|p2a: Heatran|Lava Plume|p1a: Absol","|-damage|p1a: Absol|25/271","|","|turn|24","|","|detailschange|p1a: Absol|Absol-Mega, M","|-mega|p1a: Absol|Absol|Absolite","|move|p1a: Absol|Sucker Punch|p2a: Heatran","|-damage|p2a: Heatran|27/383","|move|p2a: Heatran|Lava Plume|p1a: Absol","|-damage|p1a: Absol|0 fnt","|faint|p1a: Absol","|","|","|switch|p1a: Hydreigon|Hydreigon, M|325/325","|turn|25","|","|move|p1a: Hydreigon|Earth Power|p2a: Heatran","|-supereffective|p2a: Heatran","|-damage|p2a: Heatran|0 fnt","|faint|p2a: Heatran","|","|","|switch|p2a: Scizor|Scizor-Mega, F|237/343","|turn|26","|","|move|p1a: Hydreigon|Earth Power|p2a: Scizor","|-damage|p2a: Scizor|127/343","|move|p2a: Scizor|Bug Bite|p1a: Hydreigon","|-crit|p1a: Hydreigon","|-supereffective|p1a: Hydreigon","|-damage|p1a: Hydreigon|0 fnt","|faint|p1a: Hydreigon","|","|win|MrNyanNyanz"],"p1rating":{"entryid":"7420154","serverid":"eos","formatid":"monotype","userid":"tse4gman","username":"TS-E4 G-Man","w":"1","l":3,"t":"0","gxe":43.7,"r":"1499.0454371217","rd":"116.68829077944","sigma":"0","rptime":"1438938000","rpr":1450.0238191178,"rprd":106.44442315694,"rpsigma":"0","acre":1028.5773325876,"lacre":1028.5773325876,"oldacre":"1043.4645257249"},"p2rating":{"entryid":"6703862","serverid":"eos","formatid":"monotype","userid":"mrnyannyanz","username":"MrNyanNyanz","w":65,"l":"56","t":"0","gxe":53,"r":"1521.8340019731","rd":"33.393445619211","sigma":"0","rptime":"1438938000","rpr":1522.6317434684,"rprd":33.131013561038,"rpsigma":"0","acre":1103.4262024476,"lacre":1103.4262024476,"oldacre":"1077.9107648591"},"endType":"normal"}