{"seed":[19274,16412,9114,17722],"turns":25,"p1":"Guard Wulf","p2":"Alliance - Warner","p1team":[{"name":"Skill","species":"altaria","item":"altarianite","ability":"Natural Cure","moves":["refresh","dragondance","roost","return"],"nature":"Jolly","evs":{"hp":0,"atk":252,"def":0,"spa":0,"spd":36,"spe":220},"ivs":{"hp":31,"atk":31,"def":31,"spa":31,"spd":31,"spe":31}},{"name":"Chomp Chomp","species":"garchomp","item":"rockyhelmet","ability":"Rough Skin","moves":["stealthrock","dragontail","fireblast","earthquake"],"nature":"Serious","evs":{"hp":208,"atk":16,"def":252,"spa":16,"spd":0,"spe":16},"ivs":{"hp":31,"atk":31,"def":31,"spa":31,"spd":31,"spe":31}},{"name":"that bulk tho","species":"goodra","item":"assaultvest","ability":"Gooey","moves":["sludgewave","dragonpulse","thunderbolt","flamethrower"],"nature":"Calm","evs":{"hp":248,"atk":0,"def":0,"spa":8,"spd":252,"spe":0},"ivs":{"hp":31,"atk":31,"def":31,"spa":31,"spd":31,"spe":31}},{"name":"LO","species":"kyuremblack","item":"choicescarf","ability":"Teravolt","moves":["ironhead","icebeam","fusionbolt","outrage"],"nature":"Naive","evs":{"hp":0,"atk":252,"def":0,"spa":4,"spd":0,"spe":252},"ivs":{"hp":31,"atk":31,"def":31,"spa":31,"spd":31,"spe":31}},{"name":"Ocho Cinco","species":"kingdra","item":"scopelens","ability":"Sniper","moves":["focusenergy","agility","dracometeor","surf"],"nature":"Timid","evs":{"hp":0,"atk":0,"def":0,"spa":252,"spd":4,"spe":252},"ivs":{"hp":31,"atk":31,"def":31,"spa":31,"spd":31,"spe":31}},{"name":"derpnite","species":"dragonite","item":"weaknesspolicy","ability":"Multiscale","moves":["roost","earthquake","dragonclaw","dragondance"],"nature":"Jolly","evs":{"hp":0,"atk":252,"def":0,"spa":0,"spd":4,"spe":252},"ivs":{"hp":31,"atk":31,"def":31,"spa":31,"spd":31,"spe":31}}],"p2team":[{"name":"Scizor","species":"Scizor","item":"choiceband","ability":"Technician","moves":["bulletpunch","uturn","knockoff","pursuit"],"nature":"Adamant","evs":{"hp":248,"atk":252,"def":0,"spa":0,"spd":8,"spe":0},"ivs":{"hp":31,"atk":31,"def":31,"spa":31,"spd":31,"spe":31}},{"name":"Forretress","species":"Forretress","item":"leftovers","ability":"Overcoat","moves":["stealthrock","toxic","rapidspin","voltswitch"],"nature":"Bold","evs":{"hp":252,"atk":0,"def":252,"spa":4,"spd":0,"spe":0},"ivs":{"hp":31,"atk":31,"def":31,"spa":31,"spd":31,"spe":31}},{"name":"Pinsir","species":"Pinsir","item":"pinsirite","ability":"Hyper Cutter","moves":["quickattack","return","swordsdance","earthquake"],"nature":"Jolly","evs":{"hp":0,"atk":252,"def":0,"spa":0,"spd":4,"spe":252},"ivs":{"hp":31,"atk":31,"def":31,"spa":31,"spd":31,"spe":31}},{"name":"Volcarona","species":"Volcarona","item":"sitrusberry","ability":"Flame Body","moves":["fierydance","roost","gigadrain","quiverdance"],"nature":"Timid","evs":{"hp":0,"atk":0,"def":0,"spa":128,"spd":128,"spe":252},"ivs":{"hp":31,"atk":0,"def":31,"spa":31,"spd":31,"spe":31}},{"name":"Heracross","species":"Heracross","item":"choicescarf","ability":"Moxie","moves":["earthquake","megahorn","knockoff","closecombat"],"nature":"Jolly","evs":{"hp":0,"atk":252,"def":0,"spa":0,"spd":4,"spe":252},"ivs":{"hp":31,"atk":31,"def":31,"spa":31,"spd":31,"spe":31}},{"name":"Genesect","species":"Genesect","item":"choicescarf","ability":"Download","moves":["uturn","thunderbolt","icebeam","energyball"],"nature":"Serious","evs":{"hp":0,"atk":0,"def":0,"spa":252,"spd":4,"spe":252},"ivs":{"hp":31,"atk":31,"def":31,"spa":31,"spd":31,"spe":31}}],"log":["|player|p1|Guard Wulf|143","|player|p2|Alliance - Warner|167","|gametype|singles","|gen|6","|tier|Monotype","|rated","|rule|Baton Pass Clause: Limit one Baton Passer, can't pass Spe and other stats simultaneously","|rule|Swagger Clause: Swagger is banned","|rule|Same Type Clause: Pokémon in a team must share a type","|clearpoke","|poke|p1|Altaria, M","|poke|p1|Garchomp, F","|poke|p1|Goodra, F","|poke|p1|Kyurem-Black","|poke|p1|Kingdra, F","|poke|p1|Dragonite, M","|poke|p2|Scizor, F","|poke|p2|Forretress, F","|poke|p2|Pinsir, F","|poke|p2|Volcarona, M","|poke|p2|Heracross, F","|poke|p2|Genesect-*","|rule|Sleep Clause Mod: Limit one foe put to sleep","|rule|Species Clause: Limit one of each Pokémon","|rule|OHKO Clause: OHKO moves are banned","|rule|Moody Clause: Moody is banned","|rule|Evasion Moves Clause: Evasion moves are banned","|rule|Endless Battle Clause: Forcing endless battles is banned","|rule|HP Percentage Mod: HP is shown in percentages","|teampreview","|","|start","|switch|p1a: Chomp Chomp|Garchomp, F|409/409","|switch|p2a: Genesect|Genesect|283/283","|-boost|p2a: Genesect|spa|1|[from] ability: Download","|turn|1","|","|switch|p1a: that bulk tho|Goodra, F|383/383","|move|p2a: Genesect|Ice Beam|p1a: that bulk tho","|-supereffective|p1a: that bulk tho","|-damage|p1a: that bulk tho|271/383","|","|turn|2","|","|switch|p2a: Volcarona|Volcarona, M|311/311","|move|p1a: that bulk tho|Flamethrower|p2a: Volcarona","|-damage|p2a: Volcarona|239/311","|","|turn|3","|","|switch|p1a: derpnite|Dragonite, M|323/323","|move|p2a: Volcarona|Quiver Dance|p2a: Volcarona","|-boost|p2a: Volcarona|spa|1","|-boost|p2a: Volcarona|spd|1","|-boost|p2a: Volcarona|spe|1","|","|turn|4","|","|switch|p2a: Forretress|Forretress, F|354/354","|move|p1a: derpnite|Earthquake|p2a: Forretress","|-damage|p2a: Forretress|281/354","|","|-heal|p2a: Forretress|303/354|[from] item: Leftovers","|turn|5","|","|switch|p1a: Chomp Chomp|Garchomp, F|409/409","|move|p2a: Forretress|Stealth Rock|p1a: Chomp Chomp","|-sidestart|p1: Guard Wulf|move: Stealth Rock","|","|-heal|p2a: Forretress|325/354|[from] item: Leftovers","|turn|6","|","|move|p1a: Chomp Chomp|Stealth Rock|p2a: Forretress","|-sidestart|p2: Alliance - Warner|move: Stealth Rock","|move|p2a: Forretress|Toxic|p1a: Chomp Chomp","|-status|p1a: Chomp Chomp|tox","|","|-heal|p2a: Forretress|347/354|[from] item: Leftovers","|-damage|p1a: Chomp Chomp|384/409 tox|[from] psn","|turn|7","|","|move|p1a: Chomp Chomp|Fire Blast|p2a: Forretress","|-supereffective|p2a: Forretress","|-damage|p2a: Forretress|0 fnt","|faint|p2a: Forretress","|","|-damage|p1a: Chomp Chomp|334/409 tox|[from] psn","|","|switch|p2a: Genesect|Genesect|283/283","|-damage|p2a: Genesect|248/283|[from] Stealth Rock","|-boost|p2a: Genesect|spa|1|[from] ability: Download","|turn|8","|","|switch|p1a: that bulk tho|Goodra, F|271/383","|-damage|p1a: that bulk tho|224/383|[from] Stealth Rock","|move|p2a: Genesect|Ice Beam|p1a: that bulk tho","|-supereffective|p1a: that bulk tho","|-damage|p1a: that bulk tho|118/383","|","|turn|9","|","|switch|p2a: Volcarona|Volcarona, M|239/311","|-damage|p2a: Volcarona|84/311|[from] Stealth Rock","|-enditem|p2a: Volcarona|Sitrus Berry|[eat]","|-heal|p2a: Volcarona|161/311|[from] item: Sitrus Berry","|move|p1a: that bulk tho|Flamethrower|p2a: Volcarona","|-damage|p2a: Volcarona|94/311","|","|turn|10","|","|move|p2a: Volcarona|Quiver Dance|p2a: Volcarona","|-boost|p2a: Volcarona|spa|1","|-boost|p2a: Volcarona|spd|1","|-boost|p2a: Volcarona|spe|1","|move|p1a: that bulk tho|Flamethrower|p2a: Volcarona","|-damage|p2a: Volcarona|49/311","|","|turn|11","|","|move|p2a: Volcarona|Roost|p2a: Volcarona","|-heal|p2a: Volcarona|205/311","|move|p1a: that bulk tho|Dragon Pulse|p2a: Volcarona","|-damage|p2a: Volcarona|145/311","|","|turn|12","|","|move|p2a: Volcarona|Roost|p2a: Volcarona","|-heal|p2a: Volcarona|301/311","|move|p1a: that bulk tho|Dragon Pulse|p2a: Volcarona","|-damage|p2a: Volcarona|235/311","|","|turn|13","|","|move|p2a: Volcarona|Quiver Dance|p2a: Volcarona","|-boost|p2a: Volcarona|spa|1","|-boost|p2a: Volcarona|spd|1","|-boost|p2a: Volcarona|spe|1","|move|p1a: that bulk tho|Dragon Pulse|p2a: Volcarona","|-damage|p2a: Volcarona|183/311","|","|turn|14","|","|switch|p1a: derpnite|Dragonite, M|323/323","|-damage|p1a: derpnite|243/323|[from] Stealth Rock","|move|p2a: Volcarona|Roost|p2a: Volcarona","|-heal|p2a: Volcarona|311/311","|","|turn|15","|","|move|p2a: Volcarona|Fiery Dance|p1a: derpnite","|-resisted|p1a: derpnite","|-damage|p1a: derpnite|102/323","|-boost|p2a: Volcarona|spa|1","|move|p1a: derpnite|Earthquake|p2a: Volcarona","|-damage|p2a: Volcarona|153/311","|","|turn|16","|","|move|p2a: Volcarona|Fiery Dance|p1a: derpnite","|-crit|p1a: derpnite","|-resisted|p1a: derpnite","|-damage|p1a: derpnite|0 fnt","|faint|p1a: derpnite","|","|","|switch|p1a: Chomp Chomp|Garchomp, F|334/409 tox","|-damage|p1a: Chomp Chomp|309/409 tox|[from] Stealth Rock","|turn|17","|","|move|p2a: Volcarona|Roost|p2a: Volcarona","|-heal|p2a: Volcarona|309/311","|move|p1a: Chomp Chomp|Dragon Tail|p2a: Volcarona","|-damage|p2a: Volcarona|173/311","|drag|p2a: Genesect|Genesect|248/283","|-damage|p2a: Genesect|213/283|[from] Stealth Rock","|-boost|p2a: Genesect|spa|1|[from] ability: Download","|","|-damage|p1a: Chomp Chomp|284/409 tox|[from] psn","|turn|18","|","|switch|p1a: that bulk tho|Goodra, F|118/383","|-damage|p1a: that bulk tho|71/383|[from] Stealth Rock","|move|p2a: Genesect|Ice Beam|p1a: that bulk tho","|-supereffective|p1a: that bulk tho","|-damage|p1a: that bulk tho|0 fnt","|faint|p1a: that bulk tho","|","|","|switch|p1a: LO|Kyurem-Black|391/391","|-damage|p1a: LO|294/391|[from] Stealth Rock","|-ability|p1a: LO|Teravolt","|turn|19","|","|switch|p2a: Volcarona|Volcarona, M|173/311","|-damage|p2a: Volcarona|18/311|[from] Stealth Rock","|move|p1a: LO|Fusion Bolt|p2a: Volcarona","|-damage|p2a: Volcarona|0 fnt","|faint|p2a: Volcarona","|","|","|switch|p2a: Scizor|Scizor, F|343/343","|-damage|p2a: Scizor|301/343|[from] Stealth Rock","|turn|20","|","|switch|p1a: Chomp Chomp|Garchomp, F|284/409 tox","|-damage|p1a: Chomp Chomp|259/409 tox|[from] Stealth Rock","|move|p2a: Scizor|Bullet Punch|p1a: Chomp Chomp","|-damage|p1a: Chomp Chomp|117/409 tox","|-damage|p2a: Scizor|259/343|[from] ability: Rough Skin|[of] p1a: Chomp Chomp","|-damage|p2a: Scizor|202/343|[from] item: Rocky Helmet|[of] p1a: Chomp Chomp","|","|-damage|p1a: Chomp Chomp|92/409 tox|[from] psn","|turn|21","|","|move|p2a: Scizor|Bullet Punch|p1a: Chomp Chomp","|-damage|p1a: Chomp Chomp|0 fnt","|-damage|p2a: Scizor|160/343|[from] ability: Rough Skin|[of] p1a: Chomp Chomp","|-damage|p2a: Scizor|103/343|[from] item: Rocky Helmet|[of] p1a: Chomp Chomp","|faint|p1a: Chomp Chomp","|","|","|switch|p1a: Ocho Cinco|Kingdra, F|291/291","|-damage|p1a: Ocho Cinco|255/291|[from] Stealth Rock","|turn|22","|","|switch|p2a: Pinsir|Pinsir, F|271/271","|-damage|p2a: Pinsir|204/271|[from] Stealth Rock","|move|p1a: Ocho Cinco|Surf|p2a: Pinsir","|-damage|p2a: Pinsir|38/271","|","|turn|23","|","|switch|p1a: LO|Kyurem-Black|294/391","|-damage|p1a: LO|197/391|[from] Stealth Rock","|-ability|p1a: LO|Teravolt","|detailschange|p2a: Pinsir|Pinsir-Mega, F","|-mega|p2a: Pinsir|Pinsir|Pinsirite","|move|p2a: Pinsir|Return|p1a: LO","|-damage|p1a: LO|0 fnt","|faint|p1a: LO","|","|","|switch|p1a: Skill|Altaria, M|291/291","|-damage|p1a: Skill|219/291|[from] Stealth Rock","|turn|24","|","|detailschange|p1a: Skill|Altaria-Mega, M","|-mega|p1a: Skill|Altaria|Altarianite","|move|p2a: Pinsir|Return|p1a: Skill","|-damage|p1a: Skill|0 fnt","|faint|p1a: Skill","|","|","|switch|p1a: Ocho Cinco|Kingdra, F|255/291","|-damage|p1a: Ocho Cinco|219/291|[from] Stealth Rock","|turn|25","|","|move|p2a: Pinsir|Return|p1a: Ocho Cinco","|-damage|p1a: Ocho Cinco|0 fnt","|faint|p1a: Ocho Cinco","|","|win|Alliance - Warner"],"p1rating":{"entryid":"7326062","serverid":"eos","formatid":"monotype","userid":"guardwulf","username":"Guard Wulf","w":"38","l":19,"t":"0","gxe":62.8,"r":"1615.5779242803","rd":"47.440196403096","sigma":"0","rptime":"1438938000","rpr":1599.1745694628,"rprd":46.766099128914,"rpsigma":"0","acre":1205.582935239,"lacre":1205.582935239,"oldacre":"1237.9024975999"},"p2rating":{"entryid":"7343610","serverid":"eos","formatid":"monotype","userid":"alliancewarner","username":"Alliance - Warner","w":12,"l":"7","t":"0","gxe":58.9,"r":"1541.100252511","rd":"74.318263407349","sigma":"0","rptime":"1438938000","rpr":1568.7469120983,"rprd":71.41858125816,"rpsigma":"0","acre":1165.4330757291,"lacre":1165.4330757291,"oldacre":"1133.1135133682"},"endType":"normal"}