{"seed":[9430,27437,8530,31732],"turns":22,"p1":"Defender of Sinnoh","p2":"Sovereign♕Cactus","p1team":[{"name":"Torterra","species":"Torterra","item":"assaultvest","ability":"Overgrow","moves":["earthquake","stoneedge","seedbomb","crunch"],"nature":"Adamant","evs":{"hp":248,"atk":252,"def":0,"spa":0,"spd":8,"spe":0},"ivs":{"hp":31,"atk":31,"def":31,"spa":31,"spd":31,"spe":31}},{"name":"Garchomp","species":"Garchomp","item":"rockyhelmet","ability":"Rough Skin","moves":["earthquake","dragonclaw","stealthrock","stoneedge"],"nature":"Jolly","evs":{"hp":0,"atk":252,"def":0,"spa":0,"spd":4,"spe":252},"ivs":{"hp":31,"atk":31,"def":31,"spa":31,"spd":31,"spe":31}},{"name":"Camerupt","species":"Camerupt","item":"cameruptite","ability":"Magma Armor","moves":["earthpower","flamethrower","willowisp","ancientpower"],"nature":"Modest","evs":{"hp":248,"atk":0,"def":0,"spa":252,"spd":8,"spe":0},"shiny":true,"ivs":{"hp":31,"atk":31,"def":31,"spa":31,"spd":31,"spe":31}},{"name":"Claydol","species":"Claydol","item":"leftovers","ability":"Levitate","moves":["cosmicpower","chargebeam","rapidspin","stealthrock"],"nature":"Calm","evs":{"hp":252,"atk":0,"def":0,"spa":4,"spd":252,"spe":0},"ivs":{"hp":31,"atk":31,"def":31,"spa":31,"spd":31,"spe":31}},{"name":"Gastrodon","species":"Gastrodon","item":"leftovers","ability":"Storm Drain","moves":["earthpower","scald","recover","toxic"],"nature":"Bold","evs":{"hp":248,"atk":0,"def":252,"spa":8,"spd":0,"spe":0},"ivs":{"hp":31,"atk":31,"def":31,"spa":31,"spd":31,"spe":31}},{"name":"Mamoswine","species":"Mamoswine","item":"focussash","ability":"Thick Fat","moves":["iceshard","iciclecrash","earthquake","knockoff"],"nature":"Adamant","evs":{"hp":248,"atk":252,"def":0,"spa":0,"spd":8,"spe":0},"ivs":{"hp":31,"atk":31,"def":31,"spa":31,"spd":31,"spe":31}}],"p2team":[{"name":"Hawlucha","species":"Hawlucha","item":"sitrusberry","ability":"Unburden","moves":["acrobatics","highjumpkick","substitute","swordsdance"],"nature":"Adamant","evs":{"hp":0,"atk":252,"def":0,"spa":0,"spd":4,"spe":252},"ivs":{"hp":31,"atk":31,"def":31,"spa":31,"spd":31,"spe":31}},{"name":"Shroomy McSeed","species":"breloom","item":"focussash","ability":"Technician","moves":["swordsdance","spore","machpunch","bulletseed"],"nature":"Jolly","evs":{"hp":0,"atk":252,"def":0,"spa":0,"spd":4,"spe":252},"gender":"M","shiny":true,"ivs":{"hp":31,"atk":31,"def":31,"spa":31,"spd":31,"spe":31}},{"name":"Infernape","species":"Infernape","item":"focussash","ability":"Iron Fist","moves":["fakeout","stealthrock","taunt","firepunch"],"nature":"Jolly","evs":{"hp":0,"atk":252,"def":0,"spa":0,"spd":4,"spe":252},"shiny":true,"ivs":{"hp":31,"atk":31,"def":31,"spa":31,"spd":31,"spe":31}},{"name":"Medicham","species":"Medicham","item":"medichamite","ability":"Pure Power","moves":["bulletpunch","psychocut","fakeout","highjumpkick"],"nature":"Jolly","evs":{"hp":0,"atk":252,"def":0,"spa":0,"spd":4,"spe":252},"gender":"M","shiny":true,"ivs":{"hp":31,"atk":31,"def":31,"spa":31,"spd":31,"spe":31}},{"name":"Terrakion","species":"Terrakion","item":"choicescarf","ability":"Justified","moves":["earthquake","closecombat","rockslide","ironhead"],"nature":"Jolly","evs":{"hp":0,"atk":252,"def":0,"spa":0,"spd":4,"spe":252},"ivs":{"hp":31,"atk":31,"def":31,"spa":31,"spd":31,"spe":31}},{"name":"Keldeo","species":"Keldeo","item":"choicespecs","ability":"Justified","moves":["secretsword","scald","icywind","hiddenpowergrass"],"nature":"Timid","evs":{"hp":0,"atk":0,"def":0,"spa":252,"spd":4,"spe":252},"ivs":{"hp":31,"atk":30,"def":31,"spa":30,"spd":31,"spe":31}}],"log":["|player|p1|Defender of Sinnoh|25","|player|p2|Sovereign♕Cactus|251","|gametype|singles","|gen|6","|tier|Monotype","|rated","|rule|Baton Pass Clause: Limit one Baton Passer, can't pass Spe and other stats simultaneously","|rule|Swagger Clause: Swagger is banned","|rule|Same Type Clause: Pokémon in a team must share a type","|clearpoke","|poke|p1|Torterra, F","|poke|p1|Garchomp, M","|poke|p1|Camerupt, F, shiny","|poke|p1|Claydol","|poke|p1|Gastrodon, F","|poke|p1|Mamoswine, F","|poke|p2|Hawlucha, F","|poke|p2|Breloom, M, shiny","|poke|p2|Infernape, M, shiny","|poke|p2|Medicham, M, shiny","|poke|p2|Terrakion","|poke|p2|Keldeo","|rule|Sleep Clause Mod: Limit one foe put to sleep","|rule|Species Clause: Limit one of each Pokémon","|rule|OHKO Clause: OHKO moves are banned","|rule|Moody Clause: Moody is banned","|rule|Evasion Moves Clause: Evasion moves are banned","|rule|Endless Battle Clause: Forcing endless battles is banned","|rule|HP Percentage Mod: HP is shown in percentages","|teampreview","|","|start","|switch|p1a: Gastrodon|Gastrodon, F|425/425","|switch|p2a: Infernape|Infernape, M, shiny|293/293","|turn|1","|","|move|p2a: Infernape|Fake Out|p1a: Gastrodon","|-damage|p1a: Gastrodon|385/425","|cant|p1a: Gastrodon|flinch","|","|-heal|p1a: Gastrodon|411/425|[from] item: Leftovers","|turn|2","|","|move|p2a: Infernape|Stealth Rock|p1a: Gastrodon","|-sidestart|p1: Defender of Sinnoh|move: Stealth Rock","|move|p1a: Gastrodon|Scald|p2a: Infernape","|-supereffective|p2a: Infernape","|-damage|p2a: Infernape|41/293","|","|-heal|p1a: Gastrodon|425/425|[from] item: Leftovers","|turn|3","|","|switch|p2a: Shroomy McSeed|Breloom, M, shiny|261/261","|move|p1a: Gastrodon|Scald|p2a: Shroomy McSeed","|-resisted|p2a: Shroomy McSeed","|-damage|p2a: Shroomy McSeed|198/261","|-status|p2a: Shroomy McSeed|brn","|","|-damage|p2a: Shroomy McSeed|166/261 brn|[from] brn","|turn|4","|","|move|p2a: Shroomy McSeed|Swords Dance|p2a: Shroomy McSeed","|-boost|p2a: Shroomy McSeed|atk|2","|move|p1a: Gastrodon|Earth Power|p2a: Shroomy McSeed","|-resisted|p2a: Shroomy McSeed","|-damage|p2a: Shroomy McSeed|85/261 brn","|","|-damage|p2a: Shroomy McSeed|53/261 brn|[from] brn","|turn|5","|","|move|p2a: Shroomy McSeed|Bullet Seed|p1a: Gastrodon","|-supereffective|p1a: Gastrodon","|-damage|p1a: Gastrodon|185/425","|-supereffective|p1a: Gastrodon","|-damage|p1a: Gastrodon|0 fnt","|-hitcount|p1a: Gastrodon|2","|faint|p1a: Gastrodon","|","|-damage|p2a: Shroomy McSeed|21/261 brn|[from] brn","|","|switch|p1a: Mamoswine|Mamoswine, F|423/423","|-damage|p1a: Mamoswine|371/423|[from] Stealth Rock","|turn|6","|","|move|p2a: Shroomy McSeed|Mach Punch|p1a: Mamoswine","|-supereffective|p1a: Mamoswine","|-damage|p1a: Mamoswine|107/423","|move|p1a: Mamoswine|Ice Shard|p2a: Shroomy McSeed","|-supereffective|p2a: Shroomy McSeed","|-damage|p2a: Shroomy McSeed|0 fnt","|faint|p2a: Shroomy McSeed","|","|","|switch|p2a: Infernape|Infernape, M, shiny|41/293","|turn|7","|","|move|p2a: Infernape|Fake Out|p1a: Mamoswine","|-damage|p1a: Mamoswine|54/423","|cant|p1a: Mamoswine|flinch","|","|turn|8","|","|move|p1a: Mamoswine|Ice Shard|p2a: Infernape","|-resisted|p2a: Infernape","|-damage|p2a: Infernape|0 fnt","|faint|p2a: Infernape","|","|","|switch|p2a: Medicham|Medicham, M, shiny|261/261","|turn|9","|","|detailschange|p2a: Medicham|Medicham-Mega, M, shiny","|-mega|p2a: Medicham|Medicham|Medichamite","|move|p2a: Medicham|Bullet Punch|p1a: Mamoswine","|-supereffective|p1a: Mamoswine","|-damage|p1a: Mamoswine|0 fnt","|faint|p1a: Mamoswine","|","|","|switch|p1a: Claydol|Claydol|324/324","|-damage|p1a: Claydol|304/324|[from] Stealth Rock","|turn|10","|","|move|p2a: Medicham|Psycho Cut|p1a: Claydol","|-resisted|p1a: Claydol","|-damage|p1a: Claydol|206/324","|move|p1a: Claydol|Rapid Spin|p2a: Medicham","|-crit|p2a: Medicham","|-damage|p2a: Medicham|241/261","|-sideend|p1: Defender of Sinnoh|Stealth Rock|[from] move: Rapid Spin|[of] p1a: Claydol","|","|-heal|p1a: Claydol|226/324|[from] item: Leftovers","|turn|11","|","|switch|p2a: Keldeo|Keldeo|323/323","|move|p1a: Claydol|Cosmic Power|p1a: Claydol","|-boost|p1a: Claydol|def|1","|-boost|p1a: Claydol|spd|1","|","|-heal|p1a: Claydol|246/324|[from] item: Leftovers","|turn|12","|","|move|p2a: Keldeo|Scald|p1a: Claydol","|-supereffective|p1a: Claydol","|-damage|p1a: Claydol|60/324","|-status|p1a: Claydol|brn","|move|p1a: Claydol|Charge Beam|p2a: Keldeo","|-crit|p2a: Keldeo","|-supereffective|p2a: Keldeo","|-damage|p2a: Keldeo|231/323","|","|-heal|p1a: Claydol|80/324 brn|[from] item: Leftovers","|-damage|p1a: Claydol|40/324 brn|[from] brn","|turn|13","|","|move|p2a: Keldeo|Scald|p1a: Claydol","|-supereffective|p1a: Claydol","|-damage|p1a: Claydol|0 fnt","|faint|p1a: Claydol","|","|","|switch|p1a: Torterra|Torterra, F|393/393","|turn|14","|","|switch|p2a: Medicham|Medicham-Mega, M, shiny|241/261","|move|p1a: Torterra|Seed Bomb|p2a: Medicham","|-damage|p2a: Medicham|72/261","|","|turn|15","|","|move|p2a: Medicham|Fake Out|p1a: Torterra","|-damage|p1a: Torterra|315/393","|cant|p1a: Torterra|flinch","|","|turn|16","|","|move|p2a: Medicham|High Jump Kick|p1a: Torterra|[miss]","|-miss|p2a: Medicham|p1a: Torterra","|-damage|p2a: Medicham|0 fnt|[from] highjumpkick","|faint|p2a: Medicham","|move|p1a: Torterra|Seed Bomb|p2: Medicham|[notarget]","|-notarget","|","|","|switch|p2a: Keldeo|Keldeo|231/323","|turn|17","|","|move|p2a: Keldeo|Icy Wind|p1a: Torterra","|-supereffective|p1a: Torterra","|-damage|p1a: Torterra|11/393","|-unboost|p1a: Torterra|spe|1","|move|p1a: Torterra|Seed Bomb|p2a: Keldeo","|-supereffective|p2a: Keldeo","|-damage|p2a: Keldeo|0 fnt","|faint|p2a: Keldeo","|","|","|switch|p2a: Terrakion|Terrakion|323/323","|turn|18","|","|move|p2a: Terrakion|Close Combat|p1a: Torterra","|-damage|p1a: Torterra|0 fnt","|-unboost|p2a: Terrakion|def|1","|-unboost|p2a: Terrakion|spd|1","|faint|p1a: Torterra","|","|","|switch|p1a: Garchomp|Garchomp, M|357/357","|turn|19","|","|move|p2a: Terrakion|Close Combat|p1a: Garchomp","|-damage|p1a: Garchomp|134/357","|-damage|p2a: Terrakion|283/323|[from] ability: Rough Skin|[of] p1a: Garchomp","|-damage|p2a: Terrakion|230/323|[from] item: Rocky Helmet|[of] p1a: Garchomp","|-unboost|p2a: Terrakion|def|1","|-unboost|p2a: Terrakion|spd|1","|move|p1a: Garchomp|Earthquake|p2a: Terrakion","|-supereffective|p2a: Terrakion","|-damage|p2a: Terrakion|0 fnt","|faint|p2a: Terrakion","|","|","|switch|p2a: Hawlucha|Hawlucha, F|297/297","|turn|20","|","|move|p2a: Hawlucha|Acrobatics|p1a: Garchomp","|-damage|p1a: Garchomp|44/357","|-damage|p2a: Hawlucha|260/297|[from] ability: Rough Skin|[of] p1a: Garchomp","|-damage|p2a: Hawlucha|211/297|[from] item: Rocky Helmet|[of] p1a: Garchomp","|move|p1a: Garchomp|Dragon Claw|p2a: Hawlucha","|-damage|p2a: Hawlucha|21/297","|-enditem|p2a: Hawlucha|Sitrus Berry|[eat]","|-heal|p2a: Hawlucha|95/297|[from] item: Sitrus Berry","|","|turn|21","|","|move|p2a: Hawlucha|Acrobatics|p1a: Garchomp","|-damage|p1a: Garchomp|0 fnt","|-damage|p2a: Hawlucha|58/297|[from] ability: Rough Skin|[of] p1a: Garchomp","|-damage|p2a: Hawlucha|9/297|[from] item: Rocky Helmet|[of] p1a: Garchomp","|faint|p1a: Garchomp","|","|","|switch|p1a: Camerupt|Camerupt, F, shiny|343/343","|turn|22","|","|detailschange|p1a: Camerupt|Camerupt-Mega, F, shiny","|-mega|p1a: Camerupt|Camerupt|Cameruptite","|move|p2a: Hawlucha|Substitute|p2a: Hawlucha","|-fail|p2a: Hawlucha|move: Substitute|[weak]","|move|p1a: Camerupt|Flamethrower|p2a: Hawlucha","|-damage|p2a: Hawlucha|0 fnt","|faint|p2a: Hawlucha","|","|win|Defender of Sinnoh"],"p1rating":{"entryid":"6083148","serverid":"eos","formatid":"monotype","userid":"defenderofsinnoh","username":"Defender Of Sinnoh","w":43,"l":"54","t":"0","gxe":44.9,"r":"1454.920799847","rd":"43.554694147182","sigma":"0","rptime":"1438938000","rpr":1460.9710750718,"rprd":42.633885986167,"rpsigma":"0","acre":1144.2479025559,"lacre":1144.2479025559,"oldacre":"1121.5258767498"},"p2rating":{"entryid":"6867552","serverid":"eos","formatid":"monotype","userid":"sovereigncactus","username":"Sovereign♕Cactus","w":"102","l":126,"t":"0","gxe":44.3,"r":"1462.8206280308","rd":"25","sigma":"0","rptime":"1438938000","rpr":1456.6910604596,"rprd":25,"rpsigma":"0","acre":1068.4511597615,"lacre":1068.4511597615,"oldacre":"1089.7798505735"},"endType":"normal"}