{"seed":[42687,13726,20828,26319],"turns":32,"p1":"Emg E4 Bit","p2":"Sapphire~Husky3310","p1team":[{"name":"Rock God","species":"tyranitar","item":"tyranitarite","ability":"Sand Stream","moves":["dragondance","crunch","icepunch","earthquake"],"nature":"Jolly","evs":{"hp":0,"atk":252,"def":0,"spa":0,"spd":4,"spe":252},"gender":"M","shiny":true,"ivs":{"hp":31,"atk":31,"def":31,"spa":31,"spd":31,"spe":31}},{"name":"Last Thing You See","species":"terrakion","item":"choiceband","ability":"Justified","moves":["stoneedge","closecombat","earthquake","ironhead"],"nature":"Jolly","evs":{"hp":0,"atk":252,"def":4,"spa":0,"spd":0,"spe":252},"shiny":true,"ivs":{"hp":31,"atk":31,"def":31,"spa":31,"spd":31,"spe":31}},{"name":"Blown Back","species":"cradily","item":"leftovers","ability":"Storm Drain","moves":["gigadrain","recover","toxic","mirrorcoat"],"nature":"Calm","evs":{"hp":252,"atk":0,"def":36,"spa":0,"spd":220,"spe":0},"gender":"F","ivs":{"hp":31,"atk":31,"def":31,"spa":31,"spd":31,"spe":31}},{"name":"Unkillable","species":"rhyperior","item":"weaknesspolicy","ability":"Solid Rock","moves":["earthquake","stoneedge","firepunch","avalanche"],"nature":"Impish","evs":{"hp":252,"atk":80,"def":176,"spa":0,"spd":0,"spe":0},"gender":"M","shiny":true,"ivs":{"hp":31,"atk":31,"def":31,"spa":31,"spd":31,"spe":31}},{"name":"Comeback","species":"omastar","item":"focussash","ability":"Weak Armor","moves":["surf","icebeam","hiddenpowerfire","shellsmash"],"nature":"Timid","evs":{"hp":0,"atk":0,"def":4,"spa":252,"spd":0,"spe":252},"gender":"F","ivs":{"hp":31,"atk":30,"def":31,"spa":30,"spd":31,"spe":30}},{"name":"Mah Boy","species":"shuckle","item":"leftovers","ability":"Sturdy","moves":["stickyweb","stealthrock","encore","knockoff"],"nature":"Impish","evs":{"hp":252,"atk":0,"def":156,"spa":0,"spd":100,"spe":0},"gender":"M","shiny":true,"ivs":{"hp":31,"atk":31,"def":31,"spa":31,"spd":31,"spe":31}}],"p2team":[{"name":"Meloetta","species":"Meloetta","item":"silkscarf","ability":"Serene Grace","moves":["relicsong","psybeam","drainpunch","shadowball"],"nature":"Mild","evs":{"hp":248,"atk":8,"def":0,"spa":252,"spd":0,"spe":0},"ivs":{"hp":31,"atk":31,"def":31,"spa":31,"spd":31,"spe":31}},{"name":"Jirachi","species":"Jirachi","item":"leftovers","ability":"Serene Grace","moves":["bodyslam","ironhead","zenheadbutt","waterpulse"],"nature":"Lonely","evs":{"hp":224,"atk":252,"def":0,"spa":0,"spd":0,"spe":32},"ivs":{"hp":31,"atk":31,"def":31,"spa":31,"spd":31,"spe":31}},{"name":"Medicham","species":"Medicham","item":"medichamite","ability":"Pure Power","moves":["fakeout","bulletpunch","poweruppunch","psychocut"],"nature":"Jolly","evs":{"hp":0,"atk":252,"def":0,"spa":0,"spd":4,"spe":252},"ivs":{"hp":31,"atk":31,"def":31,"spa":31,"spd":31,"spe":31}},{"name":"Mew","species":"Mew","item":"leftovers","ability":"Synchronize","moves":["willowisp","softboiled","psychic","metronome"],"nature":"Calm","evs":{"hp":252,"atk":0,"def":0,"spa":4,"spd":252,"spe":0},"ivs":{"hp":31,"atk":31,"def":31,"spa":31,"spd":31,"spe":31}},{"name":"Gothitelle","species":"Gothitelle","item":"choicescarf","ability":"Shadow Tag","moves":["trick","calmmind","rest","psychic"],"nature":"Serious","evs":{"hp":252,"atk":0,"def":0,"spa":252,"spd":4,"spe":0},"ivs":{"hp":31,"atk":31,"def":31,"spa":31,"spd":31,"spe":31}},{"name":"Victini","species":"Victini","item":"shedshell","ability":"Victory Star","moves":["vcreate","brickbreak","uturn","fusionbolt"],"nature":"","evs":{"hp":0,"atk":0,"def":0,"spa":0,"spd":0,"spe":0},"ivs":{"hp":31,"atk":31,"def":31,"spa":31,"spd":31,"spe":31}}],"log":["|player|p1|Emg E4 Bit|154","|player|p2|Sapphire~Husky3310|290","|gametype|singles","|gen|6","|tier|Monotype","|rated","|rule|Baton Pass Clause: Limit one Baton Passer, can't pass Spe and other stats simultaneously","|rule|Swagger Clause: Swagger is banned","|rule|Same Type Clause: Pokémon in a team must share a type","|clearpoke","|poke|p1|Tyranitar, M, shiny","|poke|p1|Terrakion, shiny","|poke|p1|Cradily, F","|poke|p1|Rhyperior, M, shiny","|poke|p1|Omastar, F","|poke|p1|Shuckle, M, shiny","|poke|p2|Meloetta","|poke|p2|Jirachi","|poke|p2|Medicham, M","|poke|p2|Mew","|poke|p2|Gothitelle, M","|poke|p2|Victini","|rule|Sleep Clause Mod: Limit one foe put to sleep","|rule|Species Clause: Limit one of each Pokémon","|rule|OHKO Clause: OHKO moves are banned","|rule|Moody Clause: Moody is banned","|rule|Evasion Moves Clause: Evasion moves are banned","|rule|Endless Battle Clause: Forcing endless battles is banned","|rule|HP Percentage Mod: HP is shown in percentages","|teampreview","|","|start","|switch|p1a: Mah Boy|Shuckle, M, shiny|244/244","|switch|p2a: Jirachi|Jirachi|397/397","|turn|1","|","|move|p2a: Jirachi|Body Slam|p1a: Mah Boy","|-resisted|p1a: Mah Boy","|-damage|p1a: Mah Boy|224/244","|move|p1a: Mah Boy|Sticky Web|p2a: Jirachi","|-sidestart|p2: Sapphire~Husky3310|move: Sticky Web","|","|-heal|p1a: Mah Boy|239/244|[from] item: Leftovers","|turn|2","|","|move|p2a: Jirachi|Body Slam|p1a: Mah Boy","|-resisted|p1a: Mah Boy","|-damage|p1a: Mah Boy|222/244","|-status|p1a: Mah Boy|par","|move|p1a: Mah Boy|Stealth Rock|p2a: Jirachi","|-sidestart|p2: Sapphire~Husky3310|move: Stealth Rock","|","|-heal|p1a: Mah Boy|237/244 par|[from] item: Leftovers","|turn|3","|","|move|p2a: Jirachi|Water Pulse|p1a: Mah Boy","|-supereffective|p1a: Mah Boy","|-damage|p1a: Mah Boy|193/244 par","|-start|p1a: Mah Boy|confusion","|-activate|p1a: Mah Boy|confusion","|move|p1a: Mah Boy|Knock Off|p2a: Jirachi","|-supereffective|p2a: Jirachi","|-damage|p2a: Jirachi|357/397","|-enditem|p2a: Jirachi|Leftovers|[from] move: Knock Off|[of] p1a: Mah Boy","|","|-heal|p1a: Mah Boy|208/244 par|[from] item: Leftovers","|turn|4","|","|switch|p1a: Blown Back|Cradily, F|376/376","|move|p2a: Jirachi|Iron Head|p1a: Blown Back","|-supereffective|p1a: Blown Back","|-damage|p1a: Blown Back|100/376","|","|-heal|p1a: Blown Back|123/376|[from] item: Leftovers","|turn|5","|","|switch|p1a: Unkillable|Rhyperior, M, shiny|434/434","|move|p2a: Jirachi|Iron Head|p1a: Unkillable","|-supereffective|p1a: Unkillable","|-damage|p1a: Unkillable|311/434","|-enditem|p1a: Unkillable|Weakness Policy","|-boost|p1a: Unkillable|atk|2|[from] item: Weakness Policy","|-boost|p1a: Unkillable|spa|2|[from] item: Weakness Policy","|","|turn|6","|","|move|p2a: Jirachi|Iron Head|p1a: Unkillable","|-supereffective|p1a: Unkillable","|-damage|p1a: Unkillable|190/434","|cant|p1a: Unkillable|flinch","|","|turn|7","|","|move|p2a: Jirachi|Iron Head|p1a: Unkillable","|-supereffective|p1a: Unkillable","|-damage|p1a: Unkillable|64/434","|cant|p1a: Unkillable|flinch","|","|turn|8","|","|move|p2a: Jirachi|Iron Head|p1a: Unkillable","|-supereffective|p1a: Unkillable","|-damage|p1a: Unkillable|0 fnt","|faint|p1a: Unkillable","|","|","|switch|p1a: Rock God|Tyranitar, M, shiny|341/341","|-weather|Sandstorm","|turn|9","|","|detailschange|p1a: Rock God|Tyranitar-Mega, M, shiny","|-mega|p1a: Rock God|Tyranitar|Tyranitarite","|move|p2a: Jirachi|Body Slam|p1a: Rock God","|-resisted|p1a: Rock God","|-damage|p1a: Rock God|311/341","|move|p1a: Rock God|Crunch|p2a: Jirachi","|-supereffective|p2a: Jirachi","|-damage|p2a: Jirachi|0 fnt","|faint|p2a: Jirachi","|","|-weather|Sandstorm|[upkeep]","|","|switch|p2a: Meloetta|Meloetta|403/403","|-activate|p2a: Meloetta|move: Sticky Web","|-unboost|p2a: Meloetta|spe|1","|-damage|p2a: Meloetta|353/403|[from] Stealth Rock","|turn|10","|","|move|p1a: Rock God|Crunch|p2a: Meloetta","|-supereffective|p2a: Meloetta","|-damage|p2a: Meloetta|0 fnt","|faint|p2a: Meloetta","|","|-weather|Sandstorm|[upkeep]","|","|switch|p2a: Medicham|Medicham, M|261/261","|-damage|p2a: Medicham|245/261|[from] Stealth Rock","|-activate|p2a: Medicham|move: Sticky Web","|-unboost|p2a: Medicham|spe|1","|turn|11","|","|switch|p1a: Mah Boy|Shuckle, M, shiny|208/244 par","|detailschange|p2a: Medicham|Medicham-Mega, M","|-mega|p2a: Medicham|Medicham|Medichamite","|move|p2a: Medicham|Fake Out|p1a: Mah Boy","|-resisted|p1a: Mah Boy","|-damage|p1a: Mah Boy|192/244 par","|","|-weather|Sandstorm|[upkeep]","|-damage|p2a: Medicham|229/261|[from] sandstorm","|-heal|p1a: Mah Boy|207/244 par|[from] item: Leftovers","|turn|12","|","|switch|p2a: Gothitelle|Gothitelle, M|344/344","|-damage|p2a: Gothitelle|301/344|[from] Stealth Rock","|-activate|p2a: Gothitelle|move: Sticky Web","|-unboost|p2a: Gothitelle|spe|1","|move|p1a: Mah Boy|Encore|p2a: Gothitelle","|-fail|p2a: Gothitelle","|","|-weather|Sandstorm|[upkeep]","|-damage|p2a: Gothitelle|280/344|[from] sandstorm","|-heal|p1a: Mah Boy|222/244 par|[from] item: Leftovers","|turn|13","|","|move|p2a: Gothitelle|Trick|p1a: Mah Boy","|-activate|p2a: Gothitelle|move: Trick|[of] p1a: Mah Boy","|-item|p1a: Mah Boy|Choice Scarf|[from] move: Trick","|-item|p2a: Gothitelle|Leftovers|[from] move: Trick","|move|p1a: Mah Boy|Encore|p2a: Gothitelle","|-start|p2a: Gothitelle|Encore","|","|-weather|none","|-heal|p2a: Gothitelle|301/344|[from] item: Leftovers","|turn|14","|","|switch|p2a: Medicham|Medicham-Mega, M|229/261","|-activate|p2a: Medicham|move: Sticky Web","|-unboost|p2a: Medicham|spe|1","|-damage|p2a: Medicham|213/261|[from] Stealth Rock","|move|p1a: Mah Boy|Encore|p2a: Medicham","|-fail|p2a: Medicham","|","|turn|15","|","|switch|p2a: Gothitelle|Gothitelle, M|301/344","|-activate|p2a: Gothitelle|move: Sticky Web","|-unboost|p2a: Gothitelle|spe|1","|-damage|p2a: Gothitelle|258/344|[from] Stealth Rock","|move|p1a: Mah Boy|Encore|p2a: Gothitelle","|-fail|p2a: Gothitelle","|","|-heal|p2a: Gothitelle|279/344|[from] item: Leftovers","|turn|16","|","|move|p2a: Gothitelle|Calm Mind|p2a: Gothitelle","|-boost|p2a: Gothitelle|spa|1","|-boost|p2a: Gothitelle|spd|1","|move|p1a: Mah Boy|Encore|p2a: Gothitelle","|-start|p2a: Gothitelle|Encore","|","|-heal|p2a: Gothitelle|300/344|[from] item: Leftovers","|turn|17","|","|move|p2a: Gothitelle|Calm Mind|p2a: Gothitelle","|-boost|p2a: Gothitelle|spa|1","|-boost|p2a: Gothitelle|spd|1","|cant|p1a: Mah Boy|par","|","|-heal|p2a: Gothitelle|321/344|[from] item: Leftovers","|turn|18","|","|move|p2a: Gothitelle|Calm Mind|p2a: Gothitelle","|-boost|p2a: Gothitelle|spa|1","|-boost|p2a: Gothitelle|spd|1","|move|p1a: Mah Boy|Encore|p2a: Gothitelle","|-fail|p2a: Gothitelle","|","|-heal|p2a: Gothitelle|342/344|[from] item: Leftovers","|turn|19","|","|move|p2a: Gothitelle|Calm Mind|p2a: Gothitelle","|-boost|p2a: Gothitelle|spa|1","|-boost|p2a: Gothitelle|spd|1","|move|p1a: Mah Boy|Encore|p2a: Gothitelle","|-fail|p2a: Gothitelle","|","|-heal|p2a: Gothitelle|344/344|[from] item: Leftovers","|-end|p2a: Gothitelle|Encore","|turn|20","|","|move|p2a: Gothitelle|Calm Mind|p2a: Gothitelle","|-boost|p2a: Gothitelle|spa|1","|-boost|p2a: Gothitelle|spd|1","|move|p1a: Mah Boy|Encore|p2a: Gothitelle","|-start|p2a: Gothitelle|Encore","|","|turn|21","|","|move|p2a: Gothitelle|Calm Mind|p2a: Gothitelle","|-boost|p2a: Gothitelle|spa|1","|-boost|p2a: Gothitelle|spd|1","|-activate|p1a: Mah Boy|move: Struggle","|move|p1a: Mah Boy|Struggle|p2a: Gothitelle","|-crit|p2a: Gothitelle","|-damage|p2a: Gothitelle|327/344","|-damage|p1a: Mah Boy|161/244 par|[from] recoil","|","|-heal|p2a: Gothitelle|344/344|[from] item: Leftovers","|turn|22","|","|move|p2a: Gothitelle|Calm Mind|p2a: Gothitelle","|-fail|p2a: Gothitelle","|-activate|p1a: Mah Boy|move: Struggle","|move|p1a: Mah Boy|Struggle|p2a: Gothitelle","|-damage|p2a: Gothitelle|333/344","|-damage|p1a: Mah Boy|100/244 par|[from] recoil","|","|-heal|p2a: Gothitelle|344/344|[from] item: Leftovers","|turn|23","|","|move|p2a: Gothitelle|Calm Mind|p2a: Gothitelle","|-fail|p2a: Gothitelle","|cant|p1a: Mah Boy|par","|","|-end|p2a: Gothitelle|Encore","|turn|24","|","|move|p2a: Gothitelle|Psychic|p1a: Mah Boy","|-damage|p1a: Mah Boy|0 fnt","|faint|p1a: Mah Boy","|","|","|switch|p1a: Last Thing You See|Terrakion, shiny|323/323","|turn|25","|","|move|p1a: Last Thing You See|Stone Edge|p2a: Gothitelle","|-damage|p2a: Gothitelle|68/344","|move|p2a: Gothitelle|Psychic|p1a: Last Thing You See","|-supereffective|p1a: Last Thing You See","|-damage|p1a: Last Thing You See|0 fnt","|faint|p1a: Last Thing You See","|","|-heal|p2a: Gothitelle|89/344|[from] item: Leftovers","|","|switch|p1a: Rock God|Tyranitar-Mega, M, shiny|311/341","|-weather|Sandstorm","|turn|26","|","|move|p1a: Rock God|Crunch|p2a: Gothitelle","|-supereffective|p2a: Gothitelle","|-damage|p2a: Gothitelle|0 fnt","|faint|p2a: Gothitelle","|","|-weather|Sandstorm|[upkeep]","|","|switch|p2a: Medicham|Medicham-Mega, M|213/261","|-activate|p2a: Medicham|move: Sticky Web","|-unboost|p2a: Medicham|spe|1","|-damage|p2a: Medicham|197/261|[from] Stealth Rock","|turn|27","|","|switch|p1a: Blown Back|Cradily, F|123/376","|move|p2a: Medicham|Fake Out|p1a: Blown Back","|-resisted|p1a: Blown Back","|-damage|p1a: Blown Back|86/376","|","|-weather|Sandstorm|[upkeep]","|-damage|p2a: Medicham|181/261|[from] sandstorm","|-heal|p1a: Blown Back|109/376|[from] item: Leftovers","|turn|28","|","|move|p2a: Medicham|Power-Up Punch|p1a: Blown Back","|-supereffective|p1a: Blown Back","|-damage|p1a: Blown Back|0 fnt","|-boost|p2a: Medicham|atk|1","|faint|p1a: Blown Back","|","|-weather|Sandstorm|[upkeep]","|-damage|p2a: Medicham|165/261|[from] sandstorm","|","|switch|p1a: Rock God|Tyranitar-Mega, M, shiny|311/341","|turn|29","|","|move|p1a: Rock God|Crunch|p2a: Medicham","|-damage|p2a: Medicham|0 fnt","|faint|p2a: Medicham","|","|-weather|Sandstorm|[upkeep]","|","|switch|p2a: Mew|Mew|404/404","|-damage|p2a: Mew|354/404|[from] Stealth Rock","|-activate|p2a: Mew|move: Sticky Web","|-unboost|p2a: Mew|spe|1","|turn|30","|","|move|p1a: Rock God|Crunch|p2a: Mew","|-supereffective|p2a: Mew","|-damage|p2a: Mew|22/404","|move|p2a: Mew|Metronome|p2a: Mew","|move|p2a: Mew|Signal Beam|p1a: Rock God|[from]Metronome","|-supereffective|p1a: Rock God","|-damage|p1a: Rock God|243/341","|","|-weather|none","|-heal|p2a: Mew|47/404|[from] item: Leftovers","|turn|31","|","|move|p1a: Rock God|Crunch|p2a: Mew","|-supereffective|p2a: Mew","|-damage|p2a: Mew|0 fnt","|faint|p2a: Mew","|","|","|switch|p2a: Victini|Victini|341/341","|-damage|p2a: Victini|256/341|[from] Stealth Rock","|-activate|p2a: Victini|move: Sticky Web","|-unboost|p2a: Victini|spe|1","|turn|32","|","|move|p1a: Rock God|Crunch|p2a: Victini","|-supereffective|p2a: Victini","|-damage|p2a: Victini|0 fnt","|faint|p2a: Victini","|","|win|Emg E4 Bit"],"p1rating":{"entryid":"7353288","serverid":"eos","formatid":"monotype","userid":"emge4bit","username":"Emg E4 Bit","w":3,"l":"3","t":"0","gxe":48.8,"r":"1403.9053670102","rd":"111.05835164322","sigma":"0","rptime":"1438938000","rpr":1490.9057484734,"rprd":98.229203660257,"rpsigma":"0","acre":1108.3502938664,"lacre":1108.3502938664,"oldacre":"1088.2414819489"},"p2rating":{"entryid":"7167721","serverid":"eos","formatid":"monotype","userid":"sapphirehusky3310","username":"Sapphire~Husky3310","w":"4","l":22,"t":"0","gxe":23.9,"r":1286.3534762721,"rd":66.380526873969,"sigma":"0","rptime":1438938000,"rpr":1278.3205086805,"rprd":65.426513926459,"rpsigma":"0","acre":1000,"lacre":1000,"oldacre":"1000"},"endType":"normal"}