{"seed":[13986,50577,8748,24002],"turns":43,"p1":"Emg Gl Storm","p2":"SovereignDooms","p1team":[{"name":"Lopunny","species":"Lopunny","item":"lopunnite","ability":"Limber","moves":["fakeout","highjumpkick","return","icepunch"],"nature":"Jolly","evs":{"hp":0,"atk":252,"def":0,"spa":0,"spd":4,"spe":252},"ivs":{"hp":31,"atk":31,"def":31,"spa":31,"spd":31,"spe":31}},{"name":"Porygon-Z","species":"Porygon-Z","item":"choicescarf","ability":"Adaptability","moves":["triattack","psychic","icebeam","discharge"],"nature":"Timid","evs":{"hp":0,"atk":0,"def":0,"spa":252,"spd":4,"spe":252},"ivs":{"hp":31,"atk":31,"def":31,"spa":31,"spd":31,"spe":31}},{"name":"Miltank","species":"Miltank","item":"leftovers","ability":"Thick Fat","moves":["stealthrock","milkdrink","thunderwave","firepunch"],"nature":"Impish","evs":{"hp":252,"atk":4,"def":252,"spa":0,"spd":0,"spe":0},"ivs":{"hp":31,"atk":31,"def":31,"spa":31,"spd":31,"spe":31}},{"name":"Chansey","species":"Chansey","item":"eviolite","ability":"Natural Cure","moves":["aromatherapy","toxic","seismictoss","softboiled"],"nature":"Bold","evs":{"hp":248,"atk":0,"def":252,"spa":0,"spd":8,"spe":0},"ivs":{"hp":31,"atk":31,"def":31,"spa":31,"spd":31,"spe":31}},{"name":"Staraptor","species":"Staraptor","item":"choicescarf","ability":"Reckless","moves":["bravebird","closecombat","return","pursuit"],"nature":"Jolly","evs":{"hp":0,"atk":252,"def":0,"spa":0,"spd":4,"spe":252},"ivs":{"hp":31,"atk":31,"def":31,"spa":31,"spd":31,"spe":31}},{"name":"Regigigas","species":"Regigigas","item":"leftovers","ability":"Slow Start","moves":["substitute","drainpunch","zenheadbutt","thunderwave"],"nature":"Adamant","evs":{"hp":248,"atk":252,"def":0,"spa":0,"spd":8,"spe":0},"ivs":{"hp":31,"atk":31,"def":31,"spa":31,"spd":31,"spe":31}}],"p2team":[{"name":"Regi","species":"regigigas","item":"leftovers","ability":"Slow Start","moves":["substitute","knockoff","poweruppunch","zenheadbutt"],"nature":"Jolly","evs":{"hp":76,"atk":176,"def":0,"spa":0,"spd":0,"spe":252},"shiny":true,"ivs":{"hp":31,"atk":31,"def":31,"spa":31,"spd":31,"spe":31}},{"name":"king","species":"slaking","item":"choicescarf","ability":"Truant","moves":["gigaimpact","aerialace","playrough","thunderpunch"],"nature":"Adamant","evs":{"hp":4,"atk":252,"def":0,"spa":0,"spd":0,"spe":252},"gender":"M","shiny":true,"ivs":{"hp":31,"atk":31,"def":31,"spa":31,"spd":31,"spe":31}},{"name":"low","species":"swellow","item":"flameorb","ability":"Guts","moves":["protect","uturn","bravebird","roost"],"nature":"Jolly","evs":{"hp":4,"atk":252,"def":0,"spa":0,"spd":0,"spe":252},"gender":"M","shiny":true,"ivs":{"hp":31,"atk":31,"def":31,"spa":31,"spd":31,"spe":31}},{"name":"Mega","species":"lopunny","item":"lopunnite","ability":"Cute Charm","moves":["highjumpkick","fakeout","facade","icepunch"],"nature":"Jolly","evs":{"hp":4,"atk":252,"def":0,"spa":0,"spd":0,"spe":252},"gender":"M","shiny":true,"ivs":{"hp":31,"atk":31,"def":31,"spa":31,"spd":31,"spe":31}},{"name":"Digger","species":"diggersby","item":"choicescarf","ability":"Huge Power","moves":["earthquake","superpower","firepunch","wildcharge"],"nature":"Jolly","evs":{"hp":4,"atk":252,"def":0,"spa":0,"spd":0,"spe":252},"gender":"M","shiny":true,"ivs":{"hp":31,"atk":31,"def":31,"spa":31,"spd":31,"spe":31}},{"name":"Girafarig","species":"Girafarig","item":"leftovers","ability":"Sap Sipper","moves":["calmmind","psychic","dazzlinggleam","shadowball"],"nature":"Bold","evs":{"hp":196,"atk":0,"def":252,"spa":0,"spd":60,"spe":0},"gender":"M","shiny":true,"ivs":{"hp":31,"atk":31,"def":31,"spa":31,"spd":31,"spe":31}}],"log":["|player|p1|Emg Gl Storm|99","|player|p2|SovereignDooms|20","|gametype|singles","|gen|6","|tier|Monotype","|rated","|rule|Baton Pass Clause: Limit one Baton Passer, can't pass Spe and other stats simultaneously","|rule|Swagger Clause: Swagger is banned","|rule|Same Type Clause: Pokémon in a team must share a type","|clearpoke","|poke|p1|Lopunny, M","|poke|p1|Porygon-Z","|poke|p1|Miltank, F","|poke|p1|Chansey, F","|poke|p1|Staraptor, M","|poke|p1|Regigigas","|poke|p2|Regigigas, shiny","|poke|p2|Slaking, M, shiny","|poke|p2|Swellow, M, shiny","|poke|p2|Lopunny, M, shiny","|poke|p2|Diggersby, M, shiny","|poke|p2|Girafarig, M, shiny","|rule|Sleep Clause Mod: Limit one foe put to sleep","|rule|Species Clause: Limit one of each Pokémon","|rule|OHKO Clause: OHKO moves are banned","|rule|Moody Clause: Moody is banned","|rule|Evasion Moves Clause: Evasion moves are banned","|rule|Endless Battle Clause: Forcing endless battles is banned","|rule|HP Percentage Mod: HP is shown in percentages","|teampreview","|","|start","|switch|p1a: Lopunny|Lopunny, M|271/271","|switch|p2a: Regi|Regigigas, shiny|380/380","|-start|p2a: Regi|Slow Start","|turn|1","|","|-end|p2a: Regi|Slow Start|[silent]","|switch|p2a: Girafarig|Girafarig, M, shiny|330/330","|detailschange|p1a: Lopunny|Lopunny-Mega, M","|-mega|p1a: Lopunny|Lopunny|Lopunnite","|move|p1a: Lopunny|Fake Out|p2a: Girafarig","|-damage|p2a: Girafarig|257/330","|","|-heal|p2a: Girafarig|277/330|[from] item: Leftovers","|turn|2","|","|switch|p1a: Chansey|Chansey, F|703/703","|move|p2a: Girafarig|Psychic|p1a: Chansey","|-damage|p1a: Chansey|637/703","|","|-heal|p2a: Girafarig|297/330|[from] item: Leftovers","|turn|3","|","|switch|p2a: Digger|Diggersby, M, shiny|312/312","|move|p1a: Chansey|Toxic|p2a: Digger","|-status|p2a: Digger|tox","|","|-damage|p2a: Digger|293/312 tox|[from] psn","|turn|4","|","|switch|p1a: Miltank|Miltank, F|394/394","|move|p2a: Digger|Superpower|p1a: Miltank","|-supereffective|p1a: Miltank","|-damage|p1a: Miltank|146/394","|-unboost|p2a: Digger|atk|1","|-unboost|p2a: Digger|def|1","|","|-heal|p1a: Miltank|170/394|[from] item: Leftovers","|-damage|p2a: Digger|255/312 tox|[from] psn","|turn|5","|","|move|p2a: Digger|Superpower|p1a: Miltank","|-supereffective|p1a: Miltank","|-damage|p1a: Miltank|10/394","|-unboost|p2a: Digger|atk|1","|-unboost|p2a: Digger|def|1","|move|p1a: Miltank|Milk Drink|p1a: Miltank","|-heal|p1a: Miltank|207/394","|","|-heal|p1a: Miltank|231/394|[from] item: Leftovers","|-damage|p2a: Digger|198/312 tox|[from] psn","|turn|6","|","|switch|p2a: Regi|Regigigas, shiny|380/380","|-start|p2a: Regi|Slow Start","|move|p1a: Miltank|Milk Drink|p1a: Miltank","|-heal|p1a: Miltank|394/394","|","|turn|7","|","|move|p1a: Miltank|Thunder Wave|p2a: Regi","|-status|p2a: Regi|par","|move|p2a: Regi|Power-Up Punch|p1a: Miltank","|-supereffective|p1a: Miltank","|-damage|p1a: Miltank|354/394","|-boost|p2a: Regi|atk|1","|","|-heal|p1a: Miltank|378/394|[from] item: Leftovers","|turn|8","|","|switch|p1a: Lopunny|Lopunny-Mega, M|271/271","|cant|p2a: Regi|par","|","|turn|9","|","|move|p1a: Lopunny|Fake Out|p2a: Regi","|-damage|p2a: Regi|307/380 par","|cant|p2a: Regi|flinch","|","|-heal|p2a: Regi|330/380 par|[from] item: Leftovers","|turn|10","|","|move|p1a: Lopunny|Return|p2a: Regi","|-damage|p2a: Regi|162/380 par","|move|p2a: Regi|Zen Headbutt|p1a: Lopunny","|-supereffective|p1a: Lopunny","|-damage|p1a: Lopunny|109/271","|","|-end|p2a: Regi|Slow Start","|-heal|p2a: Regi|185/380 par|[from] item: Leftovers","|turn|11","|","|move|p1a: Lopunny|High Jump Kick|p2a: Regi|[miss]","|-miss|p1a: Lopunny|p2a: Regi","|-damage|p1a: Lopunny|0 fnt|[from] highjumpkick","|faint|p1a: Lopunny","|move|p2a: Regi|Zen Headbutt|p1: Lopunny|[notarget]","|-notarget","|","|-heal|p2a: Regi|208/380 par|[from] item: Leftovers","|","|switch|p1a: Staraptor|Staraptor, M|311/311","|turn|12","|","|move|p1a: Staraptor|Close Combat|p2a: Regi","|-supereffective|p2a: Regi","|-damage|p2a: Regi|0 fnt","|-unboost|p1a: Staraptor|def|1","|-unboost|p1a: Staraptor|spd|1","|faint|p2a: Regi","|-end|p2a: Regi|Slow Start|[silent]","|","|","|-end|p2: Regi|Slow Start|[silent]","|switch|p2a: king|Slaking, M, shiny|442/442","|turn|13","|","|move|p1a: Staraptor|Close Combat|p2a: king","|-supereffective|p2a: king","|-damage|p2a: king|184/442","|-unboost|p1a: Staraptor|def|1","|-unboost|p1a: Staraptor|spd|1","|move|p2a: king|Giga Impact|p1a: Staraptor","|-damage|p1a: Staraptor|0 fnt","|faint|p1a: Staraptor","|","|","|switch|p1a: Porygon-Z|Porygon-Z|311/311","|turn|14","|-mustrecharge|p2a: king","|-mustrecharge|p2a: king","|","|move|p1a: Porygon-Z|Tri Attack|p2a: king","|-damage|p2a: king|0 fnt","|faint|p2a: king","|","|","|switch|p2a: Mega|Lopunny, M, shiny|272/272","|turn|15","|","|switch|p1a: Miltank|Miltank, F|378/394","|detailschange|p2a: Mega|Lopunny-Mega, M, shiny","|-mega|p2a: Mega|Lopunny|Lopunnite","|move|p2a: Mega|High Jump Kick|p1a: Miltank|[miss]","|-miss|p2a: Mega|p1a: Miltank","|-damage|p2a: Mega|136/272|[from] highjumpkick","|","|-heal|p1a: Miltank|394/394|[from] item: Leftovers","|turn|16","|","|move|p2a: Mega|High Jump Kick|p1a: Miltank","|-supereffective|p1a: Miltank","|-damage|p1a: Miltank|74/394","|move|p1a: Miltank|Thunder Wave|p2a: Mega","|-status|p2a: Mega|par","|","|-heal|p1a: Miltank|98/394|[from] item: Leftovers","|turn|17","|","|move|p1a: Miltank|Milk Drink|p1a: Miltank","|-heal|p1a: Miltank|295/394","|move|p2a: Mega|High Jump Kick|p1a: Miltank|[miss]","|-miss|p2a: Mega|p1a: Miltank","|-damage|p2a: Mega|0 fnt|[from] highjumpkick","|faint|p2a: Mega","|","|-heal|p1a: Miltank|319/394|[from] item: Leftovers","|","|switch|p2a: Girafarig|Girafarig, M, shiny|297/330","|turn|18","|","|move|p1a: Miltank|Thunder Wave|p2a: Girafarig","|-status|p2a: Girafarig|par","|move|p2a: Girafarig|Calm Mind|p2a: Girafarig","|-boost|p2a: Girafarig|spa|1","|-boost|p2a: Girafarig|spd|1","|","|-heal|p1a: Miltank|343/394|[from] item: Leftovers","|-heal|p2a: Girafarig|317/330 par|[from] item: Leftovers","|turn|19","|","|move|p1a: Miltank|Fire Punch|p2a: Girafarig","|-damage|p2a: Girafarig|266/330 par","|move|p2a: Girafarig|Calm Mind|p2a: Girafarig","|-boost|p2a: Girafarig|spa|1","|-boost|p2a: Girafarig|spd|1","|","|-heal|p1a: Miltank|367/394|[from] item: Leftovers","|-heal|p2a: Girafarig|286/330 par|[from] item: Leftovers","|turn|20","|","|switch|p1a: Regigigas|Regigigas|423/423","|-start|p1a: Regigigas|Slow Start","|move|p2a: Girafarig|Calm Mind|p2a: Girafarig","|-boost|p2a: Girafarig|spa|1","|-boost|p2a: Girafarig|spd|1","|","|-heal|p2a: Girafarig|306/330 par|[from] item: Leftovers","|turn|21","|","|move|p1a: Regigigas|Substitute|p1a: Regigigas","|-start|p1a: Regigigas|Substitute","|-damage|p1a: Regigigas|318/423","|move|p2a: Girafarig|Dazzling Gleam|p1a: Regigigas","|-end|p1a: Regigigas|Substitute","|","|-heal|p1a: Regigigas|344/423|[from] item: Leftovers","|-heal|p2a: Girafarig|326/330 par|[from] item: Leftovers","|turn|22","|","|move|p1a: Regigigas|Substitute|p1a: Regigigas","|-start|p1a: Regigigas|Substitute","|-damage|p1a: Regigigas|239/423","|move|p2a: Girafarig|Dazzling Gleam|p1a: Regigigas","|-end|p1a: Regigigas|Substitute","|","|-heal|p1a: Regigigas|265/423|[from] item: Leftovers","|-heal|p2a: Girafarig|330/330 par|[from] item: Leftovers","|turn|23","|","|move|p1a: Regigigas|Substitute|p1a: Regigigas","|-start|p1a: Regigigas|Substitute","|-damage|p1a: Regigigas|160/423","|move|p2a: Girafarig|Dazzling Gleam|p1a: Regigigas","|-end|p1a: Regigigas|Substitute","|","|-heal|p1a: Regigigas|186/423|[from] item: Leftovers","|turn|24","|","|move|p1a: Regigigas|Substitute|p1a: Regigigas","|-start|p1a: Regigigas|Substitute","|-damage|p1a: Regigigas|81/423","|move|p2a: Girafarig|Dazzling Gleam|p1a: Regigigas","|-end|p1a: Regigigas|Substitute","|","|-end|p1a: Regigigas|Slow Start","|-heal|p1a: Regigigas|107/423|[from] item: Leftovers","|turn|25","|","|move|p1a: Regigigas|Zen Headbutt|p2a: Girafarig","|-resisted|p2a: Girafarig","|-damage|p2a: Girafarig|275/330 par","|cant|p2a: Girafarig|par","|","|-heal|p1a: Regigigas|133/423|[from] item: Leftovers","|-heal|p2a: Girafarig|295/330 par|[from] item: Leftovers","|turn|26","|","|move|p1a: Regigigas|Zen Headbutt|p2a: Girafarig|[miss]","|-miss|p1a: Regigigas|p2a: Girafarig","|cant|p2a: Girafarig|par","|","|-heal|p1a: Regigigas|159/423|[from] item: Leftovers","|-heal|p2a: Girafarig|315/330 par|[from] item: Leftovers","|turn|27","|","|move|p1a: Regigigas|Drain Punch|p2a: Girafarig","|-damage|p2a: Girafarig|206/330 par","|-heal|p1a: Regigigas|214/423|[from] drain|[of] p2a: Girafarig","|move|p2a: Girafarig|Dazzling Gleam|p1a: Regigigas","|-damage|p1a: Regigigas|75/423","|","|-heal|p1a: Regigigas|101/423|[from] item: Leftovers","|-heal|p2a: Girafarig|226/330 par|[from] item: Leftovers","|turn|28","|","|move|p1a: Regigigas|Drain Punch|p2a: Girafarig","|-damage|p2a: Girafarig|112/330 par","|-heal|p1a: Regigigas|158/423|[from] drain|[of] p2a: Girafarig","|move|p2a: Girafarig|Dazzling Gleam|p1a: Regigigas","|-damage|p1a: Regigigas|16/423","|","|-heal|p1a: Regigigas|42/423|[from] item: Leftovers","|-heal|p2a: Girafarig|132/330 par|[from] item: Leftovers","|turn|29","|","|move|p1a: Regigigas|Drain Punch|p2a: Girafarig","|-damage|p2a: Girafarig|18/330 par","|-heal|p1a: Regigigas|99/423|[from] drain|[of] p2a: Girafarig","|move|p2a: Girafarig|Dazzling Gleam|p1a: Regigigas","|-damage|p1a: Regigigas|0 fnt","|faint|p1a: Regigigas","|-end|p1a: Regigigas|Slow Start|[silent]","|","|-heal|p2a: Girafarig|38/330 par|[from] item: Leftovers","|","|-end|p1: Regigigas|Slow Start|[silent]","|switch|p1a: Miltank|Miltank, F|367/394","|turn|30","|","|move|p1a: Miltank|Fire Punch|p2a: Girafarig","|-damage|p2a: Girafarig|0 fnt","|faint|p2a: Girafarig","|","|-heal|p1a: Miltank|391/394|[from] item: Leftovers","|","|switch|p2a: low|Swellow, M, shiny|262/262","|turn|31","|","|move|p2a: low|Protect|p2a: low","|-singleturn|p2a: low|Protect","|move|p1a: Miltank|Fire Punch|p2a: low","|-activate|p2a: low|Protect","|","|-heal|p1a: Miltank|394/394|[from] item: Leftovers","|-status|p2a: low|brn|[from] item: Flame Orb","|turn|32","|","|move|p2a: low|Brave Bird|p1a: Miltank","|-damage|p1a: Miltank|238/394","|-damage|p2a: low|211/262 brn|[from] recoil|[of] p1a: Miltank","|move|p1a: Miltank|Fire Punch|p2a: low","|-damage|p2a: low|135/262 brn","|","|-heal|p1a: Miltank|262/394|[from] item: Leftovers","|-damage|p2a: low|103/262 brn|[from] brn","|turn|33","|","|move|p2a: low|Roost|p2a: low","|-heal|p2a: low|234/262 brn","|move|p1a: Miltank|Milk Drink|p1a: Miltank","|-heal|p1a: Miltank|394/394","|","|-damage|p2a: low|202/262 brn|[from] brn","|turn|34","|","|move|p2a: low|U-turn|p1a: Miltank","|-damage|p1a: Miltank|334/394","|","|switch|p2a: Digger|Diggersby, M, shiny|198/312 tox","|move|p1a: Miltank|Fire Punch|p2a: Digger","|-damage|p2a: Digger|136/312 tox","|","|-heal|p1a: Miltank|358/394|[from] item: Leftovers","|-damage|p2a: Digger|117/312 tox|[from] psn","|turn|35","|","|move|p2a: Digger|Superpower|p1a: Miltank","|-supereffective|p1a: Miltank","|-damage|p1a: Miltank|132/394","|-unboost|p2a: Digger|atk|1","|-unboost|p2a: Digger|def|1","|move|p1a: Miltank|Milk Drink|p1a: Miltank","|-heal|p1a: Miltank|329/394","|","|-heal|p1a: Miltank|353/394|[from] item: Leftovers","|-damage|p2a: Digger|79/312 tox|[from] psn","|turn|36","|","|move|p2a: Digger|Superpower|p1a: Miltank","|-supereffective|p1a: Miltank","|-damage|p1a: Miltank|199/394","|-unboost|p2a: Digger|atk|1","|-unboost|p2a: Digger|def|1","|move|p1a: Miltank|Milk Drink|p1a: Miltank","|-heal|p1a: Miltank|394/394","|","|-damage|p2a: Digger|22/312 tox|[from] psn","|turn|37","|","|switch|p2a: low|Swellow, M, shiny|202/262 brn","|move|p1a: Miltank|Milk Drink|p1a: Miltank","|-fail|p1a: Miltank","|","|-damage|p2a: low|170/262 brn|[from] brn","|turn|38","|","|move|p2a: low|Brave Bird|p1a: Miltank","|-damage|p1a: Miltank|232/394","|-damage|p2a: low|117/262 brn|[from] recoil|[of] p1a: Miltank","|move|p1a: Miltank|Fire Punch|p2a: low","|-damage|p2a: low|38/262 brn","|","|-heal|p1a: Miltank|256/394|[from] item: Leftovers","|-damage|p2a: low|6/262 brn|[from] brn","|turn|39","|","|move|p2a: low|Roost|p2a: low","|-heal|p2a: low|137/262 brn","|move|p1a: Miltank|Milk Drink|p1a: Miltank","|-heal|p1a: Miltank|394/394","|","|-damage|p2a: low|105/262 brn|[from] brn","|turn|40","|","|switch|p1a: Porygon-Z|Porygon-Z|311/311","|move|p2a: low|Roost|p2a: low","|-heal|p2a: low|236/262 brn","|","|-damage|p2a: low|204/262 brn|[from] brn","|turn|41","|","|move|p1a: Porygon-Z|Discharge|p2a: low","|-supereffective|p2a: low","|-damage|p2a: low|0 fnt","|faint|p2a: low","|","|","|switch|p2a: Digger|Diggersby, M, shiny|22/312 tox","|turn|42","|","|switch|p1a: Miltank|Miltank, F|394/394","|move|p2a: Digger|Superpower|p1a: Miltank","|-supereffective|p1a: Miltank","|-damage|p1a: Miltank|164/394","|-unboost|p2a: Digger|atk|1","|-unboost|p2a: Digger|def|1","|","|-heal|p1a: Miltank|188/394|[from] item: Leftovers","|-damage|p2a: Digger|3/312 tox|[from] psn","|turn|43","|","|move|p2a: Digger|Superpower|p1a: Miltank","|-supereffective|p1a: Miltank","|-damage|p1a: Miltank|28/394","|-unboost|p2a: Digger|atk|1","|-unboost|p2a: Digger|def|1","|move|p1a: Miltank|Milk Drink|p1a: Miltank","|-heal|p1a: Miltank|225/394","|","|-heal|p1a: Miltank|249/394|[from] item: Leftovers","|-damage|p2a: Digger|0 fnt|[from] psn","|faint|p2a: Digger","|","|win|Emg Gl Storm"],"p1rating":{"entryid":"7392651","serverid":"eos","formatid":"monotype","userid":"emgglstorm","username":"Emg Gl Storm","w":3,"l":"4","t":"0","gxe":44.2,"r":"1419.7821379453","rd":"106.83824972611","sigma":"0","rptime":"1438938000","rpr":1454.8042624892,"rprd":94.847222149198,"rpsigma":"0","acre":1087.810262372,"lacre":1087.810262372,"oldacre":"1061.8879340196"},"p2rating":{"entryid":"7390241","serverid":"eos","formatid":"monotype","userid":"sovereigndooms","username":"Sovereign♕Dooms","w":"21","l":27,"t":"0","gxe":45.3,"r":"1509.1000157817","rd":"54.165309223292","sigma":"0","rptime":"1438938000","rpr":1464.1893026783,"rprd":49.914345041647,"rpsigma":"0","acre":1000,"lacre":1000,"oldacre":"1007.2109503487"},"endType":"normal"}