{"seed":[45378,33484,21688,17968],"turns":33,"p1":"Emg_DemZii","p2":"GTX Quabbs","p1team":[{"name":"Hoopa-Unbound","species":"Hoopa-Unbound","item":"choicescarf","ability":"Magician","moves":["psychic","focusblast","darkpulse","gunkshot"],"nature":"Hasty","evs":{"hp":0,"atk":4,"def":0,"spa":252,"spd":0,"spe":252},"ivs":{"hp":31,"atk":31,"def":31,"spa":31,"spd":31,"spe":31}},{"name":"Sableye","species":"Sableye","item":"sablenite","ability":"Prankster","moves":["calmmind","snarl","willowisp","recover"],"nature":"Calm","evs":{"hp":0,"atk":0,"def":4,"spa":8,"spd":0,"spe":0},"ivs":{"hp":31,"atk":31,"def":31,"spa":31,"spd":31,"spe":31}},{"name":"Bisharp","species":"Bisharp","item":"choicescarf","ability":"Defiant","moves":["ironhead","stoneedge","brickbreak","suckerpunch"],"nature":"Jolly","evs":{"hp":0,"atk":252,"def":0,"spa":0,"spd":4,"spe":252},"ivs":{"hp":31,"atk":31,"def":31,"spa":31,"spd":31,"spe":31}},{"name":"Umbreon","species":"Umbreon","item":"leftovers","ability":"Synchronize","moves":["healbell","moonlight","toxic","darkpulse"],"nature":"Calm","evs":{"hp":8,"atk":0,"def":248,"spa":0,"spd":252,"spe":0},"ivs":{"hp":31,"atk":31,"def":31,"spa":31,"spd":31,"spe":31}},{"name":"Drapion","species":"Drapion","item":"muscleband","ability":"Sniper","moves":["crosspoison","nightslash","firefang","substitute"],"nature":"Adamant","evs":{"hp":248,"atk":252,"def":0,"spa":0,"spd":8,"spe":0},"ivs":{"hp":31,"atk":31,"def":31,"spa":31,"spd":31,"spe":31}},{"name":"Mandibuzz","species":"Mandibuzz","item":"rockyhelmet","ability":"Big Pecks","moves":["roost","defog","heatwave","taunt"],"nature":"Bold","evs":{"hp":248,"atk":0,"def":252,"spa":8,"spd":0,"spe":0},"ivs":{"hp":31,"atk":31,"def":31,"spa":31,"spd":31,"spe":31}}],"p2team":[{"name":"Swampert","species":"Swampert","item":"swampertite","ability":"Torrent","moves":["earthquake","waterfall","brickbreak","outrage"],"nature":"Adamant","evs":{"hp":244,"atk":252,"def":0,"spa":0,"spd":12,"spe":0},"shiny":true,"ivs":{"hp":31,"atk":31,"def":31,"spa":31,"spd":31,"spe":31}},{"name":"Lanturn","species":"Lanturn","item":"leftovers","ability":"Volt Absorb","moves":["icebeam","thunderwave","confuseray","discharge"],"nature":"Calm","evs":{"hp":252,"atk":0,"def":0,"spa":4,"spd":252,"spe":0},"ivs":{"hp":31,"atk":31,"def":31,"spa":31,"spd":31,"spe":31}},{"name":"Gyarados","species":"Gyarados","item":"cellbattery","ability":"Intimidate","moves":["dragondance","outrage","earthquake","fireblast"],"nature":"Lonely","evs":{"hp":252,"atk":4,"def":0,"spa":0,"spd":252,"spe":0},"ivs":{"hp":31,"atk":31,"def":31,"spa":31,"spd":31,"spe":31}},{"name":"Politoed","species":"Politoed","item":"focussash","ability":"Drizzle","moves":["hydropump","icebeam","focusblast","psychic"],"nature":"","evs":{"hp":0,"atk":0,"def":0,"spa":252,"spd":4,"spe":252},"ivs":{"hp":31,"atk":31,"def":31,"spa":31,"spd":31,"spe":31}},{"name":"Keldeo","species":"Keldeo","item":"assaultvest","ability":"Justified","moves":["hiddenpowerfire","swordsdance","sacredsword","hydropump"],"nature":"","evs":{"hp":0,"atk":4,"def":0,"spa":252,"spd":0,"spe":252},"ivs":{"hp":31,"atk":30,"def":31,"spa":30,"spd":31,"spe":30},"shiny":true},{"name":"Azumarill","species":"Azumarill","item":"sitrusberry","ability":"Sap Sipper","moves":["playrough","bellydrum","aquajet","return"],"nature":"Adamant","evs":{"hp":252,"atk":252,"def":0,"spa":0,"spd":4,"spe":0},"ivs":{"hp":31,"atk":31,"def":31,"spa":31,"spd":31,"spe":31}}],"log":["|player|p1|Emg_DemZii|274","|player|p2|GTX Quabbs|164","|gametype|singles","|gen|6","|tier|Monotype","|rated","|rule|Baton Pass Clause: Limit one Baton Passer, can't pass Spe and other stats simultaneously","|rule|Swagger Clause: Swagger is banned","|rule|Same Type Clause: Pokémon in a team must share a type","|clearpoke","|poke|p1|Hoopa-Unbound","|poke|p1|Sableye, F","|poke|p1|Bisharp, M","|poke|p1|Umbreon, M","|poke|p1|Drapion, M","|poke|p1|Mandibuzz, F","|poke|p2|Swampert, F, shiny","|poke|p2|Lanturn, F","|poke|p2|Gyarados, F","|poke|p2|Politoed, M","|poke|p2|Keldeo, shiny","|poke|p2|Azumarill, M","|rule|Sleep Clause Mod: Limit one foe put to sleep","|rule|Species Clause: Limit one of each Pokémon","|rule|OHKO Clause: OHKO moves are banned","|rule|Moody Clause: Moody is banned","|rule|Evasion Moves Clause: Evasion moves are banned","|rule|Endless Battle Clause: Forcing endless battles is banned","|rule|HP Percentage Mod: HP is shown in percentages","|teampreview","|","|start","|switch|p1a: Bisharp|Bisharp, M|271/271","|switch|p2a: Keldeo|Keldeo, shiny|323/323","|turn|1","|","|switch|p1a: Drapion|Drapion, M|343/343","|move|p2a: Keldeo|Sacred Sword|p1a: Drapion","|-damage|p1a: Drapion|262/343","|","|turn|2","|","|move|p2a: Keldeo|Hydro Pump|p1a: Drapion|[miss]","|-miss|p2a: Keldeo|p1a: Drapion","|move|p1a: Drapion|Cross Poison|p2a: Keldeo","|-damage|p2a: Keldeo|194/323","|","|turn|3","|","|switch|p2a: Gyarados|Gyarados, F|394/394","|-ability|p2a: Gyarados|Intimidate","|-unboost|p1a: Drapion|atk|1","|move|p1a: Drapion|Substitute|p1a: Drapion","|-start|p1a: Drapion|Substitute","|-damage|p1a: Drapion|177/343","|","|turn|4","|","|move|p1a: Drapion|Night Slash|p2a: Gyarados","|-damage|p2a: Gyarados|283/394","|move|p2a: Gyarados|Earthquake|p1a: Drapion","|-supereffective|p1a: Drapion","|-end|p1a: Drapion|Substitute","|","|turn|5","|","|move|p1a: Drapion|Night Slash|p2a: Gyarados","|-damage|p2a: Gyarados|171/394","|move|p2a: Gyarados|Earthquake|p1a: Drapion","|-supereffective|p1a: Drapion","|-damage|p1a: Drapion|0 fnt","|faint|p1a: Drapion","|","|","|switch|p1a: Hoopa-Unbound|Hoopa-Unbound|301/301","|turn|6","|","|move|p1a: Hoopa-Unbound|Psychic|p2a: Gyarados","|-damage|p2a: Gyarados|12/394","|-unboost|p2a: Gyarados|spd|1","|move|p2a: Gyarados|Outrage|p1a: Hoopa-Unbound","|-damage|p1a: Hoopa-Unbound|103/301","|","|turn|7","|","|move|p1a: Hoopa-Unbound|Psychic|p2a: Gyarados","|-crit|p2a: Gyarados","|-damage|p2a: Gyarados|0 fnt","|faint|p2a: Gyarados","|","|","|switch|p2a: Azumarill|Azumarill, M|404/404","|turn|8","|","|switch|p1a: Bisharp|Bisharp, M|271/271","|move|p2a: Azumarill|Play Rough|p1a: Bisharp","|-damage|p1a: Bisharp|172/271","|-unboost|p1a: Bisharp|atk|1","|-boost|p1a: Bisharp|atk|2|[from] ability: Defiant","|","|turn|9","|","|switch|p2a: Swampert|Swampert, F, shiny|402/402","|move|p1a: Bisharp|Iron Head|p2a: Swampert","|-resisted|p2a: Swampert","|-damage|p2a: Swampert|281/402","|","|turn|10","|","|detailschange|p2a: Swampert|Swampert-Mega, F, shiny","|-mega|p2a: Swampert|Swampert|Swampertite","|move|p1a: Bisharp|Iron Head|p2a: Swampert","|-resisted|p2a: Swampert","|-damage|p2a: Swampert|179/402","|cant|p2a: Swampert|flinch","|","|turn|11","|","|move|p1a: Bisharp|Iron Head|p2a: Swampert","|-resisted|p2a: Swampert","|-damage|p2a: Swampert|83/402","|move|p2a: Swampert|Brick Break|p1a: Bisharp","|-supereffective|p1a: Bisharp","|-damage|p1a: Bisharp|0 fnt","|faint|p1a: Bisharp","|","|","|switch|p1a: Hoopa-Unbound|Hoopa-Unbound|103/301","|turn|12","|","|move|p1a: Hoopa-Unbound|Psychic|p2a: Swampert","|-damage|p2a: Swampert|0 fnt","|faint|p2a: Swampert","|","|","|switch|p2a: Keldeo|Keldeo, shiny|194/323","|turn|13","|","|move|p1a: Hoopa-Unbound|Psychic|p2a: Keldeo","|-supereffective|p2a: Keldeo","|-damage|p2a: Keldeo|0 fnt","|faint|p2a: Keldeo","|","|","|switch|p2a: Azumarill|Azumarill, M|404/404","|turn|14","|","|switch|p1a: Sableye|Sableye, F|241/241","|move|p2a: Azumarill|Play Rough|p1a: Sableye","|-supereffective|p1a: Sableye","|-damage|p1a: Sableye|0 fnt","|faint|p1a: Sableye","|","|","|switch|p1a: Hoopa-Unbound|Hoopa-Unbound|103/301","|turn|15","|","|move|p1a: Hoopa-Unbound|Gunk Shot|p2a: Azumarill","|-supereffective|p2a: Azumarill","|-damage|p2a: Azumarill|72/404","|-status|p2a: Azumarill|psn","|-enditem|p2a: Azumarill|Sitrus Berry|[eat]","|-heal|p2a: Azumarill|173/404 psn|[from] item: Sitrus Berry","|move|p2a: Azumarill|Play Rough|p1a: Hoopa-Unbound","|-supereffective|p1a: Hoopa-Unbound","|-damage|p1a: Hoopa-Unbound|0 fnt","|faint|p1a: Hoopa-Unbound","|","|-damage|p2a: Azumarill|123/404 psn|[from] psn","|","|switch|p1a: Mandibuzz|Mandibuzz, F|423/423","|turn|16","|","|move|p1a: Mandibuzz|Taunt|p2a: Azumarill","|-start|p2a: Azumarill|move: Taunt","|move|p2a: Azumarill|Play Rough|p1a: Mandibuzz","|-supereffective|p1a: Mandibuzz","|-damage|p1a: Mandibuzz|289/423","|-damage|p2a: Azumarill|56/404 psn|[from] item: Rocky Helmet|[of] p1a: Mandibuzz","|","|-damage|p2a: Azumarill|6/404 psn|[from] psn","|turn|17","|","|move|p2a: Azumarill|Aqua Jet|p1a: Mandibuzz","|-damage|p1a: Mandibuzz|256/423","|-damage|p2a: Azumarill|0 fnt|[from] item: Rocky Helmet|[of] p1a: Mandibuzz","|faint|p2a: Azumarill","|move|p1a: Mandibuzz|Roost|p1a: Mandibuzz","|-heal|p1a: Mandibuzz|423/423","|","|","|switch|p2a: Lanturn|Lanturn, F|454/454","|turn|18","|","|move|p1a: Mandibuzz|Taunt|p2a: Lanturn","|-start|p2a: Lanturn|move: Taunt","|cant|p2a: Lanturn|move: Taunt|Confuse Ray","|","|turn|19","|","|switch|p1a: Umbreon|Umbreon, M|333/333","|move|p2a: Lanturn|Discharge|p1a: Umbreon","|-damage|p1a: Umbreon|287/333","|","|-heal|p1a: Umbreon|307/333|[from] item: Leftovers","|turn|20","|","|move|p2a: Lanturn|Ice Beam|p1a: Umbreon","|-damage|p1a: Umbreon|273/333","|move|p1a: Umbreon|Toxic|p2a: Lanturn","|-status|p2a: Lanturn|tox","|","|-heal|p1a: Umbreon|293/333|[from] item: Leftovers","|-damage|p2a: Lanturn|426/454 tox|[from] psn","|-end|p2a: Lanturn|move: Taunt","|turn|21","|","|switch|p2a: Politoed|Politoed, M|321/321","|-weather|RainDance","|switch|p1a: Mandibuzz|Mandibuzz, F|423/423","|","|-weather|RainDance|[upkeep]","|turn|22","|","|move|p2a: Politoed|Ice Beam|p1a: Mandibuzz","|-supereffective|p1a: Mandibuzz","|-damage|p1a: Mandibuzz|259/423","|move|p1a: Mandibuzz|Taunt|p2a: Politoed","|-start|p2a: Politoed|move: Taunt","|","|-weather|RainDance|[upkeep]","|turn|23","|","|switch|p1a: Umbreon|Umbreon, M|293/333","|move|p2a: Politoed|Ice Beam|p1a: Umbreon","|-damage|p1a: Umbreon|247/333","|","|-weather|RainDance|[upkeep]","|-heal|p1a: Umbreon|267/333|[from] item: Leftovers","|turn|24","|","|move|p2a: Politoed|Focus Blast|p1a: Umbreon","|-supereffective|p1a: Umbreon","|-damage|p1a: Umbreon|143/333","|move|p1a: Umbreon|Toxic|p2a: Politoed","|-status|p2a: Politoed|tox","|","|-weather|RainDance|[upkeep]","|-heal|p1a: Umbreon|163/333|[from] item: Leftovers","|-damage|p2a: Politoed|301/321 tox|[from] psn","|turn|25","|","|move|p2a: Politoed|Focus Blast|p1a: Umbreon","|-supereffective|p1a: Umbreon","|-damage|p1a: Umbreon|31/333","|move|p1a: Umbreon|Moonlight|p1a: Umbreon","|-heal|p1a: Umbreon|114/333","|","|-weather|none","|-heal|p1a: Umbreon|134/333|[from] item: Leftovers","|-damage|p2a: Politoed|261/321 tox|[from] psn","|-end|p2a: Politoed|move: Taunt","|turn|26","|","|move|p2a: Politoed|Focus Blast|p1a: Umbreon","|-supereffective|p1a: Umbreon","|-damage|p1a: Umbreon|6/333","|move|p1a: Umbreon|Moonlight|p1a: Umbreon","|-heal|p1a: Umbreon|172/333","|","|-heal|p1a: Umbreon|192/333|[from] item: Leftovers","|-damage|p2a: Politoed|201/321 tox|[from] psn","|turn|27","|","|move|p2a: Politoed|Focus Blast|p1a: Umbreon|[miss]","|-miss|p2a: Politoed|p1a: Umbreon","|move|p1a: Umbreon|Moonlight|p1a: Umbreon","|-heal|p1a: Umbreon|333/333","|","|-damage|p2a: Politoed|121/321 tox|[from] psn","|turn|28","|","|move|p2a: Politoed|Focus Blast|p1a: Umbreon","|-crit|p1a: Umbreon","|-supereffective|p1a: Umbreon","|-damage|p1a: Umbreon|133/333","|move|p1a: Umbreon|Dark Pulse|p2a: Politoed","|-damage|p2a: Politoed|54/321 tox","|","|-heal|p1a: Umbreon|153/333|[from] item: Leftovers","|-damage|p2a: Politoed|0 fnt|[from] psn","|faint|p2a: Politoed","|","|switch|p2a: Lanturn|Lanturn, F|426/454 tox","|turn|29","|","|move|p2a: Lanturn|Confuse Ray|p1a: Umbreon","|-start|p1a: Umbreon|confusion","|-activate|p1a: Umbreon|confusion","|move|p1a: Umbreon|Moonlight|p1a: Umbreon","|-heal|p1a: Umbreon|319/333","|","|-heal|p2a: Lanturn|454/454 tox|[from] item: Leftovers","|-heal|p1a: Umbreon|333/333|[from] item: Leftovers","|-damage|p2a: Lanturn|426/454 tox|[from] psn","|turn|30","|","|move|p2a: Lanturn|Thunder Wave|p1a: Umbreon","|-status|p1a: Umbreon|par","|-activate|p1a: Umbreon|confusion","|-damage|p1a: Umbreon|317/333 par|[from] confusion","|","|-heal|p2a: Lanturn|454/454 tox|[from] item: Leftovers","|-heal|p1a: Umbreon|333/333 par|[from] item: Leftovers","|-damage|p2a: Lanturn|398/454 tox|[from] psn","|turn|31","|","|move|p2a: Lanturn|Discharge|p1a: Umbreon","|-damage|p1a: Umbreon|290/333 par","|-activate|p1a: Umbreon|confusion","|move|p1a: Umbreon|Heal Bell|p1a: Umbreon","|-cureteam|p1a: Umbreon|[from] move: HealBell","|","|-heal|p2a: Lanturn|426/454 tox|[from] item: Leftovers","|-heal|p1a: Umbreon|310/333|[from] item: Leftovers","|-damage|p2a: Lanturn|342/454 tox|[from] psn","|turn|32","|","|move|p2a: Lanturn|Discharge|p1a: Umbreon","|-damage|p1a: Umbreon|267/333","|-activate|p1a: Umbreon|confusion","|move|p1a: Umbreon|Dark Pulse|p2a: Lanturn","|-damage|p2a: Lanturn|284/454 tox","|","|-heal|p2a: Lanturn|312/454 tox|[from] item: Leftovers","|-heal|p1a: Umbreon|287/333|[from] item: Leftovers","|-damage|p2a: Lanturn|200/454 tox|[from] psn","|turn|33","|","|win|Emg_DemZii"],"p1rating":{"entryid":"7361210","serverid":"eos","formatid":"monotype","userid":"emgdemzii","username":"Emg_DemZii","w":6,"l":"14","t":"0","gxe":32.9,"r":"1352.3129863286","rd":"77.120749977956","sigma":"0","rptime":"1438938000","rpr":1363.3979932644,"rprd":70.700269307302,"rpsigma":"0","acre":1060.4241764942,"lacre":1060.4241764942,"oldacre":"1027.3456418484"},"p2rating":{"entryid":"7474899","serverid":"eos","formatid":"monotype","userid":"gtxquabbs","username":"GTX Quabbs","w":"0","l":3,"t":"0","gxe":35.4,"r":"1500","rd":"130","sigma":"0","rptime":"1438938000","rpr":1381.2202640856,"rprd":110.78086779346,"rpsigma":"0","acre":1000,"lacre":1000,"oldacre":"1000"},"endType":"forfeit"}