{"seed":[23446,36267,13396,18260],"turns":22,"p1":"SovereignDooms","p2":"Rain ☆ Suichika","p1team":[{"name":"Thanks","species":"abomasnow","item":"abomasite","ability":"Snow Warning","moves":["blizzard","gigadrain","hiddenpowerfire","iceshard"],"nature":"Quiet","evs":{"hp":228,"atk":28,"def":0,"spa":252,"spd":0,"spe":0},"gender":"M","ivs":{"hp":31,"atk":30,"def":31,"spa":30,"spd":31,"spe":30}},{"name":"Cold Bacon","species":"mamoswine","item":"lifeorb","ability":"Thick Fat","moves":["iceshard","earthquake","knockoff","stealthrock"],"nature":"Adamant","evs":{"hp":252,"atk":252,"def":0,"spa":0,"spd":0,"spe":4},"gender":"M","ivs":{"hp":31,"atk":31,"def":31,"spa":31,"spd":31,"spe":31}},{"name":"Ice-9","species":"froslass","item":"focussash","ability":"Cursed Body","moves":["spikes","taunt","shadowball","destinybond"],"nature":"Timid","evs":{"hp":0,"atk":0,"def":0,"spa":248,"spd":0,"spe":252},"ivs":{"hp":31,"atk":31,"def":31,"spa":31,"spd":31,"spe":31}},{"name":"MyHeartWillGoOn","species":"avalugg","item":"rockyhelmet","ability":"Sturdy","moves":["avalanche","earthquake","rapidspin","recover"],"nature":"Relaxed","evs":{"hp":252,"atk":4,"def":252,"spa":0,"spd":0,"spe":0},"gender":"M","ivs":{"hp":31,"atk":31,"def":31,"spa":31,"spd":31,"spe":31}},{"name":"Larpas","species":"lapras","item":"leftovers","ability":"Water Absorb","moves":["freezedry","thunderbolt","surf","toxic"],"nature":"Calm","evs":{"hp":252,"atk":0,"def":0,"spa":8,"spd":248,"spe":0},"gender":"M","ivs":{"hp":31,"atk":31,"def":31,"spa":31,"spd":31,"spe":31}},{"name":"Frostitute","species":"jynx","item":"choicescarf","ability":"Dry Skin","moves":["icebeam","psyshock","healbell","trick"],"nature":"Timid","evs":{"hp":0,"atk":0,"def":0,"spa":248,"spd":0,"spe":252},"ivs":{"hp":31,"atk":30,"def":30,"spa":31,"spd":31,"spe":31}}],"p2team":[{"name":"Muhammad ashroom","species":"breloom","item":"focussash","ability":"Technician","moves":["spore","bulletseed","rocktomb","machpunch"],"nature":"Jolly","evs":{"hp":4,"atk":252,"def":0,"spa":0,"spd":0,"spe":252},"ivs":{"hp":31,"atk":31,"def":31,"spa":31,"spd":31,"spe":31}},{"name":"Platasaurus-rex","species":"venusaur","item":"venusaurite","ability":"Chlorophyll","moves":["synthesis","hiddenpowerrock","gigadrain","earthquake"],"nature":"Quiet","evs":{"hp":252,"atk":4,"def":0,"spa":252,"spd":0,"spe":0},"ivs":{"hp":31,"atk":31,"def":30,"spa":31,"spd":30,"spe":30}},{"name":"Vileplume's sister","species":"roserade","item":"choicescarf","ability":"Technician","moves":["hiddenpowerground","extrasensory","sludgebomb","shadowball"],"nature":"Timid","evs":{"hp":4,"atk":0,"def":0,"spa":252,"spd":0,"spe":252},"ivs":{"hp":31,"atk":31,"def":31,"spa":30,"spd":30,"spe":31}},{"name":"Celery the onion","species":"celebi","item":"lifeorb","ability":"Natural Cure","moves":["gigadrain","suckerpunch","earthpower","zenheadbutt"],"nature":"Naive","evs":{"hp":0,"atk":200,"def":0,"spa":56,"spd":0,"spe":252},"ivs":{"hp":31,"atk":31,"def":31,"spa":31,"spd":31,"spe":31}},{"name":"Iron Durian","species":"ferrothorn","item":"occaberry","ability":"Iron Barbs","moves":["stealthrock","knockoff","thunderwave","gyroball"],"nature":"Impish","evs":{"hp":252,"atk":0,"def":88,"spa":0,"spd":168,"spe":0},"ivs":{"hp":31,"atk":31,"def":31,"spa":31,"spd":31,"spe":31}},{"name":"liligant wannabe","species":"bellossom","item":"weaknesspolicy","ability":"Chlorophyll","moves":["gigadrain","hiddenpowerfire","moonblast","leafstorm"],"nature":"Modest","evs":{"hp":116,"atk":0,"def":0,"spa":252,"spd":0,"spe":140},"ivs":{"hp":31,"atk":30,"def":31,"spa":30,"spd":31,"spe":30}}],"log":["|player|p1|SovereignDooms|20","|player|p2|Rain ☆ Suichika|rainsuichika.png","|gametype|singles","|gen|6","|tier|Monotype","|rated","|rule|Baton Pass Clause: Limit one Baton Passer, can't pass Spe and other stats simultaneously","|rule|Swagger Clause: Swagger is banned","|rule|Same Type Clause: Pokémon in a team must share a type","|clearpoke","|poke|p1|Abomasnow, M","|poke|p1|Mamoswine, M","|poke|p1|Froslass, F","|poke|p1|Avalugg, M","|poke|p1|Lapras, M","|poke|p1|Jynx, F","|poke|p2|Breloom, M","|poke|p2|Venusaur, F","|poke|p2|Roserade, M","|poke|p2|Celebi","|poke|p2|Ferrothorn, M","|poke|p2|Bellossom, M","|rule|Sleep Clause Mod: Limit one foe put to sleep","|rule|Species Clause: Limit one of each Pokémon","|rule|OHKO Clause: OHKO moves are banned","|rule|Moody Clause: Moody is banned","|rule|Evasion Moves Clause: Evasion moves are banned","|rule|Endless Battle Clause: Forcing endless battles is banned","|rule|HP Percentage Mod: HP is shown in percentages","|teampreview","|","|start","|switch|p1a: Thanks|Abomasnow, M|378/378","|switch|p2a: Iron Durian|Ferrothorn, M|352/352","|-weather|Hail","|turn|1","|","|detailschange|p1a: Thanks|Abomasnow-Mega, M","|-mega|p1a: Thanks|Abomasnow|Abomasite","|move|p1a: Thanks|Hidden Power|p2a: Iron Durian","|-supereffective|p2a: Iron Durian","|-enditem|p2a: Iron Durian|Occa Berry|[eat]","|-damage|p2a: Iron Durian|228/352","|move|p2a: Iron Durian|Stealth Rock|p1a: Thanks","|-sidestart|p1: SovereignDooms|move: Stealth Rock","|","|-weather|Hail|[upkeep]","|-damage|p2a: Iron Durian|206/352|[from] hail","|turn|2","|","|switch|p2a: liligant wannabe|Bellossom, M|320/320","|move|p1a: Thanks|Hidden Power|p2a: liligant wannabe","|-crit|p2a: liligant wannabe","|-supereffective|p2a: liligant wannabe","|-damage|p2a: liligant wannabe|94/320","|-enditem|p2a: liligant wannabe|Weakness Policy","|-boost|p2a: liligant wannabe|atk|2|[from] item: Weakness Policy","|-boost|p2a: liligant wannabe|spa|2|[from] item: Weakness Policy","|","|-weather|Hail|[upkeep]","|-damage|p2a: liligant wannabe|74/320|[from] hail","|turn|3","|","|move|p1a: Thanks|Ice Shard|p2a: liligant wannabe","|-supereffective|p2a: liligant wannabe","|-damage|p2a: liligant wannabe|0 fnt","|faint|p2a: liligant wannabe","|","|-weather|Hail|[upkeep]","|","|switch|p2a: Platasaurus-rex|Venusaur, F|364/364","|turn|4","|","|detailschange|p2a: Platasaurus-rex|Venusaur-Mega, F","|-mega|p2a: Platasaurus-rex|Venusaur|Venusaurite","|move|p2a: Platasaurus-rex|Hidden Power|p1a: Thanks","|-supereffective|p1a: Thanks","|-damage|p1a: Thanks|244/378","|move|p1a: Thanks|Blizzard|p2a: Platasaurus-rex","|-supereffective|p2a: Platasaurus-rex","|-damage|p2a: Platasaurus-rex|184/364","|","|-weather|Hail|[upkeep]","|-damage|p2a: Platasaurus-rex|162/364|[from] hail","|turn|5","|","|move|p2a: Platasaurus-rex|Synthesis|p2a: Platasaurus-rex","|-heal|p2a: Platasaurus-rex|253/364","|move|p1a: Thanks|Blizzard|p2a: Platasaurus-rex","|-supereffective|p2a: Platasaurus-rex","|-damage|p2a: Platasaurus-rex|73/364","|","|-weather|none","|turn|6","|","|move|p1a: Thanks|Ice Shard|p2a: Platasaurus-rex","|-supereffective|p2a: Platasaurus-rex","|-damage|p2a: Platasaurus-rex|19/364","|move|p2a: Platasaurus-rex|Synthesis|p2a: Platasaurus-rex","|-heal|p2a: Platasaurus-rex|201/364","|","|turn|7","|","|switch|p1a: Frostitute|Jynx, F|271/271","|-damage|p1a: Frostitute|204/271|[from] Stealth Rock","|move|p2a: Platasaurus-rex|Hidden Power|p1a: Frostitute","|-supereffective|p1a: Frostitute","|-damage|p1a: Frostitute|40/271","|","|turn|8","|","|switch|p2a: Celery the onion|Celebi|341/341","|move|p1a: Frostitute|Psyshock|p2a: Celery the onion","|-resisted|p2a: Celery the onion","|-damage|p2a: Celery the onion|270/341","|","|turn|9","|","|move|p1a: Frostitute|Psyshock|p2a: Celery the onion","|-resisted|p2a: Celery the onion","|-damage|p2a: Celery the onion|207/341","|move|p2a: Celery the onion|Giga Drain|p1a: Frostitute","|-damage|p1a: Frostitute|0 fnt","|-heal|p2a: Celery the onion|227/341|[from] drain|[of] p1a: Frostitute","|-damage|p2a: Celery the onion|193/341|[from] item: Life Orb","|faint|p1a: Frostitute","|","|","|switch|p1a: Ice-9|Froslass, F|281/281","|-damage|p1a: Ice-9|211/281|[from] Stealth Rock","|turn|10","|","|switch|p2a: Iron Durian|Ferrothorn, M|206/352","|move|p1a: Ice-9|Shadow Ball|p2a: Iron Durian","|-crit|p2a: Iron Durian","|-damage|p2a: Iron Durian|92/352","|-unboost|p2a: Iron Durian|spd|1","|","|turn|11","|","|move|p1a: Ice-9|Shadow Ball|p2a: Iron Durian","|-damage|p2a: Iron Durian|0 fnt","|faint|p2a: Iron Durian","|","|","|switch|p2a: Vileplume's sister|Roserade, M|262/262","|turn|12","|","|move|p2a: Vileplume's sister|Shadow Ball|p1a: Ice-9","|-supereffective|p1a: Ice-9","|-damage|p1a: Ice-9|0 fnt","|faint|p1a: Ice-9","|","|","|switch|p1a: Thanks|Abomasnow-Mega, M|244/378","|-damage|p1a: Thanks|150/378|[from] Stealth Rock","|-weather|Hail","|turn|13","|","|move|p1a: Thanks|Ice Shard|p2a: Vileplume's sister","|-supereffective|p2a: Vileplume's sister","|-damage|p2a: Vileplume's sister|104/262","|move|p2a: Vileplume's sister|Shadow Ball|p1a: Thanks","|-damage|p1a: Thanks|61/378","|","|-weather|Hail|[upkeep]","|-damage|p2a: Vileplume's sister|88/262|[from] hail","|turn|14","|","|switch|p2a: Platasaurus-rex|Venusaur-Mega, F|201/364","|move|p1a: Thanks|Ice Shard|p2a: Platasaurus-rex","|-supereffective|p2a: Platasaurus-rex","|-damage|p2a: Platasaurus-rex|141/364","|","|-weather|Hail|[upkeep]","|-damage|p2a: Platasaurus-rex|119/364|[from] hail","|turn|15","|","|move|p1a: Thanks|Ice Shard|p2a: Platasaurus-rex","|-supereffective|p2a: Platasaurus-rex","|-damage|p2a: Platasaurus-rex|63/364","|move|p2a: Platasaurus-rex|Hidden Power|p1a: Thanks","|-supereffective|p1a: Thanks","|-damage|p1a: Thanks|0 fnt","|faint|p1a: Thanks","|","|-weather|Hail|[upkeep]","|-damage|p2a: Platasaurus-rex|41/364|[from] hail","|","|switch|p1a: Cold Bacon|Mamoswine, M|424/424","|-damage|p1a: Cold Bacon|371/424|[from] Stealth Rock","|turn|16","|","|move|p1a: Cold Bacon|Ice Shard|p2a: Platasaurus-rex","|-supereffective|p2a: Platasaurus-rex","|-damage|p2a: Platasaurus-rex|0 fnt","|-damage|p1a: Cold Bacon|329/424|[from] item: Life Orb","|faint|p2a: Platasaurus-rex","|","|-weather|Hail|[upkeep]","|","|switch|p2a: Muhammad ashroom|Breloom, M|262/262","|turn|17","|","|move|p1a: Cold Bacon|Ice Shard|p2a: Muhammad ashroom","|-supereffective|p2a: Muhammad ashroom","|-damage|p2a: Muhammad ashroom|10/262","|-damage|p1a: Cold Bacon|287/424|[from] item: Life Orb","|move|p2a: Muhammad ashroom|Bullet Seed|p1a: Cold Bacon","|-supereffective|p1a: Cold Bacon","|-damage|p1a: Cold Bacon|123/424","|-supereffective|p1a: Cold Bacon","|-damage|p1a: Cold Bacon|0 fnt","|-hitcount|p1a: Cold Bacon|2","|faint|p1a: Cold Bacon","|","|-weather|none","|","|switch|p1a: MyHeartWillGoOn|Avalugg, M|394/394","|-damage|p1a: MyHeartWillGoOn|296/394|[from] Stealth Rock","|turn|18","|","|move|p2a: Muhammad ashroom|Spore|p1a: MyHeartWillGoOn","|-status|p1a: MyHeartWillGoOn|slp","|cant|p1a: MyHeartWillGoOn|slp","|","|turn|19","|","|switch|p2a: Celery the onion|Celebi|193/341","|cant|p1a: MyHeartWillGoOn|slp","|","|turn|20","|","|switch|p1a: Larpas|Lapras, M|464/464","|-damage|p1a: Larpas|348/464|[from] Stealth Rock","|move|p2a: Celery the onion|Giga Drain|p1a: Larpas","|-supereffective|p1a: Larpas","|-damage|p1a: Larpas|158/464","|-heal|p2a: Celery the onion|288/341|[from] drain|[of] p1a: Larpas","|-damage|p2a: Celery the onion|254/341|[from] item: Life Orb","|","|-heal|p1a: Larpas|187/464|[from] item: Leftovers","|turn|21","|","|move|p2a: Celery the onion|Giga Drain|p1a: Larpas","|-supereffective|p1a: Larpas","|-damage|p1a: Larpas|0 fnt","|-heal|p2a: Celery the onion|341/341|[from] drain|[of] p1a: Larpas","|-damage|p2a: Celery the onion|307/341|[from] item: Life Orb","|faint|p1a: Larpas","|","|","|switch|p1a: MyHeartWillGoOn|Avalugg, M|296/394 slp","|-damage|p1a: MyHeartWillGoOn|198/394 slp|[from] Stealth Rock","|turn|22","|","|move|p2a: Celery the onion|Giga Drain|p1a: MyHeartWillGoOn","|-damage|p1a: MyHeartWillGoOn|0 fnt","|-heal|p2a: Celery the onion|341/341|[from] drain|[of] p1a: MyHeartWillGoOn","|-damage|p2a: Celery the onion|307/341|[from] item: Life Orb","|faint|p1a: MyHeartWillGoOn","|","|win|Rain ☆ Suichika"],"p1rating":{"entryid":"7390241","serverid":"eos","formatid":"monotype","userid":"sovereigndooms","username":"Sovereign♕Dooms","w":"21","l":24,"t":"0","gxe":48.2,"r":"1509.1000157817","rd":"54.165309223292","sigma":"0","rptime":"1438938000","rpr":1486.2785060423,"rprd":51.317095290478,"rpsigma":"0","acre":1027.2595269884,"lacre":1027.2595269884,"oldacre":"1033.039789174"},"p2rating":{"entryid":"6383869","serverid":"eos","formatid":"monotype","userid":"rainsuichika","username":"Rain ☆ Suichika","w":51,"l":"29","t":"0","gxe":62.6,"r":"1600.8860599954","rd":"47.915702560687","sigma":"0","rptime":"1438938000","rpr":1597.814956289,"rprd":47.095068837658,"rpsigma":"0","acre":1290.9578908995,"lacre":1290.9578908995,"oldacre":"1281.2957579633"},"endType":"normal"}