{"seed":[50050,12127,33410,36471],"turns":61,"p1":"WildAlt","p2":"Orchestromic","p1team":[{"name":"Blissey","species":"Blissey","item":"leftovers","ability":"Natural Cure","moves":["stealthrock","softboiled","wish","toxic"],"nature":"Calm","evs":{"hp":248,"atk":0,"def":8,"spa":0,"spd":252,"spe":0},"ivs":{"hp":31,"atk":0,"def":31,"spa":31,"spd":31,"spe":31}},{"name":"Chansey","species":"Chansey","item":"eviolite","ability":"Natural Cure","moves":["seismictoss","healbell","softboiled","wish"],"nature":"Bold","evs":{"hp":248,"atk":0,"def":252,"spa":0,"spd":8,"spe":0},"ivs":{"hp":31,"atk":0,"def":31,"spa":31,"spd":31,"spe":31}},{"name":"Miltank","species":"Miltank","item":"leftovers","ability":"Thick Fat","moves":["hammerarm","healbell","milkdrink","toxic"],"nature":"Impish","evs":{"hp":248,"atk":96,"def":164,"spa":0,"spd":0,"spe":0},"ivs":{"hp":31,"atk":31,"def":31,"spa":31,"spd":31,"spe":31}},{"name":"Audino","species":"Audino","item":"audinite","ability":"Regenerator","moves":["calmmind","healbell","wish","drainingkiss"],"nature":"Bold","evs":{"hp":248,"atk":0,"def":252,"spa":8,"spd":0,"spe":0},"gender":"F","ivs":{"hp":31,"atk":0,"def":31,"spa":31,"spd":31,"spe":31}},{"name":"Staraptor","species":"Staraptor","item":"leftovers","ability":"Intimidate","moves":["bravebird","closecombat","defog","roost"],"nature":"Impish","evs":{"hp":248,"atk":8,"def":252,"spa":0,"spd":0,"spe":0},"gender":"M","ivs":{"hp":31,"atk":31,"def":31,"spa":31,"spd":31,"spe":31}},{"name":"Staravia","species":"Staravia","item":"eviolite","ability":"Intimidate","moves":["bravebird","defog","featherdance","roost"],"nature":"Impish","evs":{"hp":248,"atk":8,"def":252,"spa":0,"spd":0,"spe":0},"gender":"M","ivs":{"hp":31,"atk":31,"def":31,"spa":31,"spd":31,"spe":31}}],"p2team":[{"name":"Banette","species":"Banette","item":"banettite","ability":"Insomnia","moves":["sleeptalk","willowisp","shadowclaw","rest"],"nature":"Careful","evs":{"hp":0,"atk":252,"def":0,"spa":0,"spd":252,"spe":0},"gender":"M","shiny":true,"ivs":{"hp":31,"atk":31,"def":31,"spa":31,"spd":31,"spe":31}},{"name":"Chandelure","species":"Chandelure","item":"choicescarf","ability":"Infiltrator","moves":["flamethrower","shadowball","energyball","hiddenpowerice"],"nature":"Timid","evs":{"hp":0,"atk":0,"def":0,"spa":252,"spd":0,"spe":252},"gender":"M","ivs":{"hp":31,"atk":30,"def":30,"spa":31,"spd":31,"spe":31},"shiny":true},{"name":"SUSTAIN","species":"trevenant","item":"sitrusberry","ability":"Harvest","moves":["magiccoat","hornleech","leechseed","protect"],"nature":"Adamant","evs":{"hp":252,"atk":252,"def":0,"spa":0,"spd":4,"spe":0},"gender":"M","shiny":true,"ivs":{"hp":31,"atk":31,"def":31,"spa":31,"spd":31,"spe":31}},{"name":"Sableye","species":"Sableye","item":"leftovers","ability":"Prankster","moves":["recover","taunt","calmmind","darkpulse"],"nature":"Calm","evs":{"hp":252,"atk":0,"def":92,"spa":0,"spd":128,"spe":36},"gender":"M","shiny":true,"ivs":{"hp":31,"atk":31,"def":31,"spa":31,"spd":31,"spe":31}},{"name":"Jellicent","species":"Jellicent","item":"leftovers","ability":"Cursed Body","moves":["willowisp","recover","shadowball","waterspout"],"nature":"Modest","evs":{"hp":252,"atk":0,"def":152,"spa":0,"spd":104,"spe":0},"gender":"M","shiny":true,"ivs":{"hp":31,"atk":31,"def":31,"spa":31,"spd":31,"spe":31}},{"name":"Aegislash","species":"Aegislash","item":"weaknesspolicy","ability":"Stance Change","moves":["kingsshield","swordsdance","shadowsneak","ironhead"],"nature":"Adamant","evs":{"hp":0,"atk":196,"def":156,"spa":0,"spd":156,"spe":0},"gender":"M","shiny":true,"ivs":{"hp":31,"atk":31,"def":31,"spa":31,"spd":31,"spe":31}}],"log":["|player|p1|WildAlt|34","|player|p2|Orchestromic|orchestromic.png","|gametype|singles","|gen|6","|tier|Monotype","|rated","|rule|Baton Pass Clause: Limit one Baton Passer, can't pass Spe and other stats simultaneously","|rule|Swagger Clause: Swagger is banned","|rule|Same Type Clause: Pokémon in a team must share a type","|clearpoke","|poke|p1|Blissey, F","|poke|p1|Chansey, F","|poke|p1|Miltank, F","|poke|p1|Audino, F","|poke|p1|Staraptor, M","|poke|p1|Staravia, M","|poke|p2|Banette, M, shiny","|poke|p2|Chandelure, M, shiny","|poke|p2|Trevenant, M, shiny","|poke|p2|Sableye, M, shiny","|poke|p2|Jellicent, M, shiny","|poke|p2|Aegislash, M, shiny","|rule|Sleep Clause Mod: Limit one foe put to sleep","|rule|Species Clause: Limit one of each Pokémon","|rule|OHKO Clause: OHKO moves are banned","|rule|Moody Clause: Moody is banned","|rule|Evasion Moves Clause: Evasion moves are banned","|rule|Endless Battle Clause: Forcing endless battles is banned","|rule|HP Percentage Mod: HP is shown in percentages","|teampreview","|","|start","|switch|p1a: Blissey|Blissey, F|713/713","|switch|p2a: Aegislash|Aegislash, M, shiny|261/261","|turn|1","|","|move|p2a: Aegislash|Swords Dance|p2a: Aegislash","|-boost|p2a: Aegislash|atk|2","|move|p1a: Blissey|Stealth Rock|p2a: Aegislash","|-sidestart|p2: Orchestromic|move: Stealth Rock","|","|turn|2","|","|switch|p1a: Staravia|Staravia, M|313/313","|-ability|p1a: Staravia|Intimidate","|-unboost|p2a: Aegislash|atk|1","|move|p2a: Aegislash|Swords Dance|p2a: Aegislash","|-boost|p2a: Aegislash|atk|2","|","|turn|3","|","|move|p1a: Staravia|Feather Dance|p2a: Aegislash","|-unboost|p2a: Aegislash|atk|2","|move|p2a: Aegislash|Swords Dance|p2a: Aegislash","|-boost|p2a: Aegislash|atk|2","|","|turn|4","|","|move|p1a: Staravia|Feather Dance|p2a: Aegislash","|-unboost|p2a: Aegislash|atk|2","|move|p2a: Aegislash|Swords Dance|p2a: Aegislash","|-boost|p2a: Aegislash|atk|2","|","|turn|5","|","|move|p1a: Staravia|Feather Dance|p2a: Aegislash","|-unboost|p2a: Aegislash|atk|2","|move|p2a: Aegislash|Swords Dance|p2a: Aegislash","|-boost|p2a: Aegislash|atk|2","|","|turn|6","|","|move|p1a: Staravia|Feather Dance|p2a: Aegislash","|-unboost|p2a: Aegislash|atk|2","|move|p2a: Aegislash|Swords Dance|p2a: Aegislash","|-boost|p2a: Aegislash|atk|2","|","|turn|7","|","|move|p1a: Staravia|Feather Dance|p2a: Aegislash","|-unboost|p2a: Aegislash|atk|2","|move|p2a: Aegislash|Swords Dance|p2a: Aegislash","|-boost|p2a: Aegislash|atk|2","|","|turn|8","|","|move|p1a: Staravia|Feather Dance|p2a: Aegislash","|-unboost|p2a: Aegislash|atk|2","|move|p2a: Aegislash|Swords Dance|p2a: Aegislash","|-boost|p2a: Aegislash|atk|2","|","|turn|9","|","|move|p1a: Staravia|Feather Dance|p2a: Aegislash","|-unboost|p2a: Aegislash|atk|2","|-formechange|p2a: Aegislash|Aegislash-Blade","|move|p2a: Aegislash|Iron Head|p1a: Staravia","|-damage|p1a: Staravia|138/313","|","|turn|10","|","|move|p1a: Staravia|Feather Dance|p2a: Aegislash","|-unboost|p2a: Aegislash|atk|2","|move|p2a: Aegislash|Swords Dance|p2a: Aegislash","|-boost|p2a: Aegislash|atk|2","|","|turn|11","|","|move|p1a: Staravia|Feather Dance|p2a: Aegislash","|-unboost|p2a: Aegislash|atk|2","|move|p2a: Aegislash|Iron Head|p1a: Staravia","|-damage|p1a: Staravia|57/313","|","|turn|12","|","|switch|p2a: Chandelure|Chandelure, M, shiny|261/261","|-damage|p2a: Chandelure|196/261|[from] Stealth Rock","|move|p1a: Staravia|Feather Dance|p2a: Chandelure","|-unboost|p2a: Chandelure|atk|2","|","|turn|13","|","|switch|p1a: Chansey|Chansey, F|703/703","|move|p2a: Chandelure|Flamethrower|p1a: Chansey","|-damage|p1a: Chansey|600/703","|","|turn|14","|","|switch|p2a: Aegislash|Aegislash, M, shiny|261/261","|-damage|p2a: Aegislash|245/261|[from] Stealth Rock","|move|p1a: Chansey|Wish|p1a: Chansey","|","|turn|15","|","|switch|p1a: Staravia|Staravia, M|57/313","|-ability|p1a: Staravia|Intimidate","|-unboost|p2a: Aegislash|atk|1","|move|p2a: Aegislash|Swords Dance|p2a: Aegislash","|-boost|p2a: Aegislash|atk|2","|","|-heal|p1a: Staravia|313/313|[from] move: Wish|[wisher] Chansey","|turn|16","|","|switch|p2a: SUSTAIN|Trevenant, M, shiny|374/374","|-damage|p2a: SUSTAIN|328/374|[from] Stealth Rock","|move|p1a: Staravia|Feather Dance|p2a: SUSTAIN","|-unboost|p2a: SUSTAIN|atk|2","|","|turn|17","|","|switch|p1a: Miltank|Miltank, F|393/393","|move|p2a: SUSTAIN|Magic Coat|p2a: SUSTAIN","|-singleturn|p2a: SUSTAIN|move: Magic Coat","|","|turn|18","|","|switch|p1a: Staraptor|Staraptor, M|373/373","|-ability|p1a: Staraptor|Intimidate","|-unboost|p2a: SUSTAIN|atk|1","|move|p2a: SUSTAIN|Leech Seed|p1a: Staraptor|[miss]","|-miss|p2a: SUSTAIN|p1a: Staraptor","|","|turn|19","|","|move|p1a: Staraptor|Brave Bird|p2a: SUSTAIN","|-supereffective|p2a: SUSTAIN","|-damage|p2a: SUSTAIN|0 fnt","|-damage|p1a: Staraptor|265/373|[from] recoil|[of] p2a: SUSTAIN","|faint|p2a: SUSTAIN","|","|-heal|p1a: Staraptor|288/373|[from] item: Leftovers","|","|switch|p2a: Chandelure|Chandelure, M, shiny|196/261","|-damage|p2a: Chandelure|131/261|[from] Stealth Rock","|turn|20","|","|switch|p1a: Blissey|Blissey, F|713/713","|move|p2a: Chandelure|Hidden Power|p1a: Blissey","|-damage|p1a: Blissey|670/713","|","|-heal|p1a: Blissey|713/713|[from] item: Leftovers","|turn|21","|","|switch|p2a: Sableye|Sableye, M, shiny|304/304","|-damage|p2a: Sableye|266/304|[from] Stealth Rock","|move|p1a: Blissey|Wish|p1a: Blissey","|","|-heal|p2a: Sableye|285/304|[from] item: Leftovers","|turn|22","|","|switch|p1a: Audino|Audino, F|409/409","|move|p2a: Sableye|Taunt|p1a: Audino","|-start|p1a: Audino|move: Taunt","|","|-heal|p2a: Sableye|304/304|[from] item: Leftovers","|turn|23","|","|detailschange|p1a: Audino|Audino-Mega, F","|-mega|p1a: Audino|Audino|Audinite","|move|p2a: Sableye|Calm Mind|p2a: Sableye","|-boost|p2a: Sableye|spa|1","|-boost|p2a: Sableye|spd|1","|move|p1a: Audino|Draining Kiss|p2a: Sableye","|-supereffective|p2a: Sableye","|-damage|p2a: Sableye|232/304","|","|-heal|p2a: Sableye|251/304|[from] item: Leftovers","|turn|24","|","|switch|p1a: Chansey|Chansey, F|600/703","|move|p2a: Sableye|Calm Mind|p2a: Sableye","|-boost|p2a: Sableye|spa|1","|-boost|p2a: Sableye|spd|1","|","|-heal|p2a: Sableye|270/304|[from] item: Leftovers","|turn|25","|","|switch|p1a: Staraptor|Staraptor, M|288/373","|-ability|p1a: Staraptor|Intimidate","|-unboost|p2a: Sableye|atk|1","|move|p2a: Sableye|Taunt|p1a: Staraptor","|-start|p1a: Staraptor|move: Taunt","|","|-heal|p1a: Staraptor|311/373|[from] item: Leftovers","|-heal|p2a: Sableye|289/304|[from] item: Leftovers","|turn|26","|","|switch|p1a: Blissey|Blissey, F|713/713","|move|p2a: Sableye|Calm Mind|p2a: Sableye","|-boost|p2a: Sableye|spa|1","|-boost|p2a: Sableye|spd|1","|","|-heal|p2a: Sableye|304/304|[from] item: Leftovers","|turn|27","|","|move|p2a: Sableye|Taunt|p1a: Blissey","|-start|p1a: Blissey|move: Taunt","|cant|p1a: Blissey|move: Taunt|Wish","|","|turn|28","|","|switch|p1a: Staraptor|Staraptor, M|311/373","|-ability|p1a: Staraptor|Intimidate","|-unboost|p2a: Sableye|atk|1","|move|p2a: Sableye|Calm Mind|p2a: Sableye","|-boost|p2a: Sableye|spa|1","|-boost|p2a: Sableye|spd|1","|","|-heal|p1a: Staraptor|334/373|[from] item: Leftovers","|turn|29","|","|move|p1a: Staraptor|Brave Bird|p2a: Sableye","|-damage|p2a: Sableye|115/304","|-damage|p1a: Staraptor|272/373|[from] recoil|[of] p2a: Sableye","|move|p2a: Sableye|Dark Pulse|p1a: Staraptor","|-damage|p1a: Staraptor|0 fnt","|faint|p1a: Staraptor","|","|-heal|p2a: Sableye|134/304|[from] item: Leftovers","|","|switch|p1a: Chansey|Chansey, F|600/703","|turn|30","|","|switch|p1a: Blissey|Blissey, F|713/713","|move|p2a: Sableye|Taunt|p1a: Blissey","|-start|p1a: Blissey|move: Taunt","|","|-heal|p2a: Sableye|153/304|[from] item: Leftovers","|turn|31","|","|switch|p1a: Chansey|Chansey, F|600/703","|move|p2a: Sableye|Recover|p2a: Sableye","|-heal|p2a: Sableye|304/304","|","|turn|32","|","|switch|p1a: Blissey|Blissey, F|713/713","|move|p2a: Sableye|Taunt|p1a: Blissey","|-start|p1a: Blissey|move: Taunt","|","|turn|33","|","|switch|p1a: Chansey|Chansey, F|600/703","|move|p2a: Sableye|Calm Mind|p2a: Sableye","|-boost|p2a: Sableye|spa|1","|-boost|p2a: Sableye|spd|1","|","|turn|34","|","|switch|p1a: Audino|Audino-Mega, F|409/409","|move|p2a: Sableye|Taunt|p1a: Audino","|-start|p1a: Audino|move: Taunt","|","|turn|35","|","|switch|p1a: Blissey|Blissey, F|713/713","|move|p2a: Sableye|Calm Mind|p2a: Sableye","|-boost|p2a: Sableye|spa|1","|-boost|p2a: Sableye|spd|1","|","|turn|36","|","|move|p2a: Sableye|Taunt|p1a: Blissey","|-start|p1a: Blissey|move: Taunt","|cant|p1a: Blissey|move: Taunt|Toxic","|","|turn|37","|","|switch|p1a: Chansey|Chansey, F|600/703","|move|p2a: Sableye|Dark Pulse|p1a: Chansey","|-damage|p1a: Chansey|443/703","|","|turn|38","|","|switch|p1a: Blissey|Blissey, F|713/713","|move|p2a: Sableye|Taunt|p1a: Blissey","|-start|p1a: Blissey|move: Taunt","|","|turn|39","|","|switch|p1a: Audino|Audino-Mega, F|409/409","|move|p2a: Sableye|Dark Pulse|p1a: Audino","|-resisted|p1a: Audino","|-damage|p1a: Audino|310/409","|","|turn|40","|","|move|p2a: Sableye|Dark Pulse|p1a: Audino","|-resisted|p1a: Audino","|-damage|p1a: Audino|208/409","|move|p1a: Audino|Wish|p1a: Audino","|","|turn|41","|","|move|p2a: Sableye|Taunt|p1a: Audino","|-start|p1a: Audino|move: Taunt","|cant|p1a: Audino|move: Taunt|Calm Mind","|","|-heal|p1a: Audino|409/409|[from] move: Wish|[wisher] Audino","|turn|42","|","|switch|p1a: Blissey|Blissey, F|713/713","|move|p2a: Sableye|Dark Pulse|p1a: Blissey","|-damage|p1a: Blissey|548/713","|","|-heal|p1a: Blissey|592/713|[from] item: Leftovers","|turn|43","|","|move|p2a: Sableye|Taunt|p1a: Blissey","|-start|p1a: Blissey|move: Taunt","|cant|p1a: Blissey|move: Taunt|Wish","|","|-heal|p1a: Blissey|636/713|[from] item: Leftovers","|turn|44","|","|switch|p1a: Audino|Audino-Mega, F|409/409","|move|p2a: Sableye|Dark Pulse|p1a: Audino","|-resisted|p1a: Audino","|-damage|p1a: Audino|309/409","|","|turn|45","|","|move|p2a: Sableye|Taunt|p1a: Audino","|-start|p1a: Audino|move: Taunt","|cant|p1a: Audino|move: Taunt|Wish","|","|turn|46","|","|move|p2a: Sableye|Dark Pulse|p1a: Audino","|-resisted|p1a: Audino","|-damage|p1a: Audino|195/409","|move|p1a: Audino|Draining Kiss|p2a: Sableye","|-supereffective|p2a: Sableye","|-damage|p2a: Sableye|274/304","|-heal|p1a: Audino|218/409|[from] drain|[of] p2a: Sableye","|","|-heal|p2a: Sableye|293/304|[from] item: Leftovers","|turn|47","|","|switch|p1a: Blissey|Blissey, F|636/713","|move|p2a: Sableye|Dark Pulse|p1a: Blissey","|-damage|p1a: Blissey|473/713","|","|-heal|p1a: Blissey|517/713|[from] item: Leftovers","|-heal|p2a: Sableye|304/304|[from] item: Leftovers","|turn|48","|","|move|p2a: Sableye|Taunt|p1a: Blissey","|-start|p1a: Blissey|move: Taunt","|cant|p1a: Blissey|move: Taunt|Wish","|","|-heal|p1a: Blissey|561/713|[from] item: Leftovers","|turn|49","|","|switch|p1a: Chansey|Chansey, F|443/703","|move|p2a: Sableye|Dark Pulse|p1a: Chansey","|-damage|p1a: Chansey|262/703","|","|turn|50","|","|move|p2a: Sableye|Taunt|p1a: Chansey","|-start|p1a: Chansey|move: Taunt","|cant|p1a: Chansey|move: Taunt|Soft-Boiled","|","|turn|51","|","|switch|p1a: Audino|Audino-Mega, F|218/409","|move|p2a: Sableye|Dark Pulse|p1a: Audino","|-resisted|p1a: Audino","|-damage|p1a: Audino|113/409","|","|turn|52","|","|switch|p1a: Staravia|Staravia, M|313/313","|-ability|p1a: Staravia|Intimidate","|-unboost|p2a: Sableye|atk|1","|move|p2a: Sableye|Taunt|p1a: Staravia","|-start|p1a: Staravia|move: Taunt","|","|turn|53","|","|move|p1a: Staravia|Brave Bird|p2a: Sableye","|-damage|p2a: Sableye|181/304","|-damage|p1a: Staravia|272/313|[from] recoil|[of] p2a: Sableye","|move|p2a: Sableye|Dark Pulse|p1a: Staravia","|-damage|p1a: Staravia|0 fnt","|faint|p1a: Staravia","|","|-heal|p2a: Sableye|200/304|[from] item: Leftovers","|","|switch|p1a: Miltank|Miltank, F|393/393","|turn|54","|","|move|p1a: Miltank|Toxic|p2a: Sableye","|-status|p2a: Sableye|tox","|move|p2a: Sableye|Dark Pulse|p1a: Miltank","|-damage|p1a: Miltank|30/393","|","|-heal|p1a: Miltank|54/393|[from] item: Leftovers","|-heal|p2a: Sableye|219/304 tox|[from] item: Leftovers","|-damage|p2a: Sableye|200/304 tox|[from] psn","|turn|55","|","|switch|p1a: Blissey|Blissey, F|561/713","|move|p2a: Sableye|Dark Pulse|p1a: Blissey","|-damage|p1a: Blissey|419/713","|","|-heal|p1a: Blissey|463/713|[from] item: Leftovers","|-heal|p2a: Sableye|219/304 tox|[from] item: Leftovers","|-damage|p2a: Sableye|181/304 tox|[from] psn","|turn|56","|","|move|p2a: Sableye|Taunt|p1a: Blissey","|-start|p1a: Blissey|move: Taunt","|cant|p1a: Blissey|move: Taunt|Soft-Boiled","|","|-heal|p1a: Blissey|507/713|[from] item: Leftovers","|-heal|p2a: Sableye|200/304 tox|[from] item: Leftovers","|-damage|p2a: Sableye|143/304 tox|[from] psn","|turn|57","|","|switch|p1a: Miltank|Miltank, F|54/393","|switch|p2a: Aegislash|Aegislash, M, shiny|245/261","|-damage|p2a: Aegislash|229/261|[from] Stealth Rock","|","|-heal|p1a: Miltank|78/393|[from] item: Leftovers","|turn|58","|","|switch|p1a: Chansey|Chansey, F|262/703","|move|p2a: Aegislash|Swords Dance|p2a: Aegislash","|-boost|p2a: Aegislash|atk|2","|","|turn|59","|","|move|p2a: Aegislash|Swords Dance|p2a: Aegislash","|-boost|p2a: Aegislash|atk|2","|move|p1a: Chansey|Soft-Boiled|p1a: Chansey","|-heal|p1a: Chansey|614/703","|","|turn|60","|","|move|p2a: Aegislash|Swords Dance|p2a: Aegislash","|-boost|p2a: Aegislash|atk|2","|move|p1a: Chansey|Wish|p1a: Chansey","|","|turn|61","|","|-formechange|p2a: Aegislash|Aegislash-Blade","|move|p2a: Aegislash|Iron Head|p1a: Chansey","|-damage|p1a: Chansey|0 fnt","|faint|p1a: Chansey","|","|","|win|Orchestromic"],"p1rating":{"entryid":"5790887","serverid":"eos","formatid":"monotype","userid":"wildalt","username":"WildAlt","w":"26","l":22,"t":"0","gxe":55.3,"r":"1553.9382041523","rd":"60.04617756566","sigma":"0","rptime":"1438938000","rpr":1540.9479124125,"rprd":59.284132840595,"rpsigma":"0","acre":1134.6530571292,"lacre":1134.6530571292,"oldacre":"1164.9108815766"},"p2rating":{"entryid":"6980159","serverid":"eos","formatid":"monotype","userid":"orchestromic","username":"Orchestromic","w":13,"l":"23","t":"0","gxe":41,"r":1417.7841605602,"rd":58.557332326688,"sigma":"0","rptime":1438938000,"rpr":1430.7300182444,"rprd":57.874991994982,"rpsigma":"0","acre":1122.6738795353,"lacre":1122.6738795353,"oldacre":"1090.7338058288"},"endType":"forfeit"}