{"seed":[19560,60709,13138,29233],"turns":34,"p1":"Silver-MNP","p2":"InfernalxCrown","p1team":[{"name":"Night","species":"umbreon","item":"leftovers","ability":"Synchronize","moves":["foulplay","toxic","confuseray","moonlight"],"nature":"Calm","evs":{"hp":252,"atk":0,"def":4,"spa":0,"spd":252,"spe":0},"gender":"M","shiny":true,"ivs":{"hp":31,"atk":31,"def":31,"spa":31,"spd":31,"spe":31}},{"name":"Rose","species":"hydreigon","item":"focussash","ability":"Levitate","moves":["darkpulse","fireblast","dracometeor","thunderfang"],"nature":"Hasty","evs":{"hp":0,"atk":4,"def":0,"spa":252,"spd":0,"spe":252},"gender":"F","ivs":{"hp":31,"atk":31,"def":31,"spa":31,"spd":31,"spe":31}},{"name":"Seth","species":"weavile","item":"expertbelt","ability":"Pressure","moves":["nightslash","iceshard","icepunch","darkpulse"],"nature":"Hasty","evs":{"hp":0,"atk":4,"def":0,"spa":4,"spd":0,"spe":252},"gender":"M","ivs":{"hp":31,"atk":31,"def":31,"spa":31,"spd":31,"spe":31}},{"name":"Demon","species":"houndoom","item":"houndoominite","ability":"Unnerve","moves":["flamethrower","fireblast","darkpulse","crunch"],"nature":"Hasty","evs":{"hp":0,"atk":4,"def":0,"spa":252,"spd":0,"spe":252},"gender":"M","ivs":{"hp":31,"atk":31,"def":31,"spa":31,"spd":31,"spe":31}},{"name":"Sonya","species":"tyranitar","item":"smoothrock","ability":"Sand Stream","moves":["stealthrock","crunch","icebeam","stoneedge"],"nature":"Naughty","evs":{"hp":248,"atk":252,"def":0,"spa":8,"spd":0,"spe":0},"gender":"F","shiny":true,"ivs":{"hp":31,"atk":31,"def":31,"spa":31,"spd":31,"spe":31}},{"name":"Wednesday","species":"honchkrow","item":"quickclaw","ability":"Super Luck","moves":["suckerpunch","roost","bravebird","superpower"],"nature":"Adamant","evs":{"hp":248,"atk":252,"def":0,"spa":0,"spd":8,"spe":0},"gender":"F","shiny":true,"ivs":{"hp":31,"atk":31,"def":31,"spa":31,"spd":31,"spe":31}}],"p2team":[{"name":"Aegislash","species":"Aegislash","item":"weaknesspolicy","ability":"Stance Change","moves":["shadowball","shadowsneak","kingsshield","sacredsword"],"nature":"Brave","evs":{"hp":252,"atk":76,"def":0,"spa":176,"spd":4,"spe":0},"ivs":{"hp":31,"atk":31,"def":31,"spa":31,"spd":31,"spe":0},"shiny":true},{"name":"Sableye","species":"Sableye","item":"leftovers","ability":"Prankster","moves":["willowisp","recover","taunt","knockoff"],"nature":"Careful","evs":{"hp":252,"atk":0,"def":84,"spa":0,"spd":168,"spe":4},"ivs":{"hp":31,"atk":0,"def":31,"spa":31,"spd":31,"spe":31}},{"name":"Golurk","species":"Golurk","item":"focussash","ability":"No Guard","moves":["stealthrock","curse","dynamicpunch","stoneedge"],"nature":"Adamant","evs":{"hp":4,"atk":252,"def":0,"spa":0,"spd":0,"spe":252},"shiny":true,"ivs":{"hp":31,"atk":31,"def":31,"spa":31,"spd":31,"spe":31}},{"name":"Jellicent","species":"Jellicent","item":"leftovers","ability":"Cursed Body","moves":["acidarmor","toxic","recover","scald"],"nature":"Calm","evs":{"hp":252,"atk":0,"def":4,"spa":0,"spd":252,"spe":0},"gender":"M","ivs":{"hp":31,"atk":0,"def":31,"spa":31,"spd":31,"spe":31}},{"name":"Chandelure","species":"Chandelure","item":"choicescarf","ability":"Infiltrator","moves":["flamethrower","shadowball","energyball","trick"],"nature":"Timid","evs":{"hp":0,"atk":0,"def":4,"spa":252,"spd":0,"spe":252},"ivs":{"hp":31,"atk":0,"def":31,"spa":31,"spd":31,"spe":31},"shiny":true},{"name":"Gengar","species":"Gengar","item":"choicespecs","ability":"Levitate","moves":["dazzlinggleam","shadowball","thunderbolt","sludgewave"],"nature":"Timid","evs":{"hp":4,"atk":0,"def":0,"spa":252,"spd":0,"spe":252},"ivs":{"hp":31,"atk":0,"def":31,"spa":31,"spd":31,"spe":31}}],"log":["|player|p1|Silver-MNP|289","|player|p2|InfernalxCrown|infernalxcrown.png","|gametype|singles","|gen|6","|tier|Monotype","|rated","|rule|Baton Pass Clause: Limit one Baton Passer, can't pass Spe and other stats simultaneously","|rule|Swagger Clause: Swagger is banned","|rule|Same Type Clause: Pokémon in a team must share a type","|clearpoke","|poke|p1|Umbreon, M, shiny","|poke|p1|Hydreigon, F","|poke|p1|Weavile, M","|poke|p1|Houndoom, M","|poke|p1|Tyranitar, F, shiny","|poke|p1|Honchkrow, F, shiny","|poke|p2|Aegislash, F, shiny","|poke|p2|Sableye, F","|poke|p2|Golurk, shiny","|poke|p2|Jellicent, M","|poke|p2|Chandelure, F, shiny","|poke|p2|Gengar, F","|rule|Sleep Clause Mod: Limit one foe put to sleep","|rule|Species Clause: Limit one of each Pokémon","|rule|OHKO Clause: OHKO moves are banned","|rule|Moody Clause: Moody is banned","|rule|Evasion Moves Clause: Evasion moves are banned","|rule|Endless Battle Clause: Forcing endless battles is banned","|rule|HP Percentage Mod: HP is shown in percentages","|teampreview","|","|start","|switch|p1a: Sonya|Tyranitar, F, shiny|403/403","|switch|p2a: Golurk|Golurk, shiny|320/320","|-weather|Sandstorm","|turn|1","|","|move|p2a: Golurk|Dynamic Punch|p1a: Sonya","|-supereffective|p1a: Sonya","|-damage|p1a: Sonya|0 fnt","|faint|p1a: Sonya","|","|-weather|Sandstorm|[upkeep]","|","|switch|p1a: Rose|Hydreigon, F|325/325","|turn|2","|","|move|p1a: Rose|Dark Pulse|p2a: Golurk","|-supereffective|p2a: Golurk","|-damage|p2a: Golurk|2/320","|move|p2a: Golurk|Dynamic Punch|p1a: Rose","|-supereffective|p1a: Rose","|-damage|p1a: Rose|3/325","|-start|p1a: Rose|confusion","|","|-weather|Sandstorm|[upkeep]","|-damage|p1a: Rose|0 fnt|[from] sandstorm","|faint|p1a: Rose","|","|switch|p1a: Seth|Weavile, M|281/281","|-ability|p1a: Seth|Pressure","|turn|3","|","|switch|p2a: Aegislash|Aegislash, F, shiny|324/324","|move|p1a: Seth|Night Slash|p2a: Aegislash","|-supereffective|p2a: Aegislash","|-damage|p2a: Aegislash|163/324","|-enditem|p2a: Aegislash|Weakness Policy","|-boost|p2a: Aegislash|atk|2|[from] item: Weakness Policy","|-boost|p2a: Aegislash|spa|2|[from] item: Weakness Policy","|","|-weather|Sandstorm|[upkeep]","|-damage|p1a: Seth|264/281|[from] sandstorm","|turn|4","|","|move|p1a: Seth|Dark Pulse|p2a: Aegislash","|-supereffective|p2a: Aegislash","|-damage|p2a: Aegislash|74/324","|-formechange|p2a: Aegislash|Aegislash-Blade","|move|p2a: Aegislash|Sacred Sword|p1a: Seth","|-supereffective|p1a: Seth","|-damage|p1a: Seth|0 fnt","|faint|p1a: Seth","|","|-weather|Sandstorm|[upkeep]","|","|switch|p1a: Wednesday|Honchkrow, F, shiny|403/403","|turn|5","|","|-formechange|p2a: Aegislash|Aegislash","|move|p2a: Aegislash|King's Shield|p2a: Aegislash","|-singleturn|p2a: Aegislash|Protect","|move|p1a: Wednesday|Sucker Punch|p2a: Aegislash","|-fail|p1a: Wednesday","|","|-weather|Sandstorm|[upkeep]","|-damage|p1a: Wednesday|378/403|[from] sandstorm","|turn|6","|","|move|p2a: Aegislash|King's Shield|p2a: Aegislash","|-fail|p2a: Aegislash","|move|p1a: Wednesday|Sucker Punch|p2a: Aegislash","|-fail|p1a: Wednesday","|","|-weather|Sandstorm|[upkeep]","|-damage|p1a: Wednesday|353/403|[from] sandstorm","|turn|7","|","|move|p1a: Wednesday|Brave Bird|p2a: Aegislash","|-resisted|p2a: Aegislash","|-damage|p2a: Aegislash|0 fnt","|-damage|p1a: Wednesday|329/403|[from] recoil|[of] p2a: Aegislash","|faint|p2a: Aegislash","|","|-weather|Sandstorm|[upkeep]","|-damage|p1a: Wednesday|304/403|[from] sandstorm","|","|switch|p2a: Gengar|Gengar, F|262/262","|turn|8","|","|move|p1a: Wednesday|Sucker Punch|p2a: Gengar","|-supereffective|p2a: Gengar","|-damage|p2a: Gengar|0 fnt","|faint|p2a: Gengar","|","|-weather|none","|","|switch|p2a: Sableye|Sableye, F|304/304","|turn|9","|","|move|p1a: Wednesday|Sucker Punch|p2a: Sableye","|-fail|p1a: Wednesday","|move|p2a: Sableye|Will-O-Wisp|p1a: Wednesday","|-status|p1a: Wednesday|brn","|","|-damage|p1a: Wednesday|254/403 brn|[from] brn","|turn|10","|","|switch|p2a: Jellicent|Jellicent, M|404/404","|move|p1a: Wednesday|Brave Bird|p2a: Jellicent","|-damage|p2a: Jellicent|248/404","|-damage|p1a: Wednesday|203/403 brn|[from] recoil|[of] p2a: Jellicent","|","|-heal|p2a: Jellicent|273/404|[from] item: Leftovers","|-damage|p1a: Wednesday|153/403 brn|[from] brn","|turn|11","|","|move|p1a: Wednesday|Sucker Punch|p2a: Jellicent","|-fail|p1a: Wednesday","|move|p2a: Jellicent|Recover|p2a: Jellicent","|-heal|p2a: Jellicent|404/404","|","|-damage|p1a: Wednesday|103/403 brn|[from] brn","|turn|12","|-activate|p1a: Wednesday|item: Quick Claw","|","|move|p1a: Wednesday|Brave Bird|p2a: Jellicent","|-damage|p2a: Jellicent|261/404","|-start|p1a: Wednesday|Disable|Brave Bird","|-damage|p1a: Wednesday|56/403 brn|[from] recoil|[of] p2a: Jellicent","|move|p2a: Jellicent|Recover|p2a: Jellicent","|-heal|p2a: Jellicent|404/404","|","|-damage|p1a: Wednesday|6/403 brn|[from] brn","|turn|13","|-activate|p1a: Wednesday|item: Quick Claw","|","|move|p1a: Wednesday|Roost|p1a: Wednesday","|-heal|p1a: Wednesday|208/403 brn","|move|p2a: Jellicent|Recover|p2a: Jellicent","|-fail|p2a: Jellicent","|","|-damage|p1a: Wednesday|158/403 brn|[from] brn","|turn|14","|","|move|p1a: Wednesday|Sucker Punch|p2a: Jellicent","|-supereffective|p2a: Jellicent","|-damage|p2a: Jellicent|188/404","|move|p2a: Jellicent|Scald|p1a: Wednesday","|-damage|p1a: Wednesday|28/403 brn","|","|-heal|p2a: Jellicent|213/404|[from] item: Leftovers","|-damage|p1a: Wednesday|0 fnt|[from] brn","|faint|p1a: Wednesday","|","|switch|p1a: Night|Umbreon, M, shiny|394/394","|turn|15","|","|move|p1a: Night|Confuse Ray|p2a: Jellicent","|-start|p2a: Jellicent|confusion","|-activate|p2a: Jellicent|confusion","|move|p2a: Jellicent|Recover|p2a: Jellicent","|-heal|p2a: Jellicent|404/404","|","|turn|16","|","|switch|p2a: Sableye|Sableye, F|304/304","|move|p1a: Night|Toxic|p2a: Sableye","|-status|p2a: Sableye|tox","|","|-damage|p2a: Sableye|285/304 tox|[from] psn","|turn|17","|","|move|p2a: Sableye|Taunt|p1a: Night","|-start|p1a: Night|move: Taunt","|move|p1a: Night|Foul Play|p2a: Sableye","|-damage|p2a: Sableye|195/304 tox","|","|-heal|p2a: Sableye|214/304 tox|[from] item: Leftovers","|-damage|p2a: Sableye|176/304 tox|[from] psn","|turn|18","|","|move|p1a: Night|Foul Play|p2a: Sableye","|-damage|p2a: Sableye|89/304 tox","|move|p2a: Sableye|Knock Off|p1a: Night","|-resisted|p1a: Night","|-damage|p1a: Night|361/394","|-enditem|p1a: Night|Leftovers|[from] move: Knock Off|[of] p2a: Sableye","|","|-heal|p2a: Sableye|108/304 tox|[from] item: Leftovers","|-damage|p2a: Sableye|51/304 tox|[from] psn","|turn|19","|","|move|p2a: Sableye|Recover|p2a: Sableye","|-heal|p2a: Sableye|203/304 tox","|move|p1a: Night|Foul Play|p2a: Sableye","|-crit|p2a: Sableye","|-damage|p2a: Sableye|88/304 tox","|","|-heal|p2a: Sableye|107/304 tox|[from] item: Leftovers","|-damage|p2a: Sableye|31/304 tox|[from] psn","|-end|p1a: Night|move: Taunt","|turn|20","|","|move|p2a: Sableye|Taunt|p1a: Night","|-start|p1a: Night|move: Taunt","|move|p1a: Night|Foul Play|p2a: Sableye","|-damage|p2a: Sableye|0 fnt","|faint|p2a: Sableye","|","|","|switch|p2a: Golurk|Golurk, shiny|2/320","|turn|21","|","|move|p2a: Golurk|Dynamic Punch|p1a: Night","|-supereffective|p1a: Night","|-damage|p1a: Night|117/394","|-start|p1a: Night|confusion","|-activate|p1a: Night|confusion","|-damage|p1a: Night|99/394|[from] confusion","|","|turn|22","|","|move|p2a: Golurk|Dynamic Punch|p1a: Night","|-supereffective|p1a: Night","|-damage|p1a: Night|0 fnt","|faint|p1a: Night","|","|","|switch|p1a: Demon|Houndoom, M|291/291","|-ability|p1a: Demon|Unnerve|p2: InfernalxCrown","|turn|23","|","|detailschange|p1a: Demon|Houndoom-Mega, M","|-mega|p1a: Demon|Houndoom|Houndoominite","|move|p1a: Demon|Crunch|p2a: Golurk","|-supereffective|p2a: Golurk","|-damage|p2a: Golurk|0 fnt","|faint|p2a: Golurk","|","|","|switch|p2a: Jellicent|Jellicent, M|404/404","|turn|24","|","|move|p1a: Demon|Dark Pulse|p2a: Jellicent","|-supereffective|p2a: Jellicent","|-damage|p2a: Jellicent|200/404","|move|p2a: Jellicent|Recover|p2a: Jellicent","|-heal|p2a: Jellicent|402/404","|","|-heal|p2a: Jellicent|404/404|[from] item: Leftovers","|turn|25","|","|move|p1a: Demon|Dark Pulse|p2a: Jellicent","|-supereffective|p2a: Jellicent","|-damage|p2a: Jellicent|194/404","|cant|p2a: Jellicent|flinch","|","|-heal|p2a: Jellicent|219/404|[from] item: Leftovers","|turn|26","|","|move|p1a: Demon|Dark Pulse|p2a: Jellicent","|-supereffective|p2a: Jellicent","|-damage|p2a: Jellicent|13/404","|move|p2a: Jellicent|Recover|p2a: Jellicent","|-heal|p2a: Jellicent|215/404","|","|-heal|p2a: Jellicent|240/404|[from] item: Leftovers","|turn|27","|","|move|p1a: Demon|Crunch|p2a: Jellicent","|-supereffective|p2a: Jellicent","|-damage|p2a: Jellicent|10/404","|-start|p1a: Demon|Disable|Crunch","|move|p2a: Jellicent|Recover|p2a: Jellicent","|-heal|p2a: Jellicent|212/404","|","|-heal|p2a: Jellicent|237/404|[from] item: Leftovers","|turn|28","|","|move|p1a: Demon|Dark Pulse|p2a: Jellicent","|-supereffective|p2a: Jellicent","|-damage|p2a: Jellicent|37/404","|move|p2a: Jellicent|Recover|p2a: Jellicent","|-heal|p2a: Jellicent|239/404","|","|-heal|p2a: Jellicent|264/404|[from] item: Leftovers","|turn|29","|","|move|p1a: Demon|Dark Pulse|p2a: Jellicent","|-supereffective|p2a: Jellicent","|-damage|p2a: Jellicent|54/404","|move|p2a: Jellicent|Recover|p2a: Jellicent","|-heal|p2a: Jellicent|256/404","|","|-heal|p2a: Jellicent|281/404|[from] item: Leftovers","|turn|30","|","|move|p1a: Demon|Fire Blast|p2a: Jellicent","|-resisted|p2a: Jellicent","|-damage|p2a: Jellicent|204/404","|move|p2a: Jellicent|Scald|p1a: Demon","|-supereffective|p1a: Demon","|-damage|p1a: Demon|123/291","|","|-heal|p2a: Jellicent|229/404|[from] item: Leftovers","|turn|31","|","|move|p1a: Demon|Dark Pulse|p2a: Jellicent","|-supereffective|p2a: Jellicent","|-damage|p2a: Jellicent|35/404","|cant|p2a: Jellicent|flinch","|","|-heal|p2a: Jellicent|60/404|[from] item: Leftovers","|-end|p1a: Demon|Disable","|turn|32","|","|move|p1a: Demon|Dark Pulse|p2a: Jellicent","|-supereffective|p2a: Jellicent","|-damage|p2a: Jellicent|0 fnt","|faint|p2a: Jellicent","|","|","|switch|p2a: Chandelure|Chandelure, F, shiny|261/261","|turn|33","|","|move|p2a: Chandelure|Flamethrower|p1a: Demon","|-resisted|p1a: Demon","|-damage|p1a: Demon|27/291","|move|p1a: Demon|Crunch|p2a: Chandelure","|-supereffective|p2a: Chandelure","|-damage|p2a: Chandelure|57/261","|","|turn|34","|","|move|p2a: Chandelure|Flamethrower|p1a: Demon","|-resisted|p1a: Demon","|-damage|p1a: Demon|0 fnt","|faint|p1a: Demon","|","|win|InfernalxCrown"],"p1rating":{"entryid":"7303911","serverid":"eos","formatid":"monotype","userid":"silvermnp","username":"Silver-MNP","w":"1","l":4,"t":"0","gxe":37,"r":1417.3905456895,"rd":108.64421201641,"sigma":"0","rptime":1438938000,"rpr":1395.3607116707,"rprd":104.14113650444,"rpsigma":"0","acre":1012.5357962191,"lacre":1012.5357962191,"oldacre":"1024.079707818"},"p2rating":{"entryid":"5724468","serverid":"eos","formatid":"monotype","userid":"infernalxcrown","username":"InfernalxCrown","w":82,"l":"78","t":"0","gxe":52.5,"r":"1521.5837898453","rd":"37.476740410951","sigma":"0","rptime":"1438938000","rpr":1518.929458429,"rprd":36.759396930576,"rpsigma":"0","acre":1101.3693455838,"lacre":1101.3693455838,"oldacre":"1077.2769424869"},"endType":"normal"}