{"seed":[32658,56721,20098,2825],"turns":24,"p1":"GTX♅flame","p2":"Marx-Bot","p1team":[{"name":"Dick-Head","species":"keldeoresolute","item":"lifeorb","ability":"Justified","moves":["scald","secretsword","hydropump","icywind"],"nature":"Timid","evs":{"hp":0,"atk":0,"def":0,"spa":252,"spd":4,"spe":252},"shiny":true,"ivs":{"hp":31,"atk":31,"def":31,"spa":31,"spd":31,"spe":31}},{"name":"Mr.Handsy","species":"hoopaunbound","item":"leftovers","ability":"Magician","moves":["hyperspacehole","darkpulse","focusblast","hiddenpowerfire"],"nature":"Timid","evs":{"hp":0,"atk":0,"def":0,"spa":252,"spd":4,"spe":252},"ivs":{"hp":31,"atk":30,"def":31,"spa":30,"spd":31,"spe":30}},{"name":"Green Machete","species":"scizor","item":"scizorite","ability":"Technician","moves":["swordsdance","bugbite","bulletpunch","superpower"],"nature":"Impish","evs":{"hp":248,"atk":44,"def":16,"spa":0,"spd":200,"spe":0},"gender":"M","shiny":true,"ivs":{"hp":31,"atk":31,"def":31,"spa":31,"spd":31,"spe":31}},{"name":"Landorus-Therian","species":"Landorus-Therian","item":"leftovers","ability":"Intimidate","moves":["earthquake","uturn","stoneedge","stealthrock"],"nature":"Impish","evs":{"hp":252,"atk":0,"def":240,"spa":0,"spd":8,"spe":8},"shiny":true,"ivs":{"hp":31,"atk":31,"def":31,"spa":31,"spd":31,"spe":31}},{"name":"Luxray","species":"Luxray","item":"choicescarf","ability":"Intimidate","moves":["irontail","nightslash","icefang","thunderfang"],"nature":"Jolly","evs":{"hp":0,"atk":252,"def":0,"spa":0,"spd":4,"spe":252},"gender":"M","shiny":true,"ivs":{"hp":31,"atk":31,"def":31,"spa":31,"spd":31,"spe":31}},{"name":"Tornadus-Therian","species":"Tornadus-Therian","item":"assaultvest","ability":"Regenerator","moves":["hurricane","icywind","heatwave","uturn"],"nature":"Timid","evs":{"hp":132,"atk":0,"def":0,"spa":160,"spd":0,"spe":216},"shiny":true,"ivs":{"hp":31,"atk":31,"def":31,"spa":31,"spd":31,"spe":31}}],"p2team":[{"name":"Cinccino","species":"Cinccino","item":"kingsrock","ability":"Skill Link","moves":["bulletseed","rockblast","tailslap","uturn"],"nature":"Jolly","evs":{"hp":0,"atk":252,"def":0,"spa":0,"spd":4,"spe":252},"ivs":{"hp":31,"atk":31,"def":31,"spa":31,"spd":31,"spe":31}},{"name":"Avalugg","species":"Avalugg","item":"rockyhelmet","ability":"Sturdy","moves":["toxic","recover","avalanche","rapidspin"],"nature":"Impish","evs":{"hp":248,"atk":8,"def":252,"spa":0,"spd":0,"spe":0},"ivs":{"hp":31,"atk":31,"def":31,"spa":31,"spd":31,"spe":31}},{"name":"Dusknoir","species":"Dusknoir","item":"leftovers","ability":"Frisk","moves":["destinybond","protect","brickbreak","nightshade"],"nature":"Careful","evs":{"hp":252,"atk":4,"def":0,"spa":0,"spd":252,"spe":0},"ivs":{"hp":31,"atk":31,"def":31,"spa":31,"spd":31,"spe":31}},{"name":"Archeops","species":"Archeops","item":"choiceband","ability":"Defeatist","moves":["earthquake","dragonclaw","rockslide","uturn"],"nature":"Jolly","evs":{"hp":0,"atk":252,"def":0,"spa":0,"spd":4,"spe":252},"ivs":{"hp":31,"atk":31,"def":31,"spa":31,"spd":31,"spe":31}},{"name":"Gyarados","species":"Gyarados","item":"leftovers","ability":"Intimidate","moves":["dragontail","thunderwave","rest","sleeptalk"],"nature":"Careful","evs":{"hp":252,"atk":4,"def":0,"spa":0,"spd":252,"spe":0},"ivs":{"hp":31,"atk":31,"def":31,"spa":31,"spd":31,"spe":31}},{"name":"Exploud","species":"Exploud","item":"choicespecs","ability":"Scrappy","moves":["boomburst","extrasensory","fireblast","icebeam"],"nature":"Modest","evs":{"hp":248,"atk":0,"def":0,"spa":252,"spd":8,"spe":0},"ivs":{"hp":31,"atk":31,"def":31,"spa":31,"spd":31,"spe":31}}],"log":["|player|p1|GTX♅flame|94","|player|p2|Marx-Bot|238","|gametype|singles","|gen|6","|tier|OU","|rated","|clearpoke","|poke|p1|Keldeo-Resolute, shiny","|poke|p1|Hoopa-Unbound","|poke|p1|Scizor, M, shiny","|poke|p1|Landorus-Therian, M, shiny","|poke|p1|Luxray, M, shiny","|poke|p1|Tornadus-Therian, M, shiny","|poke|p2|Cinccino, F","|poke|p2|Avalugg, M","|poke|p2|Dusknoir, F","|poke|p2|Archeops, M","|poke|p2|Gyarados, M","|poke|p2|Exploud, F","|rule|Swagger Clause: Swagger is banned","|rule|Baton Pass Clause: Limit one Baton Passer, can't pass Spe and other stats simultaneously","|rule|Sleep Clause Mod: Limit one foe put to sleep","|rule|Species Clause: Limit one of each Pokémon","|rule|OHKO Clause: OHKO moves are banned","|rule|Moody Clause: Moody is banned","|rule|Evasion Moves Clause: Evasion moves are banned","|rule|Endless Battle Clause: Forcing endless battles is banned","|rule|HP Percentage Mod: HP is shown in percentages","|teampreview","|","|start","|switch|p1a: Landorus-Therian|Landorus-Therian, M, shiny|382/382","|switch|p2a: Archeops|Archeops, M|291/291","|-ability|p1a: Landorus-Therian|Intimidate","|-unboost|p2a: Archeops|atk|1","|turn|1","|","|move|p2a: Archeops|U-turn|p1a: Landorus-Therian","|-resisted|p1a: Landorus-Therian","|-damage|p1a: Landorus-Therian|348/382","|","|switch|p2a: Gyarados|Gyarados, M|394/394","|-ability|p2a: Gyarados|Intimidate","|-unboost|p1a: Landorus-Therian|atk|1","|move|p1a: Landorus-Therian|Stealth Rock|p2a: Gyarados","|-sidestart|p2: Marx-Bot|move: Stealth Rock","|","|-heal|p1a: Landorus-Therian|371/382|[from] item: Leftovers","|turn|2","|","|move|p1a: Landorus-Therian|Stone Edge|p2a: Gyarados","|-supereffective|p2a: Gyarados","|-damage|p2a: Gyarados|222/394","|move|p2a: Gyarados|Dragon Tail|p1a: Landorus-Therian","|-damage|p1a: Landorus-Therian|328/382","|drag|p1a: Dick-Head|Keldeo-Resolute, shiny|323/323","|","|-heal|p2a: Gyarados|246/394|[from] item: Leftovers","|turn|3","|","|move|p1a: Dick-Head|Scald|p2a: Gyarados","|-crit|p2a: Gyarados","|-resisted|p2a: Gyarados","|-damage|p2a: Gyarados|149/394","|-damage|p1a: Dick-Head|291/323|[from] item: Life Orb","|move|p2a: Gyarados|Thunder Wave|p1a: Dick-Head","|-status|p1a: Dick-Head|par","|","|-heal|p2a: Gyarados|173/394|[from] item: Leftovers","|turn|4","|","|move|p2a: Gyarados|Rest|p2a: Gyarados","|-status|p2a: Gyarados|slp","|-heal|p2a: Gyarados|394/394 slp|[silent]","|-status|p2a: Gyarados|slp|[from] move: Rest","|move|p1a: Dick-Head|Icy Wind|p2a: Gyarados","|-crit|p2a: Gyarados","|-damage|p2a: Gyarados|293/394 slp","|-unboost|p2a: Gyarados|spe|1","|-damage|p1a: Dick-Head|259/323 par|[from] item: Life Orb","|","|-heal|p2a: Gyarados|317/394 slp|[from] item: Leftovers","|turn|5","|","|switch|p1a: Luxray|Luxray, M, shiny|301/301","|-ability|p1a: Luxray|Intimidate","|-unboost|p2a: Gyarados|atk|1","|cant|p2a: Gyarados|slp","|move|p2a: Gyarados|Sleep Talk|p2a: Gyarados","|move|p2a: Gyarados|Rest|p2a: Gyarados|[from]Sleep Talk","|-fail|p2a: Gyarados","|","|-heal|p2a: Gyarados|341/394 slp|[from] item: Leftovers","|turn|6","|","|switch|p2a: Dusknoir|Dusknoir, F|294/294","|-damage|p2a: Dusknoir|258/294|[from] Stealth Rock","|-item|p1a: Luxray|Choice Scarf|[from] ability: Frisk|[of] p2a: Dusknoir|[identify]","|move|p1a: Luxray|Thunder Fang|p2a: Dusknoir","|-damage|p2a: Dusknoir|173/294","|","|-heal|p2a: Dusknoir|191/294|[from] item: Leftovers","|turn|7","|","|switch|p1a: Green Machete|Scizor, M, shiny|343/343","|move|p2a: Dusknoir|Night Shade|p1a: Green Machete","|-damage|p1a: Green Machete|243/343","|","|-heal|p2a: Dusknoir|209/294|[from] item: Leftovers","|turn|8","|","|detailschange|p1a: Green Machete|Scizor-Mega, M, shiny","|-mega|p1a: Green Machete|Scizor|Scizorite","|move|p1a: Green Machete|Swords Dance|p1a: Green Machete","|-boost|p1a: Green Machete|atk|2","|move|p2a: Dusknoir|Night Shade|p1a: Green Machete","|-damage|p1a: Green Machete|143/343","|","|-heal|p2a: Dusknoir|227/294|[from] item: Leftovers","|turn|9","|","|move|p1a: Green Machete|Swords Dance|p1a: Green Machete","|-boost|p1a: Green Machete|atk|2","|move|p2a: Dusknoir|Destiny Bond|p2a: Dusknoir","|-singlemove|p2a: Dusknoir|Destiny Bond","|","|-heal|p2a: Dusknoir|245/294|[from] item: Leftovers","|turn|10","|","|move|p1a: Green Machete|Swords Dance|p1a: Green Machete","|-boost|p1a: Green Machete|atk|2","|move|p2a: Dusknoir|Night Shade|p1a: Green Machete","|-damage|p1a: Green Machete|43/343","|","|-heal|p2a: Dusknoir|263/294|[from] item: Leftovers","|turn|11","|","|move|p1a: Green Machete|Bullet Punch|p2a: Dusknoir","|-damage|p2a: Dusknoir|0 fnt","|faint|p2a: Dusknoir","|","|","|switch|p2a: Avalugg|Avalugg, M|393/393","|-damage|p2a: Avalugg|295/393|[from] Stealth Rock","|turn|12","|","|move|p1a: Green Machete|Bullet Punch|p2a: Avalugg","|-crit|p2a: Avalugg","|-supereffective|p2a: Avalugg","|-damage|p2a: Avalugg|0 fnt","|-damage|p1a: Green Machete|0 fnt|[from] item: Rocky Helmet|[of] p2a: Avalugg","|faint|p1a: Green Machete","|faint|p2a: Avalugg","|","|","|switch|p1a: Mr.Handsy|Hoopa-Unbound|301/301","|switch|p2a: Gyarados|Gyarados, M|341/394 slp","|-damage|p2a: Gyarados|243/394 slp|[from] Stealth Rock","|-ability|p2a: Gyarados|Intimidate","|-unboost|p1a: Mr.Handsy|atk|1","|turn|13","|","|move|p1a: Mr.Handsy|Hyperspace Hole|p2a: Gyarados","|-damage|p2a: Gyarados|107/394 slp","|cant|p2a: Gyarados|slp","|move|p2a: Gyarados|Sleep Talk|p2a: Gyarados","|move|p2a: Gyarados|Rest|p2a: Gyarados|[from]Sleep Talk","|-fail|p2a: Gyarados","|","|-heal|p2a: Gyarados|131/394 slp|[from] item: Leftovers","|turn|14","|","|move|p1a: Mr.Handsy|Hyperspace Hole|p2a: Gyarados","|-damage|p2a: Gyarados|0 fnt","|faint|p2a: Gyarados","|","|","|switch|p2a: Archeops|Archeops, M|291/291","|-damage|p2a: Archeops|219/291|[from] Stealth Rock","|turn|15","|","|move|p2a: Archeops|U-turn|p1a: Mr.Handsy","|-supereffective|p1a: Mr.Handsy","|-damage|p1a: Mr.Handsy|0 fnt","|faint|p1a: Mr.Handsy","|","|switch|p2a: Cinccino|Cinccino, F|291/291","|-damage|p2a: Cinccino|255/291|[from] Stealth Rock","|","|","|switch|p1a: Dick-Head|Keldeo-Resolute, shiny|259/323 par","|turn|16","|","|move|p2a: Cinccino|Bullet Seed|p1a: Dick-Head","|-supereffective|p1a: Dick-Head","|-damage|p1a: Dick-Head|201/323 par","|-supereffective|p1a: Dick-Head","|-damage|p1a: Dick-Head|149/323 par","|-supereffective|p1a: Dick-Head","|-damage|p1a: Dick-Head|93/323 par","|-crit|p1a: Dick-Head","|-supereffective|p1a: Dick-Head","|-damage|p1a: Dick-Head|3/323 par","|-supereffective|p1a: Dick-Head","|-damage|p1a: Dick-Head|0 fnt","|-hitcount|p1a: Dick-Head|5","|faint|p1a: Dick-Head","|","|","|switch|p1a: Tornadus-Therian|Tornadus-Therian, M, shiny|332/332","|turn|17","|","|move|p1a: Tornadus-Therian|Icy Wind|p2a: Cinccino","|-damage|p2a: Cinccino|177/291","|-unboost|p2a: Cinccino|spe|1","|move|p2a: Cinccino|Rock Blast|p1a: Tornadus-Therian","|-supereffective|p1a: Tornadus-Therian","|-damage|p1a: Tornadus-Therian|276/332","|-supereffective|p1a: Tornadus-Therian","|-damage|p1a: Tornadus-Therian|212/332","|-supereffective|p1a: Tornadus-Therian","|-damage|p1a: Tornadus-Therian|156/332","|-supereffective|p1a: Tornadus-Therian","|-damage|p1a: Tornadus-Therian|96/332","|-supereffective|p1a: Tornadus-Therian","|-damage|p1a: Tornadus-Therian|40/332","|-hitcount|p1a: Tornadus-Therian|5","|","|turn|18","|","|move|p1a: Tornadus-Therian|Icy Wind|p2a: Cinccino","|-damage|p2a: Cinccino|90/291","|-unboost|p2a: Cinccino|spe|1","|move|p2a: Cinccino|U-turn|p1a: Tornadus-Therian","|-resisted|p1a: Tornadus-Therian","|-damage|p1a: Tornadus-Therian|1/332","|","|switch|p2a: Exploud|Exploud, F|411/411","|-damage|p2a: Exploud|360/411|[from] Stealth Rock","|","|turn|19","|","|move|p1a: Tornadus-Therian|U-turn|p2a: Exploud","|-damage|p2a: Exploud|293/411","|","|switch|p1a: Landorus-Therian|Landorus-Therian, M, shiny|328/382","|-ability|p1a: Landorus-Therian|Intimidate","|-unboost|p2a: Exploud|atk|1","|move|p2a: Exploud|Ice Beam|p1a: Landorus-Therian","|-supereffective|p1a: Landorus-Therian","|-damage|p1a: Landorus-Therian|0 fnt","|faint|p1a: Landorus-Therian","|","|","|switch|p1a: Luxray|Luxray, M, shiny|301/301","|-ability|p1a: Luxray|Intimidate","|-unboost|p2a: Exploud|atk|1","|turn|20","|","|move|p1a: Luxray|Night Slash|p2a: Exploud","|-damage|p2a: Exploud|182/411","|move|p2a: Exploud|Ice Beam|p1a: Luxray","|-damage|p1a: Luxray|130/301","|-status|p1a: Luxray|frz","|","|turn|21","|","|cant|p1a: Luxray|frz","|move|p2a: Exploud|Ice Beam|p1a: Luxray","|-damage|p1a: Luxray|0 fnt","|faint|p1a: Luxray","|","|","|switch|p1a: Tornadus-Therian|Tornadus-Therian, M, shiny|111/332","|turn|22","|","|move|p1a: Tornadus-Therian|Hurricane|p2a: Exploud","|-damage|p2a: Exploud|0 fnt","|faint|p2a: Exploud","|","|","|switch|p2a: Archeops|Archeops, M|219/291","|-damage|p2a: Archeops|147/291|[from] Stealth Rock","|turn|23","|","|move|p1a: Tornadus-Therian|Icy Wind|p2a: Archeops","|-crit|p2a: Archeops","|-supereffective|p2a: Archeops","|-damage|p2a: Archeops|0 fnt","|faint|p2a: Archeops","|","|","|switch|p2a: Cinccino|Cinccino, F|90/291","|-damage|p2a: Cinccino|54/291|[from] Stealth Rock","|turn|24","|","|move|p1a: Tornadus-Therian|Icy Wind|p2a: Cinccino","|-damage|p2a: Cinccino|0 fnt","|faint|p2a: Cinccino","|","|win|GTX♅flame"],"p1rating":{"entryid":"405271","serverid":"eos","formatid":"ou","userid":"gtxflame","username":"GTX♅flame","w":3,"l":"0","t":"0","gxe":62.3,"r":"1500","rd":"130","sigma":"0","rptime":"1440406800","rpr":1599.2675350834,"rprd":111.51861011339,"rpsigma":"0","acre":1093.7176627926,"lacre":1093.7176627926,"oldacre":"1070.1028089042"},"p2rating":{"entryid":413298,"formatid":"ou","userid":"marxbot","username":"Marx-Bot","r":1500,"rd":130,"sigma":0,"rpr":1459.8393856612,"rprd":122.8583080769,"rpsigma":0,"rptime":1440406800,"w":0,"l":1,"t":0,"gxe":45,"acre":1000,"lacre":1000,"oldacre":1000},"endType":"normal"}