{"seed":[60546,56957,14926,63383],"turns":64,"p1":"UnownMaN","p2":"Primal GT DuckSoup","p1team":[{"name":"Diancie","species":"Diancie","item":"diancite","ability":"Clear Body","moves":["diamondstorm","moonblast","earthpower","protect"],"nature":"Naive","evs":{"hp":0,"atk":56,"def":0,"spa":200,"spd":0,"spe":252},"ivs":{"hp":31,"atk":31,"def":31,"spa":31,"spd":31,"spe":31}},{"name":"Zapdos","species":"Zapdos","item":"leftovers","ability":"Pressure","moves":["discharge","defog","roost","heatwave"],"nature":"Bold","evs":{"hp":252,"atk":0,"def":224,"spa":32,"spd":0,"spe":0},"ivs":{"hp":31,"atk":31,"def":31,"spa":31,"spd":31,"spe":31}},{"name":"Chansey","species":"Chansey","item":"eviolite","ability":"Natural Cure","moves":["toxic","wish","protect","seismictoss"],"nature":"Bold","evs":{"hp":4,"atk":0,"def":252,"spa":0,"spd":252,"spe":0},"ivs":{"hp":31,"atk":31,"def":31,"spa":31,"spd":31,"spe":31}},{"name":"Excadrill","species":"Excadrill","item":"choicescarf","ability":"Mold Breaker","moves":["earthquake","ironhead","xscissor","rockslide"],"nature":"Jolly","evs":{"hp":0,"atk":252,"def":0,"spa":0,"spd":4,"spe":252},"gender":"M","ivs":{"hp":31,"atk":31,"def":31,"spa":31,"spd":31,"spe":31}},{"name":"Keldeo-Resolute","species":"Keldeo-Resolute","item":"leftovers","ability":"Justified","moves":["hydropump","secretsword","substitute","calmmind"],"nature":"Timid","evs":{"hp":0,"atk":0,"def":0,"spa":252,"spd":4,"spe":252},"ivs":{"hp":31,"atk":31,"def":31,"spa":31,"spd":31,"spe":31}},{"name":"Hippowdon","species":"Hippowdon","item":"leftovers","ability":"Sand Stream","moves":["stealthrock","earthquake","slackoff","whirlwind"],"nature":"Impish","evs":{"hp":252,"atk":4,"def":252,"spa":0,"spd":0,"spe":0},"gender":"M","ivs":{"hp":31,"atk":31,"def":31,"spa":31,"spd":31,"spe":31}}],"p2team":[{"name":"Klefki","species":"Klefki","item":"lightball","ability":"Prankster","moves":["reflect","lightscreen","spikes","thunderwave"],"nature":"Bold","evs":{"hp":248,"atk":0,"def":252,"spa":0,"spd":8,"spe":0},"ivs":{"hp":31,"atk":31,"def":31,"spa":31,"spd":31,"spe":31}},{"name":"Slowking","species":"Slowking","item":"assaultvest","ability":"Regenerator","moves":["psyshock","scald","icebeam","fireblast"],"nature":"Modest","evs":{"hp":248,"atk":0,"def":0,"spa":252,"spd":8,"spe":0},"ivs":{"hp":31,"atk":31,"def":31,"spa":31,"spd":31,"spe":31}},{"name":"Tangrowth","species":"Tangrowth","item":"leftovers","ability":"Regenerator","moves":["knockoff","sleeppowder","gigadrain","leechseed"],"nature":"Relaxed","evs":{"hp":252,"atk":0,"def":252,"spa":4,"spd":0,"spe":0},"ivs":{"hp":31,"atk":31,"def":31,"spa":31,"spd":31,"spe":31}},{"name":"Camerupt","species":"Camerupt","item":"cameruptite","ability":"Solid Rock","moves":["fireblast","earthpower","ancientpower","willowisp"],"nature":"Modest","evs":{"hp":252,"atk":0,"def":0,"spa":252,"spd":0,"spe":0},"ivs":{"hp":31,"atk":31,"def":31,"spa":31,"spd":31,"spe":31}},{"name":"Jirachi","species":"Jirachi","item":"leftovers","ability":"Serene Grace","moves":["stealthrock","ironhead","trickroom","bodyslam"],"nature":"Sassy","evs":{"hp":224,"atk":136,"def":0,"spa":0,"spd":116,"spe":32},"ivs":{"hp":31,"atk":31,"def":31,"spa":31,"spd":31,"spe":0}},{"name":"Cloyster","species":"Cloyster","item":"kingsrock","ability":"Skill Link","moves":["shellsmash","iciclespear","rockblast","iceshard"],"nature":"Jolly","evs":{"hp":252,"atk":0,"def":0,"spa":0,"spd":4,"spe":252},"ivs":{"hp":31,"atk":31,"def":31,"spa":31,"spd":31,"spe":31}}],"log":["|player|p1|UnownMaN|168","|player|p2|Primal GT DuckSoup|121","|gametype|singles","|gen|6","|tier|OU","|rated","|clearpoke","|poke|p1|Diancie","|poke|p1|Zapdos","|poke|p1|Chansey, F","|poke|p1|Excadrill, M","|poke|p1|Keldeo-Resolute","|poke|p1|Hippowdon, M","|poke|p2|Klefki, F","|poke|p2|Slowking, F","|poke|p2|Tangrowth, F","|poke|p2|Camerupt, M","|poke|p2|Jirachi","|poke|p2|Cloyster, M","|rule|Swagger Clause: Swagger is banned","|rule|Baton Pass Clause: Limit one Baton Passer, can't pass Spe and other stats simultaneously","|rule|Sleep Clause Mod: Limit one foe put to sleep","|rule|Species Clause: Limit one of each Pokémon","|rule|OHKO Clause: OHKO moves are banned","|rule|Moody Clause: Moody is banned","|rule|Evasion Moves Clause: Evasion moves are banned","|rule|Endless Battle Clause: Forcing endless battles is banned","|rule|HP Percentage Mod: HP is shown in percentages","|teampreview","|","|start","|switch|p1a: Zapdos|Zapdos|384/384","|switch|p2a: Jirachi|Jirachi|397/397","|-ability|p1a: Zapdos|Pressure","|turn|1","|","|move|p1a: Zapdos|Discharge|p2a: Jirachi","|-damage|p2a: Jirachi|304/397","|move|p2a: Jirachi|Stealth Rock|p1a: Zapdos","|-sidestart|p1: UnownMaN|move: Stealth Rock","|","|-heal|p2a: Jirachi|328/397|[from] item: Leftovers","|turn|2","|","|move|p1a: Zapdos|Discharge|p2a: Jirachi","|-damage|p2a: Jirachi|241/397","|move|p2a: Jirachi|Trick Room|p2a: Jirachi","|-fieldstart|move: Trick Room|[of] p2a: Jirachi","|","|-heal|p2a: Jirachi|265/397|[from] item: Leftovers","|turn|3","|","|move|p2a: Jirachi|Iron Head|p1a: Zapdos","|-resisted|p1a: Zapdos","|-damage|p1a: Zapdos|340/384","|cant|p1a: Zapdos|flinch","|","|-heal|p2a: Jirachi|289/397|[from] item: Leftovers","|-heal|p1a: Zapdos|364/384|[from] item: Leftovers","|turn|4","|","|move|p2a: Jirachi|Iron Head|p1a: Zapdos","|-resisted|p1a: Zapdos","|-damage|p1a: Zapdos|321/384","|cant|p1a: Zapdos|flinch","|","|-heal|p2a: Jirachi|313/397|[from] item: Leftovers","|-heal|p1a: Zapdos|345/384|[from] item: Leftovers","|turn|5","|","|switch|p2a: Tangrowth|Tangrowth, F|404/404","|move|p1a: Zapdos|Discharge|p2a: Tangrowth","|-resisted|p2a: Tangrowth","|-damage|p2a: Tangrowth|309/404","|","|-heal|p2a: Tangrowth|334/404|[from] item: Leftovers","|-heal|p1a: Zapdos|369/384|[from] item: Leftovers","|turn|6","|","|move|p2a: Tangrowth|Knock Off|p1a: Zapdos","|-damage|p1a: Zapdos|305/384","|-enditem|p1a: Zapdos|Leftovers|[from] move: Knock Off|[of] p2a: Tangrowth","|move|p1a: Zapdos|Defog|p2a: Tangrowth","|-unboost|p2a: Tangrowth|evasion|1","|-sideend|p1: UnownMaN|Stealth Rock|[from] move: Defog|[of] p1a: Zapdos","|","|-heal|p2a: Tangrowth|359/404|[from] item: Leftovers","|-fieldend|move: Trick Room","|turn|7","|","|move|p1a: Zapdos|Heat Wave|p2a: Tangrowth","|-supereffective|p2a: Tangrowth","|-damage|p2a: Tangrowth|43/404","|move|p2a: Tangrowth|Leech Seed|p1a: Zapdos","|-start|p1a: Zapdos|move: Leech Seed","|","|-heal|p2a: Tangrowth|68/404|[from] item: Leftovers","|-damage|p1a: Zapdos|257/384|[from] Leech Seed|[of] p2a: Tangrowth","|-heal|p2a: Tangrowth|116/404|[silent]","|turn|8","|","|switch|p1a: Keldeo-Resolute|Keldeo-Resolute|323/323","|switch|p2a: Camerupt|Camerupt, M|344/344","|","|turn|9","|","|switch|p2a: Slowking|Slowking, F|393/393","|move|p1a: Keldeo-Resolute|Substitute|p1a: Keldeo-Resolute","|-start|p1a: Keldeo-Resolute|Substitute","|-damage|p1a: Keldeo-Resolute|243/323","|","|-heal|p1a: Keldeo-Resolute|263/323|[from] item: Leftovers","|turn|10","|","|move|p1a: Keldeo-Resolute|Calm Mind|p1a: Keldeo-Resolute","|-boost|p1a: Keldeo-Resolute|spa|1","|-boost|p1a: Keldeo-Resolute|spd|1","|move|p2a: Slowking|Psyshock|p1a: Keldeo-Resolute","|-supereffective|p1a: Keldeo-Resolute","|-end|p1a: Keldeo-Resolute|Substitute","|","|-heal|p1a: Keldeo-Resolute|283/323|[from] item: Leftovers","|turn|11","|","|move|p1a: Keldeo-Resolute|Secret Sword|p2a: Slowking","|-resisted|p2a: Slowking","|-damage|p2a: Slowking|258/393","|move|p2a: Slowking|Psyshock|p1a: Keldeo-Resolute","|-supereffective|p1a: Keldeo-Resolute","|-damage|p1a: Keldeo-Resolute|0 fnt","|faint|p1a: Keldeo-Resolute","|","|","|switch|p1a: Diancie|Diancie|241/241","|turn|12","|","|detailschange|p1a: Diancie|Diancie-Mega","|-mega|p1a: Diancie|Diancie|Diancite","|move|p1a: Diancie|Diamond Storm|p2a: Slowking","|-damage|p2a: Slowking|41/393","|-boost|p1a: Diancie|def|1","|move|p2a: Slowking|Scald|p1a: Diancie","|-supereffective|p1a: Diancie","|-damage|p1a: Diancie|0 fnt","|faint|p1a: Diancie","|","|","|switch|p1a: Excadrill|Excadrill, M|361/361","|-ability|p1a: Excadrill|Mold Breaker","|turn|13","|","|switch|p2a: Tangrowth|Tangrowth, F|250/404","|move|p1a: Excadrill|Earthquake|p2a: Tangrowth","|-resisted|p2a: Tangrowth","|-damage|p2a: Tangrowth|199/404","|","|-heal|p2a: Tangrowth|224/404|[from] item: Leftovers","|turn|14","|","|switch|p1a: Chansey|Chansey, F|642/642","|move|p2a: Tangrowth|Giga Drain|p1a: Chansey","|-crit|p1a: Chansey","|-damage|p1a: Chansey|566/642","|-heal|p2a: Tangrowth|262/404|[from] drain|[of] p1a: Chansey","|","|-heal|p2a: Tangrowth|287/404|[from] item: Leftovers","|turn|15","|","|switch|p1a: Zapdos|Zapdos|257/384","|-ability|p1a: Zapdos|Pressure","|move|p2a: Tangrowth|Knock Off|p1a: Zapdos","|-damage|p1a: Zapdos|216/384","|","|-heal|p2a: Tangrowth|312/404|[from] item: Leftovers","|turn|16","|","|switch|p2a: Camerupt|Camerupt, M|344/344","|move|p1a: Zapdos|Heat Wave|p2a: Camerupt","|-resisted|p2a: Camerupt","|-damage|p2a: Camerupt|287/344","|","|turn|17","|","|switch|p1a: Chansey|Chansey, F|566/642","|detailschange|p2a: Camerupt|Camerupt-Mega, M","|-mega|p2a: Camerupt|Camerupt|Cameruptite","|move|p2a: Camerupt|Will-O-Wisp|p1a: Chansey","|-status|p1a: Chansey|brn","|","|-damage|p1a: Chansey|486/642 brn|[from] brn","|turn|18","|","|move|p1a: Chansey|Toxic|p2a: Camerupt","|-status|p2a: Camerupt|tox","|move|p2a: Camerupt|Ancient Power|p1a: Chansey","|-damage|p1a: Chansey|424/642 brn","|","|-damage|p1a: Chansey|344/642 brn|[from] brn","|-damage|p2a: Camerupt|266/344 tox|[from] psn","|turn|19","|","|switch|p2a: Tangrowth|Tangrowth, F|404/404","|move|p1a: Chansey|Wish|p1a: Chansey","|","|-damage|p1a: Chansey|264/642 brn|[from] brn","|turn|20","|","|move|p1a: Chansey|Protect|p1a: Chansey","|-singleturn|p1a: Chansey|Protect","|move|p2a: Tangrowth|Sleep Powder|p1a: Chansey","|-activate|p1a: Chansey|Protect","|","|-heal|p1a: Chansey|585/642 brn|[from] move: Wish|[wisher] Chansey","|-damage|p1a: Chansey|505/642 brn|[from] brn","|turn|21","|","|move|p1a: Chansey|Toxic|p2a: Tangrowth","|-status|p2a: Tangrowth|tox","|move|p2a: Tangrowth|Knock Off|p1a: Chansey","|-damage|p1a: Chansey|404/642 brn","|-enditem|p1a: Chansey|Eviolite|[from] move: Knock Off|[of] p2a: Tangrowth","|","|-damage|p1a: Chansey|324/642 brn|[from] brn","|-damage|p2a: Tangrowth|379/404 tox|[from] psn","|turn|22","|","|move|p1a: Chansey|Wish|p1a: Chansey","|move|p2a: Tangrowth|Leech Seed|p1a: Chansey","|-start|p1a: Chansey|move: Leech Seed","|","|-heal|p2a: Tangrowth|404/404 tox|[from] item: Leftovers","|-damage|p1a: Chansey|244/642 brn|[from] Leech Seed|[of] p2a: Tangrowth","|-damage|p1a: Chansey|164/642 brn|[from] brn","|-damage|p2a: Tangrowth|354/404 tox|[from] psn","|turn|23","|","|move|p1a: Chansey|Protect|p1a: Chansey","|-singleturn|p1a: Chansey|Protect","|move|p2a: Tangrowth|Giga Drain|p1a: Chansey","|-activate|p1a: Chansey|Protect","|","|-heal|p1a: Chansey|485/642 brn|[from] move: Wish|[wisher] Chansey","|-heal|p2a: Tangrowth|379/404 tox|[from] item: Leftovers","|-damage|p1a: Chansey|405/642 brn|[from] Leech Seed|[of] p2a: Tangrowth","|-heal|p2a: Tangrowth|404/404 tox|[silent]","|-damage|p1a: Chansey|325/642 brn|[from] brn","|-damage|p2a: Tangrowth|329/404 tox|[from] psn","|turn|24","|","|switch|p1a: Zapdos|Zapdos|216/384","|-ability|p1a: Zapdos|Pressure","|move|p2a: Tangrowth|Knock Off|p1a: Zapdos","|-damage|p1a: Zapdos|173/384","|","|-heal|p2a: Tangrowth|354/404 tox|[from] item: Leftovers","|-damage|p2a: Tangrowth|254/404 tox|[from] psn","|turn|25","|","|switch|p2a: Camerupt|Camerupt-Mega, M|266/344 tox","|move|p1a: Zapdos|Heat Wave|p2a: Camerupt","|-resisted|p2a: Camerupt","|-damage|p2a: Camerupt|225/344 tox","|","|-damage|p2a: Camerupt|204/344 tox|[from] psn","|turn|26","|","|move|p1a: Zapdos|Roost|p1a: Zapdos","|-heal|p1a: Zapdos|365/384","|move|p2a: Camerupt|Fire Blast|p1a: Zapdos","|-damage|p1a: Zapdos|61/384","|","|-damage|p2a: Camerupt|162/344 tox|[from] psn","|turn|27","|","|switch|p1a: Chansey|Chansey, F|325/642","|move|p2a: Camerupt|Ancient Power|p1a: Chansey","|-damage|p1a: Chansey|234/642","|","|-damage|p2a: Camerupt|99/344 tox|[from] psn","|turn|28","|","|switch|p2a: Klefki|Klefki, F|317/317","|move|p1a: Chansey|Wish|p1a: Chansey","|","|turn|29","|","|switch|p1a: Zapdos|Zapdos|61/384","|-ability|p1a: Zapdos|Pressure","|move|p2a: Klefki|Spikes|p1a: Zapdos","|-sidestart|p1: UnownMaN|Spikes","|","|-heal|p1a: Zapdos|382/384|[from] move: Wish|[wisher] Chansey","|turn|30","|","|move|p2a: Klefki|Light Screen|p2a: Klefki","|-sidestart|p2: Primal GT DuckSoup|move: Light Screen","|move|p1a: Zapdos|Heat Wave|p2a: Klefki","|-supereffective|p2a: Klefki","|-damage|p2a: Klefki|220/317","|","|turn|31","|","|switch|p2a: Cloyster|Cloyster, M|304/304","|move|p1a: Zapdos|Defog|p2a: Cloyster","|-unboost|p2a: Cloyster|evasion|1","|-sideend|p2: Primal GT DuckSoup|move: Light Screen","|-sideend|p1: UnownMaN|Spikes|[from] move: Defog|[of] p1a: Zapdos","|","|turn|32","|","|move|p2a: Cloyster|Rock Blast|p1a: Zapdos","|-supereffective|p1a: Zapdos","|-damage|p1a: Zapdos|350/384","|-supereffective|p1a: Zapdos","|-damage|p1a: Zapdos|318/384","|-supereffective|p1a: Zapdos","|-damage|p1a: Zapdos|286/384","|-supereffective|p1a: Zapdos","|-damage|p1a: Zapdos|256/384","|-supereffective|p1a: Zapdos","|-damage|p1a: Zapdos|222/384","|-hitcount|p1a: Zapdos|5","|move|p1a: Zapdos|Discharge|p2a: Cloyster","|-supereffective|p2a: Cloyster","|-damage|p2a: Cloyster|0 fnt","|faint|p2a: Cloyster","|","|","|switch|p2a: Slowking|Slowking, F|172/393","|turn|33","|","|switch|p2a: Tangrowth|Tangrowth, F|388/404 tox","|move|p1a: Zapdos|Discharge|p2a: Tangrowth","|-resisted|p2a: Tangrowth","|-damage|p2a: Tangrowth|293/404 tox","|","|-heal|p2a: Tangrowth|318/404 tox|[from] item: Leftovers","|-damage|p2a: Tangrowth|293/404 tox|[from] psn","|turn|34","|","|move|p1a: Zapdos|Discharge|p2a: Tangrowth","|-crit|p2a: Tangrowth","|-resisted|p2a: Tangrowth","|-damage|p2a: Tangrowth|132/404 tox","|move|p2a: Tangrowth|Sleep Powder|p1a: Zapdos","|-status|p1a: Zapdos|slp","|","|-heal|p2a: Tangrowth|157/404 tox|[from] item: Leftovers","|-damage|p2a: Tangrowth|107/404 tox|[from] psn","|turn|35","|","|switch|p2a: Jirachi|Jirachi|313/397","|cant|p1a: Zapdos|slp","|","|-heal|p2a: Jirachi|337/397|[from] item: Leftovers","|turn|36","|","|switch|p1a: Hippowdon|Hippowdon, M|420/420","|-weather|Sandstorm","|move|p2a: Jirachi|Trick Room|p2a: Jirachi","|-fieldstart|move: Trick Room|[of] p2a: Jirachi","|","|-weather|Sandstorm|[upkeep]","|-heal|p2a: Jirachi|361/397|[from] item: Leftovers","|turn|37","|","|move|p1a: Hippowdon|Stealth Rock|p2a: Jirachi","|-sidestart|p2: Primal GT DuckSoup|move: Stealth Rock","|move|p2a: Jirachi|Body Slam|p1a: Hippowdon","|-crit|p1a: Hippowdon","|-damage|p1a: Hippowdon|344/420","|","|-weather|Sandstorm|[upkeep]","|-heal|p1a: Hippowdon|370/420|[from] item: Leftovers","|-heal|p2a: Jirachi|385/397|[from] item: Leftovers","|turn|38","|","|move|p1a: Hippowdon|Earthquake|p2a: Jirachi","|-supereffective|p2a: Jirachi","|-damage|p2a: Jirachi|125/397","|move|p2a: Jirachi|Body Slam|p1a: Hippowdon","|-damage|p1a: Hippowdon|324/420","|-status|p1a: Hippowdon|par","|","|-weather|Sandstorm|[upkeep]","|-heal|p1a: Hippowdon|350/420 par|[from] item: Leftovers","|-heal|p2a: Jirachi|149/397|[from] item: Leftovers","|turn|39","|","|move|p1a: Hippowdon|Earthquake|p2a: Jirachi","|-supereffective|p2a: Jirachi","|-damage|p2a: Jirachi|0 fnt","|faint|p2a: Jirachi","|","|-weather|Sandstorm|[upkeep]","|-heal|p1a: Hippowdon|376/420 par|[from] item: Leftovers","|","|switch|p2a: Tangrowth|Tangrowth, F|241/404 tox","|-damage|p2a: Tangrowth|191/404 tox|[from] Stealth Rock","|turn|40","|","|switch|p1a: Excadrill|Excadrill, M|361/361","|-ability|p1a: Excadrill|Mold Breaker","|move|p2a: Tangrowth|Giga Drain|p1a: Excadrill","|-crit|p1a: Excadrill","|-damage|p1a: Excadrill|150/361","|-heal|p2a: Tangrowth|297/404 tox|[from] drain|[of] p1a: Excadrill","|","|-weather|none","|-heal|p2a: Tangrowth|322/404 tox|[from] item: Leftovers","|-damage|p2a: Tangrowth|297/404 tox|[from] psn","|-fieldend|move: Trick Room","|turn|41","|","|move|p1a: Excadrill|X-Scissor|p2a: Tangrowth","|-supereffective|p2a: Tangrowth","|-damage|p2a: Tangrowth|177/404 tox","|move|p2a: Tangrowth|Giga Drain|p1a: Excadrill","|-damage|p1a: Excadrill|12/361","|-heal|p2a: Tangrowth|246/404 tox|[from] drain|[of] p1a: Excadrill","|","|-heal|p2a: Tangrowth|271/404 tox|[from] item: Leftovers","|-damage|p2a: Tangrowth|221/404 tox|[from] psn","|turn|42","|","|move|p1a: Excadrill|X-Scissor|p2a: Tangrowth","|-supereffective|p2a: Tangrowth","|-damage|p2a: Tangrowth|97/404 tox","|move|p2a: Tangrowth|Knock Off|p1a: Excadrill","|-damage|p1a: Excadrill|0 fnt","|-enditem|p1a: Excadrill|Choice Scarf|[from] move: Knock Off|[of] p2a: Tangrowth","|faint|p1a: Excadrill","|","|-heal|p2a: Tangrowth|122/404 tox|[from] item: Leftovers","|-damage|p2a: Tangrowth|47/404 tox|[from] psn","|","|switch|p1a: Zapdos|Zapdos|222/384 slp","|-ability|p1a: Zapdos|Pressure","|turn|43","|","|switch|p2a: Klefki|Klefki, F|220/317","|-damage|p2a: Klefki|201/317|[from] Stealth Rock","|cant|p1a: Zapdos|slp","|","|turn|44","|","|move|p2a: Klefki|Light Screen|p2a: Klefki","|-sidestart|p2: Primal GT DuckSoup|move: Light Screen","|cant|p1a: Zapdos|slp","|","|turn|45","|","|switch|p2a: Slowking|Slowking, F|303/393","|-damage|p2a: Slowking|254/393|[from] Stealth Rock","|-curestatus|p1a: Zapdos|slp","|move|p1a: Zapdos|Defog|p2a: Slowking","|-unboost|p2a: Slowking|evasion|1","|-sideend|p2: Primal GT DuckSoup|move: Light Screen","|-sideend|p2: Primal GT DuckSoup|Stealth Rock|[from] move: Defog|[of] p2a: Slowking","|","|turn|46","|","|switch|p2a: Camerupt|Camerupt-Mega, M|99/344 tox","|move|p1a: Zapdos|Discharge|p2a: Camerupt","|-immune|p2a: Camerupt|[msg]","|","|-damage|p2a: Camerupt|78/344 tox|[from] psn","|turn|47","|","|move|p1a: Zapdos|Roost|p1a: Zapdos","|-heal|p1a: Zapdos|384/384","|move|p2a: Camerupt|Fire Blast|p1a: Zapdos","|-damage|p1a: Zapdos|48/384","|","|-damage|p2a: Camerupt|36/344 tox|[from] psn","|turn|48","|","|move|p1a: Zapdos|Heat Wave|p2a: Camerupt","|-resisted|p2a: Camerupt","|-damage|p2a: Camerupt|0 fnt","|faint|p2a: Camerupt","|","|","|switch|p2a: Slowking|Slowking, F|385/393","|turn|49","|","|switch|p1a: Chansey|Chansey, F|234/642","|move|p2a: Slowking|Ice Beam|p1a: Chansey","|-damage|p1a: Chansey|158/642","|","|turn|50","|","|move|p1a: Chansey|Wish|p1a: Chansey","|move|p2a: Slowking|Psyshock|p1a: Chansey","|-crit|p1a: Chansey","|-damage|p1a: Chansey|0 fnt","|faint|p1a: Chansey","|","|","|switch|p1a: Zapdos|Zapdos|48/384","|-ability|p1a: Zapdos|Pressure","|turn|51","|","|move|p1a: Zapdos|Roost|p1a: Zapdos","|-heal|p1a: Zapdos|240/384","|move|p2a: Slowking|Ice Beam|p1a: Zapdos","|-damage|p1a: Zapdos|135/384","|","|-heal|p1a: Zapdos|384/384|[from] move: Wish|[wisher] Chansey","|turn|52","|","|move|p1a: Zapdos|Discharge|p2a: Slowking","|-supereffective|p2a: Slowking","|-damage|p2a: Slowking|233/393","|move|p2a: Slowking|Ice Beam|p1a: Zapdos","|-supereffective|p1a: Zapdos","|-damage|p1a: Zapdos|160/384","|","|turn|53","|","|move|p1a: Zapdos|Roost|p1a: Zapdos","|-heal|p1a: Zapdos|352/384","|move|p2a: Slowking|Ice Beam|p1a: Zapdos","|-damage|p1a: Zapdos|241/384","|","|turn|54","|","|move|p1a: Zapdos|Discharge|p2a: Slowking","|-supereffective|p2a: Slowking","|-damage|p2a: Slowking|83/393","|-status|p2a: Slowking|par","|cant|p2a: Slowking|par","|","|turn|55","|","|switch|p2a: Klefki|Klefki, F|201/317","|move|p1a: Zapdos|Discharge|p2a: Klefki","|-damage|p2a: Klefki|75/317","|","|turn|56","|","|move|p2a: Klefki|Light Screen|p2a: Klefki","|-sidestart|p2: Primal GT DuckSoup|move: Light Screen","|move|p1a: Zapdos|Heat Wave|p2a: Klefki","|-supereffective|p2a: Klefki","|-damage|p2a: Klefki|0 fnt","|faint|p2a: Klefki","|","|","|switch|p2a: Slowking|Slowking, F|214/393 par","|turn|57","|","|move|p1a: Zapdos|Defog|p2a: Slowking","|-unboost|p2a: Slowking|evasion|1","|-sideend|p2: Primal GT DuckSoup|move: Light Screen","|move|p2a: Slowking|Ice Beam|p1a: Zapdos","|-supereffective|p1a: Zapdos","|-damage|p1a: Zapdos|33/384","|","|turn|58","|","|move|p1a: Zapdos|Roost|p1a: Zapdos","|-heal|p1a: Zapdos|225/384","|cant|p2a: Slowking|par","|","|turn|59","|","|move|p1a: Zapdos|Roost|p1a: Zapdos","|-heal|p1a: Zapdos|384/384","|cant|p2a: Slowking|par","|","|turn|60","|","|switch|p2a: Tangrowth|Tangrowth, F|181/404 tox","|move|p1a: Zapdos|Discharge|p2a: Tangrowth","|-resisted|p2a: Tangrowth","|-damage|p2a: Tangrowth|73/404 tox","|","|-heal|p2a: Tangrowth|98/404 tox|[from] item: Leftovers","|-damage|p2a: Tangrowth|73/404 tox|[from] psn","|turn|61","|","|move|p1a: Zapdos|Discharge|p2a: Tangrowth","|-resisted|p2a: Tangrowth","|-damage|p2a: Tangrowth|0 fnt","|faint|p2a: Tangrowth","|","|","|switch|p2a: Slowking|Slowking, F|345/393 par","|turn|62","|","|switch|p1a: Hippowdon|Hippowdon, M|376/420 par","|-weather|Sandstorm","|move|p2a: Slowking|Ice Beam|p1a: Hippowdon","|-supereffective|p1a: Hippowdon","|-damage|p1a: Hippowdon|104/420 par","|","|-weather|Sandstorm|[upkeep]","|-damage|p2a: Slowking|321/393 par|[from] sandstorm","|-heal|p1a: Hippowdon|130/420 par|[from] item: Leftovers","|turn|63","|","|move|p1a: Hippowdon|Earthquake|p2a: Slowking","|-damage|p2a: Slowking|152/393 par","|cant|p2a: Slowking|par","|","|-weather|Sandstorm|[upkeep]","|-damage|p2a: Slowking|128/393 par|[from] sandstorm","|-heal|p1a: Hippowdon|156/420 par|[from] item: Leftovers","|turn|64","|","|move|p1a: Hippowdon|Earthquake|p2a: Slowking","|-damage|p2a: Slowking|0 fnt","|faint|p2a: Slowking","|","|win|UnownMaN"],"p1rating":{"entryid":"782499","serverid":"eos","formatid":"ou","userid":"unownman","username":"UnownMaN","w":1,"l":"1","t":"0","gxe":50.5,"r":"1500","rd":"130","sigma":"0","rptime":"1441184400","rpr":1503.6478292587,"rprd":116.75880316468,"rpsigma":"0","acre":1040,"lacre":1040,"oldacre":"1000"},"p2rating":{"entryid":783042,"formatid":"ou","userid":"primalgtducksoup","username":"Primal GT DuckSoup","r":1500,"rd":130,"sigma":0,"rpr":1459.8393856612,"rprd":122.8583080769,"rpsigma":0,"rptime":1441184400,"w":0,"l":1,"t":0,"gxe":45,"acre":1000,"lacre":1000,"oldacre":1000},"endType":"normal"}