{"seed":[51911,6499,19469,29441],"turns":21,"p1":"mortal jordean","p2":"Neowulf","p1team":[{"name":"Alakazam","species":"Alakazam","item":"alakazite","ability":"Magic Guard","moves":["psychic","focusblast","shadowball","encore"],"nature":"Timid","evs":{"hp":0,"atk":0,"def":0,"spa":252,"spd":4,"spe":252},"ivs":{"hp":31,"atk":31,"def":31,"spa":31,"spd":31,"spe":31}},{"name":"Clefable","species":"Clefable","item":"leftovers","ability":"Magic Guard","moves":["moonblast","calmmind","softboiled","flamethrower"],"nature":"Bold","evs":{"hp":252,"atk":0,"def":252,"spa":4,"spd":0,"spe":0},"ivs":{"hp":31,"atk":31,"def":31,"spa":31,"spd":31,"spe":31}},{"name":"Garchomp","species":"Garchomp","item":"rockyhelmet","ability":"Rough Skin","moves":["outrage","earthquake","dragontail","fireblast"],"nature":"Naive","evs":{"hp":0,"atk":252,"def":0,"spa":4,"spd":0,"spe":252},"ivs":{"hp":31,"atk":31,"def":31,"spa":31,"spd":31,"spe":31}},{"name":"Bisharp","species":"Bisharp","item":"lifeorb","ability":"Defiant","moves":["knockoff","swordsdance","ironhead","suckerpunch"],"nature":"Jolly","evs":{"hp":0,"atk":252,"def":0,"spa":0,"spd":4,"spe":252},"ivs":{"hp":31,"atk":31,"def":31,"spa":31,"spd":31,"spe":31}},{"name":"Azumarill","species":"Azumarill","item":"choiceband","ability":"Huge Power","moves":["playrough","waterfall","aquajet","superpower"],"nature":"Adamant","evs":{"hp":248,"atk":252,"def":0,"spa":0,"spd":8,"spe":0},"ivs":{"hp":31,"atk":31,"def":31,"spa":31,"spd":31,"spe":31}},{"name":"Butterfree","species":"Butterfree","item":"leftovers","ability":"Compound Eyes","moves":["quiverdance","sleeppowder","energyball","bugbuzz"],"nature":"Modest","evs":{"hp":0,"atk":0,"def":0,"spa":252,"spd":4,"spe":252},"ivs":{"hp":31,"atk":31,"def":31,"spa":31,"spd":31,"spe":31}}],"p2team":[{"name":"MrJamvad","species":"alakazam","item":"alakazite","ability":"Magic Guard","moves":["psychic","focusblast","shadowball","encore"],"nature":"Timid","evs":{"hp":0,"atk":0,"def":4,"spa":252,"spd":0,"spe":252},"ivs":{"hp":31,"atk":0,"def":31,"spa":31,"spd":31,"spe":31}},{"name":"Moto Moto","species":"hippowdon","item":"leftovers","ability":"Sand Stream","moves":["earthquake","stealthrock","slackoff","firefang"],"nature":"Impish","evs":{"hp":252,"atk":0,"def":144,"spa":0,"spd":112,"spe":0},"ivs":{"hp":31,"atk":31,"def":31,"spa":31,"spd":31,"spe":31}},{"name":"Tickle me Elmo","species":"ferrothorn","item":"leftovers","ability":"Iron Barbs","moves":["gyroball","leechseed","thunderwave","spikes"],"nature":"Relaxed","evs":{"hp":252,"atk":0,"def":88,"spa":0,"spd":168,"spe":0},"ivs":{"hp":31,"atk":31,"def":31,"spa":31,"spd":31,"spe":0}},{"name":"420Draco","species":"dragalge","item":"blacksludge","ability":"Adaptability","moves":["dracometeor","sludgewave","toxicspikes","hiddenpowerfire"],"nature":"Modest","evs":{"hp":228,"atk":0,"def":0,"spa":252,"spd":0,"spe":28},"ivs":{"hp":31,"atk":0,"def":31,"spa":30,"spd":31,"spe":30}},{"name":"Chinchorro","species":"hawlucha","item":"sitrusberry","ability":"Unburden","moves":["substitute","swordsdance","highjumpkick","acrobatics"],"nature":"Jolly","evs":{"hp":12,"atk":252,"def":0,"spa":0,"spd":0,"spe":244},"ivs":{"hp":31,"atk":31,"def":31,"spa":31,"spd":31,"spe":31}},{"name":"Steroid Bunny","species":"azumarill","item":"choiceband","ability":"Huge Power","moves":["playrough","aquajet","waterfall","superpower"],"nature":"Adamant","evs":{"hp":172,"atk":252,"def":0,"spa":0,"spd":0,"spe":84},"ivs":{"hp":31,"atk":31,"def":31,"spa":31,"spd":31,"spe":31}}],"log":["|player|p1|mortal jordean|229","|player|p2|Neowulf|80","|gametype|singles","|gen|6","|tier|OU","|rated","|clearpoke","|poke|p1|Alakazam, F","|poke|p1|Clefable, M","|poke|p1|Garchomp, M","|poke|p1|Bisharp, M","|poke|p1|Azumarill, F","|poke|p1|Butterfree, F","|poke|p2|Alakazam, M","|poke|p2|Hippowdon, M","|poke|p2|Ferrothorn, M","|poke|p2|Dragalge, F","|poke|p2|Hawlucha, M","|poke|p2|Azumarill, F","|rule|Swagger Clause: Swagger is banned","|rule|Baton Pass Clause: Limit one Baton Passer, can't pass Spe and other stats simultaneously","|rule|Sleep Clause Mod: Limit one foe put to sleep","|rule|Species Clause: Limit one of each Pokémon","|rule|OHKO Clause: OHKO moves are banned","|rule|Moody Clause: Moody is banned","|rule|Evasion Moves Clause: Evasion moves are banned","|rule|Endless Battle Clause: Forcing endless battles is banned","|rule|HP Percentage Mod: HP is shown in percentages","|teampreview","|","|start","|switch|p1a: Azumarill|Azumarill, F|403/403","|switch|p2a: Moto Moto|Hippowdon, M|420/420","|-weather|Sandstorm","|turn|1","|","|switch|p2a: Tickle me Elmo|Ferrothorn, M|352/352","|move|p1a: Azumarill|Waterfall|p2a: Tickle me Elmo","|-resisted|p2a: Tickle me Elmo","|-damage|p2a: Tickle me Elmo|271/352","|-damage|p1a: Azumarill|353/403|[from] ability: Iron Barbs|[of] p2a: Tickle me Elmo","|","|-weather|Sandstorm|[upkeep]","|-damage|p1a: Azumarill|328/403|[from] sandstorm","|-heal|p2a: Tickle me Elmo|293/352|[from] item: Leftovers","|turn|2","|","|switch|p1a: Clefable|Clefable, M|394/394","|move|p2a: Tickle me Elmo|Spikes|p1a: Clefable","|-sidestart|p1: mortal jordean|Spikes","|","|-weather|Sandstorm|[upkeep]","|-heal|p2a: Tickle me Elmo|315/352|[from] item: Leftovers","|turn|3","|","|move|p1a: Clefable|Flamethrower|p2a: Tickle me Elmo","|-supereffective|p2a: Tickle me Elmo","|-damage|p2a: Tickle me Elmo|119/352","|move|p2a: Tickle me Elmo|Spikes|p1a: Clefable","|-sidestart|p1: mortal jordean|Spikes","|","|-weather|Sandstorm|[upkeep]","|-heal|p2a: Tickle me Elmo|141/352|[from] item: Leftovers","|turn|4","|","|switch|p2a: 420Draco|Dragalge, F|328/328","|move|p1a: Clefable|Flamethrower|p2a: 420Draco","|-resisted|p2a: 420Draco","|-damage|p2a: 420Draco|301/328","|","|-weather|Sandstorm|[upkeep]","|-damage|p2a: 420Draco|281/328|[from] sandstorm","|-heal|p2a: 420Draco|301/328|[from] item: Black Sludge","|turn|5","|","|switch|p1a: Azumarill|Azumarill, F|328/403","|-damage|p1a: Azumarill|261/403|[from] Spikes","|move|p2a: 420Draco|Toxic Spikes|p1a: Azumarill","|-sidestart|p1: mortal jordean|move: Toxic Spikes","|","|-weather|none","|-heal|p2a: 420Draco|321/328|[from] item: Black Sludge","|turn|6","|","|switch|p2a: Tickle me Elmo|Ferrothorn, M|141/352","|move|p1a: Azumarill|Play Rough|p2a: Tickle me Elmo|[miss]","|-miss|p1a: Azumarill|p2a: Tickle me Elmo","|","|-heal|p2a: Tickle me Elmo|163/352|[from] item: Leftovers","|turn|7","|","|move|p1a: Azumarill|Play Rough|p2a: Tickle me Elmo","|-resisted|p2a: Tickle me Elmo","|-damage|p2a: Tickle me Elmo|59/352","|-damage|p1a: Azumarill|211/403|[from] ability: Iron Barbs|[of] p2a: Tickle me Elmo","|move|p2a: Tickle me Elmo|Leech Seed|p1a: Azumarill","|-start|p1a: Azumarill|move: Leech Seed","|","|-heal|p2a: Tickle me Elmo|81/352|[from] item: Leftovers","|-damage|p1a: Azumarill|161/403|[from] Leech Seed|[of] p2a: Tickle me Elmo","|-heal|p2a: Tickle me Elmo|131/352|[silent]","|turn|8","|","|move|p1a: Azumarill|Play Rough|p2a: Tickle me Elmo","|-crit|p2a: Tickle me Elmo","|-resisted|p2a: Tickle me Elmo","|-damage|p2a: Tickle me Elmo|0 fnt","|-damage|p1a: Azumarill|111/403|[from] ability: Iron Barbs|[of] p2a: Tickle me Elmo","|faint|p2a: Tickle me Elmo","|","|","|switch|p2a: MrJamvad|Alakazam, M|251/251","|turn|9","|","|detailschange|p2a: MrJamvad|Alakazam-Mega, M","|-mega|p2a: MrJamvad|Alakazam|Alakazite","|-ability|p2a: MrJamvad|Huge Power|[from] ability: Trace|[of] p1a: Azumarill","|move|p2a: MrJamvad|Psychic|p1a: Azumarill","|-damage|p1a: Azumarill|0 fnt","|faint|p1a: Azumarill","|","|","|switch|p1a: Bisharp|Bisharp, M|271/271","|-damage|p1a: Bisharp|226/271|[from] Spikes","|turn|10","|","|switch|p2a: Moto Moto|Hippowdon, M|420/420","|-weather|Sandstorm","|move|p1a: Bisharp|Knock Off|p2a: Moto Moto","|-damage|p2a: Moto Moto|260/420","|-enditem|p2a: Moto Moto|Leftovers|[from] move: Knock Off|[of] p1a: Bisharp","|-damage|p1a: Bisharp|199/271|[from] item: Life Orb","|","|-weather|Sandstorm|[upkeep]","|turn|11","|","|move|p1a: Bisharp|Iron Head|p2a: Moto Moto","|-damage|p2a: Moto Moto|127/420","|-damage|p1a: Bisharp|172/271|[from] item: Life Orb","|cant|p2a: Moto Moto|flinch","|","|-weather|Sandstorm|[upkeep]","|turn|12","|","|move|p1a: Bisharp|Iron Head|p2a: Moto Moto","|-damage|p2a: Moto Moto|0 fnt","|-damage|p1a: Bisharp|145/271|[from] item: Life Orb","|faint|p2a: Moto Moto","|","|-weather|Sandstorm|[upkeep]","|","|switch|p2a: Chinchorro|Hawlucha, M|300/300","|turn|13","|","|switch|p1a: Garchomp|Garchomp, M|357/357","|-damage|p1a: Garchomp|298/357|[from] Spikes","|-status|p1a: Garchomp|psn","|move|p2a: Chinchorro|Substitute|p2a: Chinchorro","|-start|p2a: Chinchorro|Substitute","|-damage|p2a: Chinchorro|225/300","|","|-weather|Sandstorm|[upkeep]","|-damage|p2a: Chinchorro|207/300|[from] sandstorm","|-damage|p1a: Garchomp|254/357 psn|[from] psn","|turn|14","|","|move|p2a: Chinchorro|Swords Dance|p2a: Chinchorro","|-boost|p2a: Chinchorro|atk|2","|move|p1a: Garchomp|Outrage|p2a: Chinchorro","|-end|p2a: Chinchorro|Substitute","|","|-weather|none","|-damage|p1a: Garchomp|210/357 psn|[from] psn","|turn|15","|","|move|p2a: Chinchorro|Substitute|p2a: Chinchorro","|-start|p2a: Chinchorro|Substitute","|-damage|p2a: Chinchorro|132/300","|-enditem|p2a: Chinchorro|Sitrus Berry|[eat]","|-heal|p2a: Chinchorro|207/300|[from] item: Sitrus Berry","|move|p1a: Garchomp|Outrage|p2a: Chinchorro|[from]lockedmove","|-end|p2a: Chinchorro|Substitute","|","|-damage|p1a: Garchomp|166/357 psn|[from] psn","|turn|16","|","|move|p2a: Chinchorro|Acrobatics|p1a: Garchomp","|-crit|p1a: Garchomp","|-damage|p1a: Garchomp|0 fnt","|-damage|p2a: Chinchorro|170/300|[from] ability: Rough Skin|[of] p1a: Garchomp","|-damage|p2a: Chinchorro|120/300|[from] item: Rocky Helmet|[of] p1a: Garchomp","|faint|p1a: Garchomp","|","|","|switch|p1a: Bisharp|Bisharp, M|145/271","|-damage|p1a: Bisharp|100/271|[from] Spikes","|turn|17","|","|move|p2a: Chinchorro|High Jump Kick|p1a: Bisharp","|-supereffective|p1a: Bisharp","|-damage|p1a: Bisharp|0 fnt","|faint|p1a: Bisharp","|","|","|switch|p1a: Clefable|Clefable, M|394/394","|-status|p1a: Clefable|psn","|turn|18","|","|move|p2a: Chinchorro|Acrobatics|p1a: Clefable","|-damage|p1a: Clefable|139/394 psn","|move|p1a: Clefable|Flamethrower|p2a: Chinchorro","|-damage|p2a: Chinchorro|27/300","|","|-heal|p1a: Clefable|163/394 psn|[from] item: Leftovers","|turn|19","|","|move|p2a: Chinchorro|Acrobatics|p1a: Clefable","|-damage|p1a: Clefable|0 fnt","|faint|p1a: Clefable","|","|","|switch|p1a: Alakazam|Alakazam, F|251/251","|-status|p1a: Alakazam|psn","|turn|20","|","|detailschange|p1a: Alakazam|Alakazam-Mega, F","|-mega|p1a: Alakazam|Alakazam|Alakazite","|-ability|p1a: Alakazam|Unburden|[from] ability: Trace|[of] p2a: Chinchorro","|move|p2a: Chinchorro|Acrobatics|p1a: Alakazam","|-damage|p1a: Alakazam|0 fnt","|faint|p1a: Alakazam","|","|","|switch|p1a: Butterfree|Butterfree, F|261/261","|turn|21","|","|move|p2a: Chinchorro|Acrobatics|p1a: Butterfree","|-supereffective|p1a: Butterfree","|-damage|p1a: Butterfree|0 fnt","|faint|p1a: Butterfree","|","|win|Neowulf"],"p1rating":{"entryid":"615730","serverid":"eos","formatid":"ou","userid":"mortaljordean","username":"mortal jordean","w":"0","l":4,"t":"0","gxe":35.3,"r":"1400.5682183079","rd":"112.09607223882","sigma":"0","rptime":"1441184400","rpr":1380.5113788725,"rprd":107.92752858241,"rpsigma":"0","acre":1000,"lacre":1000,"oldacre":"1000"},"p2rating":{"entryid":"666555","serverid":"eos","formatid":"ou","userid":"neowulf","username":"N+e+o+w+u+l+f","w":2,"l":"0","t":"0","gxe":58,"r":"1540.1606143388","rd":"123.22070420879","sigma":"0","rptime":"1441184400","rpr":1564.126099281,"rprd":117.6433697161,"rpsigma":"0","acre":1070.1028089042,"lacre":1070.1028089042,"oldacre":"1040"},"endType":"normal"}