{"seed":[7484,47264,23750,17536],"turns":23,"p1":"Neowulf","p2":"Marx-Bot","p1team":[{"name":"MrJamvad","species":"alakazam","item":"alakazite","ability":"Magic Guard","moves":["psychic","focusblast","shadowball","encore"],"nature":"Timid","evs":{"hp":0,"atk":0,"def":4,"spa":252,"spd":0,"spe":252},"ivs":{"hp":31,"atk":0,"def":31,"spa":31,"spd":31,"spe":31}},{"name":"Sup","species":"hippowdon","item":"leftovers","ability":"Sand Stream","moves":["earthquake","stealthrock","slackoff","firefang"],"nature":"Impish","evs":{"hp":252,"atk":0,"def":144,"spa":0,"spd":112,"spe":0},"ivs":{"hp":31,"atk":31,"def":31,"spa":31,"spd":31,"spe":31}},{"name":"Tickle me","species":"ferrothorn","item":"leftovers","ability":"Iron Barbs","moves":["gyroball","leechseed","thunderwave","spikes"],"nature":"Relaxed","evs":{"hp":252,"atk":0,"def":88,"spa":0,"spd":168,"spe":0},"ivs":{"hp":31,"atk":31,"def":31,"spa":31,"spd":31,"spe":0}},{"name":"Drop a d pulse xD","species":"dragalge","item":"blacksludge","ability":"Adaptability","moves":["dracometeor","sludgewave","toxicspikes","hiddenpowerfire"],"nature":"Modest","evs":{"hp":228,"atk":0,"def":0,"spa":252,"spd":0,"spe":28},"ivs":{"hp":31,"atk":0,"def":31,"spa":30,"spd":31,"spe":30}},{"name":"Sky King","species":"hawlucha","item":"sitrusberry","ability":"Unburden","moves":["substitute","swordsdance","highjumpkick","acrobatics"],"nature":"Jolly","evs":{"hp":12,"atk":252,"def":0,"spa":0,"spd":0,"spe":244},"ivs":{"hp":31,"atk":31,"def":31,"spa":31,"spd":31,"spe":31}},{"name":"walls LOL","species":"azumarill","item":"choiceband","ability":"Huge Power","moves":["playrough","aquajet","waterfall","superpower"],"nature":"Adamant","evs":{"hp":172,"atk":252,"def":0,"spa":0,"spd":0,"spe":84},"ivs":{"hp":31,"atk":31,"def":31,"spa":31,"spd":31,"spe":31}}],"p2team":[{"name":"Archeops","species":"Archeops","item":"muscleband","ability":"Defeatist","moves":["dragonclaw","earthquake","stoneedge","uturn"],"nature":"Jolly","evs":{"hp":0,"atk":252,"def":0,"spa":0,"spd":4,"spe":252},"ivs":{"hp":31,"atk":31,"def":31,"spa":31,"spd":31,"spe":31}},{"name":"Quagsire","species":"Quagsire","item":"leftovers","ability":"Unaware","moves":["scald","toxic","recover","protect"],"nature":"Bold","evs":{"hp":252,"atk":0,"def":252,"spa":0,"spd":4,"spe":0},"ivs":{"hp":31,"atk":31,"def":31,"spa":31,"spd":31,"spe":31}},{"name":"Electivire","species":"Electivire","item":"choicescarf","ability":"Motor Drive","moves":["crosschop","thunderpunch","rockslide","earthquake"],"nature":"Adamant","evs":{"hp":0,"atk":252,"def":0,"spa":0,"spd":4,"spe":252},"ivs":{"hp":31,"atk":31,"def":31,"spa":31,"spd":31,"spe":31}},{"name":"Shiftry","species":"Shiftry","item":"focussash","ability":"Early Bird","moves":["swordsdance","explosion","fakeout"],"nature":"Hasty","evs":{"hp":0,"atk":252,"def":0,"spa":0,"spd":0,"spe":252},"ivs":{"hp":31,"atk":31,"def":31,"spa":31,"spd":31,"spe":31}},{"name":"Weezing","species":"Weezing","item":"blacksludge","ability":"Levitate","moves":["willowisp","toxicspikes","clearsmog","flamethrower"],"nature":"Calm","evs":{"hp":252,"atk":0,"def":0,"spa":4,"spd":252,"spe":0},"ivs":{"hp":31,"atk":31,"def":31,"spa":31,"spd":31,"spe":31}},{"name":"Cradily","species":"Cradily","item":"leftovers","ability":"Suction Cups","moves":["hiddenpowerfire","recover","toxic","stockpile"],"nature":"Calm","evs":{"hp":252,"atk":0,"def":0,"spa":4,"spd":252,"spe":0},"ivs":{"hp":31,"atk":30,"def":31,"spa":30,"spd":31,"spe":30}}],"log":["|player|p1|Neowulf|80","|player|p2|Marx-Bot|167","|gametype|singles","|gen|6","|tier|OU","|rated","|clearpoke","|poke|p1|Alakazam, F","|poke|p1|Hippowdon, M","|poke|p1|Ferrothorn, F","|poke|p1|Dragalge, F","|poke|p1|Hawlucha, M","|poke|p1|Azumarill, F","|poke|p2|Archeops, M","|poke|p2|Quagsire, M","|poke|p2|Electivire, M","|poke|p2|Shiftry, M","|poke|p2|Weezing, M","|poke|p2|Cradily, F","|rule|Swagger Clause: Swagger is banned","|rule|Baton Pass Clause: Limit one Baton Passer, can't pass Spe and other stats simultaneously","|rule|Sleep Clause Mod: Limit one foe put to sleep","|rule|Species Clause: Limit one of each Pokémon","|rule|OHKO Clause: OHKO moves are banned","|rule|Moody Clause: Moody is banned","|rule|Evasion Moves Clause: Evasion moves are banned","|rule|Endless Battle Clause: Forcing endless battles is banned","|rule|HP Percentage Mod: HP is shown in percentages","|teampreview","|","|start","|switch|p1a: Sup|Hippowdon, M|420/420","|switch|p2a: Electivire|Electivire, M|291/291","|-weather|Sandstorm","|turn|1","|","|switch|p2a: Archeops|Archeops, M|291/291","|move|p1a: Sup|Stealth Rock|p2a: Archeops","|-sidestart|p2: Marx-Bot|move: Stealth Rock","|","|-weather|Sandstorm|[upkeep]","|turn|2","|","|switch|p1a: Tickle me|Ferrothorn, F|352/352","|move|p2a: Archeops|Earthquake|p1a: Tickle me","|-damage|p1a: Tickle me|256/352","|","|-weather|Sandstorm|[upkeep]","|-heal|p1a: Tickle me|278/352|[from] item: Leftovers","|turn|3","|","|switch|p2a: Quagsire|Quagsire, M|394/394","|-damage|p2a: Quagsire|370/394|[from] Stealth Rock","|move|p1a: Tickle me|Thunder Wave|p2a: Quagsire","|-immune|p2a: Quagsire|[msg]","|","|-weather|Sandstorm|[upkeep]","|-heal|p2a: Quagsire|394/394|[from] item: Leftovers","|-heal|p1a: Tickle me|300/352|[from] item: Leftovers","|turn|4","|","|move|p2a: Quagsire|Scald|p1a: Tickle me","|-resisted|p1a: Tickle me","|-damage|p1a: Tickle me|274/352","|-status|p1a: Tickle me|brn","|move|p1a: Tickle me|Spikes|p2a: Quagsire","|-sidestart|p2: Marx-Bot|Spikes","|","|-weather|Sandstorm|[upkeep]","|-heal|p1a: Tickle me|296/352 brn|[from] item: Leftovers","|-damage|p1a: Tickle me|252/352 brn|[from] brn","|turn|5","|","|switch|p2a: Weezing|Weezing, M|334/334","|-damage|p2a: Weezing|293/334|[from] Stealth Rock","|move|p1a: Tickle me|Leech Seed|p2a: Weezing","|-start|p2a: Weezing|move: Leech Seed","|","|-weather|none","|-heal|p2a: Weezing|313/334|[from] item: Black Sludge","|-heal|p1a: Tickle me|274/352 brn|[from] item: Leftovers","|-damage|p2a: Weezing|272/334|[from] Leech Seed|[of] p1a: Tickle me","|-heal|p1a: Tickle me|315/352 brn|[silent]","|-damage|p1a: Tickle me|271/352 brn|[from] brn","|turn|6","|","|move|p2a: Weezing|Toxic Spikes|p1a: Tickle me","|-sidestart|p1: Neowulf|move: Toxic Spikes","|move|p1a: Tickle me|Spikes|p2a: Weezing","|-sidestart|p2: Marx-Bot|Spikes","|","|-heal|p2a: Weezing|292/334|[from] item: Black Sludge","|-heal|p1a: Tickle me|293/352 brn|[from] item: Leftovers","|-damage|p2a: Weezing|251/334|[from] Leech Seed|[of] p1a: Tickle me","|-heal|p1a: Tickle me|334/352 brn|[silent]","|-damage|p1a: Tickle me|290/352 brn|[from] brn","|turn|7","|","|move|p2a: Weezing|Flamethrower|p1a: Tickle me","|-supereffective|p1a: Tickle me","|-damage|p1a: Tickle me|90/352 brn","|move|p1a: Tickle me|Spikes|p2a: Weezing","|-sidestart|p2: Marx-Bot|Spikes","|","|-heal|p2a: Weezing|271/334|[from] item: Black Sludge","|-heal|p1a: Tickle me|112/352 brn|[from] item: Leftovers","|-damage|p2a: Weezing|230/334|[from] Leech Seed|[of] p1a: Tickle me","|-heal|p1a: Tickle me|153/352 brn|[silent]","|-damage|p1a: Tickle me|109/352 brn|[from] brn","|turn|8","|","|switch|p1a: Drop a d pulse xD|Dragalge, F|328/328","|-sideend|p1: Neowulf|move: Toxic Spikes|[of] p1a: Drop a d pulse xD","|move|p2a: Weezing|Toxic Spikes|p1a: Drop a d pulse xD","|-sidestart|p1: Neowulf|move: Toxic Spikes","|","|-heal|p2a: Weezing|250/334|[from] item: Black Sludge","|-damage|p2a: Weezing|209/334|[from] Leech Seed|[of] p1a: Drop a d pulse xD","|turn|9","|","|switch|p2a: Quagsire|Quagsire, M|394/394","|-damage|p2a: Quagsire|370/394|[from] Stealth Rock","|-damage|p2a: Quagsire|272/394|[from] Spikes","|move|p1a: Drop a d pulse xD|Toxic Spikes|p2a: Quagsire","|-sidestart|p2: Marx-Bot|move: Toxic Spikes","|","|-heal|p2a: Quagsire|296/394|[from] item: Leftovers","|turn|10","|","|move|p1a: Drop a d pulse xD|Draco Meteor|p2a: Quagsire","|-damage|p2a: Quagsire|0 fnt","|-unboost|p1a: Drop a d pulse xD|spa|2","|faint|p2a: Quagsire","|","|","|switch|p2a: Shiftry|Shiftry, M|321/321","|-damage|p2a: Shiftry|241/321|[from] Spikes","|-damage|p2a: Shiftry|201/321|[from] Stealth Rock","|-status|p2a: Shiftry|psn","|turn|11","|","|move|p2a: Shiftry|Fake Out|p1a: Drop a d pulse xD","|-damage|p1a: Drop a d pulse xD|282/328","|cant|p1a: Drop a d pulse xD|flinch","|","|-heal|p1a: Drop a d pulse xD|302/328|[from] item: Black Sludge","|-damage|p2a: Shiftry|161/321 psn|[from] psn","|turn|12","|","|move|p2a: Shiftry|Explosion|p1a: Drop a d pulse xD","|-damage|p1a: Drop a d pulse xD|31/328","|faint|p2a: Shiftry","|move|p1a: Drop a d pulse xD|Hidden Power|p2: Shiftry|[notarget]","|-notarget","|","|-heal|p1a: Drop a d pulse xD|51/328|[from] item: Black Sludge","|","|switch|p2a: Archeops|Archeops, M|291/291","|-damage|p2a: Archeops|219/291|[from] Stealth Rock","|turn|13","|","|switch|p1a: Tickle me|Ferrothorn, F|109/352 brn","|move|p2a: Archeops|U-turn|p1a: Tickle me","|-damage|p1a: Tickle me|47/352 brn","|-damage|p2a: Archeops|183/291|[from] ability: Iron Barbs|[of] p1a: Tickle me","|","|switch|p2a: Weezing|Weezing, M|209/334","|-damage|p2a: Weezing|168/334|[from] Stealth Rock","|","|-heal|p2a: Weezing|188/334|[from] item: Black Sludge","|-heal|p1a: Tickle me|69/352 brn|[from] item: Leftovers","|-damage|p1a: Tickle me|25/352 brn|[from] brn","|turn|14","|","|move|p2a: Weezing|Flamethrower|p1a: Tickle me","|-supereffective|p1a: Tickle me","|-damage|p1a: Tickle me|0 fnt","|faint|p1a: Tickle me","|","|-heal|p2a: Weezing|208/334|[from] item: Black Sludge","|","|switch|p1a: Drop a d pulse xD|Dragalge, F|51/328","|-sideend|p1: Neowulf|move: Toxic Spikes|[of] p1a: Drop a d pulse xD","|turn|15","|","|switch|p2a: Cradily|Cradily, F|376/376","|-damage|p2a: Cradily|282/376|[from] Spikes","|-damage|p2a: Cradily|235/376|[from] Stealth Rock","|-status|p2a: Cradily|psn","|move|p1a: Drop a d pulse xD|Draco Meteor|p2a: Cradily","|-damage|p2a: Cradily|61/376 psn","|-unboost|p1a: Drop a d pulse xD|spa|2","|","|-heal|p1a: Drop a d pulse xD|71/328|[from] item: Black Sludge","|-heal|p2a: Cradily|84/376 psn|[from] item: Leftovers","|-damage|p2a: Cradily|37/376 psn|[from] psn","|turn|16","|","|move|p1a: Drop a d pulse xD|Sludge Wave|p2a: Cradily","|-damage|p2a: Cradily|0 fnt","|faint|p2a: Cradily","|","|-heal|p1a: Drop a d pulse xD|91/328|[from] item: Black Sludge","|","|switch|p2a: Archeops|Archeops, M|183/291","|-damage|p2a: Archeops|111/291|[from] Stealth Rock","|turn|17","|","|move|p2a: Archeops|Dragon Claw|p1a: Drop a d pulse xD","|-supereffective|p1a: Drop a d pulse xD","|-damage|p1a: Drop a d pulse xD|0 fnt","|faint|p1a: Drop a d pulse xD","|","|","|switch|p1a: walls LOL|Azumarill, F|384/384","|turn|18","|","|move|p1a: walls LOL|Aqua Jet|p2a: Archeops","|-supereffective|p2a: Archeops","|-damage|p2a: Archeops|0 fnt","|faint|p2a: Archeops","|","|","|switch|p2a: Electivire|Electivire, M|291/291","|-damage|p2a: Electivire|219/291|[from] Spikes","|-damage|p2a: Electivire|183/291|[from] Stealth Rock","|-status|p2a: Electivire|psn","|turn|19","|","|switch|p1a: Sup|Hippowdon, M|420/420","|-weather|Sandstorm","|move|p2a: Electivire|Earthquake|p1a: Sup","|-damage|p1a: Sup|333/420","|","|-weather|Sandstorm|[upkeep]","|-damage|p2a: Electivire|165/291 psn|[from] sandstorm","|-heal|p1a: Sup|359/420|[from] item: Leftovers","|-damage|p2a: Electivire|129/291 psn|[from] psn","|turn|20","|","|move|p2a: Electivire|Earthquake|p1a: Sup","|-damage|p1a: Sup|269/420","|move|p1a: Sup|Earthquake|p2a: Electivire","|-supereffective|p2a: Electivire","|-damage|p2a: Electivire|0 fnt","|faint|p2a: Electivire","|","|-weather|Sandstorm|[upkeep]","|-heal|p1a: Sup|295/420|[from] item: Leftovers","|","|switch|p2a: Weezing|Weezing, M|208/334","|-damage|p2a: Weezing|167/334|[from] Stealth Rock","|turn|21","|","|switch|p1a: MrJamvad|Alakazam, F|251/251","|move|p2a: Weezing|Will-O-Wisp|p1a: MrJamvad","|-status|p1a: MrJamvad|brn","|","|-weather|Sandstorm|[upkeep]","|-damage|p2a: Weezing|147/334|[from] sandstorm","|-heal|p2a: Weezing|167/334|[from] item: Black Sludge","|turn|22","|","|detailschange|p1a: MrJamvad|Alakazam-Mega, F","|-mega|p1a: MrJamvad|Alakazam|Alakazite","|-ability|p1a: MrJamvad|Levitate|[from] ability: Trace|[of] p2a: Weezing","|move|p1a: MrJamvad|Encore|p2a: Weezing","|-start|p2a: Weezing|Encore","|move|p2a: Weezing|Will-O-Wisp|p1a: MrJamvad","|-fail|p1a: MrJamvad|brn","|","|-weather|Sandstorm|[upkeep]","|-damage|p1a: MrJamvad|236/251 brn|[from] sandstorm","|-damage|p2a: Weezing|147/334|[from] sandstorm","|-heal|p2a: Weezing|167/334|[from] item: Black Sludge","|-damage|p1a: MrJamvad|205/251 brn|[from] brn","|turn|23","|","|move|p1a: MrJamvad|Psychic|p2a: Weezing","|-supereffective|p2a: Weezing","|-damage|p2a: Weezing|0 fnt","|faint|p2a: Weezing","|","|win|Neowulf"],"p1rating":{"entryid":"666555","serverid":"eos","formatid":"ou","userid":"neowulf","username":"N+e+o+w+u+l+f","w":3,"l":"0","t":"0","gxe":61,"r":"1540.1606143388","rd":"123.22070420879","sigma":"0","rptime":"1441184400","rpr":1588.7306152433,"rprd":112.43655136441,"rpsigma":"0","acre":1093.7176627926,"lacre":1093.7176627926,"oldacre":"1070.1028089042"},"p2rating":{"entryid":"413298","serverid":"eos","formatid":"ou","userid":"marxbot","username":"Marx-Bot","w":"0","l":2,"t":"0","gxe":41.3,"r":"1459.8393856612","rd":"124.30155345885","sigma":"0","rptime":"1441184400","rpr":1430.333033805,"rprd":118.19345522637,"rpsigma":"0","acre":1000,"lacre":1000,"oldacre":"1000"},"endType":"normal"}