{"seed":[24671,3975,28166,24218],"turns":19,"p1":"Primal GT DuckSoup","p2":"Neowulf - ⓚⓜⓢ","p1team":[{"name":"Klefki","species":"Klefki","item":"lightball","ability":"Prankster","moves":["reflect","lightscreen","spikes","thunderwave"],"nature":"Bold","evs":{"hp":248,"atk":0,"def":252,"spa":0,"spd":8,"spe":0},"ivs":{"hp":31,"atk":31,"def":31,"spa":31,"spd":31,"spe":31}},{"name":"Slowking","species":"Slowking","item":"assaultvest","ability":"Regenerator","moves":["psyshock","scald","icebeam","fireblast"],"nature":"Modest","evs":{"hp":248,"atk":0,"def":0,"spa":252,"spd":8,"spe":0},"ivs":{"hp":31,"atk":31,"def":31,"spa":31,"spd":31,"spe":31}},{"name":"Tangrowth","species":"Tangrowth","item":"leftovers","ability":"Regenerator","moves":["knockoff","sleeppowder","gigadrain","leechseed"],"nature":"Relaxed","evs":{"hp":252,"atk":0,"def":252,"spa":4,"spd":0,"spe":0},"ivs":{"hp":31,"atk":31,"def":31,"spa":31,"spd":31,"spe":31}},{"name":"Camerupt","species":"Camerupt","item":"cameruptite","ability":"Solid Rock","moves":["fireblast","earthpower","ancientpower","willowisp"],"nature":"Modest","evs":{"hp":252,"atk":0,"def":0,"spa":252,"spd":0,"spe":0},"ivs":{"hp":31,"atk":31,"def":31,"spa":31,"spd":31,"spe":31}},{"name":"Jirachi","species":"Jirachi","item":"leftovers","ability":"Serene Grace","moves":["stealthrock","ironhead","trickroom","bodyslam"],"nature":"Sassy","evs":{"hp":224,"atk":136,"def":0,"spa":0,"spd":116,"spe":32},"ivs":{"hp":31,"atk":31,"def":31,"spa":31,"spd":31,"spe":0}},{"name":"Cloyster","species":"Cloyster","item":"kingsrock","ability":"Skill Link","moves":["shellsmash","iciclespear","rockblast","iceshard"],"nature":"Jolly","evs":{"hp":252,"atk":0,"def":0,"spa":0,"spd":4,"spe":252},"ivs":{"hp":31,"atk":31,"def":31,"spa":31,"spd":31,"spe":31}}],"p2team":[{"name":"MrJamvad","species":"alakazam","item":"alakazite","ability":"Magic Guard","moves":["psychic","focusblast","shadowball","encore"],"nature":"Timid","evs":{"hp":0,"atk":0,"def":4,"spa":252,"spd":0,"spe":252},"ivs":{"hp":31,"atk":0,"def":31,"spa":31,"spd":31,"spe":31}},{"name":"Sup","species":"hippowdon","item":"leftovers","ability":"Sand Stream","moves":["earthquake","stealthrock","slackoff","firefang"],"nature":"Impish","evs":{"hp":252,"atk":0,"def":144,"spa":0,"spd":112,"spe":0},"ivs":{"hp":31,"atk":31,"def":31,"spa":31,"spd":31,"spe":31}},{"name":"Tickle me","species":"ferrothorn","item":"leftovers","ability":"Iron Barbs","moves":["gyroball","leechseed","thunderwave","spikes"],"nature":"Relaxed","evs":{"hp":252,"atk":0,"def":88,"spa":0,"spd":168,"spe":0},"ivs":{"hp":31,"atk":31,"def":31,"spa":31,"spd":31,"spe":0}},{"name":"Drop a d pulse xD","species":"dragalge","item":"blacksludge","ability":"Adaptability","moves":["dracometeor","sludgewave","toxicspikes","hiddenpowerfire"],"nature":"Modest","evs":{"hp":228,"atk":0,"def":0,"spa":252,"spd":0,"spe":28},"ivs":{"hp":31,"atk":0,"def":31,"spa":30,"spd":31,"spe":30}},{"name":"Sky King","species":"hawlucha","item":"sitrusberry","ability":"Unburden","moves":["substitute","swordsdance","highjumpkick","acrobatics"],"nature":"Jolly","evs":{"hp":12,"atk":252,"def":0,"spa":0,"spd":0,"spe":244},"ivs":{"hp":31,"atk":31,"def":31,"spa":31,"spd":31,"spe":31}},{"name":"walls LOL","species":"azumarill","item":"choiceband","ability":"Huge Power","moves":["playrough","aquajet","waterfall","superpower"],"nature":"Adamant","evs":{"hp":172,"atk":252,"def":0,"spa":0,"spd":0,"spe":84},"ivs":{"hp":31,"atk":31,"def":31,"spa":31,"spd":31,"spe":31}}],"log":["|player|p1|Primal GT DuckSoup|121","|player|p2|Neowulf - ⓚⓜⓢ|80","|gametype|singles","|gen|6","|tier|OU","|rated","|clearpoke","|poke|p1|Klefki, F","|poke|p1|Slowking, F","|poke|p1|Tangrowth, F","|poke|p1|Camerupt, M","|poke|p1|Jirachi","|poke|p1|Cloyster, F","|poke|p2|Alakazam, F","|poke|p2|Hippowdon, F","|poke|p2|Ferrothorn, F","|poke|p2|Dragalge, M","|poke|p2|Hawlucha, M","|poke|p2|Azumarill, M","|rule|Swagger Clause: Swagger is banned","|rule|Baton Pass Clause: Limit one Baton Passer, can't pass Spe and other stats simultaneously","|rule|Sleep Clause Mod: Limit one foe put to sleep","|rule|Species Clause: Limit one of each Pokémon","|rule|OHKO Clause: OHKO moves are banned","|rule|Moody Clause: Moody is banned","|rule|Evasion Moves Clause: Evasion moves are banned","|rule|Endless Battle Clause: Forcing endless battles is banned","|rule|HP Percentage Mod: HP is shown in percentages","|teampreview","|","|start","|switch|p1a: Klefki|Klefki, F|317/317","|switch|p2a: Sup|Hippowdon, F|420/420","|-weather|Sandstorm","|turn|1","|","|move|p1a: Klefki|Reflect|p1a: Klefki","|-sidestart|p1: Primal GT DuckSoup|Reflect","|move|p2a: Sup|Stealth Rock|p1a: Klefki","|-sidestart|p1: Primal GT DuckSoup|move: Stealth Rock","|","|-weather|Sandstorm|[upkeep]","|turn|2","|","|switch|p2a: Tickle me|Ferrothorn, F|352/352","|move|p1a: Klefki|Spikes|p2a: Tickle me","|-sidestart|p2: Neowulf - ⓚⓜⓢ|Spikes","|","|-weather|Sandstorm|[upkeep]","|turn|3","|","|move|p1a: Klefki|Thunder Wave|p2a: Tickle me","|-status|p2a: Tickle me|par","|move|p2a: Tickle me|Spikes|p1a: Klefki","|-sidestart|p1: Primal GT DuckSoup|Spikes","|","|-weather|Sandstorm|[upkeep]","|turn|4","|","|move|p1a: Klefki|Spikes|p2a: Tickle me","|-sidestart|p2: Neowulf - ⓚⓜⓢ|Spikes","|move|p2a: Tickle me|Spikes|p1a: Klefki","|-sidestart|p1: Primal GT DuckSoup|Spikes","|","|-weather|Sandstorm|[upkeep]","|turn|5","|","|move|p1a: Klefki|Spikes|p2a: Tickle me","|-sidestart|p2: Neowulf - ⓚⓜⓢ|Spikes","|cant|p2a: Tickle me|par","|","|-weather|none","|-sideend|p1: Primal GT DuckSoup|Reflect","|turn|6","|","|switch|p1a: Camerupt|Camerupt, M|344/344","|-damage|p1a: Camerupt|301/344|[from] Stealth Rock","|-damage|p1a: Camerupt|244/344|[from] Spikes","|move|p2a: Tickle me|Spikes|p1a: Camerupt","|-sidestart|p1: Primal GT DuckSoup|Spikes","|","|turn|7","|","|switch|p2a: Drop a d pulse xD|Dragalge, M|328/328","|-damage|p2a: Drop a d pulse xD|246/328|[from] Spikes","|detailschange|p1a: Camerupt|Camerupt-Mega, M","|-mega|p1a: Camerupt|Camerupt|Cameruptite","|move|p1a: Camerupt|Fire Blast|p2a: Drop a d pulse xD|[miss]","|-miss|p1a: Camerupt|p2a: Drop a d pulse xD","|","|-heal|p2a: Drop a d pulse xD|266/328|[from] item: Black Sludge","|turn|8","|","|switch|p1a: Klefki|Klefki, F|317/317","|-damage|p1a: Klefki|298/317|[from] Stealth Rock","|-damage|p1a: Klefki|219/317|[from] Spikes","|move|p2a: Drop a d pulse xD|Toxic Spikes|p1a: Klefki","|-sidestart|p1: Primal GT DuckSoup|move: Toxic Spikes","|","|-heal|p2a: Drop a d pulse xD|286/328|[from] item: Black Sludge","|turn|9","|","|move|p1a: Klefki|Light Screen|p1a: Klefki","|-sidestart|p1: Primal GT DuckSoup|move: Light Screen","|move|p2a: Drop a d pulse xD|Hidden Power|p1a: Klefki","|-supereffective|p1a: Klefki","|-damage|p1a: Klefki|148/317","|","|-heal|p2a: Drop a d pulse xD|306/328|[from] item: Black Sludge","|turn|10","|","|switch|p2a: Sup|Hippowdon, F|420/420","|-damage|p2a: Sup|315/420|[from] Spikes","|-weather|Sandstorm","|move|p1a: Klefki|Thunder Wave|p2a: Sup","|-immune|p2a: Sup|[msg]","|","|-weather|Sandstorm|[upkeep]","|-heal|p2a: Sup|341/420|[from] item: Leftovers","|turn|11","|","|switch|p1a: Slowking|Slowking, F|393/393","|-damage|p1a: Slowking|295/393|[from] Spikes","|-damage|p1a: Slowking|246/393|[from] Stealth Rock","|-status|p1a: Slowking|psn","|move|p2a: Sup|Earthquake|p1a: Slowking","|-damage|p1a: Slowking|86/393 psn","|","|-weather|Sandstorm|[upkeep]","|-damage|p1a: Slowking|62/393 psn|[from] sandstorm","|-heal|p2a: Sup|367/420|[from] item: Leftovers","|-damage|p1a: Slowking|13/393 psn|[from] psn","|turn|12","|","|move|p2a: Sup|Earthquake|p1a: Slowking","|-damage|p1a: Slowking|0 fnt","|faint|p1a: Slowking","|","|-weather|Sandstorm|[upkeep]","|-heal|p2a: Sup|393/420|[from] item: Leftovers","|","|switch|p1a: Jirachi|Jirachi|397/397","|-damage|p1a: Jirachi|298/397|[from] Spikes","|-damage|p1a: Jirachi|274/397|[from] Stealth Rock","|turn|13","|","|move|p2a: Sup|Earthquake|p1a: Jirachi","|-supereffective|p1a: Jirachi","|-damage|p1a: Jirachi|38/397","|move|p1a: Jirachi|Trick Room|p1a: Jirachi","|-fieldstart|move: Trick Room|[of] p1a: Jirachi","|","|-weather|Sandstorm|[upkeep]","|-heal|p2a: Sup|419/420|[from] item: Leftovers","|-heal|p1a: Jirachi|62/397|[from] item: Leftovers","|-sideend|p1: Primal GT DuckSoup|move: Light Screen","|turn|14","|","|move|p2a: Sup|Earthquake|p1a: Jirachi","|-supereffective|p1a: Jirachi","|-damage|p1a: Jirachi|0 fnt","|faint|p1a: Jirachi","|","|-weather|none","|-heal|p2a: Sup|420/420|[from] item: Leftovers","|","|switch|p1a: Tangrowth|Tangrowth, F|404/404","|-damage|p1a: Tangrowth|303/404|[from] Spikes","|-damage|p1a: Tangrowth|253/404|[from] Stealth Rock","|-status|p1a: Tangrowth|psn","|turn|15","|","|switch|p2a: Drop a d pulse xD|Dragalge, M|306/328","|-damage|p2a: Drop a d pulse xD|224/328|[from] Spikes","|move|p1a: Tangrowth|Giga Drain|p2a: Drop a d pulse xD","|-resisted|p2a: Drop a d pulse xD","|-damage|p2a: Drop a d pulse xD|204/328","|-heal|p1a: Tangrowth|263/404 psn|[from] drain|[of] p2a: Drop a d pulse xD","|","|-heal|p1a: Tangrowth|288/404 psn|[from] item: Leftovers","|-heal|p2a: Drop a d pulse xD|224/328|[from] item: Black Sludge","|-damage|p1a: Tangrowth|238/404 psn|[from] psn","|turn|16","|","|move|p1a: Tangrowth|Sleep Powder|p2a: Drop a d pulse xD","|-status|p2a: Drop a d pulse xD|slp","|cant|p2a: Drop a d pulse xD|slp","|","|-heal|p1a: Tangrowth|263/404 psn|[from] item: Leftovers","|-heal|p2a: Drop a d pulse xD|244/328 slp|[from] item: Black Sludge","|-damage|p1a: Tangrowth|213/404 psn|[from] psn","|turn|17","|","|move|p1a: Tangrowth|Leech Seed|p2a: Drop a d pulse xD","|-start|p2a: Drop a d pulse xD|move: Leech Seed","|cant|p2a: Drop a d pulse xD|slp","|","|-heal|p1a: Tangrowth|238/404 psn|[from] item: Leftovers","|-heal|p2a: Drop a d pulse xD|264/328 slp|[from] item: Black Sludge","|-damage|p2a: Drop a d pulse xD|223/328 slp|[from] Leech Seed|[of] p1a: Tangrowth","|-heal|p1a: Tangrowth|279/404 psn|[silent]","|-damage|p1a: Tangrowth|229/404 psn|[from] psn","|-fieldend|move: Trick Room","|turn|18","|","|-curestatus|p2a: Drop a d pulse xD|slp","|move|p2a: Drop a d pulse xD|Sludge Wave|p1a: Tangrowth","|-crit|p1a: Tangrowth","|-supereffective|p1a: Tangrowth","|-damage|p1a: Tangrowth|0 fnt","|faint|p1a: Tangrowth","|","|-heal|p2a: Drop a d pulse xD|243/328|[from] item: Black Sludge","|","|switch|p1a: Camerupt|Camerupt-Mega, M|244/344","|-damage|p1a: Camerupt|201/344|[from] Stealth Rock","|-damage|p1a: Camerupt|115/344|[from] Spikes","|-status|p1a: Camerupt|psn","|turn|19","|","|win|Neowulf - ⓚⓜⓢ"],"p1rating":{"entryid":"783042","serverid":"eos","formatid":"ou","userid":"primalgtducksoup","username":"Primal GT DuckSoup","w":"0","l":2,"t":"0","gxe":41.4,"r":"1500","rd":"130","sigma":"0","rptime":"1441184400","rpr":1431.1039873404,"rprd":116.75880316468,"rpsigma":"0","acre":1000,"lacre":1000,"oldacre":"1000"},"p2rating":{"entryid":"666555","serverid":"eos","formatid":"ou","userid":"neowulf","username":"N+e+o+w+u+l+f","w":5,"l":"0","t":"0","gxe":66.3,"r":"1540.1606143388","rd":"123.22070420879","sigma":"0","rptime":"1441184400","rpr":1632.5011283755,"rprd":103.63976607079,"rpsigma":"0","acre":1129.9824877955,"lacre":1129.9824877955,"oldacre":"1112.8272151878"},"endType":"forfeit"}