{"seed":[30231,12324,23185,38237],"turns":20,"p1":"Guard Wulf - Ⓓⓞⓖⓔ","p2":"Sovereign♕Noble","p1team":[{"name":"Cobalion","species":"Cobalion","item":"leftovers","ability":"Justified","moves":["stealthrock","voltswitch","flashcannon","thunderwave"],"nature":"Bold","evs":{"hp":200,"atk":0,"def":252,"spa":8,"spd":0,"spe":48},"ivs":{"hp":31,"atk":31,"def":31,"spa":31,"spd":31,"spe":31}},{"name":"Gallade","species":"Gallade","item":"galladite","ability":"Justified","moves":["icepunch","closecombat","swordsdance","psychocut"],"nature":"Jolly","evs":{"hp":0,"atk":252,"def":0,"spa":0,"spd":4,"spe":252},"ivs":{"hp":31,"atk":31,"def":31,"spa":31,"spd":31,"spe":31}},{"name":"Scrafty","species":"Scrafty","item":"leftovers","ability":"Shed Skin","moves":["crunch","dragondance","poisonjab","drainpunch"],"nature":"Jolly","evs":{"hp":0,"atk":208,"def":0,"spa":0,"spd":48,"spe":252},"ivs":{"hp":31,"atk":31,"def":31,"spa":31,"spd":31,"spe":31}},{"name":"Keldeo","species":"Keldeo","item":"choicespecs","ability":"Justified","moves":["surf","hydropump","secretsword","icywind"],"nature":"Timid","evs":{"hp":0,"atk":0,"def":0,"spa":252,"spd":4,"spe":252},"ivs":{"hp":31,"atk":31,"def":31,"spa":31,"spd":31,"spe":31}},{"name":"Terrakion","species":"Terrakion","item":"choicescarf","ability":"Justified","moves":["earthquake","stoneedge","poisonjab","closecombat"],"nature":"Jolly","evs":{"hp":0,"atk":252,"def":0,"spa":0,"spd":4,"spe":252},"ivs":{"hp":31,"atk":31,"def":31,"spa":31,"spd":31,"spe":31}},{"name":"Hawlucha","species":"Hawlucha","item":"powerherb","ability":"Unburden","moves":["swordsdance","skyattack","acrobatics","highjumpkick"],"nature":"Jolly","evs":{"hp":0,"atk":252,"def":0,"spa":0,"spd":4,"spe":252},"ivs":{"hp":31,"atk":31,"def":31,"spa":31,"spd":31,"spe":31}}],"p2team":[{"name":"Volcarona","species":"Volcarona","item":"passhoberry","ability":"Flame Body","moves":["quiverdance","fireblast","gigadrain","bugbuzz"],"nature":"Timid","evs":{"hp":72,"atk":0,"def":0,"spa":252,"spd":0,"spe":184},"ivs":{"hp":31,"atk":31,"def":31,"spa":31,"spd":31,"spe":31}},{"name":"Charizard","species":"Charizard","item":"charizarditex","ability":"Blaze","moves":["dragondance","flareblitz","dragonclaw","earthquake"],"nature":"Jolly","evs":{"hp":72,"atk":252,"def":0,"spa":0,"spd":0,"spe":184},"ivs":{"hp":31,"atk":31,"def":31,"spa":31,"spd":31,"spe":31}},{"name":"Infernape","species":"Infernape","item":"lifeorb","ability":"Iron Fist","moves":["fireblast","closecombat","machpunch","hiddenpowerice"],"nature":"Naive","evs":{"hp":0,"atk":168,"def":0,"spa":88,"spd":0,"spe":252},"ivs":{"hp":31,"atk":30,"def":30,"spa":31,"spd":31,"spe":31}},{"name":"Heatran","species":"Heatran","item":"leftovers","ability":"Flash Fire","moves":["lavaplume","toxic","taunt","stealthrock"],"nature":"Calm","evs":{"hp":248,"atk":0,"def":0,"spa":0,"spd":192,"spe":68},"ivs":{"hp":31,"atk":31,"def":31,"spa":31,"spd":31,"spe":31}},{"name":"Rotom-Heat","species":"Rotom-Heat","item":"leftovers","ability":"Levitate","moves":["overheat","voltswitch","willowisp","painsplit"],"nature":"Bold","evs":{"hp":252,"atk":0,"def":252,"spa":0,"spd":4,"spe":0},"ivs":{"hp":31,"atk":31,"def":31,"spa":31,"spd":31,"spe":31}},{"name":"Chandelure","species":"Chandelure","item":"choicescarf","ability":"Flash Fire","moves":["fireblast","shadowball","energyball","trick"],"nature":"Timid","evs":{"hp":0,"atk":0,"def":0,"spa":252,"spd":4,"spe":252},"ivs":{"hp":31,"atk":31,"def":31,"spa":31,"spd":31,"spe":31}}],"log":["|player|p1|Guard Wulf - Ⓓⓞⓖⓔ|143","|player|p2|Sovereign♕Noble|153","|gametype|singles","|gen|6","|tier|Monotype","|rated","|rule|Baton Pass Clause: Limit one Baton Passer, can't pass Spe and other stats simultaneously","|rule|Swagger Clause: Swagger is banned","|rule|Same Type Clause: Pokémon in a team must share a type","|clearpoke","|poke|p1|Cobalion","|poke|p1|Gallade, M","|poke|p1|Scrafty, M","|poke|p1|Keldeo","|poke|p1|Terrakion","|poke|p1|Hawlucha, M","|poke|p2|Volcarona, F","|poke|p2|Charizard, F","|poke|p2|Infernape, M","|poke|p2|Heatran, F","|poke|p2|Rotom-Heat","|poke|p2|Chandelure, M","|rule|Sleep Clause Mod: Limit one foe put to sleep","|rule|Species Clause: Limit one of each Pokémon","|rule|OHKO Clause: OHKO moves are banned","|rule|Moody Clause: Moody is banned","|rule|Evasion Moves Clause: Evasion moves are banned","|rule|Endless Battle Clause: Forcing endless battles is banned","|rule|HP Percentage Mod: HP is shown in percentages","|teampreview","|","|start","|switch|p1a: Cobalion|Cobalion|373/373","|switch|p2a: Heatran|Heatran, F|385/385","|turn|1","|","|move|p1a: Cobalion|Stealth Rock|p2a: Heatran","|-sidestart|p2: Sovereign♕Noble|move: Stealth Rock","|move|p2a: Heatran|Lava Plume|p1a: Cobalion","|-supereffective|p1a: Cobalion","|-damage|p1a: Cobalion|37/373","|","|-heal|p1a: Cobalion|60/373|[from] item: Leftovers","|turn|2","|","|move|p1a: Cobalion|Thunder Wave|p2a: Heatran","|-status|p2a: Heatran|par","|move|p2a: Heatran|Stealth Rock|p1a: Cobalion","|-sidestart|p1: Guard Wulf - Ⓓⓞⓖⓔ|move: Stealth Rock","|","|-heal|p1a: Cobalion|83/373|[from] item: Leftovers","|turn|3","|","|move|p1a: Cobalion|Flash Cannon|p2a: Heatran","|-resisted|p2a: Heatran","|-damage|p2a: Heatran|368/385 par","|move|p2a: Heatran|Lava Plume|p1a: Cobalion","|-supereffective|p1a: Cobalion","|-damage|p1a: Cobalion|0 fnt","|faint|p1a: Cobalion","|","|-heal|p2a: Heatran|385/385 par|[from] item: Leftovers","|","|switch|p1a: Gallade|Gallade, M|277/277","|-damage|p1a: Gallade|260/277|[from] Stealth Rock","|turn|4","|","|switch|p1a: Scrafty|Scrafty, M|271/271","|-damage|p1a: Scrafty|255/271|[from] Stealth Rock","|move|p2a: Heatran|Toxic|p1a: Scrafty","|-status|p1a: Scrafty|tox","|","|-activate|p1a: Scrafty|ability: Shed Skin","|-curestatus|p1a: Scrafty|tox","|-heal|p1a: Scrafty|271/271|[from] item: Leftovers","|turn|5","|","|move|p1a: Scrafty|Dragon Dance|p1a: Scrafty","|-boost|p1a: Scrafty|atk|1","|-boost|p1a: Scrafty|spe|1","|move|p2a: Heatran|Taunt|p1a: Scrafty","|-start|p1a: Scrafty|move: Taunt","|","|turn|6","|","|switch|p2a: Volcarona|Volcarona, F|329/329","|-damage|p2a: Volcarona|165/329|[from] Stealth Rock","|move|p1a: Scrafty|Drain Punch|p2a: Volcarona","|-resisted|p2a: Volcarona","|-damage|p2a: Volcarona|57/329","|","|turn|7","|","|move|p1a: Scrafty|Drain Punch|p2a: Volcarona","|-crit|p2a: Volcarona","|-resisted|p2a: Volcarona","|-damage|p2a: Volcarona|0 fnt","|faint|p2a: Volcarona","|","|","|switch|p2a: Heatran|Heatran, F|385/385 par","|-damage|p2a: Heatran|337/385 par|[from] Stealth Rock","|turn|8","|","|move|p1a: Scrafty|Drain Punch|p2a: Heatran","|-supereffective|p2a: Heatran","|-damage|p2a: Heatran|55/385 par","|move|p2a: Heatran|Lava Plume|p1a: Scrafty","|-damage|p1a: Scrafty|171/271","|","|-heal|p1a: Scrafty|187/271|[from] item: Leftovers","|-heal|p2a: Heatran|79/385 par|[from] item: Leftovers","|-end|p1a: Scrafty|move: Taunt","|turn|9","|","|move|p1a: Scrafty|Dragon Dance|p1a: Scrafty","|-boost|p1a: Scrafty|atk|1","|-boost|p1a: Scrafty|spe|1","|move|p2a: Heatran|Taunt|p1a: Scrafty","|-start|p1a: Scrafty|move: Taunt","|","|-heal|p1a: Scrafty|203/271|[from] item: Leftovers","|-heal|p2a: Heatran|103/385 par|[from] item: Leftovers","|turn|10","|","|switch|p2a: Charizard|Charizard, F|315/315","|-damage|p2a: Charizard|158/315|[from] Stealth Rock","|move|p1a: Scrafty|Drain Punch|p2a: Charizard","|-resisted|p2a: Charizard","|-damage|p2a: Charizard|32/315","|-heal|p1a: Scrafty|266/271|[from] drain|[of] p2a: Charizard","|","|-heal|p1a: Scrafty|271/271|[from] item: Leftovers","|turn|11","|","|detailschange|p2a: Charizard|Charizard-Mega-X, F","|-mega|p2a: Charizard|Charizard|Charizardite X","|move|p1a: Scrafty|Crunch|p2a: Charizard","|-damage|p2a: Charizard|0 fnt","|faint|p2a: Charizard","|","|","|switch|p2a: Infernape|Infernape, M|293/293","|-damage|p2a: Infernape|257/293|[from] Stealth Rock","|turn|12","|","|move|p2a: Infernape|Mach Punch|p1a: Scrafty","|-supereffective|p1a: Scrafty","|-damage|p1a: Scrafty|115/271","|-damage|p2a: Infernape|228/293|[from] item: Life Orb","|move|p1a: Scrafty|Drain Punch|p2a: Infernape","|-damage|p2a: Infernape|0 fnt","|-heal|p1a: Scrafty|229/271|[from] drain|[of] p2a: Infernape","|faint|p2a: Infernape","|","|-heal|p1a: Scrafty|245/271|[from] item: Leftovers","|-end|p1a: Scrafty|move: Taunt","|","|switch|p2a: Rotom-Heat|Rotom-Heat|304/304","|-damage|p2a: Rotom-Heat|228/304|[from] Stealth Rock","|turn|13","|","|move|p1a: Scrafty|Drain Punch|p2a: Rotom-Heat","|-damage|p2a: Rotom-Heat|90/304","|-heal|p1a: Scrafty|271/271|[from] drain|[of] p2a: Rotom-Heat","|move|p2a: Rotom-Heat|Overheat|p1a: Scrafty","|-damage|p1a: Scrafty|138/271","|-unboost|p2a: Rotom-Heat|spa|2","|","|-heal|p1a: Scrafty|154/271|[from] item: Leftovers","|-heal|p2a: Rotom-Heat|109/304|[from] item: Leftovers","|turn|14","|","|move|p1a: Scrafty|Drain Punch|p2a: Rotom-Heat","|-damage|p2a: Rotom-Heat|0 fnt","|-heal|p1a: Scrafty|209/271|[from] drain|[of] p2a: Rotom-Heat","|faint|p2a: Rotom-Heat","|","|-heal|p1a: Scrafty|225/271|[from] item: Leftovers","|","|switch|p2a: Chandelure|Chandelure, M|261/261","|-damage|p2a: Chandelure|196/261|[from] Stealth Rock","|turn|15","|","|move|p1a: Scrafty|Crunch|p2a: Chandelure","|-crit|p2a: Chandelure","|-supereffective|p2a: Chandelure","|-damage|p2a: Chandelure|0 fnt","|faint|p2a: Chandelure","|","|-heal|p1a: Scrafty|241/271|[from] item: Leftovers","|","|switch|p2a: Heatran|Heatran, F|103/385 par","|-damage|p2a: Heatran|55/385 par|[from] Stealth Rock","|turn|16","|","|move|p1a: Scrafty|Dragon Dance|p1a: Scrafty","|-boost|p1a: Scrafty|atk|1","|-boost|p1a: Scrafty|spe|1","|cant|p2a: Heatran|par","|","|-heal|p1a: Scrafty|257/271|[from] item: Leftovers","|-heal|p2a: Heatran|79/385 par|[from] item: Leftovers","|turn|17","|","|move|p1a: Scrafty|Dragon Dance|p1a: Scrafty","|-boost|p1a: Scrafty|atk|1","|-boost|p1a: Scrafty|spe|1","|cant|p2a: Heatran|par","|","|-heal|p1a: Scrafty|271/271|[from] item: Leftovers","|-heal|p2a: Heatran|103/385 par|[from] item: Leftovers","|turn|18","|","|move|p1a: Scrafty|Dragon Dance|p1a: Scrafty","|-boost|p1a: Scrafty|atk|1","|-boost|p1a: Scrafty|spe|1","|move|p2a: Heatran|Lava Plume|p1a: Scrafty","|-damage|p1a: Scrafty|175/271","|","|-heal|p1a: Scrafty|191/271|[from] item: Leftovers","|-heal|p2a: Heatran|127/385 par|[from] item: Leftovers","|turn|19","|","|move|p1a: Scrafty|Dragon Dance|p1a: Scrafty","|-boost|p1a: Scrafty|atk|1","|-boost|p1a: Scrafty|spe|1","|move|p2a: Heatran|Lava Plume|p1a: Scrafty","|-damage|p1a: Scrafty|95/271","|-status|p1a: Scrafty|brn","|","|-activate|p1a: Scrafty|ability: Shed Skin","|-curestatus|p1a: Scrafty|brn","|-heal|p1a: Scrafty|111/271|[from] item: Leftovers","|-heal|p2a: Heatran|151/385 par|[from] item: Leftovers","|turn|20","|","|move|p1a: Scrafty|Drain Punch|p2a: Heatran","|-supereffective|p2a: Heatran","|-damage|p2a: Heatran|0 fnt","|-heal|p1a: Scrafty|187/271|[from] drain|[of] p2a: Heatran","|faint|p2a: Heatran","|","|win|Guard Wulf - Ⓓⓞⓖⓔ"],"p1rating":{"entryid":"152473","serverid":"eos","formatid":"monotype","userid":"guardwulf","username":"Guard Wulf","w":13,"l":"5","t":"0","gxe":61.5,"r":"1530.0091417388","rd":"83.32711138282","sigma":"0","rptime":"1440061200","rpr":1590.0102416717,"rprd":73.87034946731,"rpsigma":"0","acre":1190.3465787966,"lacre":1190.3465787966,"oldacre":"1177.0894502414"},"p2rating":{"entryid":"53353","serverid":"eos","formatid":"monotype","userid":"sovereignnoble","username":"Sovereign♕Noble","w":"0","l":3,"t":"0","gxe":37.9,"r":"1459.8393856612","rd":"123.03963956634","sigma":"0","rptime":"1440061200","rpr":1402.4111826641,"rprd":111.44908421772,"rpsigma":"0","acre":1000,"lacre":1000,"oldacre":"1000"},"endType":"normal"}