{"seed":[16782,17980,21251,23736],"turns":37,"p1":"alliance - mxy","p2":"Crystal Giigan","p1team":[{"name":"Beedrill","species":"Beedrill","item":"beedrillite","ability":"Swarm","moves":["uturn","poisonjab","knockoff","protect"],"nature":"Jolly","evs":{"hp":0,"atk":252,"def":0,"spa":0,"spd":4,"spe":252},"ivs":{"hp":31,"atk":31,"def":31,"spa":31,"spd":31,"spe":31}},{"name":"Weezing","species":"Weezing","item":"blacksludge","ability":"Levitate","moves":["fireblast","sludgewave","willowisp","painsplit"],"nature":"Bold","evs":{"hp":248,"atk":0,"def":252,"spa":8,"spd":0,"spe":0},"ivs":{"hp":31,"atk":0,"def":31,"spa":31,"spd":31,"spe":31}},{"name":"Drapion","species":"Drapion","item":"choicescarf","ability":"Sniper","moves":["knockoff","rockslide","earthquake","thunderfang"],"nature":"Jolly","evs":{"hp":0,"atk":252,"def":0,"spa":0,"spd":4,"spe":252},"ivs":{"hp":31,"atk":31,"def":31,"spa":31,"spd":31,"spe":31}},{"name":"Gengar","species":"Gengar","item":"focussash","ability":"Levitate","moves":["shadowball","sludgewave","focusblast","destinybond"],"nature":"Timid","evs":{"hp":0,"atk":0,"def":0,"spa":252,"spd":4,"spe":252},"ivs":{"hp":31,"atk":0,"def":31,"spa":31,"spd":31,"spe":31}},{"name":"Crobat","species":"Crobat","item":"leftovers","ability":"Infiltrator","moves":["bravebird","toxic","taunt","defog"],"nature":"Jolly","evs":{"hp":120,"atk":136,"def":0,"spa":0,"spd":0,"spe":252},"ivs":{"hp":31,"atk":31,"def":31,"spa":31,"spd":31,"spe":31}},{"name":"Nidoking","species":"Nidoking","item":"lifeorb","ability":"Sheer Force","moves":["earthpower","flamethrower","icebeam","suckerpunch"],"nature":"Naive","evs":{"hp":0,"atk":4,"def":0,"spa":252,"spd":0,"spe":252},"ivs":{"hp":31,"atk":31,"def":31,"spa":31,"spd":31,"spe":31}}],"p2team":[{"name":"Weavile","species":"Weavile","item":"choiceband","ability":"Pressure","moves":["knockoff","poisonjab","xscissor","icepunch"],"nature":"Jolly","evs":{"hp":0,"atk":252,"def":0,"spa":0,"spd":4,"spe":252},"ivs":{"hp":31,"atk":31,"def":31,"spa":31,"spd":31,"spe":31}},{"name":"Bisharp","species":"Bisharp","item":"lifeorb","ability":"Defiant","moves":["ironhead","suckerpunch","swordsdance","taunt"],"nature":"Jolly","evs":{"hp":0,"atk":252,"def":0,"spa":0,"spd":4,"spe":252},"ivs":{"hp":31,"atk":31,"def":31,"spa":31,"spd":31,"spe":31}},{"name":"Liepard","species":"Liepard","item":"focussash","ability":"Prankster","moves":["nastyplot","thunderwave","darkpulse","fakeout"],"nature":"Hasty","evs":{"hp":0,"atk":4,"def":0,"spa":252,"spd":0,"spe":252},"ivs":{"hp":31,"atk":31,"def":31,"spa":31,"spd":31,"spe":31}},{"name":"Mandibuzz","species":"Mandibuzz","item":"leftovers","ability":"Overcoat","moves":["defog","foulplay","roost","toxic"],"nature":"Bold","evs":{"hp":252,"atk":0,"def":252,"spa":0,"spd":4,"spe":0},"ivs":{"hp":31,"atk":31,"def":31,"spa":31,"spd":31,"spe":31}},{"name":"Krookodile","species":"Krookodile","item":"choicescarf","ability":"Moxie","moves":["crunch","earthquake","dragonclaw","superpower"],"nature":"Jolly","evs":{"hp":0,"atk":252,"def":0,"spa":0,"spd":4,"spe":252},"ivs":{"hp":31,"atk":31,"def":31,"spa":31,"spd":31,"spe":31}},{"name":"Absol","species":"Absol","item":"absolite","ability":"Super Luck","moves":["swordsdance","suckerpunch","pursuit","playrough"],"nature":"Jolly","evs":{"hp":0,"atk":252,"def":0,"spa":0,"spd":4,"spe":252},"gender":"M","shiny":true,"ivs":{"hp":31,"atk":31,"def":31,"spa":31,"spd":31,"spe":31}}],"log":["|player|p1|alliance - mxy|270","|player|p2|Crystal Giigan|crystalgiigan.png","|gametype|singles","|gen|6","|tier|Monotype","|rated","|rule|Baton Pass Clause: Limit one Baton Passer, can't pass Spe and other stats simultaneously","|rule|Swagger Clause: Swagger is banned","|rule|Same Type Clause: Pokémon in a team must share a type","|clearpoke","|poke|p1|Beedrill, M","|poke|p1|Weezing, F","|poke|p1|Drapion, M","|poke|p1|Gengar, M","|poke|p1|Crobat, F","|poke|p1|Nidoking, M","|poke|p2|Weavile, F","|poke|p2|Bisharp, M","|poke|p2|Liepard, F","|poke|p2|Mandibuzz, F","|poke|p2|Krookodile, F","|poke|p2|Absol, M, shiny","|rule|Sleep Clause Mod: Limit one foe put to sleep","|rule|Species Clause: Limit one of each Pokémon","|rule|OHKO Clause: OHKO moves are banned","|rule|Moody Clause: Moody is banned","|rule|Evasion Moves Clause: Evasion moves are banned","|rule|Endless Battle Clause: Forcing endless battles is banned","|rule|HP Percentage Mod: HP is shown in percentages","|teampreview","|","|start","|switch|p1a: Beedrill|Beedrill, M|271/271","|switch|p2a: Liepard|Liepard, F|269/269","|turn|1","|","|detailschange|p1a: Beedrill|Beedrill-Mega, M","|-mega|p1a: Beedrill|Beedrill|Beedrillite","|move|p1a: Beedrill|Protect|p1a: Beedrill","|-singleturn|p1a: Beedrill|Protect","|move|p2a: Liepard|Fake Out|p1a: Beedrill","|-activate|p1a: Beedrill|Protect","|","|turn|2","|","|switch|p1a: Nidoking|Nidoking, M|303/303","|move|p2a: Liepard|Thunder Wave|p1a: Nidoking","|-immune|p1a: Nidoking|[msg]","|","|turn|3","|","|switch|p2a: Mandibuzz|Mandibuzz, F|424/424","|move|p1a: Nidoking|Earth Power|p2a: Mandibuzz","|-immune|p2a: Mandibuzz|[msg]","|","|turn|4","|","|move|p1a: Nidoking|Ice Beam|p2a: Mandibuzz","|-supereffective|p2a: Mandibuzz","|-damage|p2a: Mandibuzz|146/424","|move|p2a: Mandibuzz|Foul Play|p1a: Nidoking","|-damage|p1a: Nidoking|162/303","|","|-heal|p2a: Mandibuzz|172/424|[from] item: Leftovers","|turn|5","|","|switch|p2a: Weavile|Weavile, F|281/281","|-ability|p2a: Weavile|Pressure","|move|p1a: Nidoking|Ice Beam|p2a: Weavile","|-resisted|p2a: Weavile","|-damage|p2a: Weavile|204/281","|","|turn|6","|","|switch|p1a: Drapion|Drapion, M|281/281","|move|p2a: Weavile|Knock Off|p1a: Drapion","|-resisted|p1a: Drapion","|-damage|p1a: Drapion|163/281","|-enditem|p1a: Drapion|Choice Scarf|[from] move: Knock Off|[of] p2a: Weavile","|","|turn|7","|","|switch|p2a: Mandibuzz|Mandibuzz, F|172/424","|move|p1a: Drapion|Rock Slide|p2a: Mandibuzz","|-supereffective|p2a: Mandibuzz","|-damage|p2a: Mandibuzz|80/424","|","|-heal|p2a: Mandibuzz|106/424|[from] item: Leftovers","|turn|8","|","|move|p1a: Drapion|Knock Off|p2a: Mandibuzz","|-resisted|p2a: Mandibuzz","|-damage|p2a: Mandibuzz|60/424","|-enditem|p2a: Mandibuzz|Leftovers|[from] move: Knock Off|[of] p1a: Drapion","|move|p2a: Mandibuzz|Roost|p2a: Mandibuzz","|-heal|p2a: Mandibuzz|272/424","|","|turn|9","|","|switch|p1a: Crobat|Crobat, F|341/341","|move|p2a: Mandibuzz|Foul Play|p1a: Crobat","|-damage|p1a: Crobat|206/341","|","|-heal|p1a: Crobat|227/341|[from] item: Leftovers","|turn|10","|","|switch|p1a: Nidoking|Nidoking, M|162/303","|move|p2a: Mandibuzz|Foul Play|p1a: Nidoking","|-damage|p1a: Nidoking|18/303","|","|turn|11","|","|move|p1a: Nidoking|Ice Beam|p2a: Mandibuzz","|-supereffective|p2a: Mandibuzz","|-damage|p2a: Mandibuzz|0 fnt","|faint|p2a: Mandibuzz","|","|","|switch|p2a: Weavile|Weavile, F|204/281","|-ability|p2a: Weavile|Pressure","|turn|12","|","|switch|p1a: Drapion|Drapion, M|163/281","|move|p2a: Weavile|Ice Punch|p1a: Drapion","|-damage|p1a: Drapion|0 fnt","|faint|p1a: Drapion","|","|","|switch|p1a: Weezing|Weezing, F|333/333","|turn|13","|","|move|p2a: Weavile|Ice Punch|p1a: Weezing","|-damage|p1a: Weezing|216/333","|move|p1a: Weezing|Will-O-Wisp|p2a: Weavile","|-status|p2a: Weavile|brn","|","|-heal|p1a: Weezing|236/333|[from] item: Black Sludge","|-damage|p2a: Weavile|169/281 brn|[from] brn","|turn|14","|","|switch|p2a: Liepard|Liepard, F|269/269","|move|p1a: Weezing|Pain Split|p2a: Liepard","|-sethp|p2a: Liepard|252/269|p1a: Weezing|252/333|[from] move: Pain Split","|","|-heal|p1a: Weezing|272/333|[from] item: Black Sludge","|turn|15","|","|move|p2a: Liepard|Nasty Plot|p2a: Liepard","|-boost|p2a: Liepard|spa|2","|move|p1a: Weezing|Sludge Wave|p2a: Liepard","|-damage|p2a: Liepard|66/269","|","|-heal|p1a: Weezing|292/333|[from] item: Black Sludge","|turn|16","|","|switch|p1a: Gengar|Gengar, M|261/261","|move|p2a: Liepard|Dark Pulse|p1a: Gengar","|-supereffective|p1a: Gengar","|-enditem|p1a: Gengar|Focus Sash","|-damage|p1a: Gengar|1/261","|","|turn|17","|","|move|p2a: Liepard|Thunder Wave|p1a: Gengar","|-status|p1a: Gengar|par","|cant|p1a: Gengar|par","|","|turn|18","|","|move|p2a: Liepard|Dark Pulse|p1a: Gengar","|-supereffective|p1a: Gengar","|-damage|p1a: Gengar|0 fnt","|faint|p1a: Gengar","|","|","|switch|p1a: Crobat|Crobat, F|227/341","|turn|19","|","|move|p2a: Liepard|Thunder Wave|p1a: Crobat","|-status|p1a: Crobat|par","|move|p1a: Crobat|Brave Bird|p2a: Liepard","|-damage|p2a: Liepard|0 fnt","|-damage|p1a: Crobat|205/341 par|[from] recoil|[of] p2a: Liepard","|faint|p2a: Liepard","|","|-heal|p1a: Crobat|226/341 par|[from] item: Leftovers","|","|switch|p2a: Weavile|Weavile, F|169/281 brn","|-ability|p2a: Weavile|Pressure","|turn|20","|","|move|p2a: Weavile|Knock Off|p1a: Crobat","|-damage|p1a: Crobat|69/341 par","|-enditem|p1a: Crobat|Leftovers|[from] move: Knock Off|[of] p2a: Weavile","|move|p1a: Crobat|Brave Bird|p2a: Weavile","|-damage|p2a: Weavile|0 fnt","|-damage|p1a: Crobat|13/341 par|[from] recoil|[of] p2a: Weavile","|faint|p2a: Weavile","|","|","|switch|p2a: Krookodile|Krookodile, F|331/331","|turn|21","|","|switch|p1a: Weezing|Weezing, F|292/333","|move|p2a: Krookodile|Crunch|p1a: Weezing","|-damage|p1a: Weezing|214/333","|","|-heal|p1a: Weezing|234/333|[from] item: Black Sludge","|turn|22","|","|move|p2a: Krookodile|Crunch|p1a: Weezing","|-damage|p1a: Weezing|147/333","|move|p1a: Weezing|Will-O-Wisp|p2a: Krookodile","|-status|p2a: Krookodile|brn","|","|-heal|p1a: Weezing|167/333|[from] item: Black Sludge","|-damage|p2a: Krookodile|290/331 brn|[from] brn","|turn|23","|","|move|p2a: Krookodile|Crunch|p1a: Weezing","|-damage|p1a: Weezing|128/333","|-unboost|p1a: Weezing|def|1","|move|p1a: Weezing|Pain Split|p2a: Krookodile","|-sethp|p2a: Krookodile|209/331 brn|p1a: Weezing|209/333|[from] move: Pain Split","|","|-heal|p1a: Weezing|229/333|[from] item: Black Sludge","|-damage|p2a: Krookodile|168/331 brn|[from] brn","|turn|24","|","|switch|p1a: Beedrill|Beedrill-Mega, M|271/271","|move|p2a: Krookodile|Crunch|p1a: Beedrill","|-damage|p1a: Beedrill|133/271","|","|-damage|p2a: Krookodile|127/331 brn|[from] brn","|turn|25","|","|move|p1a: Beedrill|Protect|p1a: Beedrill","|-singleturn|p1a: Beedrill|Protect","|move|p2a: Krookodile|Crunch|p1a: Beedrill","|-activate|p1a: Beedrill|Protect","|","|-damage|p2a: Krookodile|86/331 brn|[from] brn","|turn|26","|","|switch|p1a: Weezing|Weezing, F|229/333","|move|p2a: Krookodile|Crunch|p1a: Weezing","|-damage|p1a: Weezing|185/333","|","|-heal|p1a: Weezing|205/333|[from] item: Black Sludge","|-damage|p2a: Krookodile|45/331 brn|[from] brn","|turn|27","|","|move|p2a: Krookodile|Crunch|p1a: Weezing","|-damage|p1a: Weezing|166/333","|move|p1a: Weezing|Sludge Wave|p2a: Krookodile","|-resisted|p2a: Krookodile","|-damage|p2a: Krookodile|0 fnt","|faint|p2a: Krookodile","|","|-heal|p1a: Weezing|186/333|[from] item: Black Sludge","|","|switch|p2a: Bisharp|Bisharp, M|271/271","|turn|28","|","|move|p2a: Bisharp|Taunt|p1a: Weezing","|-start|p1a: Weezing|move: Taunt","|move|p1a: Weezing|Fire Blast|p2a: Bisharp","|-supereffective|p2a: Bisharp","|-damage|p2a: Bisharp|59/271","|","|-heal|p1a: Weezing|206/333|[from] item: Black Sludge","|turn|29","|","|move|p2a: Bisharp|Iron Head|p1a: Weezing","|-damage|p1a: Weezing|88/333","|-damage|p2a: Bisharp|32/271|[from] item: Life Orb","|move|p1a: Weezing|Fire Blast|p2a: Bisharp","|-supereffective|p2a: Bisharp","|-damage|p2a: Bisharp|0 fnt","|faint|p2a: Bisharp","|","|-heal|p1a: Weezing|108/333|[from] item: Black Sludge","|","|switch|p2a: Absol|Absol, M, shiny|271/271","|turn|30","|","|detailschange|p2a: Absol|Absol-Mega, M, shiny","|-mega|p2a: Absol|Absol|Absolite","|move|p2a: Absol|Sucker Punch|p1a: Weezing","|-damage|p1a: Weezing|2/333","|move|p1a: Weezing|Sludge Wave|p2a: Absol","|-damage|p2a: Absol|118/271","|","|-heal|p1a: Weezing|22/333|[from] item: Black Sludge","|-end|p1a: Weezing|move: Taunt","|turn|31","|","|move|p2a: Absol|Pursuit|p1a: Weezing","|-damage|p1a: Weezing|0 fnt","|faint|p1a: Weezing","|","|","|switch|p1a: Crobat|Crobat, F|13/341 par","|turn|32","|","|move|p2a: Absol|Sucker Punch|p1a: Crobat","|-damage|p1a: Crobat|0 fnt","|faint|p1a: Crobat","|","|","|switch|p1a: Nidoking|Nidoking, M|18/303","|turn|33","|","|move|p2a: Absol|Sucker Punch|p1a: Nidoking","|-damage|p1a: Nidoking|0 fnt","|faint|p1a: Nidoking","|","|","|switch|p1a: Beedrill|Beedrill-Mega, M|133/271","|turn|34","|","|move|p1a: Beedrill|Protect|p1a: Beedrill","|-singleturn|p1a: Beedrill|Protect","|move|p2a: Absol|Sucker Punch|p1a: Beedrill","|-fail|p2a: Absol","|","|turn|35","|","|move|p1a: Beedrill|Protect|p1a: Beedrill","|-singleturn|p1a: Beedrill|Protect","|move|p2a: Absol|Sucker Punch|p1a: Beedrill","|-fail|p2a: Absol","|","|turn|36","|","|move|p1a: Beedrill|Protect|p1a: Beedrill","|-fail|p1a: Beedrill","|move|p2a: Absol|Sucker Punch|p1a: Beedrill","|-fail|p2a: Absol","|","|turn|37","|","|move|p1a: Beedrill|U-turn|p2a: Absol","|-supereffective|p2a: Absol","|-damage|p2a: Absol|0 fnt","|faint|p2a: Absol","|","|win|alliance - mxy"],"p1rating":{"entryid":"127788","serverid":"eos","formatid":"monotype","userid":"alliancemxy","username":"Alliance - Mxy","w":6,"l":"2","t":"0","gxe":60,"r":"1574.7622834084","rd":"102.97746436524","sigma":"0","rptime":"1440061200","rpr":1579.2049538847,"rprd":93.60703899711,"rpsigma":"0","acre":1128.3872053847,"lacre":1128.3872053847,"oldacre":"1104.1734052571"},"p2rating":{"entryid":"80850","serverid":"eos","formatid":"monotype","userid":"crystalgiigan","username":"Crystal Giigan","w":"4","l":4,"t":"0","gxe":50.5,"r":"1524.3337374273","rd":"95.814606266969","sigma":"0","rptime":"1440061200","rpr":1504.0298521971,"rprd":92.739268396989,"rpsigma":"0","acre":1070.0114302087,"lacre":1070.0114302087,"oldacre":"1093.2436486959"},"endType":"normal"}