{"seed":[39255,28678,18183,63971],"turns":31,"p1":"Alpha α Vodoom","p2":"Knight Miku","p1team":[{"name":"TNT","species":"tyranitar","item":"assaultvest","ability":"Sand Stream","moves":["earthquake","darkpulse","ancientpower","flamethrower"],"nature":"Quiet","evs":{"hp":248,"atk":8,"def":0,"spa":252,"spd":0,"spe":0},"ivs":{"hp":31,"atk":31,"def":31,"spa":31,"spd":31,"spe":31}},{"name":"Bull","species":"terrakion","item":"choicescarf","ability":"Justified","moves":["closecombat","earthquake","rockslide","quickattack"],"nature":"Jolly","evs":{"hp":0,"atk":252,"def":0,"spa":0,"spd":4,"spe":252},"ivs":{"hp":31,"atk":31,"def":31,"spa":31,"spd":31,"spe":31}},{"name":"Steel Rex","species":"aggron","item":"aggronite","ability":"Sturdy","moves":["metalburst","firepunch","rest","earthquake"],"nature":"Impish","evs":{"hp":248,"atk":0,"def":252,"spa":0,"spd":8,"spe":0},"ivs":{"hp":31,"atk":31,"def":31,"spa":31,"spd":31,"spe":31}},{"name":"The real deal","species":"lileep","item":"eviolite","ability":"Storm Drain","moves":["recover","toxic","infestation","gigadrain"],"nature":"Calm","evs":{"hp":252,"atk":0,"def":0,"spa":4,"spd":252,"spe":0},"ivs":{"hp":31,"atk":31,"def":31,"spa":31,"spd":31,"spe":31}},{"name":"Diancie","species":"Diancie","item":"diancite","ability":"Clear Body","moves":["protect","earthpower","diamondstorm","moonblast"],"nature":"Hasty","evs":{"hp":0,"atk":4,"def":0,"spa":252,"spd":0,"spe":252},"ivs":{"hp":31,"atk":31,"def":31,"spa":31,"spd":31,"spe":31}},{"name":"Aurorus","species":"Aurorus","item":"choicescarf","ability":"Refrigerate","moves":["freezedry","hypervoice","discharge","ancientpower"],"nature":"Timid","evs":{"hp":0,"atk":0,"def":0,"spa":252,"spd":4,"spe":252},"ivs":{"hp":31,"atk":31,"def":31,"spa":31,"spd":31,"spe":31}}],"p2team":[{"name":"Amphy","species":"ampharos","item":"ampharosite","ability":"Static","moves":["toxic","healbell","powergem","dragonpulse"],"nature":"Calm","evs":{"hp":248,"atk":0,"def":0,"spa":8,"spd":252,"spe":0},"gender":"M","shiny":true,"ivs":{"hp":31,"atk":31,"def":31,"spa":31,"spd":31,"spe":31}},{"name":"Spooky","species":"rotomwash","item":"leftovers","ability":"Levitate","moves":["willowisp","voltswitch","hydropump","painsplit"],"nature":"Bold","evs":{"hp":252,"atk":0,"def":252,"spa":4,"spd":0,"spe":0},"ivs":{"hp":31,"atk":31,"def":31,"spa":31,"spd":31,"spe":31}},{"name":"Palmtop Tiger","species":"raikou","item":"leftovers","ability":"Pressure","moves":["hiddenpowerice","extrasensory","thunderbolt","calmmind"],"nature":"Timid","evs":{"hp":0,"atk":0,"def":0,"spa":252,"spd":4,"spe":252},"ivs":{"hp":31,"atk":30,"def":30,"spa":31,"spd":31,"spe":31},"shiny":true},{"name":"Kami-sama","species":"thundurus","item":"lifeorb","ability":"Prankster","moves":["thunderwave","knockoff","superpower","taunt"],"nature":"Jolly","evs":{"hp":0,"atk":252,"def":0,"spa":0,"spd":4,"spe":252},"ivs":{"hp":31,"atk":31,"def":31,"spa":31,"spd":31,"spe":31}},{"name":"BEEEEEEEEP","species":"magnezone","item":"choicespecs","ability":"Sturdy","moves":["signalbeam","thunderbolt","hiddenpowergrass","flashcannon"],"nature":"Modest","evs":{"hp":248,"atk":0,"def":0,"spa":252,"spd":8,"spe":0},"ivs":{"hp":31,"atk":30,"def":31,"spa":30,"spd":31,"spe":31}},{"name":"KAKAW","species":"zapdos","item":"leftovers","ability":"Pressure","moves":["heatwave","roost","defog","discharge"],"nature":"Calm","evs":{"hp":252,"atk":0,"def":0,"spa":4,"spd":252,"spe":0},"ivs":{"hp":31,"atk":31,"def":31,"spa":31,"spd":31,"spe":31}}],"log":["|player|p1|Alpha α Vodoom|2","|player|p2|Knight Miku|23","|gametype|singles","|gen|6","|tier|Monotype","|rated","|rule|Baton Pass Clause: Limit one Baton Passer, can't pass Spe and other stats simultaneously","|rule|Swagger Clause: Swagger is banned","|rule|Same Type Clause: Pokémon in a team must share a type","|clearpoke","|poke|p1|Tyranitar, F","|poke|p1|Terrakion","|poke|p1|Aggron, F","|poke|p1|Lileep, F","|poke|p1|Diancie","|poke|p1|Aurorus, F","|poke|p2|Ampharos, M, shiny","|poke|p2|Rotom-Wash","|poke|p2|Raikou, shiny","|poke|p2|Thundurus, M","|poke|p2|Magnezone","|poke|p2|Zapdos","|rule|Sleep Clause Mod: Limit one foe put to sleep","|rule|Species Clause: Limit one of each Pokémon","|rule|OHKO Clause: OHKO moves are banned","|rule|Moody Clause: Moody is banned","|rule|Evasion Moves Clause: Evasion moves are banned","|rule|Endless Battle Clause: Forcing endless battles is banned","|rule|HP Percentage Mod: HP is shown in percentages","|teampreview","|","|start","|switch|p1a: Diancie|Diancie|241/241","|switch|p2a: Kami-sama|Thundurus, M|299/299","|turn|1","|","|switch|p2a: Spooky|Rotom-Wash|304/304","|detailschange|p1a: Diancie|Diancie-Mega","|-mega|p1a: Diancie|Diancie|Diancite","|move|p1a: Diancie|Diamond Storm|p2a: Spooky","|-damage|p2a: Spooky|184/304","|","|-heal|p2a: Spooky|203/304|[from] item: Leftovers","|turn|2","|","|move|p1a: Diancie|Protect|p1a: Diancie","|-singleturn|p1a: Diancie|Protect","|move|p2a: Spooky|Hydro Pump|p1a: Diancie","|-activate|p1a: Diancie|Protect","|","|-heal|p2a: Spooky|222/304|[from] item: Leftovers","|turn|3","|","|switch|p1a: The real deal|Lileep, F|336/336","|move|p2a: Spooky|Volt Switch|p1a: The real deal","|-resisted|p1a: The real deal","|-damage|p1a: The real deal|315/336","|","|switch|p2a: BEEEEEEEEP|Magnezone|343/343","|","|turn|4","|","|move|p2a: BEEEEEEEEP|Flash Cannon|p1a: The real deal","|-supereffective|p1a: The real deal","|-damage|p1a: The real deal|67/336","|move|p1a: The real deal|Infestation|p2a: BEEEEEEEEP","|-resisted|p2a: BEEEEEEEEP","|-damage|p2a: BEEEEEEEEP|337/343","|-activate|p2a: BEEEEEEEEP|move: Infestation|[of] p1a: The real deal","|","|-damage|p2a: BEEEEEEEEP|295/343|[from] move: Infestation|[partiallytrapped]","|turn|5","|","|move|p2a: BEEEEEEEEP|Flash Cannon|p1a: The real deal","|-crit|p1a: The real deal","|-supereffective|p1a: The real deal","|-damage|p1a: The real deal|0 fnt","|faint|p1a: The real deal","|","|","|switch|p1a: Bull|Terrakion|323/323","|turn|6","|","|switch|p1a: Diancie|Diancie-Mega|241/241","|switch|p2a: Spooky|Rotom-Wash|222/304","|","|-heal|p2a: Spooky|241/304|[from] item: Leftovers","|turn|7","|","|move|p1a: Diancie|Moonblast|p2a: Spooky","|-damage|p2a: Spooky|54/304","|move|p2a: Spooky|Hydro Pump|p1a: Diancie|[miss]","|-miss|p2a: Spooky|p1a: Diancie","|","|-heal|p2a: Spooky|73/304|[from] item: Leftovers","|turn|8","|","|move|p1a: Diancie|Diamond Storm|p2a: Spooky","|-damage|p2a: Spooky|0 fnt","|-boost|p1a: Diancie|def|1","|faint|p2a: Spooky","|","|","|switch|p2a: BEEEEEEEEP|Magnezone|295/343","|turn|9","|","|switch|p1a: TNT|Tyranitar, F|403/403","|-weather|Sandstorm","|move|p2a: BEEEEEEEEP|Flash Cannon|p1a: TNT","|-supereffective|p1a: TNT","|-damage|p1a: TNT|179/403","|","|-weather|Sandstorm|[upkeep]","|turn|10","|","|switch|p2a: Kami-sama|Thundurus, M|299/299","|move|p1a: TNT|Flamethrower|p2a: Kami-sama","|-damage|p2a: Kami-sama|185/299","|","|-weather|Sandstorm|[upkeep]","|-damage|p2a: Kami-sama|167/299|[from] sandstorm","|turn|11","|","|switch|p1a: Diancie|Diancie-Mega|241/241","|move|p2a: Kami-sama|Superpower|p1a: Diancie","|-damage|p1a: Diancie|76/241","|-unboost|p2a: Kami-sama|atk|1","|-unboost|p2a: Kami-sama|def|1","|-damage|p2a: Kami-sama|138/299|[from] item: Life Orb","|","|-weather|Sandstorm|[upkeep]","|-damage|p2a: Kami-sama|120/299|[from] sandstorm","|turn|12","|","|move|p2a: Kami-sama|Superpower|p1a: Diancie","|-damage|p1a: Diancie|0 fnt","|-unboost|p2a: Kami-sama|atk|1","|-unboost|p2a: Kami-sama|def|1","|-damage|p2a: Kami-sama|91/299|[from] item: Life Orb","|faint|p1a: Diancie","|","|-weather|Sandstorm|[upkeep]","|-damage|p2a: Kami-sama|73/299|[from] sandstorm","|","|switch|p1a: Bull|Terrakion|323/323","|turn|13","|","|move|p1a: Bull|Quick Attack|p2a: Kami-sama","|-damage|p2a: Kami-sama|0 fnt","|faint|p2a: Kami-sama","|","|-weather|none","|","|switch|p2a: BEEEEEEEEP|Magnezone|295/343","|turn|14","|","|switch|p1a: TNT|Tyranitar, F|179/403","|-weather|Sandstorm","|move|p2a: BEEEEEEEEP|Flash Cannon|p1a: TNT","|-supereffective|p1a: TNT","|-damage|p1a: TNT|0 fnt","|faint|p1a: TNT","|","|-weather|Sandstorm|[upkeep]","|","|switch|p1a: Steel Rex|Aggron, F|343/343","|turn|15","|","|switch|p2a: Amphy|Ampharos, M, shiny|383/383","|move|p1a: Steel Rex|Earthquake|p2a: Amphy","|-supereffective|p2a: Amphy","|-damage|p2a: Amphy|171/383","|","|-weather|Sandstorm|[upkeep]","|-damage|p2a: Amphy|148/383|[from] sandstorm","|turn|16","|","|detailschange|p2a: Amphy|Ampharos-Mega, M, shiny","|-mega|p2a: Amphy|Ampharos|Ampharosite","|-ability|p2a: Amphy|Mold Breaker","|move|p2a: Amphy|Dragon Pulse|p1a: Steel Rex","|-resisted|p1a: Steel Rex","|-damage|p1a: Steel Rex|269/343","|move|p1a: Steel Rex|Metal Burst|p2a: Amphy","|-damage|p2a: Amphy|37/383","|","|-weather|Sandstorm|[upkeep]","|-damage|p2a: Amphy|14/383|[from] sandstorm","|turn|17","|","|move|p1a: Steel Rex|Fire Punch|p2a: Amphy","|-resisted|p2a: Amphy","|-damage|p2a: Amphy|0 fnt","|faint|p2a: Amphy","|","|-weather|Sandstorm|[upkeep]","|","|switch|p2a: KAKAW|Zapdos|384/384","|-ability|p2a: KAKAW|Pressure","|turn|18","|","|switch|p1a: Aurorus|Aurorus, F|387/387","|move|p2a: KAKAW|Discharge|p1a: Aurorus","|-damage|p1a: Aurorus|303/387","|","|-weather|none","|turn|19","|","|move|p1a: Aurorus|Hyper Voice|p2a: KAKAW","|-supereffective|p2a: KAKAW","|-damage|p2a: KAKAW|100/384","|move|p2a: KAKAW|Discharge|p1a: Aurorus","|-damage|p1a: Aurorus|171/387","|","|-heal|p2a: KAKAW|124/384|[from] item: Leftovers","|turn|20","|","|switch|p2a: Palmtop Tiger|Raikou, shiny|321/321","|-ability|p2a: Palmtop Tiger|Pressure","|move|p1a: Aurorus|Hyper Voice|p2a: Palmtop Tiger","|-damage|p2a: Palmtop Tiger|155/321","|","|-heal|p2a: Palmtop Tiger|175/321|[from] item: Leftovers","|turn|21","|","|move|p2a: Palmtop Tiger|Thunderbolt|p1a: Aurorus","|-damage|p1a: Aurorus|23/387","|move|p1a: Aurorus|Hyper Voice|p2a: Palmtop Tiger","|-damage|p2a: Palmtop Tiger|10/321","|","|-heal|p2a: Palmtop Tiger|30/321|[from] item: Leftovers","|turn|22","|","|move|p2a: Palmtop Tiger|Thunderbolt|p1a: Aurorus","|-damage|p1a: Aurorus|0 fnt","|faint|p1a: Aurorus","|","|-heal|p2a: Palmtop Tiger|50/321|[from] item: Leftovers","|","|switch|p1a: Bull|Terrakion|323/323","|turn|23","|","|move|p1a: Bull|Close Combat|p2a: Palmtop Tiger","|-damage|p2a: Palmtop Tiger|0 fnt","|-unboost|p1a: Bull|def|1","|-unboost|p1a: Bull|spd|1","|faint|p2a: Palmtop Tiger","|","|","|switch|p2a: KAKAW|Zapdos|124/384","|-ability|p2a: KAKAW|Pressure","|turn|24","|","|move|p1a: Bull|Close Combat|p2a: KAKAW","|-resisted|p2a: KAKAW","|-damage|p2a: KAKAW|6/384","|-unboost|p1a: Bull|def|1","|-unboost|p1a: Bull|spd|1","|move|p2a: KAKAW|Roost|p2a: KAKAW","|-heal|p2a: KAKAW|198/384","|","|-heal|p2a: KAKAW|222/384|[from] item: Leftovers","|turn|25","|","|switch|p1a: Steel Rex|Aggron, F|269/343","|move|p2a: KAKAW|Discharge|p1a: Steel Rex","|-damage|p1a: Steel Rex|112/343","|-status|p1a: Steel Rex|par","|","|-heal|p2a: KAKAW|246/384|[from] item: Leftovers","|turn|26","|","|move|p2a: KAKAW|Roost|p2a: KAKAW","|-heal|p2a: KAKAW|384/384","|move|p1a: Steel Rex|Metal Burst|p2a: KAKAW","|-fail|p2a: KAKAW","|","|turn|27","|","|move|p2a: KAKAW|Discharge|p1a: Steel Rex","|-damage|p1a: Steel Rex|0 fnt","|faint|p1a: Steel Rex","|","|","|switch|p1a: Bull|Terrakion|323/323","|turn|28","|","|move|p1a: Bull|Rock Slide|p2a: KAKAW","|-supereffective|p2a: KAKAW","|-damage|p2a: KAKAW|52/384","|move|p2a: KAKAW|Discharge|p1a: Bull","|-damage|p1a: Bull|190/323","|","|-heal|p2a: KAKAW|76/384|[from] item: Leftovers","|turn|29","|","|move|p1a: Bull|Rock Slide|p2a: KAKAW","|-supereffective|p2a: KAKAW","|-damage|p2a: KAKAW|0 fnt","|faint|p2a: KAKAW","|","|","|switch|p2a: BEEEEEEEEP|Magnezone|295/343","|turn|30","|","|move|p1a: Bull|Rock Slide|p2a: BEEEEEEEEP","|-resisted|p2a: BEEEEEEEEP","|-damage|p2a: BEEEEEEEEP|241/343","|cant|p2a: BEEEEEEEEP|flinch","|","|turn|31","|","|move|p1a: Bull|Rock Slide|p2a: BEEEEEEEEP","|-resisted|p2a: BEEEEEEEEP","|-damage|p2a: BEEEEEEEEP|180/343","|move|p2a: BEEEEEEEEP|Flash Cannon|p1a: Bull","|-supereffective|p1a: Bull","|-damage|p1a: Bull|0 fnt","|faint|p1a: Bull","|","|win|Knight Miku"],"p1rating":{"entryid":"214259","serverid":"eos","formatid":"monotype","userid":"alphavodoom","username":"Alpha α Vodoom","w":"3","l":2,"t":"0","gxe":56.2,"r":"1500","rd":"130","sigma":"0","rptime":"1440061200","rpr":1549.1719518877,"rprd":102.9147712244,"rpsigma":"0","acre":1079.8779852423,"lacre":1079.8779852423,"oldacre":"1109.8365259771"},"p2rating":{"entryid":"161090","serverid":"eos","formatid":"monotype","userid":"knightmiku","username":"Knight Miku","w":2,"l":"1","t":"0","gxe":53.7,"r":"1495.7932414633","rd":"116.75444686792","sigma":"0","rptime":"1440061200","rpr":1529.2410665183,"rprd":111.49911319542,"rpsigma":"0","acre":1080.7436153993,"lacre":1080.7436153993,"oldacre":"1040"},"endType":"normal"}