{"seed":[51274,31792,38408,13224],"turns":19,"p1":"Hamstery","p2":"Zeyus - Ⓑⓤⓢⓨ","p1team":[{"name":"Diancie","species":"Diancie","item":"diancite","ability":"Clear Body","moves":["moonblast","calmmind","earthpower","protect"],"nature":"Timid","evs":{"hp":0,"atk":0,"def":0,"spa":252,"spd":4,"spe":252},"ivs":{"hp":31,"atk":0,"def":31,"spa":31,"spd":31,"spe":31}},{"name":"Probopass","species":"Probopass","item":"airballoon","ability":"Sturdy","moves":["thunderwave","stealthrock","voltswitch","painsplit"],"nature":"Calm","evs":{"hp":248,"atk":0,"def":8,"spa":0,"spd":252,"spe":0},"ivs":{"hp":31,"atk":0,"def":31,"spa":31,"spd":31,"spe":31}},{"name":"Magcargo","species":"Magcargo","item":"leftovers","ability":"Flame Body","moves":["willowisp","flamethrower","recover","earthpower"],"nature":"Bold","evs":{"hp":252,"atk":0,"def":252,"spa":0,"spd":0,"spe":0},"ivs":{"hp":31,"atk":0,"def":31,"spa":31,"spd":31,"spe":31}},{"name":"Terrakion","species":"Terrakion","item":"choicescarf","ability":"Justified","moves":["closecombat","rockslide","earthquake","ironhead"],"nature":"Jolly","evs":{"hp":0,"atk":252,"def":0,"spa":0,"spd":4,"spe":252},"ivs":{"hp":31,"atk":31,"def":31,"spa":0,"spd":31,"spe":31}},{"name":"Omastar","species":"Omastar","item":"damprock","ability":"Swift Swim","moves":["raindance","scald","earthpower","icebeam"],"nature":"Modest","evs":{"hp":0,"atk":0,"def":0,"spa":252,"spd":4,"spe":252},"ivs":{"hp":31,"atk":0,"def":31,"spa":31,"spd":31,"spe":31}},{"name":"Aerodactyl","species":"Aerodactyl","item":"lifeorb","ability":"Rock Head","moves":["aquatail","honeclaws","earthquake","rockslide"],"nature":"Jolly","evs":{"hp":0,"atk":252,"def":0,"spa":0,"spd":4,"spe":252},"ivs":{"hp":31,"atk":31,"def":31,"spa":0,"spd":31,"spe":31}}],"p2team":[{"name":"Keldeo","species":"Keldeo","item":"choicescarf","ability":"Justified","moves":["sacredsword","scald","icywind","aquajet"],"nature":"Hasty","evs":{"hp":0,"atk":4,"def":0,"spa":252,"spd":0,"spe":252},"ivs":{"hp":31,"atk":31,"def":31,"spa":31,"spd":31,"spe":31}},{"name":"Gyarados","species":"Gyarados","item":"leftovers","ability":"Intimidate","moves":["dragondance","bounce","thunderwave","waterfall"],"nature":"Impish","evs":{"hp":0,"atk":8,"def":252,"spa":0,"spd":248,"spe":0},"ivs":{"hp":31,"atk":31,"def":31,"spa":31,"spd":31,"spe":31}},{"name":"Lanturn","species":"Lanturn","item":"leftovers","ability":"Volt Absorb","moves":["healbell","scald","protect","voltswitch"],"nature":"Calm","evs":{"hp":0,"atk":0,"def":248,"spa":8,"spd":252,"spe":0},"ivs":{"hp":31,"atk":31,"def":31,"spa":31,"spd":31,"spe":31}},{"name":"Manaphy","species":"Manaphy","item":"leftovers","ability":"Hydration","moves":["tailglow","psychic","icebeam","scald"],"nature":"Modest","evs":{"hp":252,"atk":0,"def":0,"spa":252,"spd":4,"spe":0},"ivs":{"hp":31,"atk":31,"def":31,"spa":31,"spd":31,"spe":31}},{"name":"Politoed","species":"Politoed","item":"leftovers","ability":"Drizzle","moves":["scald","icebeam","rest","sleeptalk"],"nature":"Modest","evs":{"hp":252,"atk":0,"def":0,"spa":252,"spd":4,"spe":0},"ivs":{"hp":31,"atk":31,"def":31,"spa":31,"spd":31,"spe":31}},{"name":"Empoleon","species":"Empoleon","item":"leftovers","ability":"Torrent","moves":["scald","stealthrock","defog","roar"],"nature":"Bold","evs":{"hp":252,"atk":0,"def":252,"spa":0,"spd":4,"spe":0},"ivs":{"hp":31,"atk":31,"def":31,"spa":31,"spd":31,"spe":31}}],"log":["|player|p1|Hamstery|101","|player|p2|Zeyus - Ⓑⓤⓢⓨ|291","|gametype|singles","|gen|6","|tier|Monotype","|rated","|rule|Baton Pass Clause: Limit one Baton Passer, can't pass Spe and other stats simultaneously","|rule|Swagger Clause: Swagger is banned","|rule|Same Type Clause: Pokémon in a team must share a type","|clearpoke","|poke|p1|Diancie","|poke|p1|Probopass, M","|poke|p1|Magcargo, F","|poke|p1|Terrakion","|poke|p1|Omastar, F","|poke|p1|Aerodactyl, M","|poke|p2|Keldeo","|poke|p2|Gyarados, F","|poke|p2|Lanturn, F","|poke|p2|Manaphy","|poke|p2|Politoed, M","|poke|p2|Empoleon, M","|rule|Sleep Clause Mod: Limit one foe put to sleep","|rule|Species Clause: Limit one of each Pokémon","|rule|OHKO Clause: OHKO moves are banned","|rule|Moody Clause: Moody is banned","|rule|Evasion Moves Clause: Evasion moves are banned","|rule|Endless Battle Clause: Forcing endless battles is banned","|rule|HP Percentage Mod: HP is shown in percentages","|teampreview","|","|start","|switch|p1a: Probopass|Probopass, M|323/323","|switch|p2a: Gyarados|Gyarados, F|331/331","|-ability|p2a: Gyarados|Intimidate","|-unboost|p1a: Probopass|atk|1","|-item|p1a: Probopass|Air Balloon","|turn|1","|","|move|p2a: Gyarados|Bounce|p1a: Probopass|[still]","|-prepare|p2a: Gyarados|Bounce|p1a: Probopass","|move|p1a: Probopass|Thunder Wave|p2a: Gyarados|[miss]","|-miss|p1a: Probopass|p2a: Gyarados","|","|turn|2","|","|move|p2a: Gyarados|Bounce|p1a: Probopass|[from]lockedmove","|-resisted|p1a: Probopass","|-damage|p1a: Probopass|300/323","|-enditem|p1a: Probopass|Air Balloon","|move|p1a: Probopass|Volt Switch|p2a: Gyarados","|-supereffective|p2a: Gyarados","|-damage|p2a: Gyarados|195/331","|","|switch|p1a: Aerodactyl|Aerodactyl, M|301/301","|","|-heal|p2a: Gyarados|215/331|[from] item: Leftovers","|turn|3","|","|switch|p2a: Empoleon|Empoleon, M|372/372","|move|p1a: Aerodactyl|Rock Slide|p2a: Empoleon","|-resisted|p2a: Empoleon","|-damage|p2a: Empoleon|312/372","|-damage|p1a: Aerodactyl|271/301|[from] item: Life Orb","|","|-heal|p2a: Empoleon|335/372|[from] item: Leftovers","|turn|4","|","|move|p1a: Aerodactyl|Earthquake|p2a: Empoleon","|-supereffective|p2a: Empoleon","|-damage|p2a: Empoleon|111/372","|-damage|p1a: Aerodactyl|241/301|[from] item: Life Orb","|move|p2a: Empoleon|Scald|p1a: Aerodactyl","|-supereffective|p1a: Aerodactyl","|-damage|p1a: Aerodactyl|0 fnt","|faint|p1a: Aerodactyl","|","|-heal|p2a: Empoleon|134/372|[from] item: Leftovers","|","|switch|p1a: Diancie|Diancie|241/241","|turn|5","|","|switch|p2a: Manaphy|Manaphy|404/404","|detailschange|p1a: Diancie|Diancie-Mega","|-mega|p1a: Diancie|Diancie|Diancite","|move|p1a: Diancie|Protect|p1a: Diancie","|-fail|p1a: Diancie","|","|turn|6","|","|move|p1a: Diancie|Moonblast|p2a: Manaphy","|-damage|p2a: Manaphy|197/404","|move|p2a: Manaphy|Tail Glow|p2a: Manaphy","|-boost|p2a: Manaphy|spa|3","|","|-heal|p2a: Manaphy|222/404|[from] item: Leftovers","|turn|7","|","|move|p1a: Diancie|Moonblast|p2a: Manaphy","|-damage|p2a: Manaphy|30/404","|move|p2a: Manaphy|Scald|p1a: Diancie","|-supereffective|p1a: Diancie","|-damage|p1a: Diancie|0 fnt","|faint|p1a: Diancie","|","|-heal|p2a: Manaphy|55/404|[from] item: Leftovers","|","|switch|p1a: Terrakion|Terrakion|323/323","|turn|8","|","|move|p1a: Terrakion|Close Combat|p2a: Manaphy","|-damage|p2a: Manaphy|0 fnt","|-unboost|p1a: Terrakion|def|1","|-unboost|p1a: Terrakion|spd|1","|faint|p2a: Manaphy","|","|","|switch|p2a: Gyarados|Gyarados, F|215/331","|-ability|p2a: Gyarados|Intimidate","|-unboost|p1a: Terrakion|atk|1","|turn|9","|","|switch|p1a: Probopass|Probopass, M|300/323","|move|p2a: Gyarados|Dragon Dance|p2a: Gyarados","|-boost|p2a: Gyarados|atk|1","|-boost|p2a: Gyarados|spe|1","|","|-heal|p2a: Gyarados|235/331|[from] item: Leftovers","|turn|10","|","|move|p2a: Gyarados|Waterfall|p1a: Probopass","|-supereffective|p1a: Probopass","|-damage|p1a: Probopass|52/323","|cant|p1a: Probopass|flinch","|","|-heal|p2a: Gyarados|255/331|[from] item: Leftovers","|turn|11","|","|move|p2a: Gyarados|Waterfall|p1a: Probopass","|-supereffective|p1a: Probopass","|-damage|p1a: Probopass|0 fnt","|faint|p1a: Probopass","|","|-heal|p2a: Gyarados|275/331|[from] item: Leftovers","|","|switch|p1a: Terrakion|Terrakion|323/323","|turn|12","|","|switch|p2a: Politoed|Politoed, M|384/384","|-weather|RainDance","|move|p1a: Terrakion|Rock Slide|p2a: Politoed","|-damage|p2a: Politoed|224/384","|","|-weather|RainDance|[upkeep]","|-heal|p2a: Politoed|248/384|[from] item: Leftovers","|turn|13","|","|switch|p1a: Omastar|Omastar, F|281/281","|move|p2a: Politoed|Scald|p1a: Omastar","|-damage|p1a: Omastar|31/281","|-status|p1a: Omastar|brn","|","|-weather|RainDance|[upkeep]","|-heal|p2a: Politoed|272/384|[from] item: Leftovers","|-damage|p1a: Omastar|0 fnt|[from] brn","|faint|p1a: Omastar","|","|switch|p1a: Terrakion|Terrakion|323/323","|turn|14","|","|move|p1a: Terrakion|Close Combat|p2a: Politoed","|-damage|p2a: Politoed|0 fnt","|-unboost|p1a: Terrakion|def|1","|-unboost|p1a: Terrakion|spd|1","|faint|p2a: Politoed","|","|-weather|RainDance|[upkeep]","|","|switch|p2a: Gyarados|Gyarados, F|275/331","|-ability|p2a: Gyarados|Intimidate","|-unboost|p1a: Terrakion|atk|1","|turn|15","|","|switch|p1a: Magcargo|Magcargo, F|304/304","|move|p2a: Gyarados|Waterfall|p1a: Magcargo","|-supereffective|p1a: Magcargo","|-damage|p1a: Magcargo|0 fnt","|-status|p2a: Gyarados|brn","|faint|p1a: Magcargo","|","|-weather|RainDance|[upkeep]","|-heal|p2a: Gyarados|295/331 brn|[from] item: Leftovers","|-damage|p2a: Gyarados|254/331 brn|[from] brn","|","|switch|p1a: Terrakion|Terrakion|323/323","|turn|16","|","|move|p1a: Terrakion|Rock Slide|p2a: Gyarados","|-supereffective|p2a: Gyarados","|-damage|p2a: Gyarados|50/331 brn","|move|p2a: Gyarados|Waterfall|p1a: Terrakion","|-supereffective|p1a: Terrakion","|-damage|p1a: Terrakion|127/323","|","|-weather|none","|-heal|p2a: Gyarados|70/331 brn|[from] item: Leftovers","|-damage|p2a: Gyarados|29/331 brn|[from] brn","|turn|17","|","|move|p1a: Terrakion|Rock Slide|p2a: Gyarados","|-supereffective|p2a: Gyarados","|-damage|p2a: Gyarados|0 fnt","|faint|p2a: Gyarados","|","|","|switch|p2a: Keldeo|Keldeo|323/323","|turn|18","|","|move|p1a: Terrakion|Rock Slide|p2a: Keldeo","|-crit|p2a: Keldeo","|-resisted|p2a: Keldeo","|-damage|p2a: Keldeo|202/323","|cant|p2a: Keldeo|flinch","|","|turn|19","|","|move|p1a: Terrakion|Rock Slide|p2a: Keldeo","|-resisted|p2a: Keldeo","|-damage|p2a: Keldeo|121/323","|move|p2a: Keldeo|Scald|p1a: Terrakion","|-supereffective|p1a: Terrakion","|-damage|p1a: Terrakion|0 fnt","|faint|p1a: Terrakion","|","|win|Zeyus - Ⓑⓤⓢⓨ"],"p1rating":{"entryid":"171885","serverid":"eos","formatid":"monotype","userid":"hamstery","username":"Hamstery","w":"1","l":1,"t":"0","gxe":50.8,"r":"1500","rd":"130","sigma":"0","rptime":"1439974800","rpr":1506.0797541883,"rprd":116.61595908444,"rpsigma":"0","acre":1029.0437804678,"lacre":1029.0437804678,"oldacre":"1048.7751794038"},"p2rating":{"entryid":"172214","serverid":"eos","formatid":"monotype","userid":"zeyus","username":"Zeyus - Ⓑⓤⓢⓨ","w":1,"l":"1","t":"0","gxe":50,"r":"1500","rd":"130","sigma":"0","rptime":"1439974800","rpr":1500,"rprd":116.77753930647,"rpsigma":"0","acre":1045.578848243,"lacre":1045.578848243,"oldacre":"1000"},"endType":"normal"}