{"seed":[18084,27913,58139,43169],"turns":23,"p1":"Seven Swell","p2":"Crystal Giigan","p1team":[{"name":"Mew","species":"Mew","item":"leftovers","ability":"Synchronize","moves":["roost","toxic","healbell","aurasphere"],"nature":"Calm","evs":{"hp":252,"atk":0,"def":0,"spa":4,"spd":252,"spe":0},"ivs":{"hp":31,"atk":31,"def":31,"spa":31,"spd":31,"spe":31}},{"name":"Slowbro","species":"Slowbro","item":"rockyhelmet","ability":"Regenerator","moves":["scald","yawn","flamethrower","slackoff"],"nature":"Bold","evs":{"hp":252,"atk":0,"def":252,"spa":4,"spd":0,"spe":0},"ivs":{"hp":31,"atk":31,"def":31,"spa":31,"spd":31,"spe":31}},{"name":"Deoxys-Speed","species":"Deoxys-Speed","item":"focussash","ability":"Pressure","moves":["stealthrock","thunderbolt","thunderwave","icebeam"],"nature":"Timid","evs":{"hp":252,"atk":0,"def":0,"spa":44,"spd":0,"spe":212},"ivs":{"hp":31,"atk":31,"def":31,"spa":31,"spd":31,"spe":31}},{"name":"Latias","species":"Latias","item":"leftovers","ability":"Levitate","moves":["dracometeor","psyshock","roost","defog"],"nature":"Timid","evs":{"hp":252,"atk":0,"def":0,"spa":4,"spd":0,"spe":252},"ivs":{"hp":31,"atk":31,"def":31,"spa":31,"spd":31,"spe":31}},{"name":"Hoopa-Unbound","species":"Hoopa-Unbound","item":"focussash","ability":"Magician","moves":["hyperspacefury","drainpunch","firepunch","gunkshot"],"nature":"Adamant","evs":{"hp":0,"atk":252,"def":0,"spa":0,"spd":4,"spe":252},"ivs":{"hp":31,"atk":31,"def":31,"spa":31,"spd":31,"spe":31}},{"name":"Gardevoir","species":"Gardevoir","item":"gardevoirite","ability":"Trace","moves":["hypervoice","psyshock","shadowball","taunt"],"nature":"Timid","evs":{"hp":0,"atk":0,"def":0,"spa":252,"spd":4,"spe":252},"ivs":{"hp":31,"atk":31,"def":31,"spa":31,"spd":31,"spe":31}}],"p2team":[{"name":"Weavile","species":"Weavile","item":"choiceband","ability":"Pressure","moves":["knockoff","poisonjab","xscissor","icepunch"],"nature":"Jolly","evs":{"hp":0,"atk":252,"def":0,"spa":0,"spd":4,"spe":252},"ivs":{"hp":31,"atk":31,"def":31,"spa":31,"spd":31,"spe":31}},{"name":"Bisharp","species":"Bisharp","item":"lifeorb","ability":"Defiant","moves":["ironhead","suckerpunch","swordsdance","taunt"],"nature":"Jolly","evs":{"hp":0,"atk":252,"def":0,"spa":0,"spd":4,"spe":252},"ivs":{"hp":31,"atk":31,"def":31,"spa":31,"spd":31,"spe":31}},{"name":"Liepard","species":"Liepard","item":"focussash","ability":"Prankster","moves":["nastyplot","thunderwave","darkpulse","fakeout"],"nature":"Hasty","evs":{"hp":0,"atk":4,"def":0,"spa":252,"spd":0,"spe":252},"ivs":{"hp":31,"atk":31,"def":31,"spa":31,"spd":31,"spe":31}},{"name":"Mandibuzz","species":"Mandibuzz","item":"leftovers","ability":"Overcoat","moves":["defog","foulplay","roost","toxic"],"nature":"Bold","evs":{"hp":252,"atk":0,"def":252,"spa":0,"spd":4,"spe":0},"ivs":{"hp":31,"atk":31,"def":31,"spa":31,"spd":31,"spe":31}},{"name":"Krookodile","species":"Krookodile","item":"choicescarf","ability":"Moxie","moves":["crunch","earthquake","dragonclaw","superpower"],"nature":"Jolly","evs":{"hp":0,"atk":252,"def":0,"spa":0,"spd":4,"spe":252},"ivs":{"hp":31,"atk":31,"def":31,"spa":31,"spd":31,"spe":31}},{"name":"Absol","species":"Absol","item":"absolite","ability":"Super Luck","moves":["swordsdance","suckerpunch","pursuit","playrough"],"nature":"Jolly","evs":{"hp":0,"atk":252,"def":0,"spa":0,"spd":4,"spe":252},"gender":"M","shiny":true,"ivs":{"hp":31,"atk":31,"def":31,"spa":31,"spd":31,"spe":31}}],"log":["|player|p1|Seven Swell|sevenswell.png","|player|p2|Crystal Giigan|crystalgiigan.png","|gametype|singles","|gen|6","|tier|Monotype","|rated","|rule|Baton Pass Clause: Limit one Baton Passer, can't pass Spe and other stats simultaneously","|rule|Swagger Clause: Swagger is banned","|rule|Same Type Clause: Pokémon in a team must share a type","|clearpoke","|poke|p1|Mew","|poke|p1|Slowbro, F","|poke|p1|Deoxys-Speed","|poke|p1|Latias, F","|poke|p1|Hoopa-Unbound","|poke|p1|Gardevoir, M","|poke|p2|Weavile, F","|poke|p2|Bisharp, M","|poke|p2|Liepard, F","|poke|p2|Mandibuzz, F","|poke|p2|Krookodile, F","|poke|p2|Absol, M, shiny","|rule|Sleep Clause Mod: Limit one foe put to sleep","|rule|Species Clause: Limit one of each Pokémon","|rule|OHKO Clause: OHKO moves are banned","|rule|Moody Clause: Moody is banned","|rule|Evasion Moves Clause: Evasion moves are banned","|rule|Endless Battle Clause: Forcing endless battles is banned","|rule|HP Percentage Mod: HP is shown in percentages","|teampreview","|","|start","|switch|p1a: Slowbro|Slowbro, F|394/394","|switch|p2a: Weavile|Weavile, F|281/281","|-ability|p2a: Weavile|Pressure","|turn|1","|","|move|p2a: Weavile|Knock Off|p1a: Slowbro","|-supereffective|p1a: Slowbro","|-damage|p1a: Slowbro|76/394","|-damage|p2a: Weavile|235/281|[from] item: Rocky Helmet|[of] p1a: Slowbro","|-enditem|p1a: Slowbro|Rocky Helmet|[from] move: Knock Off|[of] p2a: Weavile","|move|p1a: Slowbro|Flamethrower|p2a: Weavile","|-supereffective|p2a: Weavile","|-damage|p2a: Weavile|65/281","|","|turn|2","|","|move|p2a: Weavile|Knock Off|p1a: Slowbro","|-supereffective|p1a: Slowbro","|-damage|p1a: Slowbro|0 fnt","|faint|p1a: Slowbro","|","|","|switch|p1a: Deoxys-Speed|Deoxys-Speed|304/304","|-ability|p1a: Deoxys-Speed|Pressure","|turn|3","|","|move|p1a: Deoxys-Speed|Thunderbolt|p2a: Weavile","|-damage|p2a: Weavile|0 fnt","|faint|p2a: Weavile","|","|","|switch|p2a: Krookodile|Krookodile, F|331/331","|turn|4","|","|move|p1a: Deoxys-Speed|Ice Beam|p2a: Krookodile","|-supereffective|p2a: Krookodile","|-damage|p2a: Krookodile|151/331","|move|p2a: Krookodile|Crunch|p1a: Deoxys-Speed","|-supereffective|p1a: Deoxys-Speed","|-enditem|p1a: Deoxys-Speed|Focus Sash","|-damage|p1a: Deoxys-Speed|1/304","|-unboost|p1a: Deoxys-Speed|def|1","|","|turn|5","|","|move|p1a: Deoxys-Speed|Ice Beam|p2a: Krookodile","|-supereffective|p2a: Krookodile","|-damage|p2a: Krookodile|0 fnt","|faint|p2a: Krookodile","|","|","|switch|p2a: Absol|Absol, M, shiny|271/271","|turn|6","|","|detailschange|p2a: Absol|Absol-Mega, M, shiny","|-mega|p2a: Absol|Absol|Absolite","|move|p2a: Absol|Sucker Punch|p1a: Deoxys-Speed","|-supereffective|p1a: Deoxys-Speed","|-damage|p1a: Deoxys-Speed|0 fnt","|faint|p1a: Deoxys-Speed","|","|","|switch|p1a: Gardevoir|Gardevoir, M|277/277","|-ability|p1a: Gardevoir|Magic Bounce|[from] ability: Trace|[of] p2a: Absol","|turn|7","|","|detailschange|p1a: Gardevoir|Gardevoir-Mega, M","|-mega|p1a: Gardevoir|Gardevoir|Gardevoirite","|move|p2a: Absol|Sucker Punch|p1a: Gardevoir","|-damage|p1a: Gardevoir|51/277","|move|p1a: Gardevoir|Hyper Voice|p2a: Absol","|-supereffective|p2a: Absol","|-damage|p2a: Absol|0 fnt","|faint|p2a: Absol","|","|","|switch|p2a: Bisharp|Bisharp, M|271/271","|turn|8","|","|move|p2a: Bisharp|Sucker Punch|p1a: Gardevoir","|-fail|p2a: Bisharp","|move|p1a: Gardevoir|Taunt|p2a: Bisharp","|-start|p2a: Bisharp|move: Taunt","|","|turn|9","|","|move|p2a: Bisharp|Sucker Punch|p1a: Gardevoir","|-damage|p1a: Gardevoir|0 fnt","|-damage|p2a: Bisharp|244/271|[from] item: Life Orb","|faint|p1a: Gardevoir","|","|","|switch|p1a: Hoopa-Unbound|Hoopa-Unbound|301/301","|turn|10","|","|switch|p2a: Mandibuzz|Mandibuzz, F|424/424","|move|p1a: Hoopa-Unbound|Drain Punch|p2a: Mandibuzz","|-damage|p2a: Mandibuzz|343/424","|","|-heal|p2a: Mandibuzz|369/424|[from] item: Leftovers","|turn|11","|","|switch|p1a: Mew|Mew|404/404","|move|p2a: Mandibuzz|Toxic|p1a: Mew|[miss]","|-miss|p2a: Mandibuzz|p1a: Mew","|","|-heal|p2a: Mandibuzz|395/424|[from] item: Leftovers","|turn|12","|","|move|p1a: Mew|Toxic|p2a: Mandibuzz","|-status|p2a: Mandibuzz|tox","|move|p2a: Mandibuzz|Toxic|p1a: Mew","|-status|p1a: Mew|tox","|","|-heal|p2a: Mandibuzz|421/424 tox|[from] item: Leftovers","|-damage|p1a: Mew|379/404 tox|[from] psn","|-damage|p2a: Mandibuzz|395/424 tox|[from] psn","|turn|13","|","|move|p1a: Mew|Heal Bell|p1a: Mew","|-cureteam|p1a: Mew|[from] move: HealBell","|move|p2a: Mandibuzz|Foul Play|p1a: Mew","|-supereffective|p1a: Mew","|-damage|p1a: Mew|179/404","|","|-heal|p1a: Mew|204/404|[from] item: Leftovers","|-heal|p2a: Mandibuzz|421/424 tox|[from] item: Leftovers","|-damage|p2a: Mandibuzz|369/424 tox|[from] psn","|turn|14","|","|move|p1a: Mew|Roost|p1a: Mew","|-heal|p1a: Mew|404/404","|move|p2a: Mandibuzz|Foul Play|p1a: Mew","|-supereffective|p1a: Mew","|-damage|p1a: Mew|212/404","|","|-heal|p1a: Mew|237/404|[from] item: Leftovers","|-heal|p2a: Mandibuzz|395/424 tox|[from] item: Leftovers","|-damage|p2a: Mandibuzz|317/424 tox|[from] psn","|turn|15","|","|switch|p2a: Bisharp|Bisharp, M|244/271","|move|p1a: Mew|Roost|p1a: Mew","|-heal|p1a: Mew|404/404","|","|turn|16","|","|move|p2a: Bisharp|Taunt|p1a: Mew","|-start|p1a: Mew|move: Taunt","|move|p1a: Mew|Aura Sphere|p2a: Bisharp","|-crit|p2a: Bisharp","|-supereffective|p2a: Bisharp","|-damage|p2a: Bisharp|0 fnt","|faint|p2a: Bisharp","|","|","|switch|p2a: Mandibuzz|Mandibuzz, F|317/424 tox","|turn|17","|","|switch|p1a: Latias|Latias, F|364/364","|move|p2a: Mandibuzz|Toxic|p1a: Latias","|-status|p1a: Latias|tox","|","|-heal|p2a: Mandibuzz|343/424 tox|[from] item: Leftovers","|-damage|p1a: Latias|342/364 tox|[from] psn","|-damage|p2a: Mandibuzz|317/424 tox|[from] psn","|turn|18","|","|move|p1a: Latias|Draco Meteor|p2a: Mandibuzz","|-damage|p2a: Mandibuzz|137/424 tox","|-unboost|p1a: Latias|spa|2","|move|p2a: Mandibuzz|Foul Play|p1a: Latias","|-supereffective|p1a: Latias","|-damage|p1a: Latias|148/364 tox","|","|-heal|p1a: Latias|170/364 tox|[from] item: Leftovers","|-heal|p2a: Mandibuzz|163/424 tox|[from] item: Leftovers","|-damage|p1a: Latias|126/364 tox|[from] psn","|-damage|p2a: Mandibuzz|111/424 tox|[from] psn","|turn|19","|","|move|p1a: Latias|Draco Meteor|p2a: Mandibuzz","|-damage|p2a: Mandibuzz|27/424 tox","|-unboost|p1a: Latias|spa|2","|move|p2a: Mandibuzz|Foul Play|p1a: Latias","|-supereffective|p1a: Latias","|-damage|p1a: Latias|0 fnt","|faint|p1a: Latias","|","|-heal|p2a: Mandibuzz|53/424 tox|[from] item: Leftovers","|-damage|p2a: Mandibuzz|0 fnt|[from] psn","|faint|p2a: Mandibuzz","|","|switch|p2a: Liepard|Liepard, F|269/269","|switch|p1a: Hoopa-Unbound|Hoopa-Unbound|301/301","|turn|20","|","|move|p2a: Liepard|Fake Out|p1a: Hoopa-Unbound","|-damage|p1a: Hoopa-Unbound|254/301","|cant|p1a: Hoopa-Unbound|flinch","|","|turn|21","|","|move|p2a: Liepard|Thunder Wave|p1a: Hoopa-Unbound","|-status|p1a: Hoopa-Unbound|par","|move|p1a: Hoopa-Unbound|Drain Punch|p2a: Liepard","|-supereffective|p2a: Liepard","|-enditem|p2a: Liepard|Focus Sash","|-damage|p2a: Liepard|1/269","|-heal|p1a: Hoopa-Unbound|301/301 par|[from] drain|[of] p2a: Liepard","|","|turn|22","|","|move|p2a: Liepard|Nasty Plot|p2a: Liepard","|-boost|p2a: Liepard|spa|2","|cant|p1a: Hoopa-Unbound|par","|","|turn|23","|","|move|p2a: Liepard|Dark Pulse|p1a: Hoopa-Unbound","|-damage|p1a: Hoopa-Unbound|121/301 par","|move|p1a: Hoopa-Unbound|Drain Punch|p2a: Liepard","|-supereffective|p2a: Liepard","|-damage|p2a: Liepard|0 fnt","|-heal|p1a: Hoopa-Unbound|122/301 par|[from] drain|[of] p2a: Liepard","|faint|p2a: Liepard","|","|win|Seven Swell"],"p1rating":{"entryid":"86214","serverid":"eos","formatid":"monotype","userid":"sevenswell","username":"Seven Swell","w":14,"l":"2","t":"0","gxe":71.5,"r":"1657.3392056267","rd":"80.221831851584","sigma":"0","rptime":"1440061200","rpr":1677.550168106,"rprd":77.149914972552,"rpsigma":"0","acre":1234.2324664503,"lacre":1234.2324664503,"oldacre":"1219.3627328863"},"p2rating":{"entryid":"80850","serverid":"eos","formatid":"monotype","userid":"crystalgiigan","username":"Crystal Giigan","w":"4","l":5,"t":"0","gxe":48.8,"r":"1524.3337374273","rd":"95.814606266969","sigma":"0","rptime":"1440061200","rpr":1490.5303668747,"rprd":90.140732751246,"rpsigma":"0","acre":1057.8172289013,"lacre":1057.8172289013,"oldacre":"1070.0114302087"},"endType":"normal"}