{"seed":[17759,55946,10145,59376],"turns":21,"p1":"GTX♅Cool","p2":"SL Espeon","p1team":[{"name":"Starmie","species":"Starmie","item":"leftovers","ability":"Natural Cure","moves":["thunderbolt","psyshock","rapidspin","recover"],"nature":"","evs":{"hp":4,"atk":0,"def":252,"spa":252,"spd":0,"spe":0},"ivs":{"hp":31,"atk":31,"def":31,"spa":31,"spd":31,"spe":31}},{"name":"Politoed","species":"Politoed","item":"leftovers","ability":"Drizzle","moves":["scald","icebeam","perishsong","protect"],"nature":"","evs":{"hp":252,"atk":0,"def":76,"spa":76,"spd":100,"spe":4},"ivs":{"hp":31,"atk":31,"def":31,"spa":31,"spd":31,"spe":31}},{"name":"Keldeo-Resolute","species":"Keldeo-Resolute","item":"choicescarf","ability":"Justified","moves":["scald","secretsword","hydropump","icywind"],"nature":"","evs":{"hp":0,"atk":0,"def":0,"spa":0,"spd":0,"spe":0},"ivs":{"hp":31,"atk":31,"def":31,"spa":31,"spd":31,"spe":31}},{"name":"Gyarados","species":"Gyarados","item":"choicescarf","ability":"Moxie","moves":["waterfall","earthquake","dragondance","outrage"],"nature":"Adamant","evs":{"hp":12,"atk":252,"def":0,"spa":0,"spd":0,"spe":244},"ivs":{"hp":31,"atk":30,"def":31,"spa":30,"spd":31,"spe":30}},{"name":"Swampert","species":"Swampert","item":"swampertite","ability":"Damp","moves":["waterfall","earthquake","icepunch","poweruppunch"],"nature":"Adamant","evs":{"hp":0,"atk":252,"def":4,"spa":0,"spd":0,"spe":252},"ivs":{"hp":31,"atk":31,"def":31,"spa":31,"spd":31,"spe":31}},{"name":"Azumarill","species":"Azumarill","item":"sitrusberry","ability":"Sap Sipper","moves":["bellydrum","waterfall","playrough","aquajet"],"nature":"Adamant","evs":{"hp":92,"atk":252,"def":0,"spa":0,"spd":0,"spe":164},"ivs":{"hp":31,"atk":31,"def":31,"spa":31,"spd":31,"spe":31}}],"p2team":[{"name":"Skarmory","species":"Skarmory","item":"rockyhelmet","ability":"Sturdy","moves":["roost","stealthrock","bravebird","defog"],"nature":"Impish","evs":{"hp":0,"atk":252,"def":0,"spa":0,"spd":4,"spe":252},"ivs":{"hp":31,"atk":31,"def":31,"spa":31,"spd":31,"spe":31}},{"name":"Heatran","species":"Heatran","item":"airballoon","ability":"Flash Fire","moves":["protect","lavaplume","earthpower","willowisp"],"nature":"Calm","evs":{"hp":248,"atk":0,"def":0,"spa":8,"spd":252,"spe":0},"ivs":{"hp":31,"atk":31,"def":31,"spa":31,"spd":31,"spe":31}},{"name":"Excadrill","species":"Excadrill","item":"choicescarf","ability":"Mold Breaker","moves":["earthquake","ironhead","rockslide","xscissor"],"nature":"Jolly","evs":{"hp":0,"atk":252,"def":0,"spa":0,"spd":4,"spe":252},"ivs":{"hp":31,"atk":31,"def":31,"spa":31,"spd":31,"spe":31}},{"name":"Magnezone","species":"Magnezone","item":"choicescarf","ability":"Sturdy","moves":["hiddenpowerice","thunderbolt","triattack","voltswitch"],"nature":"Timid","evs":{"hp":0,"atk":0,"def":0,"spa":252,"spd":4,"spe":252},"ivs":{"hp":31,"atk":30,"def":30,"spa":31,"spd":31,"spe":31}},{"name":"Lucario","species":"Lucario","item":"lifeorb","ability":"Inner Focus","moves":["aurasphere","vacuumwave","flashcannon","shadowball"],"nature":"Timid","evs":{"hp":0,"atk":0,"def":0,"spa":252,"spd":4,"spe":252},"ivs":{"hp":31,"atk":31,"def":31,"spa":31,"spd":31,"spe":31}},{"name":"Jirachi","species":"Jirachi","item":"choicescarf","ability":"Serene Grace","moves":["ironhead","zenheadbutt","icepunch","uturn"],"nature":"Jolly","evs":{"hp":0,"atk":252,"def":0,"spa":0,"spd":4,"spe":252},"ivs":{"hp":31,"atk":31,"def":31,"spa":31,"spd":31,"spe":31}}],"log":["|player|p1|GTX♅Cool|163","|player|p2|SL Espeon|70","|gametype|singles","|gen|6","|tier|Monotype","|rated","|rule|Baton Pass Clause: Limit one Baton Passer, can't pass Spe and other stats simultaneously","|rule|Swagger Clause: Swagger is banned","|rule|Same Type Clause: Pokémon in a team must share a type","|clearpoke","|poke|p1|Starmie","|poke|p1|Politoed, M","|poke|p1|Keldeo-Resolute","|poke|p1|Gyarados, F","|poke|p1|Swampert, F","|poke|p1|Azumarill, M","|poke|p2|Skarmory, M","|poke|p2|Heatran, F","|poke|p2|Excadrill, F","|poke|p2|Magnezone","|poke|p2|Lucario, F","|poke|p2|Jirachi","|rule|Sleep Clause Mod: Limit one foe put to sleep","|rule|Species Clause: Limit one of each Pokémon","|rule|OHKO Clause: OHKO moves are banned","|rule|Moody Clause: Moody is banned","|rule|Evasion Moves Clause: Evasion moves are banned","|rule|Endless Battle Clause: Forcing endless battles is banned","|rule|HP Percentage Mod: HP is shown in percentages","|teampreview","|","|start","|switch|p1a: Swampert|Swampert, F|341/341","|switch|p2a: Jirachi|Jirachi|341/341","|turn|1","|","|detailschange|p1a: Swampert|Swampert-Mega, F","|-mega|p1a: Swampert|Swampert|Swampertite","|move|p2a: Jirachi|U-turn|p1a: Swampert","|-damage|p1a: Swampert|282/341","|","|switch|p2a: Skarmory|Skarmory, M|271/271","|move|p1a: Swampert|Earthquake|p2a: Skarmory","|-immune|p2a: Skarmory|[msg]","|","|turn|2","|","|move|p1a: Swampert|Ice Punch|p2a: Skarmory","|-damage|p2a: Skarmory|192/271","|-damage|p1a: Swampert|226/341|[from] item: Rocky Helmet|[of] p2a: Skarmory","|move|p2a: Skarmory|Stealth Rock|p1a: Swampert","|-sidestart|p1: GTX♅Cool|move: Stealth Rock","|","|turn|3","|","|switch|p1a: Starmie|Starmie|262/262","|-damage|p1a: Starmie|230/262|[from] Stealth Rock","|move|p2a: Skarmory|Brave Bird|p1a: Starmie","|-damage|p1a: Starmie|103/262","|-damage|p2a: Skarmory|150/271|[from] recoil|[of] p1a: Starmie","|","|-heal|p1a: Starmie|119/262|[from] item: Leftovers","|turn|4","|","|switch|p2a: Jirachi|Jirachi|341/341","|move|p1a: Starmie|Thunderbolt|p2a: Jirachi","|-damage|p2a: Jirachi|259/341","|","|-heal|p1a: Starmie|135/262|[from] item: Leftovers","|turn|5","|","|move|p2a: Jirachi|U-turn|p1a: Starmie","|-supereffective|p1a: Starmie","|-damage|p1a: Starmie|7/262","|","|switch|p2a: Skarmory|Skarmory, M|150/271","|move|p1a: Starmie|Rapid Spin|p2a: Skarmory","|-resisted|p2a: Skarmory","|-damage|p2a: Skarmory|145/271","|-damage|p1a: Starmie|0 fnt|[from] item: Rocky Helmet|[of] p2a: Skarmory","|faint|p1a: Starmie","|","|","|switch|p1a: Politoed|Politoed, M|384/384","|-damage|p1a: Politoed|336/384|[from] Stealth Rock","|-weather|RainDance","|turn|6","|","|switch|p2a: Heatran|Heatran, F|385/385","|-item|p2a: Heatran|Air Balloon","|move|p1a: Politoed|Ice Beam|p2a: Heatran","|-resisted|p2a: Heatran","|-damage|p2a: Heatran|374/385","|-enditem|p2a: Heatran|Air Balloon","|","|-weather|RainDance|[upkeep]","|-heal|p1a: Politoed|360/384|[from] item: Leftovers","|turn|7","|","|move|p2a: Heatran|Will-O-Wisp|p1a: Politoed","|-status|p1a: Politoed|brn","|move|p1a: Politoed|Scald|p2a: Heatran","|-supereffective|p2a: Heatran","|-damage|p2a: Heatran|186/385","|","|-weather|RainDance|[upkeep]","|-heal|p1a: Politoed|384/384 brn|[from] item: Leftovers","|-damage|p1a: Politoed|336/384 brn|[from] brn","|turn|8","|","|move|p2a: Heatran|Protect|p2a: Heatran","|-singleturn|p2a: Heatran|Protect","|move|p1a: Politoed|Scald|p2a: Heatran","|-activate|p2a: Heatran|Protect","|","|-weather|RainDance|[upkeep]","|-heal|p1a: Politoed|360/384 brn|[from] item: Leftovers","|-damage|p1a: Politoed|312/384 brn|[from] brn","|turn|9","|","|switch|p2a: Magnezone|Magnezone|281/281","|move|p1a: Politoed|Scald|p2a: Magnezone","|-damage|p2a: Magnezone|122/281","|-status|p2a: Magnezone|brn","|","|-weather|RainDance|[upkeep]","|-heal|p1a: Politoed|336/384 brn|[from] item: Leftovers","|-damage|p2a: Magnezone|87/281 brn|[from] brn","|-damage|p1a: Politoed|288/384 brn|[from] brn","|turn|10","|","|move|p2a: Magnezone|Volt Switch|p1a: Politoed","|-supereffective|p1a: Politoed","|-damage|p1a: Politoed|64/384 brn","|","|switch|p2a: Heatran|Heatran, F|186/385","|move|p1a: Politoed|Scald|p2a: Heatran","|-supereffective|p2a: Heatran","|-damage|p2a: Heatran|0 fnt","|faint|p2a: Heatran","|","|-weather|none","|-heal|p1a: Politoed|88/384 brn|[from] item: Leftovers","|-damage|p1a: Politoed|40/384 brn|[from] brn","|","|switch|p2a: Jirachi|Jirachi|259/341","|turn|11","|","|move|p1a: Politoed|Protect|p1a: Politoed","|-singleturn|p1a: Politoed|Protect","|move|p2a: Jirachi|U-turn|p1a: Politoed","|-activate|p1a: Politoed|Protect","|","|-heal|p1a: Politoed|64/384 brn|[from] item: Leftovers","|-damage|p1a: Politoed|16/384 brn|[from] brn","|turn|12","|","|move|p2a: Jirachi|U-turn|p1a: Politoed","|-damage|p1a: Politoed|0 fnt","|faint|p1a: Politoed","|","|switch|p2a: Magnezone|Magnezone|87/281 brn","|","|-damage|p2a: Magnezone|52/281 brn|[from] brn","|","|switch|p1a: Keldeo-Resolute|Keldeo-Resolute|323/323","|-damage|p1a: Keldeo-Resolute|303/323|[from] Stealth Rock","|turn|13","|","|move|p1a: Keldeo-Resolute|Scald|p2a: Magnezone","|-damage|p2a: Magnezone|0 fnt","|faint|p2a: Magnezone","|","|","|switch|p2a: Jirachi|Jirachi|259/341","|turn|14","|","|move|p2a: Jirachi|Zen Headbutt|p1a: Keldeo-Resolute","|-supereffective|p1a: Keldeo-Resolute","|-damage|p1a: Keldeo-Resolute|37/323","|move|p1a: Keldeo-Resolute|Scald|p2a: Jirachi","|-damage|p2a: Jirachi|148/341","|-status|p2a: Jirachi|brn","|","|-damage|p2a: Jirachi|106/341 brn|[from] brn","|turn|15","|","|move|p2a: Jirachi|Zen Headbutt|p1a: Keldeo-Resolute","|-supereffective|p1a: Keldeo-Resolute","|-damage|p1a: Keldeo-Resolute|0 fnt","|faint|p1a: Keldeo-Resolute","|","|-damage|p2a: Jirachi|64/341 brn|[from] brn","|","|switch|p1a: Gyarados|Gyarados, F|334/334","|-damage|p1a: Gyarados|251/334|[from] Stealth Rock","|turn|16","|","|move|p2a: Jirachi|Zen Headbutt|p1a: Gyarados","|-crit|p1a: Gyarados","|-damage|p1a: Gyarados|146/334","|cant|p1a: Gyarados|flinch","|","|-damage|p2a: Jirachi|22/341 brn|[from] brn","|turn|17","|","|move|p2a: Jirachi|Zen Headbutt|p1a: Gyarados","|-damage|p1a: Gyarados|78/334","|move|p1a: Gyarados|Earthquake|p2a: Jirachi","|-supereffective|p2a: Jirachi","|-damage|p2a: Jirachi|0 fnt","|faint|p2a: Jirachi","|-boost|p1a: Gyarados|atk|1|[from] ability: Moxie","|","|","|switch|p2a: Skarmory|Skarmory, M|145/271","|turn|18","|","|switch|p1a: Azumarill|Azumarill, M|364/364","|-damage|p1a: Azumarill|319/364|[from] Stealth Rock","|move|p2a: Skarmory|Roost|p2a: Skarmory","|-heal|p2a: Skarmory|271/271","|","|turn|19","|","|move|p2a: Skarmory|Brave Bird|p1a: Azumarill","|-damage|p1a: Azumarill|139/364","|-damage|p2a: Skarmory|212/271|[from] recoil|[of] p1a: Azumarill","|-enditem|p1a: Azumarill|Sitrus Berry|[eat]","|-heal|p1a: Azumarill|230/364|[from] item: Sitrus Berry","|move|p1a: Azumarill|Belly Drum|p1a: Azumarill","|-damage|p1a: Azumarill|48/364","|-setboost|p1a: Azumarill|atk|6|[from] move: Belly Drum","|","|turn|20","|","|move|p1a: Azumarill|Aqua Jet|p2a: Skarmory","|-damage|p2a: Skarmory|85/271","|-damage|p1a: Azumarill|0 fnt|[from] item: Rocky Helmet|[of] p2a: Skarmory","|faint|p1a: Azumarill","|move|p2a: Skarmory|Roost|p2a: Skarmory","|-heal|p2a: Skarmory|221/271","|","|","|switch|p1a: Swampert|Swampert-Mega, F|226/341","|-damage|p1a: Swampert|205/341|[from] Stealth Rock","|turn|21","|","|move|p1a: Swampert|Waterfall|p2a: Skarmory","|-damage|p2a: Skarmory|92/271","|-damage|p1a: Swampert|149/341|[from] item: Rocky Helmet|[of] p2a: Skarmory","|move|p2a: Skarmory|Brave Bird|p1a: Swampert","|-damage|p1a: Swampert|0 fnt","|-damage|p2a: Skarmory|43/271|[from] recoil|[of] p1a: Swampert","|faint|p1a: Swampert","|","|","|switch|p1a: Gyarados|Gyarados, F|78/334","|-damage|p1a: Gyarados|0 fnt|[from] Stealth Rock","|faint|p1a: Gyarados","|","|win|SL Espeon"],"p1rating":{"entryid":"10847","serverid":"eos","formatid":"monotype","userid":"gtxcool","username":"GTX♅Cool","w":"11","l":31,"t":"0","gxe":30.7,"r":"1372.116351552","rd":"58.868218340858","sigma":"0","rptime":"1440061200","rpr":1344.5598441436,"rprd":55.940285336294,"rpsigma":"0","acre":1000,"lacre":1000,"oldacre":"1011.6011492124"},"p2rating":{"entryid":"208929","serverid":"eos","formatid":"monotype","userid":"slespeon","username":"SL Espeon","w":1,"l":"2","t":"0","gxe":46,"r":"1500","rd":"130","sigma":"0","rptime":"1440061200","rpr":1467.9408934727,"rprd":111.81542827055,"rpsigma":"0","acre":1041.3351354979,"lacre":1041.3351354979,"oldacre":"1000"},"endType":"normal"}