{"seed":[12479,46855,22590,54406],"turns":30,"p1":"Union Enthalpy","p2":"Seven Swell","p1team":[{"name":"Cobalion","species":"Cobalion","item":"leftovers","ability":"Justified","moves":["taunt","thunderwave","stealthrock","ironhead"],"nature":"Jolly","evs":{"hp":252,"atk":0,"def":52,"spa":0,"spd":0,"spe":204},"ivs":{"hp":31,"atk":31,"def":31,"spa":31,"spd":31,"spe":31}},{"name":"Gallade","species":"Gallade","item":"galladite","ability":"Steadfast","moves":["swordsdance","drainpunch","shadowsneak","icepunch"],"nature":"Adamant","evs":{"hp":0,"atk":196,"def":0,"spa":0,"spd":252,"spe":60},"ivs":{"hp":31,"atk":31,"def":31,"spa":31,"spd":31,"spe":31}},{"name":"Keldeo","species":"Keldeo","item":"leftovers","ability":"Justified","moves":["scald","secretsword","calmmind","icywind"],"nature":"Modest","evs":{"hp":36,"atk":0,"def":0,"spa":220,"spd":0,"spe":252},"ivs":{"hp":31,"atk":31,"def":31,"spa":31,"spd":31,"spe":31}},{"name":"Heracross","species":"Heracross","item":"choicescarf","ability":"Moxie","moves":["closecombat","megahorn","knockoff","stoneedge"],"nature":"Adamant","evs":{"hp":4,"atk":252,"def":0,"spa":0,"spd":0,"spe":252},"ivs":{"hp":31,"atk":31,"def":31,"spa":31,"spd":31,"spe":31}},{"name":"Hawlucha","species":"Hawlucha","item":"powerherb","ability":"Unburden","moves":["acrobatics","skyattack","highjumpkick","swordsdance"],"nature":"Adamant","evs":{"hp":4,"atk":252,"def":0,"spa":0,"spd":0,"spe":252},"ivs":{"hp":31,"atk":30,"def":30,"spa":31,"spd":30,"spe":31}},{"name":"Scrafty","species":"Scrafty","item":"leftovers","ability":"Shed Skin","moves":["bulkup","drainpunch","crunch","rest"],"nature":"Careful","evs":{"hp":252,"atk":4,"def":0,"spa":0,"spd":252,"spe":0},"ivs":{"hp":31,"atk":31,"def":31,"spa":31,"spd":31,"spe":31}}],"p2team":[{"name":"Mew","species":"Mew","item":"leftovers","ability":"Synchronize","moves":["roost","toxic","healbell","aurasphere"],"nature":"Calm","evs":{"hp":252,"atk":0,"def":0,"spa":4,"spd":252,"spe":0},"ivs":{"hp":31,"atk":0,"def":31,"spa":31,"spd":31,"spe":31}},{"name":"Slowbro","species":"Slowbro","item":"rockyhelmet","ability":"Regenerator","moves":["scald","yawn","flamethrower","slackoff"],"nature":"Bold","evs":{"hp":252,"atk":0,"def":252,"spa":4,"spd":0,"spe":0},"ivs":{"hp":31,"atk":0,"def":31,"spa":31,"spd":31,"spe":31}},{"name":"Deoxys-Speed","species":"Deoxys-Speed","item":"focussash","ability":"Pressure","moves":["stealthrock","thunderbolt","thunderwave","icebeam"],"nature":"Timid","evs":{"hp":252,"atk":0,"def":0,"spa":44,"spd":0,"spe":212},"ivs":{"hp":31,"atk":0,"def":31,"spa":31,"spd":31,"spe":31}},{"name":"Latias","species":"Latias","item":"leftovers","ability":"Levitate","moves":["dracometeor","psyshock","roost","defog"],"nature":"Timid","evs":{"hp":252,"atk":0,"def":0,"spa":4,"spd":0,"spe":252},"ivs":{"hp":31,"atk":0,"def":31,"spa":31,"spd":31,"spe":31}},{"name":"Hoopa-Unbound","species":"Hoopa-Unbound","item":"focussash","ability":"Magician","moves":["hyperspacefury","drainpunch","firepunch","gunkshot"],"nature":"Adamant","evs":{"hp":0,"atk":252,"def":0,"spa":0,"spd":4,"spe":252},"ivs":{"hp":31,"atk":31,"def":31,"spa":31,"spd":31,"spe":31}},{"name":"Gardevoir","species":"Gardevoir","item":"gardevoirite","ability":"Trace","moves":["hypervoice","psyshock","shadowball","taunt"],"nature":"Timid","evs":{"hp":0,"atk":0,"def":0,"spa":252,"spd":4,"spe":252},"ivs":{"hp":31,"atk":0,"def":31,"spa":31,"spd":31,"spe":31}}],"log":["|player|p1|Union Enthalpy|124","|player|p2|Seven Swell|sevenswell.png","|gametype|singles","|gen|6","|tier|Monotype","|rated","|rule|Baton Pass Clause: Limit one Baton Passer, can't pass Spe and other stats simultaneously","|rule|Swagger Clause: Swagger is banned","|rule|Same Type Clause: Pokémon in a team must share a type","|clearpoke","|poke|p1|Cobalion","|poke|p1|Gallade, M","|poke|p1|Keldeo","|poke|p1|Heracross, F","|poke|p1|Hawlucha, M","|poke|p1|Scrafty, M","|poke|p2|Mew","|poke|p2|Slowbro, F","|poke|p2|Deoxys-Speed","|poke|p2|Latias, F","|poke|p2|Hoopa-Unbound","|poke|p2|Gardevoir, F","|rule|Sleep Clause Mod: Limit one foe put to sleep","|rule|Species Clause: Limit one of each Pokémon","|rule|OHKO Clause: OHKO moves are banned","|rule|Moody Clause: Moody is banned","|rule|Evasion Moves Clause: Evasion moves are banned","|rule|Endless Battle Clause: Forcing endless battles is banned","|rule|HP Percentage Mod: HP is shown in percentages","|teampreview","|","|start","|switch|p1a: Scrafty|Scrafty, M|334/334","|switch|p2a: Hoopa-Unbound|Hoopa-Unbound|301/301","|turn|1","|","|move|p2a: Hoopa-Unbound|Drain Punch|p1a: Scrafty","|-supereffective|p1a: Scrafty","|-damage|p1a: Scrafty|148/334","|move|p1a: Scrafty|Bulk Up|p1a: Scrafty","|-boost|p1a: Scrafty|atk|1","|-boost|p1a: Scrafty|def|1","|","|-heal|p1a: Scrafty|168/334|[from] item: Leftovers","|turn|2","|","|move|p2a: Hoopa-Unbound|Drain Punch|p1a: Scrafty","|-supereffective|p1a: Scrafty","|-damage|p1a: Scrafty|20/334","|move|p1a: Scrafty|Rest|p1a: Scrafty","|-status|p1a: Scrafty|slp","|-heal|p1a: Scrafty|334/334 slp|[silent]","|-status|p1a: Scrafty|slp|[from] move: Rest","|","|turn|3","|","|move|p2a: Hoopa-Unbound|Drain Punch|p1a: Scrafty","|-crit|p1a: Scrafty","|-supereffective|p1a: Scrafty","|-damage|p1a: Scrafty|44/334 slp","|cant|p1a: Scrafty|slp","|","|-heal|p1a: Scrafty|64/334 slp|[from] item: Leftovers","|turn|4","|","|move|p2a: Hoopa-Unbound|Drain Punch|p1a: Scrafty","|-supereffective|p1a: Scrafty","|-damage|p1a: Scrafty|0 fnt","|faint|p1a: Scrafty","|","|","|switch|p1a: Heracross|Heracross, F|302/302","|turn|5","|","|move|p1a: Heracross|Megahorn|p2a: Hoopa-Unbound","|-supereffective|p2a: Hoopa-Unbound","|-enditem|p2a: Hoopa-Unbound|Focus Sash","|-damage|p2a: Hoopa-Unbound|1/301","|move|p2a: Hoopa-Unbound|Fire Punch|p1a: Heracross","|-supereffective|p1a: Heracross","|-damage|p1a: Heracross|8/302","|-item|p2a: Hoopa-Unbound|Choice Scarf|[from] ability: Magician|[of] p1a: Heracross","|","|turn|6","|","|move|p2a: Hoopa-Unbound|Drain Punch|p1a: Heracross","|-crit|p1a: Heracross","|-resisted|p1a: Heracross","|-damage|p1a: Heracross|0 fnt","|-heal|p2a: Hoopa-Unbound|5/301|[from] drain|[of] p1a: Heracross","|faint|p1a: Heracross","|","|","|switch|p1a: Gallade|Gallade, M|277/277","|turn|7","|","|switch|p2a: Slowbro|Slowbro, F|394/394","|detailschange|p1a: Gallade|Gallade-Mega, M","|-mega|p1a: Gallade|Gallade|Galladite","|move|p1a: Gallade|Shadow Sneak|p2a: Slowbro","|-supereffective|p2a: Slowbro","|-damage|p2a: Slowbro|312/394","|-damage|p1a: Gallade|231/277|[from] item: Rocky Helmet|[of] p2a: Slowbro","|","|turn|8","|","|move|p1a: Gallade|Swords Dance|p1a: Gallade","|-boost|p1a: Gallade|atk|2","|move|p2a: Slowbro|Scald|p1a: Gallade","|-damage|p1a: Gallade|162/277","|-status|p1a: Gallade|brn","|","|-damage|p1a: Gallade|128/277 brn|[from] brn","|turn|9","|","|move|p1a: Gallade|Swords Dance|p1a: Gallade","|-boost|p1a: Gallade|atk|2","|move|p2a: Slowbro|Slack Off|p2a: Slowbro","|-heal|p2a: Slowbro|394/394","|","|-damage|p1a: Gallade|94/277 brn|[from] brn","|turn|10","|","|switch|p2a: Deoxys-Speed|Deoxys-Speed|304/304","|-ability|p2a: Deoxys-Speed|Pressure","|move|p1a: Gallade|Drain Punch|p2a: Deoxys-Speed","|-resisted|p2a: Deoxys-Speed","|-damage|p2a: Deoxys-Speed|174/304","|-heal|p1a: Gallade|159/277 brn|[from] drain|[of] p2a: Deoxys-Speed","|","|-damage|p1a: Gallade|125/277 brn|[from] brn","|turn|11","|","|switch|p2a: Slowbro|Slowbro, F|394/394","|move|p1a: Gallade|Shadow Sneak|p2a: Slowbro","|-crit|p2a: Slowbro","|-supereffective|p2a: Slowbro","|-damage|p2a: Slowbro|211/394","|-damage|p1a: Gallade|79/277 brn|[from] item: Rocky Helmet|[of] p2a: Slowbro","|","|-damage|p1a: Gallade|45/277 brn|[from] brn","|turn|12","|","|move|p1a: Gallade|Shadow Sneak|p2a: Slowbro","|-supereffective|p2a: Slowbro","|-damage|p2a: Slowbro|80/394","|-damage|p1a: Gallade|0 fnt|[from] item: Rocky Helmet|[of] p2a: Slowbro","|faint|p1a: Gallade","|move|p2a: Slowbro|Slack Off|p2a: Slowbro","|-heal|p2a: Slowbro|277/394","|","|","|switch|p1a: Keldeo|Keldeo|332/332","|turn|13","|","|move|p1a: Keldeo|Calm Mind|p1a: Keldeo","|-boost|p1a: Keldeo|spa|1","|-boost|p1a: Keldeo|spd|1","|move|p2a: Slowbro|Slack Off|p2a: Slowbro","|-heal|p2a: Slowbro|394/394","|","|turn|14","|","|move|p1a: Keldeo|Calm Mind|p1a: Keldeo","|-boost|p1a: Keldeo|spa|1","|-boost|p1a: Keldeo|spd|1","|move|p2a: Slowbro|Yawn|p1a: Keldeo","|-start|p1a: Keldeo|move: Yawn|[of] p2a: Slowbro","|","|turn|15","|","|switch|p1a: Cobalion|Cobalion|386/386","|switch|p2a: Deoxys-Speed|Deoxys-Speed|174/304","|-ability|p2a: Deoxys-Speed|Pressure","|","|turn|16","|","|move|p2a: Deoxys-Speed|Thunder Wave|p1a: Cobalion","|-status|p1a: Cobalion|par","|move|p1a: Cobalion|Thunder Wave|p2a: Deoxys-Speed","|-status|p2a: Deoxys-Speed|par","|","|turn|17","|","|move|p2a: Deoxys-Speed|Stealth Rock|p1a: Cobalion","|-sidestart|p1: Union Enthalpy|move: Stealth Rock","|move|p1a: Cobalion|Stealth Rock|p2a: Deoxys-Speed","|-sidestart|p2: Seven Swell|move: Stealth Rock","|","|turn|18","|","|switch|p2a: Mew|Mew|404/404","|-damage|p2a: Mew|354/404|[from] Stealth Rock","|move|p1a: Cobalion|Iron Head|p2a: Mew","|-damage|p2a: Mew|263/404","|","|-heal|p2a: Mew|288/404|[from] item: Leftovers","|turn|19","|","|move|p2a: Mew|Aura Sphere|p1a: Cobalion","|-supereffective|p1a: Cobalion","|-damage|p1a: Cobalion|228/386 par","|move|p1a: Cobalion|Taunt|p2a: Mew","|-start|p2a: Mew|move: Taunt","|","|-heal|p2a: Mew|313/404|[from] item: Leftovers","|-heal|p1a: Cobalion|252/386 par|[from] item: Leftovers","|turn|20","|","|move|p2a: Mew|Aura Sphere|p1a: Cobalion","|-supereffective|p1a: Cobalion","|-damage|p1a: Cobalion|98/386 par","|move|p1a: Cobalion|Thunder Wave|p2a: Mew","|-status|p2a: Mew|par","|","|-heal|p1a: Cobalion|122/386 par|[from] item: Leftovers","|-heal|p2a: Mew|338/404 par|[from] item: Leftovers","|turn|21","|","|cant|p1a: Cobalion|par","|move|p2a: Mew|Aura Sphere|p1a: Cobalion","|-supereffective|p1a: Cobalion","|-damage|p1a: Cobalion|0 fnt","|faint|p1a: Cobalion","|","|-heal|p2a: Mew|363/404 par|[from] item: Leftovers","|","|switch|p1a: Hawlucha|Hawlucha, M|298/298","|-damage|p1a: Hawlucha|261/298|[from] Stealth Rock","|turn|22","|","|switch|p2a: Hoopa-Unbound|Hoopa-Unbound|5/301","|-damage|p2a: Hoopa-Unbound|0 fnt|[from] Stealth Rock","|faint|p2a: Hoopa-Unbound","|move|p1a: Hawlucha|Sky Attack|p2: Hoopa-Unbound|[still]|[notarget]","|-notarget","|","|","|switch|p2a: Slowbro|Slowbro, F|394/394","|-damage|p2a: Slowbro|345/394|[from] Stealth Rock","|turn|23","|","|move|p1a: Hawlucha|Swords Dance|p1a: Hawlucha","|-boost|p1a: Hawlucha|atk|2","|move|p2a: Slowbro|Yawn|p1a: Hawlucha","|-start|p1a: Hawlucha|move: Yawn|[of] p2a: Slowbro","|","|turn|24","|","|switch|p2a: Mew|Mew|363/404 par","|-damage|p2a: Mew|313/404 par|[from] Stealth Rock","|move|p1a: Hawlucha|Acrobatics|p2a: Mew","|-damage|p2a: Mew|132/404 par","|","|-end|p1a: Hawlucha|move: Yawn|[silent]","|-status|p1a: Hawlucha|slp","|-heal|p2a: Mew|157/404 par|[from] item: Leftovers","|turn|25","|","|cant|p1a: Hawlucha|slp","|move|p2a: Mew|Heal Bell|p2a: Mew","|-cureteam|p2a: Mew|[from] move: HealBell","|","|-heal|p2a: Mew|182/404|[from] item: Leftovers","|turn|26","|","|-curestatus|p1a: Hawlucha|slp","|move|p1a: Hawlucha|Acrobatics|p2a: Mew","|-damage|p2a: Mew|2/404","|move|p2a: Mew|Roost|p2a: Mew","|-heal|p2a: Mew|204/404","|","|-heal|p2a: Mew|229/404|[from] item: Leftovers","|turn|27","|","|switch|p2a: Deoxys-Speed|Deoxys-Speed|174/304","|-damage|p2a: Deoxys-Speed|136/304|[from] Stealth Rock","|-ability|p2a: Deoxys-Speed|Pressure","|move|p1a: Hawlucha|Swords Dance|p1a: Hawlucha","|-boost|p1a: Hawlucha|atk|2","|","|turn|28","|","|move|p2a: Deoxys-Speed|Thunder Wave|p1a: Hawlucha","|-status|p1a: Hawlucha|par","|move|p1a: Hawlucha|Acrobatics|p2a: Deoxys-Speed","|-damage|p2a: Deoxys-Speed|0 fnt","|faint|p2a: Deoxys-Speed","|","|","|switch|p2a: Gardevoir|Gardevoir, F|277/277","|-damage|p2a: Gardevoir|243/277|[from] Stealth Rock","|-ability|p2a: Gardevoir|Unburden|[from] ability: Trace|[of] p1a: Hawlucha","|turn|29","|","|detailschange|p2a: Gardevoir|Gardevoir-Mega, F","|-mega|p2a: Gardevoir|Gardevoir|Gardevoirite","|move|p2a: Gardevoir|Hyper Voice|p1a: Hawlucha","|-supereffective|p1a: Hawlucha","|-damage|p1a: Hawlucha|0 fnt","|faint|p1a: Hawlucha","|","|","|switch|p1a: Keldeo|Keldeo|332/332","|-damage|p1a: Keldeo|312/332|[from] Stealth Rock","|turn|30","|","|move|p2a: Gardevoir|Hyper Voice|p1a: Keldeo","|-supereffective|p1a: Keldeo","|-damage|p1a: Keldeo|0 fnt","|faint|p1a: Keldeo","|","|win|Seven Swell"],"p1rating":{"entryid":"207652","serverid":"eos","formatid":"monotype","userid":"unionenthalpy","username":"Union Enthalpy","w":"1","l":2,"t":"0","gxe":45.6,"r":"1500","rd":"130","sigma":"0","rptime":"1440061200","rpr":1465.3045424694,"rprd":112.21088101726,"rpsigma":"0","acre":1029.0463971991,"lacre":1029.0463971991,"oldacre":"1040"},"p2rating":{"entryid":"86214","serverid":"eos","formatid":"monotype","userid":"sevenswell","username":"Seven Swell","w":20,"l":"7","t":"0","gxe":67.1,"r":"1657.3392056267","rd":"80.221831851584","sigma":"0","rptime":"1440061200","rpr":1635.9900316443,"rprd":65.162894305787,"rpsigma":"0","acre":1170.5633139245,"lacre":1170.5633139245,"oldacre":"1153.448309548"},"endType":"normal"}