{"seed":[36563,49395,43237,46993],"turns":18,"p1":"Guard Wanderer","p2":"Crystal Mafetan","p1team":[{"name":"Toxitoad","species":"toxicroak","item":"blacksludge","ability":"Dry Skin","moves":["bulkup","drainpunch","gunkshot","suckerpunch"],"nature":"Adamant","evs":{"hp":252,"atk":252,"def":0,"spa":0,"spd":4,"spe":0},"ivs":{"hp":31,"atk":31,"def":31,"spa":31,"spd":31,"spe":31}},{"name":"Tentarude","species":"tentacruel","item":"assaultvest","ability":"Liquid Ooze","moves":["scald","acidspray","gigadrain","hex"],"nature":"Timid","evs":{"hp":4,"atk":0,"def":0,"spa":252,"spd":0,"spe":252},"ivs":{"hp":31,"atk":31,"def":31,"spa":31,"spd":31,"spe":31}},{"name":"Asthma","species":"weezing","item":"sitrusberry","ability":"Levitate","moves":["raindance","willowisp","thief","toxicspikes"],"nature":"Careful","evs":{"hp":248,"atk":8,"def":0,"spa":0,"spd":252,"spe":0},"ivs":{"hp":31,"atk":31,"def":31,"spa":31,"spd":31,"spe":31}},{"name":"Sal","species":"gengar","item":"choicescarf","ability":"Levitate","moves":["hex","venoshock","trick","destinybond"],"nature":"Timid","evs":{"hp":4,"atk":0,"def":0,"spa":252,"spd":0,"spe":252},"ivs":{"hp":31,"atk":30,"def":30,"spa":31,"spd":31,"spe":31}},{"name":"Slowbat","species":"crobat","item":"whiteherb","ability":"Infiltrator","moves":["curse","acrobatics","roost","hypnosis"],"nature":"Jolly","evs":{"hp":252,"atk":4,"def":0,"spa":0,"spd":0,"spe":252},"ivs":{"hp":31,"atk":31,"def":31,"spa":31,"spd":31,"spe":31}},{"name":"Skuntank","species":"Skuntank","item":"rowapberry","ability":"Aftermath","moves":["snatch","poisonjab","suckerpunch","raindance"],"nature":"Adamant","evs":{"hp":248,"atk":252,"def":0,"spa":0,"spd":8,"spe":0},"ivs":{"hp":31,"atk":31,"def":31,"spa":31,"spd":31,"spe":31}}],"p2team":[{"name":"Snuffaluffagus","species":"mamoswine","item":"leftovers","ability":"Snow Cloak","moves":["earthquake","ironhead","stealthrock","attract"],"nature":"Jolly","evs":{"hp":252,"atk":128,"def":0,"spa":0,"spd":0,"spe":128},"gender":"F","ivs":{"hp":31,"atk":31,"def":31,"spa":31,"spd":31,"spe":31}},{"name":"Snow Peas","species":"abomasnow","item":"abomasite","ability":"Snow Warning","moves":["leechseed","toxic","gigadrain","icebeam"],"nature":"Modest","evs":{"hp":200,"atk":0,"def":0,"spa":108,"spd":200,"spe":0},"gender":"M","shiny":true,"ivs":{"hp":31,"atk":31,"def":31,"spa":31,"spd":31,"spe":31}},{"name":"Watermelon","species":"rotomfrost","item":"leftovers","ability":"Levitate","moves":["voltswitch","willowisp","painsplit","blizzard"],"nature":"Modest","evs":{"hp":248,"atk":0,"def":0,"spa":8,"spd":252,"spe":0},"shiny":true,"ivs":{"hp":31,"atk":31,"def":31,"spa":31,"spd":31,"spe":31}},{"name":"Clitoris","species":"cloyster","item":"focussash","ability":"Skill Link","moves":["shellsmash","rockblast","iciclespear","razorshell"],"nature":"Jolly","evs":{"hp":0,"atk":252,"def":0,"spa":0,"spd":0,"spe":252},"gender":"F","ivs":{"hp":31,"atk":31,"def":31,"spa":31,"spd":31,"spe":31}},{"name":"PopGoesTheWeasel","species":"weavile","item":"leftovers","ability":"Pressure","moves":["fakeout","knockoff","icepunch","poweruppunch"],"nature":"Adamant","evs":{"hp":0,"atk":252,"def":0,"spa":0,"spd":4,"spe":252},"gender":"M","shiny":true,"ivs":{"hp":31,"atk":31,"def":31,"spa":31,"spd":31,"spe":31}},{"name":"Frostbite","species":"glaceon","item":"leftovers","ability":"Ice Body","moves":["healbell","wish","shadowball","signalbeam"],"nature":"Modest","evs":{"hp":248,"atk":0,"def":252,"spa":8,"spd":0,"spe":0},"gender":"F","shiny":true,"ivs":{"hp":31,"atk":31,"def":31,"spa":31,"spd":31,"spe":31}}],"log":["|player|p1|Guard Wanderer|235","|player|p2|Crystal Mafetan|199","|gametype|singles","|gen|6","|tier|Monotype","|rated","|rule|Baton Pass Clause: Limit one Baton Passer, can't pass Spe and other stats simultaneously","|rule|Swagger Clause: Swagger is banned","|rule|Same Type Clause: Pokémon in a team must share a type","|clearpoke","|poke|p1|Toxicroak, F","|poke|p1|Tentacruel, F","|poke|p1|Weezing, F","|poke|p1|Gengar, M","|poke|p1|Crobat, M","|poke|p1|Skuntank, M","|poke|p2|Mamoswine, F","|poke|p2|Abomasnow, M, shiny","|poke|p2|Rotom-Frost, shiny","|poke|p2|Cloyster, F","|poke|p2|Weavile, M, shiny","|poke|p2|Glaceon, F, shiny","|rule|Sleep Clause Mod: Limit one foe put to sleep","|rule|Species Clause: Limit one of each Pokémon","|rule|OHKO Clause: OHKO moves are banned","|rule|Moody Clause: Moody is banned","|rule|Evasion Moves Clause: Evasion moves are banned","|rule|Endless Battle Clause: Forcing endless battles is banned","|rule|HP Percentage Mod: HP is shown in percentages","|teampreview","|","|start","|switch|p1a: Asthma|Weezing, F|333/333","|switch|p2a: Snuffaluffagus|Mamoswine, F|424/424","|turn|1","|","|move|p2a: Snuffaluffagus|Stealth Rock|p1a: Asthma","|-sidestart|p1: Guard Wanderer|move: Stealth Rock","|move|p1a: Asthma|Will-O-Wisp|p2a: Snuffaluffagus|[miss]","|-miss|p1a: Asthma|p2a: Snuffaluffagus","|","|turn|2","|","|switch|p2a: Frostbite|Glaceon, F, shiny|333/333","|move|p1a: Asthma|Will-O-Wisp|p2a: Frostbite","|-status|p2a: Frostbite|brn","|","|-damage|p2a: Frostbite|292/333 brn|[from] brn","|turn|3","|","|move|p2a: Frostbite|Heal Bell|p2a: Frostbite","|-cureteam|p2a: Frostbite|[from] move: HealBell","|move|p1a: Asthma|Toxic Spikes|p2a: Frostbite","|-sidestart|p2: Crystal Mafetan|move: Toxic Spikes","|","|-heal|p2a: Frostbite|312/333|[from] item: Leftovers","|turn|4","|","|move|p2a: Frostbite|Wish|p2a: Frostbite","|move|p1a: Asthma|Toxic Spikes|p2a: Frostbite","|-sidestart|p2: Crystal Mafetan|move: Toxic Spikes","|","|-heal|p2a: Frostbite|332/333|[from] item: Leftovers","|turn|5","|","|move|p2a: Frostbite|Shadow Ball|p1a: Asthma","|-damage|p1a: Asthma|250/333","|move|p1a: Asthma|Will-O-Wisp|p2a: Frostbite","|-status|p2a: Frostbite|brn","|","|-heal|p2a: Frostbite|333/333 brn|[from] move: Wish|[wisher] Frostbite","|-damage|p2a: Frostbite|292/333 brn|[from] brn","|turn|6","|","|switch|p1a: Skuntank|Skuntank, M|409/409","|-damage|p1a: Skuntank|358/409|[from] Stealth Rock","|move|p2a: Frostbite|Shadow Ball|p1a: Skuntank","|-resisted|p1a: Skuntank","|-damage|p1a: Skuntank|295/409","|-unboost|p1a: Skuntank|spd|1","|-enditem|p1a: Skuntank|Rowap Berry|[eat]","|-damage|p2a: Frostbite|251/333 brn|[from] item: Rowap Berry|[of] p1a: Skuntank","|","|-heal|p2a: Frostbite|271/333 brn|[from] item: Leftovers","|-damage|p2a: Frostbite|230/333 brn|[from] brn","|turn|7","|","|move|p1a: Skuntank|Snatch|p1a: Skuntank","|-singleturn|p1a: Skuntank|Snatch","|move|p2a: Frostbite|Heal Bell|p2a: Frostbite","|-activate|p1a: Skuntank|Snatch|[of] p2a: Frostbite","|move|p1a: Skuntank|Heal Bell|p1a: Skuntank|[from]Snatch","|-cureteam|p1a: Skuntank|[from] move: HealBell","|","|-heal|p2a: Frostbite|250/333 brn|[from] item: Leftovers","|-damage|p2a: Frostbite|209/333 brn|[from] brn","|turn|8","|","|move|p1a: Skuntank|Snatch|p1a: Skuntank","|-singleturn|p1a: Skuntank|Snatch","|move|p2a: Frostbite|Heal Bell|p2a: Frostbite","|-activate|p1a: Skuntank|Snatch|[of] p2a: Frostbite","|move|p1a: Skuntank|Heal Bell|p1a: Skuntank|[from]Snatch","|-cureteam|p1a: Skuntank|[from] move: HealBell","|","|-heal|p2a: Frostbite|229/333 brn|[from] item: Leftovers","|-damage|p2a: Frostbite|188/333 brn|[from] brn","|turn|9","|","|move|p1a: Skuntank|Poison Jab|p2a: Frostbite","|-damage|p2a: Frostbite|91/333 brn","|move|p2a: Frostbite|Wish|p2a: Frostbite","|","|-heal|p2a: Frostbite|111/333 brn|[from] item: Leftovers","|-damage|p2a: Frostbite|70/333 brn|[from] brn","|turn|10","|","|move|p1a: Skuntank|Snatch|p1a: Skuntank","|-singleturn|p1a: Skuntank|Snatch","|move|p2a: Frostbite|Signal Beam|p1a: Skuntank","|-damage|p1a: Skuntank|111/409","|","|-heal|p2a: Frostbite|236/333 brn|[from] move: Wish|[wisher] Frostbite","|-heal|p2a: Frostbite|256/333 brn|[from] item: Leftovers","|-damage|p2a: Frostbite|215/333 brn|[from] brn","|turn|11","|","|switch|p1a: Asthma|Weezing, F|250/333","|-damage|p1a: Asthma|209/333|[from] Stealth Rock","|move|p2a: Frostbite|Wish|p2a: Frostbite","|","|-heal|p2a: Frostbite|235/333 brn|[from] item: Leftovers","|-damage|p2a: Frostbite|194/333 brn|[from] brn","|turn|12","|","|move|p2a: Frostbite|Heal Bell|p2a: Frostbite","|-cureteam|p2a: Frostbite|[from] move: HealBell","|move|p1a: Asthma|Rain Dance|p1a: Asthma","|-weather|RainDance","|","|-weather|RainDance|[upkeep]","|-heal|p2a: Frostbite|333/333|[from] move: Wish|[wisher] Frostbite","|turn|13","|","|switch|p1a: Toxitoad|Toxicroak, F|370/370","|-damage|p1a: Toxitoad|347/370|[from] Stealth Rock","|move|p2a: Frostbite|Shadow Ball|p1a: Toxitoad","|-damage|p1a: Toxitoad|232/370","|","|-weather|RainDance|[upkeep]","|-heal|p1a: Toxitoad|278/370|[from] ability: Dry Skin","|-heal|p1a: Toxitoad|301/370|[from] item: Black Sludge","|turn|14","|","|move|p1a: Toxitoad|Bulk Up|p1a: Toxitoad","|-boost|p1a: Toxitoad|atk|1","|-boost|p1a: Toxitoad|def|1","|move|p2a: Frostbite|Shadow Ball|p1a: Toxitoad","|-damage|p1a: Toxitoad|184/370","|","|-weather|RainDance|[upkeep]","|-heal|p1a: Toxitoad|230/370|[from] ability: Dry Skin","|-heal|p1a: Toxitoad|253/370|[from] item: Black Sludge","|turn|15","|","|move|p1a: Toxitoad|Drain Punch|p2a: Frostbite","|-supereffective|p2a: Frostbite","|-damage|p2a: Frostbite|69/333","|-heal|p1a: Toxitoad|370/370|[from] drain|[of] p2a: Frostbite","|move|p2a: Frostbite|Shadow Ball|p1a: Toxitoad","|-damage|p1a: Toxitoad|255/370","|","|-weather|RainDance|[upkeep]","|-heal|p1a: Toxitoad|301/370|[from] ability: Dry Skin","|-heal|p1a: Toxitoad|324/370|[from] item: Black Sludge","|-heal|p2a: Frostbite|89/333|[from] item: Leftovers","|turn|16","|","|switch|p2a: Snow Peas|Abomasnow, M, shiny|371/371","|-status|p2a: Snow Peas|tox","|-weather|Hail","|move|p1a: Toxitoad|Bulk Up|p1a: Toxitoad","|-boost|p1a: Toxitoad|atk|1","|-boost|p1a: Toxitoad|def|1","|","|-weather|Hail|[upkeep]","|-damage|p1a: Toxitoad|301/370|[from] hail","|-heal|p1a: Toxitoad|324/370|[from] item: Black Sludge","|-damage|p2a: Snow Peas|348/371 tox|[from] psn","|turn|17","|","|detailschange|p2a: Snow Peas|Abomasnow-Mega, M, shiny","|-mega|p2a: Snow Peas|Abomasnow|Abomasite","|move|p1a: Toxitoad|Drain Punch|p2a: Snow Peas","|-supereffective|p2a: Snow Peas","|-damage|p2a: Snow Peas|0 fnt","|-heal|p1a: Toxitoad|370/370|[from] drain|[of] p2a: Snow Peas","|faint|p2a: Snow Peas","|","|-weather|Hail|[upkeep]","|-damage|p1a: Toxitoad|347/370|[from] hail","|-heal|p1a: Toxitoad|370/370|[from] item: Black Sludge","|","|switch|p2a: Snuffaluffagus|Mamoswine, F|424/424","|-status|p2a: Snuffaluffagus|tox","|turn|18","|","|move|p2a: Snuffaluffagus|Attract|p1a: Toxitoad","|-fail|p1a: Toxitoad","|move|p1a: Toxitoad|Drain Punch|p2a: Snuffaluffagus","|-supereffective|p2a: Snuffaluffagus","|-damage|p2a: Snuffaluffagus|0 fnt","|faint|p2a: Snuffaluffagus","|","|-weather|Hail|[upkeep]","|-damage|p1a: Toxitoad|347/370|[from] hail","|-heal|p1a: Toxitoad|370/370|[from] item: Black Sludge","|","|win|Guard Wanderer"],"p1rating":{"entryid":"9966","serverid":"eos","formatid":"monotype","userid":"guardwanderer","username":"Guard Wanderer","w":4,"l":"3","t":"0","gxe":53.2,"r":"1471.8648307231","rd":"103.04877570292","sigma":"0","rptime":"1439974800","rpr":1524.6959176714,"rprd":96.114006723344,"rpsigma":"0","acre":1106.382697342,"lacre":1106.382697342,"oldacre":"1085.8240614287"},"p2rating":{"entryid":171443,"formatid":"monotype","userid":"crystalmafetan","username":"Crystal Mafetan","r":1500,"rd":130,"sigma":0,"rpr":1455.7763856384,"rprd":122.52547185587,"rpsigma":0,"rptime":1439974800,"w":0,"l":1,"t":0,"gxe":44.5,"acre":1000,"lacre":1000,"oldacre":1000},"endType":"forfeit"}