{"seed":[7534,43297,17589,27325],"turns":31,"p1":"Shining Yin","p2":"Seven Swell","p1team":[{"name":"Infernape","species":"Infernape","item":"focussash","ability":"Blaze","moves":["overheat","closecombat","stealthrock","taunt"],"nature":"Naive","evs":{"hp":0,"atk":168,"def":0,"spa":88,"spd":0,"spe":252},"ivs":{"hp":31,"atk":31,"def":31,"spa":31,"spd":31,"spe":31}},{"name":"Charizard","species":"Charizard","item":"charizarditey","ability":"Blaze","moves":["fireblast","defog","solarbeam","roost"],"nature":"Modest","evs":{"hp":0,"atk":0,"def":0,"spa":252,"spd":4,"spe":252},"ivs":{"hp":31,"atk":31,"def":31,"spa":31,"spd":31,"spe":31}},{"name":"Darmanitan","species":"Darmanitan","item":"choicescarf","ability":"Sheer Force","moves":["flareblitz","superpower","uturn","rockslide"],"nature":"Jolly","evs":{"hp":0,"atk":252,"def":0,"spa":0,"spd":4,"spe":252},"ivs":{"hp":31,"atk":31,"def":31,"spa":31,"spd":31,"spe":31}},{"name":"Fletchinder","species":"Fletchinder","item":"","ability":"Gale Wings","moves":["acrobatics","swordsdance","willowisp","tailwind"],"nature":"Adamant","evs":{"hp":0,"atk":252,"def":4,"spa":0,"spd":0,"spe":252},"shiny":true,"ivs":{"hp":31,"atk":31,"def":31,"spa":31,"spd":31,"spe":31}},{"name":"Rotom-Heat","species":"Rotom-Heat","item":"choicespecs","ability":"Levitate","moves":["discharge","voltswitch","overheat","trick"],"nature":"Modest","evs":{"hp":0,"atk":0,"def":0,"spa":252,"spd":4,"spe":252},"ivs":{"hp":31,"atk":31,"def":31,"spa":31,"spd":31,"spe":31}},{"name":"Victini","species":"Victini","item":"choicescarf","ability":"Victory Star","moves":["vcreate","boltstrike","uturn","zenheadbutt"],"nature":"Jolly","evs":{"hp":0,"atk":252,"def":0,"spa":0,"spd":4,"spe":252},"ivs":{"hp":31,"atk":31,"def":31,"spa":31,"spd":31,"spe":31}}],"p2team":[{"name":"Mew","species":"Mew","item":"leftovers","ability":"Synchronize","moves":["roost","toxic","healbell","aurasphere"],"nature":"Calm","evs":{"hp":252,"atk":0,"def":0,"spa":4,"spd":252,"spe":0},"ivs":{"hp":31,"atk":0,"def":31,"spa":31,"spd":31,"spe":31}},{"name":"Slowbro","species":"Slowbro","item":"rockyhelmet","ability":"Regenerator","moves":["scald","yawn","flamethrower","slackoff"],"nature":"Bold","evs":{"hp":252,"atk":0,"def":252,"spa":4,"spd":0,"spe":0},"ivs":{"hp":31,"atk":0,"def":31,"spa":31,"spd":31,"spe":31}},{"name":"Deoxys-Speed","species":"Deoxys-Speed","item":"focussash","ability":"Pressure","moves":["stealthrock","thunderbolt","thunderwave","icebeam"],"nature":"Timid","evs":{"hp":252,"atk":0,"def":0,"spa":44,"spd":0,"spe":212},"ivs":{"hp":31,"atk":0,"def":31,"spa":31,"spd":31,"spe":31}},{"name":"Latias","species":"Latias","item":"leftovers","ability":"Levitate","moves":["dracometeor","psyshock","roost","defog"],"nature":"Timid","evs":{"hp":252,"atk":0,"def":0,"spa":4,"spd":0,"spe":252},"ivs":{"hp":31,"atk":0,"def":31,"spa":31,"spd":31,"spe":31}},{"name":"Hoopa-Unbound","species":"Hoopa-Unbound","item":"focussash","ability":"Magician","moves":["hyperspacefury","drainpunch","firepunch","gunkshot"],"nature":"Adamant","evs":{"hp":0,"atk":252,"def":0,"spa":0,"spd":4,"spe":252},"ivs":{"hp":31,"atk":31,"def":31,"spa":31,"spd":31,"spe":31}},{"name":"Gardevoir","species":"Gardevoir","item":"gardevoirite","ability":"Trace","moves":["hypervoice","psyshock","shadowball","taunt"],"nature":"Timid","evs":{"hp":0,"atk":0,"def":0,"spa":252,"spd":4,"spe":252},"ivs":{"hp":31,"atk":0,"def":31,"spa":31,"spd":31,"spe":31}}],"log":["|player|p1|Shining Yin|277","|player|p2|Seven Swell|sevenswell.png","|gametype|singles","|gen|6","|tier|Monotype","|rated","|rule|Baton Pass Clause: Limit one Baton Passer, can't pass Spe and other stats simultaneously","|rule|Swagger Clause: Swagger is banned","|rule|Same Type Clause: Pokémon in a team must share a type","|clearpoke","|poke|p1|Infernape, F","|poke|p1|Charizard, F","|poke|p1|Darmanitan, M","|poke|p1|Fletchinder, F, shiny","|poke|p1|Rotom-Heat","|poke|p1|Victini","|poke|p2|Mew","|poke|p2|Slowbro, F","|poke|p2|Deoxys-Speed","|poke|p2|Latias, F","|poke|p2|Hoopa-Unbound","|poke|p2|Gardevoir, M","|rule|Sleep Clause Mod: Limit one foe put to sleep","|rule|Species Clause: Limit one of each Pokémon","|rule|OHKO Clause: OHKO moves are banned","|rule|Moody Clause: Moody is banned","|rule|Evasion Moves Clause: Evasion moves are banned","|rule|Endless Battle Clause: Forcing endless battles is banned","|rule|HP Percentage Mod: HP is shown in percentages","|teampreview","|","|start","|switch|p1a: Rotom-Heat|Rotom-Heat|241/241","|switch|p2a: Latias|Latias, F|364/364","|turn|1","|","|move|p2a: Latias|Psyshock|p1a: Rotom-Heat","|-damage|p1a: Rotom-Heat|142/241","|move|p1a: Rotom-Heat|Volt Switch|p2a: Latias","|-resisted|p2a: Latias","|-damage|p2a: Latias|289/364","|","|switch|p1a: Darmanitan|Darmanitan, M|351/351","|","|-heal|p2a: Latias|311/364|[from] item: Leftovers","|turn|2","|","|switch|p2a: Slowbro|Slowbro, F|394/394","|move|p1a: Darmanitan|U-turn|p2a: Slowbro","|-supereffective|p2a: Slowbro","|-damage|p2a: Slowbro|268/394","|-damage|p1a: Darmanitan|293/351|[from] item: Rocky Helmet|[of] p2a: Slowbro","|","|switch|p1a: Rotom-Heat|Rotom-Heat|142/241","|","|turn|3","|","|switch|p2a: Latias|Latias, F|311/364","|move|p1a: Rotom-Heat|Volt Switch|p2a: Latias","|-resisted|p2a: Latias","|-damage|p2a: Latias|243/364","|","|switch|p1a: Darmanitan|Darmanitan, M|293/351","|","|-heal|p2a: Latias|265/364|[from] item: Leftovers","|turn|4","|","|switch|p2a: Slowbro|Slowbro, F|394/394","|move|p1a: Darmanitan|U-turn|p2a: Slowbro","|-supereffective|p2a: Slowbro","|-damage|p2a: Slowbro|284/394","|-damage|p1a: Darmanitan|235/351|[from] item: Rocky Helmet|[of] p2a: Slowbro","|","|switch|p1a: Rotom-Heat|Rotom-Heat|142/241","|","|turn|5","|","|switch|p2a: Latias|Latias, F|265/364","|move|p1a: Rotom-Heat|Discharge|p2a: Latias","|-resisted|p2a: Latias","|-damage|p2a: Latias|178/364","|","|-heal|p2a: Latias|200/364|[from] item: Leftovers","|turn|6","|","|move|p2a: Latias|Roost|p2a: Latias","|-heal|p2a: Latias|364/364","|move|p1a: Rotom-Heat|Discharge|p2a: Latias","|-resisted|p2a: Latias","|-damage|p2a: Latias|278/364","|","|-heal|p2a: Latias|300/364|[from] item: Leftovers","|turn|7","|","|move|p2a: Latias|Psyshock|p1a: Rotom-Heat","|-damage|p1a: Rotom-Heat|49/241","|move|p1a: Rotom-Heat|Discharge|p2a: Latias","|-resisted|p2a: Latias","|-damage|p2a: Latias|217/364","|","|-heal|p2a: Latias|239/364|[from] item: Leftovers","|turn|8","|","|switch|p1a: Victini|Victini|341/341","|move|p2a: Latias|Psyshock|p1a: Victini","|-resisted|p1a: Victini","|-damage|p1a: Victini|294/341","|","|-heal|p2a: Latias|261/364|[from] item: Leftovers","|turn|9","|","|switch|p2a: Slowbro|Slowbro, F|394/394","|move|p1a: Victini|U-turn|p2a: Slowbro","|-supereffective|p2a: Slowbro","|-damage|p2a: Slowbro|298/394","|-damage|p1a: Victini|238/341|[from] item: Rocky Helmet|[of] p2a: Slowbro","|","|switch|p1a: Rotom-Heat|Rotom-Heat|49/241","|","|turn|10","|","|switch|p2a: Latias|Latias, F|261/364","|move|p1a: Rotom-Heat|Volt Switch|p2a: Latias","|-resisted|p2a: Latias","|-damage|p2a: Latias|189/364","|","|switch|p1a: Darmanitan|Darmanitan, M|235/351","|","|-heal|p2a: Latias|211/364|[from] item: Leftovers","|turn|11","|","|switch|p2a: Slowbro|Slowbro, F|394/394","|move|p1a: Darmanitan|U-turn|p2a: Slowbro","|-supereffective|p2a: Slowbro","|-damage|p2a: Slowbro|274/394","|-damage|p1a: Darmanitan|177/351|[from] item: Rocky Helmet|[of] p2a: Slowbro","|","|switch|p1a: Rotom-Heat|Rotom-Heat|49/241","|","|turn|12","|","|switch|p2a: Latias|Latias, F|211/364","|move|p1a: Rotom-Heat|Volt Switch|p2a: Latias","|-resisted|p2a: Latias","|-damage|p2a: Latias|138/364","|","|switch|p1a: Darmanitan|Darmanitan, M|177/351","|","|-heal|p2a: Latias|160/364|[from] item: Leftovers","|turn|13","|","|switch|p2a: Slowbro|Slowbro, F|394/394","|move|p1a: Darmanitan|U-turn|p2a: Slowbro","|-supereffective|p2a: Slowbro","|-damage|p2a: Slowbro|284/394","|-damage|p1a: Darmanitan|119/351|[from] item: Rocky Helmet|[of] p2a: Slowbro","|","|switch|p1a: Rotom-Heat|Rotom-Heat|49/241","|","|turn|14","|","|switch|p2a: Latias|Latias, F|160/364","|move|p1a: Rotom-Heat|Volt Switch|p2a: Latias","|-resisted|p2a: Latias","|-damage|p2a: Latias|94/364","|","|switch|p1a: Fletchinder|Fletchinder, F, shiny|265/265","|","|-heal|p2a: Latias|116/364|[from] item: Leftovers","|turn|15","|","|move|p1a: Fletchinder|Acrobatics|p2a: Latias","|-damage|p2a: Latias|0 fnt","|faint|p2a: Latias","|","|","|switch|p2a: Slowbro|Slowbro, F|394/394","|turn|16","|","|move|p1a: Fletchinder|Will-O-Wisp|p2a: Slowbro","|-status|p2a: Slowbro|brn","|move|p2a: Slowbro|Scald|p1a: Fletchinder","|-supereffective|p1a: Fletchinder","|-damage|p1a: Fletchinder|0 fnt","|faint|p1a: Fletchinder","|","|-damage|p2a: Slowbro|345/394 brn|[from] brn","|","|switch|p1a: Rotom-Heat|Rotom-Heat|49/241","|turn|17","|","|switch|p2a: Deoxys-Speed|Deoxys-Speed|304/304","|-ability|p2a: Deoxys-Speed|Pressure","|move|p1a: Rotom-Heat|Volt Switch|p2a: Deoxys-Speed","|-damage|p2a: Deoxys-Speed|115/304","|","|switch|p1a: Victini|Victini|238/341","|","|turn|18","|","|move|p2a: Deoxys-Speed|Stealth Rock|p1a: Victini","|-sidestart|p1: Shining Yin|move: Stealth Rock","|move|p1a: Victini|U-turn|p2a: Deoxys-Speed","|-supereffective|p2a: Deoxys-Speed","|-damage|p2a: Deoxys-Speed|0 fnt","|faint|p2a: Deoxys-Speed","|","|switch|p1a: Infernape|Infernape, F|293/293","|-damage|p1a: Infernape|257/293|[from] Stealth Rock","|","|","|switch|p2a: Gardevoir|Gardevoir, M|277/277","|-ability|p2a: Gardevoir|Blaze|[from] ability: Trace|[of] p1a: Infernape","|turn|19","|","|detailschange|p2a: Gardevoir|Gardevoir-Mega, M","|-mega|p2a: Gardevoir|Gardevoir|Gardevoirite","|move|p1a: Infernape|Overheat|p2a: Gardevoir","|-damage|p2a: Gardevoir|153/277","|-unboost|p1a: Infernape|spa|2","|move|p2a: Gardevoir|Psyshock|p1a: Infernape","|-supereffective|p1a: Infernape","|-damage|p1a: Infernape|0 fnt","|faint|p1a: Infernape","|","|","|switch|p1a: Darmanitan|Darmanitan, M|119/351","|-damage|p1a: Darmanitan|32/351|[from] Stealth Rock","|turn|20","|","|switch|p2a: Mew|Mew|404/404","|move|p1a: Darmanitan|Flare Blitz|p2a: Mew","|-damage|p2a: Mew|100/404","|-damage|p1a: Darmanitan|0 fnt|[from] recoil|[of] p2a: Mew","|faint|p1a: Darmanitan","|","|-heal|p2a: Mew|125/404|[from] item: Leftovers","|","|switch|p1a: Charizard|Charizard, F|297/297","|-damage|p1a: Charizard|149/297|[from] Stealth Rock","|turn|21","|","|detailschange|p1a: Charizard|Charizard-Mega-Y, F","|-mega|p1a: Charizard|Charizard|Charizardite Y","|-weather|SunnyDay","|move|p1a: Charizard|Defog|p2a: Mew","|-unboost|p2a: Mew|evasion|1","|-sideend|p1: Shining Yin|Stealth Rock|[from] move: Defog|[of] p1a: Charizard","|move|p2a: Mew|Roost|p2a: Mew","|-heal|p2a: Mew|327/404","|","|-weather|SunnyDay|[upkeep]","|-heal|p2a: Mew|352/404|[from] item: Leftovers","|turn|22","|","|move|p1a: Charizard|Roost|p1a: Charizard","|-heal|p1a: Charizard|297/297","|move|p2a: Mew|Roost|p2a: Mew","|-heal|p2a: Mew|404/404","|","|-weather|SunnyDay|[upkeep]","|turn|23","|","|move|p1a: Charizard|Fire Blast|p2a: Mew","|-damage|p2a: Mew|118/404","|move|p2a: Mew|Toxic|p1a: Charizard","|-status|p1a: Charizard|tox","|","|-weather|SunnyDay|[upkeep]","|-heal|p2a: Mew|143/404|[from] item: Leftovers","|-damage|p1a: Charizard|279/297 tox|[from] psn","|turn|24","|","|move|p1a: Charizard|Solar Beam|p2a: Mew|[still]","|-prepare|p1a: Charizard|Solar Beam|p2a: Mew","|-anim|p1a: Charizard|Solar Beam|p2a: Mew","|-damage|p2a: Mew|20/404","|move|p2a: Mew|Roost|p2a: Mew","|-heal|p2a: Mew|222/404","|","|-weather|SunnyDay|[upkeep]","|-heal|p2a: Mew|247/404|[from] item: Leftovers","|-damage|p1a: Charizard|243/297 tox|[from] psn","|turn|25","|","|move|p1a: Charizard|Fire Blast|p2a: Mew","|-crit|p2a: Mew","|-damage|p2a: Mew|0 fnt","|faint|p2a: Mew","|","|-weather|none","|-damage|p1a: Charizard|189/297 tox|[from] psn","|","|switch|p2a: Hoopa-Unbound|Hoopa-Unbound|301/301","|turn|26","|","|switch|p1a: Rotom-Heat|Rotom-Heat|49/241","|switch|p2a: Slowbro|Slowbro, F|394/394 brn","|","|-damage|p2a: Slowbro|345/394 brn|[from] brn","|turn|27","|","|move|p1a: Rotom-Heat|Volt Switch|p2a: Slowbro","|-supereffective|p2a: Slowbro","|-damage|p2a: Slowbro|0 fnt","|faint|p2a: Slowbro","|","|switch|p1a: Victini|Victini|238/341","|","|","|switch|p2a: Gardevoir|Gardevoir-Mega, M|153/277","|turn|28","|","|move|p1a: Victini|V-create|p2a: Gardevoir","|-damage|p2a: Gardevoir|0 fnt","|-unboost|p1a: Victini|spe|1","|-unboost|p1a: Victini|def|1","|-unboost|p1a: Victini|spd|1","|faint|p2a: Gardevoir","|","|","|switch|p2a: Hoopa-Unbound|Hoopa-Unbound|301/301","|turn|29","|","|switch|p1a: Rotom-Heat|Rotom-Heat|49/241","|move|p2a: Hoopa-Unbound|Hyperspace Fury|p1a: Rotom-Heat","|-damage|p1a: Rotom-Heat|0 fnt","|-unboost|p2a: Hoopa-Unbound|def|1","|faint|p1a: Rotom-Heat","|","|","|switch|p1a: Victini|Victini|238/341","|turn|30","|","|move|p1a: Victini|U-turn|p2a: Hoopa-Unbound","|-supereffective|p2a: Hoopa-Unbound","|-enditem|p2a: Hoopa-Unbound|Focus Sash","|-damage|p2a: Hoopa-Unbound|1/301","|","|switch|p1a: Charizard|Charizard-Mega-Y, F|189/297 tox","|-weather|SunnyDay","|move|p2a: Hoopa-Unbound|Hyperspace Fury|p1a: Charizard","|-damage|p1a: Charizard|0 fnt","|-unboost|p2a: Hoopa-Unbound|def|1","|faint|p1a: Charizard","|","|-weather|SunnyDay|[upkeep]","|","|switch|p1a: Victini|Victini|238/341","|turn|31","|","|win|Shining Yin"],"p1rating":{"entryid":"71235","serverid":"eos","formatid":"monotype","userid":"shiningyin","username":"Shining Yin","w":27,"l":"10","t":"0","gxe":65.9,"r":"1639.9413624913","rd":"81.966817467197","sigma":"0","rptime":"1440061200","rpr":1625.324329635,"rprd":58.366545985868,"rpsigma":"0","acre":1190.963245102,"lacre":1190.963245102,"oldacre":"1160.2658304185"},"p2rating":{"entryid":"86214","serverid":"eos","formatid":"monotype","userid":"sevenswell","username":"Seven Swell","w":"26","l":10,"t":"0","gxe":68.2,"r":"1657.3392056267","rd":"80.221831851584","sigma":"0","rptime":"1440061200","rpr":1645.2501191628,"rprd":58.201868899081,"rpsigma":"0","acre":1210.1629438642,"lacre":1210.1629438642,"oldacre":"1240.8603585477"},"endType":"forfeit"}