{"seed":[30043,59243,32067,19433],"turns":25,"p1":"Alpha알파α큐레무Kyurem","p2":"Rain Hoot","p1team":[{"name":"ラティオス","species":"latios","item":"choicescarf","ability":"Levitate","moves":["shadowball","dragonpulse","psyshock","icebeam"],"nature":"Timid","evs":{"hp":0,"atk":0,"def":4,"spa":252,"spd":0,"spe":252},"ivs":{"hp":31,"atk":0,"def":31,"spa":31,"spd":31,"spe":31}},{"name":"キュレム","species":"kyuremblack","item":"choiceband","ability":"Teravolt","moves":["zenheadbutt","outrage","fusionbolt","ironhead"],"nature":"Adamant","evs":{"hp":0,"atk":252,"def":4,"spa":0,"spd":0,"spe":252},"shiny":true,"ivs":{"hp":31,"atk":31,"def":31,"spa":31,"spd":31,"spe":31}},{"name":"サザンドラ","species":"hydreigon","item":"lifeorb","ability":"Levitate","moves":["darkpulse","flamethrower","dracometeor","flashcannon"],"nature":"Timid","evs":{"hp":0,"atk":0,"def":4,"spa":252,"spd":0,"spe":252},"shiny":true,"ivs":{"hp":31,"atk":31,"def":31,"spa":31,"spd":31,"spe":31}},{"name":"ガブリアス","species":"garchomp","item":"rockyhelmet","ability":"Rough Skin","moves":["stealthrock","earthquake","dragontail","endure"],"nature":"Impish","evs":{"hp":252,"atk":0,"def":232,"spa":0,"spd":24,"spe":0},"ivs":{"hp":31,"atk":31,"def":31,"spa":31,"spd":31,"spe":31}},{"name":"ラティアス","species":"latias","item":"latiasite","ability":"Levitate","moves":["calmmind","recover","storedpower","substitute"],"nature":"Bold","evs":{"hp":252,"atk":0,"def":240,"spa":0,"spd":0,"spe":16},"ivs":{"hp":31,"atk":0,"def":31,"spa":31,"spd":31,"spe":31}},{"name":"ヌメルゴン","species":"goodra","item":"assaultvest","ability":"Gooey","moves":["fireblast","dracometeor","sludgebomb","muddywater"],"nature":"Modest","evs":{"hp":248,"atk":0,"def":8,"spa":252,"spd":0,"spe":0},"ivs":{"hp":31,"atk":31,"def":31,"spa":31,"spd":31,"spe":31}}],"p2team":[{"name":"Aerodactyl","species":"Aerodactyl","item":"lifeorb","ability":"Pressure","moves":["aerialace","stoneedge","earthquake","taunt"],"nature":"Adamant","evs":{"hp":0,"atk":252,"def":0,"spa":0,"spd":4,"spe":252},"ivs":{"hp":31,"atk":31,"def":31,"spa":31,"spd":31,"spe":31}},{"name":"Shuckle","species":"Shuckle","item":"leftovers","ability":"Sturdy","moves":["stickyweb","stealthrock","toxic","encore"],"nature":"Calm","evs":{"hp":252,"atk":0,"def":4,"spa":0,"spd":252,"spe":0},"ivs":{"hp":31,"atk":31,"def":31,"spa":31,"spd":31,"spe":31}},{"name":"Diancie","species":"Diancie","item":"diancite","ability":"Clear Body","moves":["diamondstorm","moonblast","earthpower","protect"],"nature":"Hasty","evs":{"hp":0,"atk":0,"def":0,"spa":252,"spd":0,"spe":252},"ivs":{"hp":31,"atk":31,"def":31,"spa":31,"spd":31,"spe":31}},{"name":"Aurorus","species":"Aurorus","item":"assaultvest","ability":"Refrigerate","moves":["hypervoice","freezedry","mirrorcoat","darkpulse"],"nature":"Modest","evs":{"hp":248,"atk":0,"def":0,"spa":252,"spd":8,"spe":0},"ivs":{"hp":31,"atk":31,"def":31,"spa":31,"spd":31,"spe":31}},{"name":"Probopass","species":"Probopass","item":"airballoon","ability":"Sturdy","moves":["thunderwave","magiccoat","powergem","voltswitch"],"nature":"Modest","evs":{"hp":248,"atk":0,"def":0,"spa":252,"spd":8,"spe":0},"ivs":{"hp":31,"atk":31,"def":31,"spa":31,"spd":31,"spe":31}},{"name":"Golem","species":"Golem","item":"weaknesspolicy","ability":"Sturdy","moves":["earthquake","rockblast","suckerpunch","poweruppunch"],"nature":"Adamant","evs":{"hp":0,"atk":252,"def":4,"spa":0,"spd":0,"spe":252},"ivs":{"hp":31,"atk":31,"def":31,"spa":31,"spd":31,"spe":31}}],"log":["|player|p1|Alpha알파α큐레무Kyurem|alphakyurem.gif","|player|p2|Rain Hoot|266","|gametype|singles","|gen|6","|tier|Monotype","|rated","|rule|Baton Pass Clause: Limit one Baton Passer, can't pass Spe and other stats simultaneously","|rule|Swagger Clause: Swagger is banned","|rule|Same Type Clause: Pokémon in a team must share a type","|clearpoke","|poke|p1|Latios, M","|poke|p1|Kyurem-Black, shiny","|poke|p1|Hydreigon, F, shiny","|poke|p1|Garchomp, F","|poke|p1|Latias, F","|poke|p1|Goodra, M","|poke|p2|Aerodactyl, M","|poke|p2|Shuckle, M","|poke|p2|Diancie","|poke|p2|Aurorus, F","|poke|p2|Probopass, M","|poke|p2|Golem, F","|rule|Sleep Clause Mod: Limit one foe put to sleep","|rule|Species Clause: Limit one of each Pokémon","|rule|OHKO Clause: OHKO moves are banned","|rule|Moody Clause: Moody is banned","|rule|Evasion Moves Clause: Evasion moves are banned","|rule|Endless Battle Clause: Forcing endless battles is banned","|rule|HP Percentage Mod: HP is shown in percentages","|teampreview","|","|start","|switch|p1a: キュレム|Kyurem-Black, shiny|391/391","|switch|p2a: Aerodactyl|Aerodactyl, M|301/301","|-ability|p2a: Aerodactyl|Pressure","|-ability|p1a: キュレム|Teravolt","|turn|1","|","|move|p2a: Aerodactyl|Stone Edge|p1a: キュレム|[miss]","|-miss|p2a: Aerodactyl|p1a: キュレム","|move|p1a: キュレム|Iron Head|p2a: Aerodactyl","|-supereffective|p2a: Aerodactyl","|-damage|p2a: Aerodactyl|0 fnt","|faint|p2a: Aerodactyl","|","|","|switch|p2a: Golem|Golem, F|301/301","|turn|2","|","|switch|p1a: ガブリアス|Garchomp, F|420/420","|move|p2a: Golem|Rock Blast|p1a: ガブリアス","|-resisted|p1a: ガブリアス","|-damage|p1a: ガブリアス|403/420","|-resisted|p1a: ガブリアス","|-damage|p1a: ガブリアス|385/420","|-resisted|p1a: ガブリアス","|-damage|p1a: ガブリアス|368/420","|-hitcount|p1a: ガブリアス|3","|","|turn|3","|","|move|p1a: ガブリアス|Stealth Rock|p2a: Golem","|-sidestart|p2: Rain Hoot|move: Stealth Rock","|move|p2a: Golem|Earthquake|p1a: ガブリアス","|-damage|p1a: ガブリアス|220/420","|","|turn|4","|","|move|p2a: Golem|Earthquake|p1a: ガブリアス","|-damage|p1a: ガブリアス|76/420","|move|p1a: ガブリアス|Dragon Tail|p2a: Golem","|-damage|p2a: Golem|229/301","|drag|p2a: Shuckle|Shuckle, M|244/244","|-damage|p2a: Shuckle|183/244|[from] Stealth Rock","|","|-heal|p2a: Shuckle|198/244|[from] item: Leftovers","|turn|5","|","|move|p2a: Shuckle|Stealth Rock|p1a: ガブリアス","|-sidestart|p1: Alpha알파α큐레무Kyurem|move: Stealth Rock","|move|p1a: ガブリアス|Dragon Tail|p2a: Shuckle","|-damage|p2a: Shuckle|153/244","|drag|p2a: Aurorus|Aurorus, F|449/449","|-damage|p2a: Aurorus|337/449|[from] Stealth Rock","|","|turn|6","|","|switch|p2a: Shuckle|Shuckle, M|153/244","|-damage|p2a: Shuckle|92/244|[from] Stealth Rock","|move|p1a: ガブリアス|Earthquake|p2a: Shuckle","|-damage|p2a: Shuckle|19/244","|","|-heal|p2a: Shuckle|34/244|[from] item: Leftovers","|turn|7","|","|move|p1a: ガブリアス|Earthquake|p2a: Shuckle","|-damage|p2a: Shuckle|0 fnt","|faint|p2a: Shuckle","|","|","|switch|p2a: Diancie|Diancie|241/241","|-damage|p2a: Diancie|211/241|[from] Stealth Rock","|turn|8","|","|detailschange|p2a: Diancie|Diancie-Mega","|-mega|p2a: Diancie|Diancie|Diancite","|move|p2a: Diancie|Protect|p2a: Diancie","|-singleturn|p2a: Diancie|Protect","|move|p1a: ガブリアス|Earthquake|p2a: Diancie","|-activate|p2a: Diancie|Protect","|","|turn|9","|","|move|p2a: Diancie|Moonblast|p1a: ガブリアス","|-supereffective|p1a: ガブリアス","|-damage|p1a: ガブリアス|0 fnt","|faint|p1a: ガブリアス","|","|","|switch|p1a: ヌメルゴン|Goodra, M|383/383","|-damage|p1a: ヌメルゴン|336/383|[from] Stealth Rock","|turn|10","|","|move|p2a: Diancie|Moonblast|p1a: ヌメルゴン","|-supereffective|p1a: ヌメルゴン","|-damage|p1a: ヌメルゴン|166/383","|move|p1a: ヌメルゴン|Muddy Water|p2a: Diancie","|-supereffective|p2a: Diancie","|-damage|p2a: Diancie|1/241","|-unboost|p2a: Diancie|accuracy|1","|","|turn|11","|","|move|p2a: Diancie|Moonblast|p1a: ヌメルゴン","|-supereffective|p1a: ヌメルゴン","|-damage|p1a: ヌメルゴン|0 fnt","|faint|p1a: ヌメルゴン","|","|","|switch|p1a: ラティオス|Latios, M|301/301","|-damage|p1a: ラティオス|264/301|[from] Stealth Rock","|turn|12","|","|move|p1a: ラティオス|Shadow Ball|p2a: Diancie","|-damage|p2a: Diancie|0 fnt","|faint|p2a: Diancie","|","|","|switch|p2a: Probopass|Probopass, M|323/323","|-damage|p2a: Probopass|303/323|[from] Stealth Rock","|-item|p2a: Probopass|Air Balloon","|turn|13","|","|move|p1a: ラティオス|Shadow Ball|p2a: Probopass","|-damage|p2a: Probopass|234/323","|-enditem|p2a: Probopass|Air Balloon","|-unboost|p2a: Probopass|spd|1","|move|p2a: Probopass|Thunder Wave|p1a: ラティオス","|-status|p1a: ラティオス|par","|","|turn|14","|","|move|p1a: ラティオス|Shadow Ball|p2a: Probopass","|-damage|p2a: Probopass|135/323","|move|p2a: Probopass|Power Gem|p1a: ラティオス","|-damage|p1a: ラティオス|168/301 par","|","|turn|15","|","|move|p1a: ラティオス|Shadow Ball|p2a: Probopass","|-damage|p2a: Probopass|41/323","|move|p2a: Probopass|Power Gem|p1a: ラティオス","|-damage|p1a: ラティオス|66/301 par","|","|turn|16","|","|cant|p1a: ラティオス|par","|move|p2a: Probopass|Power Gem|p1a: ラティオス","|-damage|p1a: ラティオス|0 fnt","|faint|p1a: ラティオス","|","|","|switch|p1a: ラティアス|Latias, F|364/364","|-damage|p1a: ラティアス|319/364|[from] Stealth Rock","|turn|17","|","|detailschange|p1a: ラティアス|Latias-Mega, F","|-mega|p1a: ラティアス|Latias|Latiasite","|move|p1a: ラティアス|Substitute|p1a: ラティアス","|-start|p1a: ラティアス|Substitute","|-damage|p1a: ラティアス|228/364","|move|p2a: Probopass|Thunder Wave|p1a: ラティアス","|-fail|p1a: ラティアス","|","|turn|18","|","|move|p1a: ラティアス|Calm Mind|p1a: ラティアス","|-boost|p1a: ラティアス|spa|1","|-boost|p1a: ラティアス|spd|1","|move|p2a: Probopass|Power Gem|p1a: ラティアス","|-activate|p1a: ラティアス|Substitute|[damage]","|","|turn|19","|","|move|p1a: ラティアス|Calm Mind|p1a: ラティアス","|-boost|p1a: ラティアス|spa|1","|-boost|p1a: ラティアス|spd|1","|move|p2a: Probopass|Volt Switch|p1a: ラティアス","|-resisted|p1a: ラティアス","|-activate|p1a: ラティアス|Substitute|[damage]","|","|switch|p2a: Aurorus|Aurorus, F|337/449","|-damage|p2a: Aurorus|225/449|[from] Stealth Rock","|","|turn|20","|","|move|p1a: ラティアス|Stored Power|p2a: Aurorus","|-damage|p2a: Aurorus|0 fnt","|faint|p2a: Aurorus","|","|","|switch|p2a: Golem|Golem, F|229/301","|-damage|p2a: Golem|211/301|[from] Stealth Rock","|turn|21","|","|move|p1a: ラティアス|Recover|p1a: ラティアス","|-heal|p1a: ラティアス|364/364","|move|p2a: Golem|Rock Blast|p1a: ラティアス|[miss]","|-miss|p2a: Golem|p1a: ラティアス","|","|turn|22","|","|move|p1a: ラティアス|Calm Mind|p1a: ラティアス","|-boost|p1a: ラティアス|spa|1","|-boost|p1a: ラティアス|spd|1","|move|p2a: Golem|Rock Blast|p1a: ラティアス","|-end|p1a: ラティアス|Substitute","|-damage|p1a: ラティアス|333/364","|-hitcount|p1a: ラティアス|2","|","|turn|23","|","|move|p2a: Golem|Sucker Punch|p1a: ラティアス","|-fail|p2a: Golem","|move|p1a: ラティアス|Substitute|p1a: ラティアス","|-start|p1a: ラティアス|Substitute","|-damage|p1a: ラティアス|242/364","|","|turn|24","|","|move|p1a: ラティアス|Stored Power|p2a: Golem","|-damage|p2a: Golem|0 fnt","|faint|p2a: Golem","|","|","|switch|p2a: Probopass|Probopass, M|41/323","|-damage|p2a: Probopass|21/323|[from] Stealth Rock","|turn|25","|","|move|p1a: ラティアス|Stored Power|p2a: Probopass","|-resisted|p2a: Probopass","|-damage|p2a: Probopass|0 fnt","|faint|p2a: Probopass","|","|win|Alpha알파α큐레무Kyurem"],"p1rating":{"entryid":"22404","serverid":"eos","formatid":"monotype","userid":"alphakyurem","username":"Alpha알파α큐레무Kyurem","w":19,"l":"3","t":"0","gxe":74.1,"r":"1708.5723942954","rd":"73.60416563136","sigma":"0","rptime":"1440061200","rpr":1701.7118925919,"rprd":70.62228465581,"rpsigma":"0","acre":1253.3533247168,"lacre":1253.3533247168,"oldacre":"1239.1393252021"},"p2rating":{"entryid":"129353","serverid":"eos","formatid":"monotype","userid":"rainhoot","username":"Rain Hoot","w":"3","l":7,"t":"0","gxe":40,"r":"1451.0879459449","rd":"111.70395438808","sigma":"0","rptime":"1440061200","rpr":1421.1758888596,"rprd":89.19862997338,"rpsigma":"0","acre":1066.3396672611,"lacre":1066.3396672611,"oldacre":"1078.7405783191"},"endType":"normal"}