{"seed":[32920,57995,34693,31631],"turns":21,"p1":"Rain Zeref","p2":"Seven Swell","p1team":[{"name":"DEEZ NUTS!","species":"bisharp","item":"choicescarf","ability":"Defiant","moves":["brickbreak","suckerpunch","knockoff","ironhead"],"nature":"Jolly","evs":{"hp":0,"atk":252,"def":0,"spa":0,"spd":4,"spe":252},"gender":"M","shiny":true,"ivs":{"hp":31,"atk":31,"def":31,"spa":31,"spd":31,"spe":31}},{"name":"DEEZ NUTS!!","species":"weavile","item":"choicescarf","ability":"Pressure","moves":["iceshard","iciclecrash","knockoff","brickbreak"],"nature":"Adamant","evs":{"hp":0,"atk":252,"def":0,"spa":0,"spd":4,"spe":252},"gender":"F","ivs":{"hp":31,"atk":31,"def":31,"spa":31,"spd":31,"spe":31}},{"name":"DEEZ NUTS!!!","species":"mandibuzz","item":"leftovers","ability":"Overcoat","moves":["toxic","roost","foulplay","whirlwind"],"nature":"Bold","evs":{"hp":252,"atk":0,"def":252,"spa":0,"spd":4,"spe":0},"shiny":true,"ivs":{"hp":31,"atk":31,"def":31,"spa":31,"spd":31,"spe":31}},{"name":"DEEZ NUTS!!!!","species":"zoroark","item":"choicespecs","ability":"Illusion","moves":["darkpulse","flamethrower","trick","extrasensory"],"nature":"Timid","evs":{"hp":0,"atk":0,"def":0,"spa":252,"spd":4,"spe":252},"gender":"F","shiny":true,"ivs":{"hp":31,"atk":31,"def":31,"spa":31,"spd":31,"spe":31}},{"name":"DEEZ NUTS!!!!!","species":"absol","item":"absolite","ability":"Super Luck","moves":["darkpulse","thunderbolt","flamethrower","playrough"],"nature":"Timid","evs":{"hp":0,"atk":0,"def":0,"spa":252,"spd":4,"spe":252},"gender":"F","shiny":true,"ivs":{"hp":31,"atk":31,"def":31,"spa":31,"spd":31,"spe":31}},{"name":"DEEZ NUTS!!!!!!","species":"hydreigon","item":"choicescarf","ability":"Levitate","moves":["dracometeor","flamethrower","flashcannon","darkpulse"],"nature":"Timid","evs":{"hp":0,"atk":0,"def":0,"spa":252,"spd":4,"spe":252},"gender":"M","shiny":true,"ivs":{"hp":31,"atk":31,"def":31,"spa":31,"spd":31,"spe":31}}],"p2team":[{"name":"Mew","species":"Mew","item":"leftovers","ability":"Synchronize","moves":["roost","toxic","healbell","aurasphere"],"nature":"Calm","evs":{"hp":252,"atk":0,"def":0,"spa":4,"spd":252,"spe":0},"ivs":{"hp":31,"atk":31,"def":31,"spa":31,"spd":31,"spe":31}},{"name":"Slowbro","species":"Slowbro","item":"rockyhelmet","ability":"Regenerator","moves":["scald","yawn","flamethrower","slackoff"],"nature":"Bold","evs":{"hp":252,"atk":0,"def":252,"spa":4,"spd":0,"spe":0},"ivs":{"hp":31,"atk":31,"def":31,"spa":31,"spd":31,"spe":31}},{"name":"Deoxys-Speed","species":"Deoxys-Speed","item":"focussash","ability":"Pressure","moves":["stealthrock","thunderbolt","thunderwave","icebeam"],"nature":"Timid","evs":{"hp":252,"atk":0,"def":0,"spa":44,"spd":0,"spe":212},"ivs":{"hp":31,"atk":31,"def":31,"spa":31,"spd":31,"spe":31}},{"name":"Latias","species":"Latias","item":"leftovers","ability":"Levitate","moves":["dracometeor","psyshock","roost","defog"],"nature":"Timid","evs":{"hp":252,"atk":0,"def":0,"spa":4,"spd":0,"spe":252},"ivs":{"hp":31,"atk":31,"def":31,"spa":31,"spd":31,"spe":31}},{"name":"Hoopa-Unbound","species":"Hoopa-Unbound","item":"focussash","ability":"Magician","moves":["hyperspacefury","drainpunch","firepunch","gunkshot"],"nature":"Adamant","evs":{"hp":0,"atk":252,"def":0,"spa":0,"spd":4,"spe":252},"ivs":{"hp":31,"atk":31,"def":31,"spa":31,"spd":31,"spe":31}},{"name":"Gardevoir","species":"Gardevoir","item":"gardevoirite","ability":"Trace","moves":["hypervoice","psyshock","shadowball","taunt"],"nature":"Timid","evs":{"hp":0,"atk":0,"def":0,"spa":252,"spd":4,"spe":252},"ivs":{"hp":31,"atk":31,"def":31,"spa":31,"spd":31,"spe":31}}],"log":["|player|p1|Rain Zeref|rainzeref.png","|player|p2|Seven Swell|sevenswell.png","|gametype|singles","|gen|6","|tier|Monotype","|rated","|rule|Baton Pass Clause: Limit one Baton Passer, can't pass Spe and other stats simultaneously","|rule|Swagger Clause: Swagger is banned","|rule|Same Type Clause: Pokémon in a team must share a type","|clearpoke","|poke|p1|Bisharp, M, shiny","|poke|p1|Weavile, F","|poke|p1|Mandibuzz, F, shiny","|poke|p1|Zoroark, F, shiny","|poke|p1|Absol, F, shiny","|poke|p1|Hydreigon, M, shiny","|poke|p2|Mew","|poke|p2|Slowbro, F","|poke|p2|Deoxys-Speed","|poke|p2|Latias, F","|poke|p2|Hoopa-Unbound","|poke|p2|Gardevoir, F","|rule|Sleep Clause Mod: Limit one foe put to sleep","|rule|Species Clause: Limit one of each Pokémon","|rule|OHKO Clause: OHKO moves are banned","|rule|Moody Clause: Moody is banned","|rule|Evasion Moves Clause: Evasion moves are banned","|rule|Endless Battle Clause: Forcing endless battles is banned","|rule|HP Percentage Mod: HP is shown in percentages","|teampreview","|","|start","|switch|p1a: DEEZ NUTS!!|Weavile, F|281/281","|switch|p2a: Slowbro|Slowbro, F|394/394","|-ability|p1a: DEEZ NUTS!!|Pressure","|turn|1","|","|move|p1a: DEEZ NUTS!!|Knock Off|p2a: Slowbro","|-supereffective|p2a: Slowbro","|-damage|p2a: Slowbro|154/394","|-damage|p1a: DEEZ NUTS!!|235/281|[from] item: Rocky Helmet|[of] p2a: Slowbro","|-enditem|p2a: Slowbro|Rocky Helmet|[from] move: Knock Off|[of] p1a: DEEZ NUTS!!","|move|p2a: Slowbro|Scald|p1a: DEEZ NUTS!!","|-damage|p1a: DEEZ NUTS!!|130/281","|-status|p1a: DEEZ NUTS!!|brn","|","|-damage|p1a: DEEZ NUTS!!|95/281 brn|[from] brn","|turn|2","|","|switch|p1a: DEEZ NUTS!!!!!|Absol, F, shiny|271/271","|move|p2a: Slowbro|Slack Off|p2a: Slowbro","|-heal|p2a: Slowbro|351/394","|","|turn|3","|","|detailschange|p1a: DEEZ NUTS!!!!!|Absol-Mega, F, shiny","|-mega|p1a: DEEZ NUTS!!!!!|Absol|Absolite","|move|p1a: DEEZ NUTS!!!!!|Dark Pulse|p2a: Slowbro","|-supereffective|p2a: Slowbro","|-damage|p2a: Slowbro|25/394","|move|p2a: Slowbro|Scald|p1a: DEEZ NUTS!!!!!","|-damage|p1a: DEEZ NUTS!!!!!|132/271","|-status|p1a: DEEZ NUTS!!!!!|brn","|","|-damage|p1a: DEEZ NUTS!!!!!|99/271 brn|[from] brn","|turn|4","|","|move|p1a: DEEZ NUTS!!!!!|Dark Pulse|p2a: Slowbro","|-supereffective|p2a: Slowbro","|-damage|p2a: Slowbro|0 fnt","|faint|p2a: Slowbro","|","|-damage|p1a: DEEZ NUTS!!!!!|66/271 brn|[from] brn","|","|switch|p2a: Deoxys-Speed|Deoxys-Speed|304/304","|-ability|p2a: Deoxys-Speed|Pressure","|turn|5","|","|move|p2a: Deoxys-Speed|Thunderbolt|p1a: DEEZ NUTS!!!!!","|-damage|p1a: DEEZ NUTS!!!!!|0 fnt","|faint|p1a: DEEZ NUTS!!!!!","|","|","|switch|p1a: DEEZ NUTS!!|Weavile, F|95/281 brn","|-ability|p1a: DEEZ NUTS!!|Pressure","|turn|6","|","|move|p1a: DEEZ NUTS!!|Knock Off|p2a: Deoxys-Speed","|-supereffective|p2a: Deoxys-Speed","|-damage|p2a: Deoxys-Speed|121/304","|-enditem|p2a: Deoxys-Speed|Focus Sash|[from] move: Knock Off|[of] p1a: DEEZ NUTS!!","|move|p2a: Deoxys-Speed|Thunderbolt|p1a: DEEZ NUTS!!","|-damage|p1a: DEEZ NUTS!!|7/281 brn","|","|-damage|p1a: DEEZ NUTS!!|0 fnt|[from] brn","|faint|p1a: DEEZ NUTS!!","|","|switch|p1a: DEEZ NUTS!!!!!!|Hydreigon, M, shiny|325/325","|turn|7","|","|move|p2a: Deoxys-Speed|Thunder Wave|p1a: DEEZ NUTS!!!!!!","|-status|p1a: DEEZ NUTS!!!!!!|par","|move|p1a: DEEZ NUTS!!!!!!|Dark Pulse|p2a: Deoxys-Speed","|-supereffective|p2a: Deoxys-Speed","|-damage|p2a: Deoxys-Speed|0 fnt","|faint|p2a: Deoxys-Speed","|","|","|switch|p2a: Gardevoir|Gardevoir, F|277/277","|-ability|p2a: Gardevoir|Levitate|[from] ability: Trace|[of] p1a: DEEZ NUTS!!!!!!","|turn|8","|","|detailschange|p2a: Gardevoir|Gardevoir-Mega, F","|-mega|p2a: Gardevoir|Gardevoir|Gardevoirite","|move|p2a: Gardevoir|Hyper Voice|p1a: DEEZ NUTS!!!!!!","|-supereffective|p1a: DEEZ NUTS!!!!!!","|-damage|p1a: DEEZ NUTS!!!!!!|0 fnt","|faint|p1a: DEEZ NUTS!!!!!!","|","|","|switch|p1a: DEEZ NUTS!|Bisharp, M, shiny|271/271","|turn|9","|","|move|p1a: DEEZ NUTS!|Iron Head|p2a: Gardevoir","|-supereffective|p2a: Gardevoir","|-damage|p2a: Gardevoir|0 fnt","|faint|p2a: Gardevoir","|","|","|switch|p2a: Mew|Mew|404/404","|turn|10","|","|switch|p1a: DEEZ NUTS!!!|Mandibuzz, F, shiny|424/424","|move|p2a: Mew|Aura Sphere|p1a: DEEZ NUTS!!!","|-damage|p1a: DEEZ NUTS!!!|352/424","|","|-heal|p1a: DEEZ NUTS!!!|378/424|[from] item: Leftovers","|turn|11","|","|move|p2a: Mew|Toxic|p1a: DEEZ NUTS!!!","|-status|p1a: DEEZ NUTS!!!|tox","|move|p1a: DEEZ NUTS!!!|Foul Play|p2a: Mew","|-supereffective|p2a: Mew","|-damage|p2a: Mew|186/404","|","|-heal|p2a: Mew|211/404|[from] item: Leftovers","|-heal|p1a: DEEZ NUTS!!!|404/424 tox|[from] item: Leftovers","|-damage|p1a: DEEZ NUTS!!!|378/424 tox|[from] psn","|turn|12","|","|move|p2a: Mew|Roost|p2a: Mew","|-heal|p2a: Mew|404/404","|move|p1a: DEEZ NUTS!!!|Foul Play|p2a: Mew","|-supereffective|p2a: Mew","|-damage|p2a: Mew|188/404","|","|-heal|p2a: Mew|213/404|[from] item: Leftovers","|-heal|p1a: DEEZ NUTS!!!|404/424 tox|[from] item: Leftovers","|-damage|p1a: DEEZ NUTS!!!|352/424 tox|[from] psn","|turn|13","|","|move|p2a: Mew|Roost|p2a: Mew","|-heal|p2a: Mew|404/404","|move|p1a: DEEZ NUTS!!!|Toxic|p2a: Mew","|-status|p2a: Mew|tox","|","|-heal|p1a: DEEZ NUTS!!!|378/424 tox|[from] item: Leftovers","|-damage|p2a: Mew|379/404 tox|[from] psn","|-damage|p1a: DEEZ NUTS!!!|300/424 tox|[from] psn","|turn|14","|","|move|p2a: Mew|Aura Sphere|p1a: DEEZ NUTS!!!","|-damage|p1a: DEEZ NUTS!!!|238/424 tox","|move|p1a: DEEZ NUTS!!!|Foul Play|p2a: Mew","|-supereffective|p2a: Mew","|-damage|p2a: Mew|169/404 tox","|","|-heal|p2a: Mew|194/404 tox|[from] item: Leftovers","|-heal|p1a: DEEZ NUTS!!!|264/424 tox|[from] item: Leftovers","|-damage|p2a: Mew|144/404 tox|[from] psn","|-damage|p1a: DEEZ NUTS!!!|160/424 tox|[from] psn","|turn|15","|","|move|p2a: Mew|Aura Sphere|p1a: DEEZ NUTS!!!","|-crit|p1a: DEEZ NUTS!!!","|-damage|p1a: DEEZ NUTS!!!|62/424 tox","|move|p1a: DEEZ NUTS!!!|Roost|p1a: DEEZ NUTS!!!","|-heal|p1a: DEEZ NUTS!!!|274/424 tox","|","|-heal|p2a: Mew|169/404 tox|[from] item: Leftovers","|-heal|p1a: DEEZ NUTS!!!|300/424 tox|[from] item: Leftovers","|-damage|p2a: Mew|94/404 tox|[from] psn","|-damage|p1a: DEEZ NUTS!!!|170/424 tox|[from] psn","|turn|16","|","|move|p2a: Mew|Aura Sphere|p1a: DEEZ NUTS!!!","|-damage|p1a: DEEZ NUTS!!!|100/424 tox","|move|p1a: DEEZ NUTS!!!|Roost|p1a: DEEZ NUTS!!!","|-heal|p1a: DEEZ NUTS!!!|312/424 tox","|","|-heal|p2a: Mew|119/404 tox|[from] item: Leftovers","|-heal|p1a: DEEZ NUTS!!!|338/424 tox|[from] item: Leftovers","|-damage|p2a: Mew|19/404 tox|[from] psn","|-damage|p1a: DEEZ NUTS!!!|182/424 tox|[from] psn","|turn|17","|","|move|p2a: Mew|Aura Sphere|p1a: DEEZ NUTS!!!","|-damage|p1a: DEEZ NUTS!!!|113/424 tox","|move|p1a: DEEZ NUTS!!!|Roost|p1a: DEEZ NUTS!!!","|-heal|p1a: DEEZ NUTS!!!|325/424 tox","|","|-heal|p2a: Mew|44/404 tox|[from] item: Leftovers","|-heal|p1a: DEEZ NUTS!!!|351/424 tox|[from] item: Leftovers","|-damage|p2a: Mew|0 fnt|[from] psn","|-damage|p1a: DEEZ NUTS!!!|169/424 tox|[from] psn","|faint|p2a: Mew","|","|switch|p2a: Latias|Latias, F|364/364","|turn|18","|","|move|p2a: Latias|Draco Meteor|p1a: DEEZ NUTS!!!","|-damage|p1a: DEEZ NUTS!!!|1/424 tox","|-unboost|p2a: Latias|spa|2","|move|p1a: DEEZ NUTS!!!|Foul Play|p2a: Latias","|-supereffective|p2a: Latias","|-damage|p2a: Latias|170/364","|","|-heal|p2a: Latias|192/364|[from] item: Leftovers","|-heal|p1a: DEEZ NUTS!!!|27/424 tox|[from] item: Leftovers","|-damage|p1a: DEEZ NUTS!!!|0 fnt|[from] psn","|faint|p1a: DEEZ NUTS!!!","|","|switch|p1a: DEEZ NUTS!!!!|Zoroark, F, shiny|261/261","|turn|19","|","|move|p2a: Latias|Draco Meteor|p1a: DEEZ NUTS!!!!","|-damage|p1a: DEEZ NUTS!!!!|141/261","|-unboost|p2a: Latias|spa|2","|move|p1a: DEEZ NUTS!!!!|Dark Pulse|p2a: Latias","|-supereffective|p2a: Latias","|-damage|p2a: Latias|0 fnt","|faint|p2a: Latias","|","|","|switch|p2a: Hoopa-Unbound|Hoopa-Unbound|301/301","|turn|20","|","|move|p1a: DEEZ NUTS!!!!|Dark Pulse|p2a: Hoopa-Unbound","|-damage|p2a: Hoopa-Unbound|151/301","|move|p2a: Hoopa-Unbound|Drain Punch|p1a: DEEZ NUTS!!!!","|-supereffective|p1a: DEEZ NUTS!!!!","|-damage|p1a: DEEZ NUTS!!!!|0 fnt","|-heal|p2a: Hoopa-Unbound|222/301|[from] drain|[of] p1a: DEEZ NUTS!!!!","|faint|p1a: DEEZ NUTS!!!!","|","|","|switch|p1a: DEEZ NUTS!|Bisharp, M, shiny|271/271","|turn|21","|","|move|p1a: DEEZ NUTS!|Iron Head|p2a: Hoopa-Unbound","|-damage|p2a: Hoopa-Unbound|29/301","|move|p2a: Hoopa-Unbound|Drain Punch|p1a: DEEZ NUTS!","|-supereffective|p1a: DEEZ NUTS!","|-damage|p1a: DEEZ NUTS!|0 fnt","|-heal|p2a: Hoopa-Unbound|165/301|[from] drain|[of] p1a: DEEZ NUTS!","|faint|p1a: DEEZ NUTS!","|","|win|Seven Swell"],"p1rating":{"entryid":"191502","serverid":"eos","formatid":"monotype","userid":"rainzeref","username":"Rain Zeref","w":"0","l":3,"t":"0","gxe":37.7,"r":"1500","rd":"130","sigma":"0","rptime":"1440061200","rpr":1400.9939148022,"rprd":112.26059316617,"rpsigma":"0","acre":1000,"lacre":1000,"oldacre":"1000"},"p2rating":{"entryid":"86214","serverid":"eos","formatid":"monotype","userid":"sevenswell","username":"Seven Swell","w":13,"l":"2","t":"0","gxe":70.4,"r":"1657.3392056267","rd":"80.221831851584","sigma":"0","rptime":"1440061200","rpr":1667.3024761699,"rprd":78.723717118354,"rpsigma":"0","acre":1219.3627328863,"lacre":1219.3627328863,"oldacre":"1207.7526450411"},"endType":"normal"}