{"seed":[52432,22807,23506,8553],"turns":31,"p1":"Rain Zeref","p2":"Seven Swell","p1team":[{"name":"Latias","species":"Latias","item":"lightclay","ability":"Levitate","moves":["thunderwave","lightscreen","reflect","healingwish"],"nature":"Timid","evs":{"hp":248,"atk":0,"def":0,"spa":0,"spd":8,"spe":252},"ivs":{"hp":31,"atk":31,"def":31,"spa":31,"spd":31,"spe":31}},{"name":"Goodra","species":"Goodra","item":"assaultvest","ability":"Gooey","moves":["muddywater","flamethrower","dracometeor","sludgewave"],"nature":"Modest","evs":{"hp":248,"atk":0,"def":0,"spa":252,"spd":8,"spe":0},"ivs":{"hp":31,"atk":31,"def":31,"spa":31,"spd":31,"spe":31}},{"name":"Zygarde","species":"Zygarde","item":"leftovers","ability":"Aura Break","moves":["coil","extremespeed","earthquake","dragontail"],"nature":"Adamant","evs":{"hp":252,"atk":252,"def":0,"spa":0,"spd":4,"spe":0},"ivs":{"hp":31,"atk":31,"def":31,"spa":31,"spd":31,"spe":31}},{"name":"Latios","species":"Latios","item":"choicescarf","ability":"Levitate","moves":["trick","energyball","dracometeor","icebeam"],"nature":"Timid","evs":{"hp":0,"atk":0,"def":0,"spa":252,"spd":4,"spe":252},"ivs":{"hp":31,"atk":31,"def":31,"spa":31,"spd":31,"spe":31}},{"name":"Salamence","species":"Salamence","item":"choicescarf","ability":"Moxie","moves":["crunch","outrage","earthquake","stoneedge"],"nature":"Jolly","evs":{"hp":0,"atk":252,"def":0,"spa":0,"spd":4,"spe":252},"ivs":{"hp":31,"atk":31,"def":31,"spa":31,"spd":31,"spe":31}},{"name":"Kyurem-Black","species":"Kyurem-Black","item":"choiceband","ability":"Teravolt","moves":["outrage","ironhead","fusionbolt","icebeam"],"nature":"Adamant","evs":{"hp":0,"atk":252,"def":0,"spa":0,"spd":4,"spe":252},"ivs":{"hp":31,"atk":31,"def":31,"spa":31,"spd":31,"spe":31}}],"p2team":[{"name":"Mew","species":"Mew","item":"leftovers","ability":"Synchronize","moves":["roost","toxic","healbell","aurasphere"],"nature":"Calm","evs":{"hp":252,"atk":0,"def":0,"spa":4,"spd":252,"spe":0},"ivs":{"hp":31,"atk":0,"def":31,"spa":31,"spd":31,"spe":31}},{"name":"Slowbro","species":"Slowbro","item":"rockyhelmet","ability":"Regenerator","moves":["scald","yawn","flamethrower","slackoff"],"nature":"Bold","evs":{"hp":252,"atk":0,"def":252,"spa":4,"spd":0,"spe":0},"ivs":{"hp":31,"atk":0,"def":31,"spa":31,"spd":31,"spe":31}},{"name":"Deoxys-Speed","species":"Deoxys-Speed","item":"focussash","ability":"Pressure","moves":["stealthrock","thunderbolt","thunderwave","icebeam"],"nature":"Timid","evs":{"hp":252,"atk":0,"def":0,"spa":44,"spd":0,"spe":212},"ivs":{"hp":31,"atk":0,"def":31,"spa":31,"spd":31,"spe":31}},{"name":"Latias","species":"Latias","item":"leftovers","ability":"Levitate","moves":["dracometeor","psyshock","roost","defog"],"nature":"Timid","evs":{"hp":252,"atk":0,"def":0,"spa":4,"spd":0,"spe":252},"ivs":{"hp":31,"atk":0,"def":31,"spa":31,"spd":31,"spe":31}},{"name":"Hoopa-Unbound","species":"Hoopa-Unbound","item":"focussash","ability":"Magician","moves":["hyperspacefury","drainpunch","firepunch","gunkshot"],"nature":"Adamant","evs":{"hp":0,"atk":252,"def":0,"spa":0,"spd":4,"spe":252},"ivs":{"hp":31,"atk":31,"def":31,"spa":31,"spd":31,"spe":31}},{"name":"Gardevoir","species":"Gardevoir","item":"gardevoirite","ability":"Trace","moves":["hypervoice","psyshock","shadowball","taunt"],"nature":"Timid","evs":{"hp":0,"atk":0,"def":0,"spa":252,"spd":4,"spe":252},"ivs":{"hp":31,"atk":0,"def":31,"spa":31,"spd":31,"spe":31}}],"log":["|player|p1|Rain Zeref|rainzeref.png","|player|p2|Seven Swell|sevenswell.png","|gametype|singles","|gen|6","|tier|Monotype","|rated","|rule|Baton Pass Clause: Limit one Baton Passer, can't pass Spe and other stats simultaneously","|rule|Swagger Clause: Swagger is banned","|rule|Same Type Clause: Pokémon in a team must share a type","|clearpoke","|poke|p1|Latias, F","|poke|p1|Goodra, F","|poke|p1|Zygarde","|poke|p1|Latios, M","|poke|p1|Salamence, F","|poke|p1|Kyurem-Black","|poke|p2|Mew","|poke|p2|Slowbro, M","|poke|p2|Deoxys-Speed","|poke|p2|Latias, F","|poke|p2|Hoopa-Unbound","|poke|p2|Gardevoir, F","|rule|Sleep Clause Mod: Limit one foe put to sleep","|rule|Species Clause: Limit one of each Pokémon","|rule|OHKO Clause: OHKO moves are banned","|rule|Moody Clause: Moody is banned","|rule|Evasion Moves Clause: Evasion moves are banned","|rule|Endless Battle Clause: Forcing endless battles is banned","|rule|HP Percentage Mod: HP is shown in percentages","|teampreview","|","|start","|switch|p1a: Latias|Latias, F|363/363","|switch|p2a: Hoopa-Unbound|Hoopa-Unbound|301/301","|turn|1","|","|move|p1a: Latias|Thunder Wave|p2a: Hoopa-Unbound","|-status|p2a: Hoopa-Unbound|par","|cant|p2a: Hoopa-Unbound|par","|","|turn|2","|","|move|p1a: Latias|Reflect|p1a: Latias","|-sidestart|p1: Rain Zeref|Reflect","|cant|p2a: Hoopa-Unbound|par","|","|turn|3","|","|move|p1a: Latias|Light Screen|p1a: Latias","|-sidestart|p1: Rain Zeref|move: Light Screen","|move|p2a: Hoopa-Unbound|Hyperspace Fury|p1a: Latias","|-supereffective|p1a: Latias","|-damage|p1a: Latias|96/363","|-unboost|p2a: Hoopa-Unbound|def|1","|","|turn|4","|","|switch|p1a: Salamence|Salamence, F|331/331","|switch|p2a: Gardevoir|Gardevoir, F|277/277","|-ability|p2a: Gardevoir|Moxie|[from] ability: Trace|[of] p1a: Salamence","|","|turn|5","|","|detailschange|p2a: Gardevoir|Gardevoir-Mega, F","|-mega|p2a: Gardevoir|Gardevoir|Gardevoirite","|move|p1a: Salamence|Crunch|p2a: Gardevoir","|-damage|p2a: Gardevoir|148/277","|move|p2a: Gardevoir|Hyper Voice|p1a: Salamence","|-supereffective|p1a: Salamence","|-damage|p1a: Salamence|31/331","|","|turn|6","|","|switch|p2a: Slowbro|Slowbro, M|394/394","|move|p1a: Salamence|Crunch|p2a: Slowbro","|-supereffective|p2a: Slowbro","|-damage|p2a: Slowbro|264/394","|-damage|p1a: Salamence|0 fnt|[from] item: Rocky Helmet|[of] p2a: Slowbro","|faint|p1a: Salamence","|","|","|switch|p1a: Kyurem-Black|Kyurem-Black|391/391","|-ability|p1a: Kyurem-Black|Teravolt","|turn|7","|","|switch|p2a: Latias|Latias, F|364/364","|move|p1a: Kyurem-Black|Fusion Bolt|p2a: Latias","|-resisted|p2a: Latias","|-damage|p2a: Latias|240/364","|","|-heal|p2a: Latias|262/364|[from] item: Leftovers","|turn|8","|","|switch|p1a: Latias|Latias, F|96/363","|move|p2a: Latias|Defog|p1a: Latias","|-unboost|p1a: Latias|evasion|1","|-sideend|p1: Rain Zeref|Reflect","|-sideend|p1: Rain Zeref|move: Light Screen","|","|-heal|p2a: Latias|284/364|[from] item: Leftovers","|turn|9","|","|move|p2a: Latias|Draco Meteor|p1a: Latias","|-supereffective|p1a: Latias","|-damage|p1a: Latias|0 fnt","|-unboost|p2a: Latias|spa|2","|faint|p1a: Latias","|","|-heal|p2a: Latias|306/364|[from] item: Leftovers","|","|switch|p1a: Latios|Latios, M|301/301","|turn|10","|","|switch|p2a: Mew|Mew|404/404","|move|p1a: Latios|Draco Meteor|p2a: Mew","|-damage|p2a: Mew|229/404","|-unboost|p1a: Latios|spa|2","|","|-heal|p2a: Mew|254/404|[from] item: Leftovers","|turn|11","|","|switch|p1a: Kyurem-Black|Kyurem-Black|391/391","|-ability|p1a: Kyurem-Black|Teravolt","|move|p2a: Mew|Toxic|p1a: Kyurem-Black","|-status|p1a: Kyurem-Black|tox","|","|-heal|p2a: Mew|279/404|[from] item: Leftovers","|-damage|p1a: Kyurem-Black|367/391 tox|[from] psn","|turn|12","|","|move|p1a: Kyurem-Black|Iron Head|p2a: Mew","|-damage|p2a: Mew|85/404","|cant|p2a: Mew|flinch","|","|-heal|p2a: Mew|110/404|[from] item: Leftovers","|-damage|p1a: Kyurem-Black|319/391 tox|[from] psn","|turn|13","|","|switch|p1a: Zygarde|Zygarde|420/420","|-ability|p1a: Zygarde|Aura Break","|switch|p2a: Slowbro|Slowbro, M|394/394","|","|turn|14","|","|move|p1a: Zygarde|Coil|p1a: Zygarde","|-boost|p1a: Zygarde|atk|1","|-boost|p1a: Zygarde|def|1","|-boost|p1a: Zygarde|accuracy|1","|move|p2a: Slowbro|Yawn|p1a: Zygarde","|-start|p1a: Zygarde|move: Yawn|[of] p2a: Slowbro","|","|turn|15","|","|move|p1a: Zygarde|Earthquake|p2a: Slowbro","|-damage|p2a: Slowbro|232/394","|move|p2a: Slowbro|Scald|p1a: Zygarde","|-crit|p1a: Zygarde","|-damage|p1a: Zygarde|276/420","|","|-end|p1a: Zygarde|move: Yawn|[silent]","|-status|p1a: Zygarde|slp","|-heal|p1a: Zygarde|302/420 slp|[from] item: Leftovers","|turn|16","|","|switch|p1a: Kyurem-Black|Kyurem-Black|319/391 tox","|-ability|p1a: Kyurem-Black|Teravolt","|move|p2a: Slowbro|Slack Off|p2a: Slowbro","|-heal|p2a: Slowbro|394/394","|","|-damage|p1a: Kyurem-Black|295/391 tox|[from] psn","|turn|17","|","|switch|p2a: Mew|Mew|110/404","|move|p1a: Kyurem-Black|Fusion Bolt|p2a: Mew","|-damage|p2a: Mew|0 fnt","|faint|p2a: Mew","|","|-damage|p1a: Kyurem-Black|247/391 tox|[from] psn","|","|switch|p2a: Latias|Latias, F|306/364","|turn|18","|","|switch|p1a: Goodra|Goodra, F|383/383","|move|p2a: Latias|Draco Meteor|p1a: Goodra","|-supereffective|p1a: Goodra","|-damage|p1a: Goodra|237/383","|-unboost|p2a: Latias|spa|2","|","|-heal|p2a: Latias|328/364|[from] item: Leftovers","|turn|19","|","|switch|p2a: Gardevoir|Gardevoir-Mega, F|148/277","|move|p1a: Goodra|Sludge Wave|p2a: Gardevoir","|-supereffective|p2a: Gardevoir","|-damage|p2a: Gardevoir|0 fnt","|faint|p2a: Gardevoir","|","|","|switch|p2a: Hoopa-Unbound|Hoopa-Unbound|301/301 par","|turn|20","|","|move|p1a: Goodra|Draco Meteor|p2a: Hoopa-Unbound","|-damage|p2a: Hoopa-Unbound|123/301 par","|-unboost|p1a: Goodra|spa|2","|move|p2a: Hoopa-Unbound|Hyperspace Fury|p1a: Goodra","|-crit|p1a: Goodra","|-damage|p1a: Goodra|0 fnt","|-unboost|p2a: Hoopa-Unbound|def|1","|faint|p1a: Goodra","|","|","|switch|p1a: Kyurem-Black|Kyurem-Black|247/391 tox","|-ability|p1a: Kyurem-Black|Teravolt","|turn|21","|","|move|p1a: Kyurem-Black|Outrage|p2a: Hoopa-Unbound","|-damage|p2a: Hoopa-Unbound|0 fnt","|faint|p2a: Hoopa-Unbound","|","|-damage|p1a: Kyurem-Black|223/391 tox|[from] psn","|","|switch|p2a: Slowbro|Slowbro, M|394/394","|turn|22","|","|move|p1a: Kyurem-Black|Outrage|p2a: Slowbro|[from]lockedmove","|-damage|p2a: Slowbro|121/394","|-damage|p1a: Kyurem-Black|158/391 tox|[from] item: Rocky Helmet|[of] p2a: Slowbro","|move|p2a: Slowbro|Slack Off|p2a: Slowbro","|-heal|p2a: Slowbro|318/394","|","|-damage|p1a: Kyurem-Black|110/391 tox|[from] psn","|turn|23","|","|move|p1a: Kyurem-Black|Outrage|p2a: Slowbro|[from]lockedmove","|-damage|p2a: Slowbro|23/394","|-damage|p1a: Kyurem-Black|45/391 tox|[from] item: Rocky Helmet|[of] p2a: Slowbro","|-start|p1a: Kyurem-Black|confusion|[fatigue]","|move|p2a: Slowbro|Slack Off|p2a: Slowbro","|-heal|p2a: Slowbro|220/394","|","|-damage|p1a: Kyurem-Black|0 fnt|[from] psn","|faint|p1a: Kyurem-Black","|","|switch|p1a: Latios|Latios, M|301/301","|turn|24","|","|switch|p2a: Deoxys-Speed|Deoxys-Speed|304/304","|-ability|p2a: Deoxys-Speed|Pressure","|move|p1a: Latios|Draco Meteor|p2a: Deoxys-Speed|[miss]","|-miss|p1a: Latios|p2a: Deoxys-Speed","|","|turn|25","|","|move|p1a: Latios|Draco Meteor|p2a: Deoxys-Speed","|-damage|p2a: Deoxys-Speed|72/304","|-unboost|p1a: Latios|spa|2","|move|p2a: Deoxys-Speed|Ice Beam|p1a: Latios","|-supereffective|p1a: Latios","|-damage|p1a: Latios|163/301","|","|turn|26","|","|move|p1a: Latios|Draco Meteor|p2a: Deoxys-Speed","|-damage|p2a: Deoxys-Speed|0 fnt","|-unboost|p1a: Latios|spa|2","|faint|p2a: Deoxys-Speed","|","|","|switch|p2a: Latias|Latias, F|328/364","|turn|27","|","|switch|p1a: Zygarde|Zygarde|302/420 slp","|-ability|p1a: Zygarde|Aura Break","|move|p2a: Latias|Draco Meteor|p1a: Zygarde","|-supereffective|p1a: Zygarde","|-damage|p1a: Zygarde|0 fnt","|-unboost|p2a: Latias|spa|2","|faint|p1a: Zygarde","|","|-heal|p2a: Latias|350/364|[from] item: Leftovers","|","|switch|p1a: Latios|Latios, M|163/301","|turn|28","|","|switch|p2a: Slowbro|Slowbro, M|351/394","|move|p1a: Latios|Trick|p2a: Slowbro","|-activate|p1a: Latios|move: Trick|[of] p2a: Slowbro","|-item|p2a: Slowbro|Choice Scarf|[from] move: Trick","|-item|p1a: Latios|Rocky Helmet|[from] move: Trick","|","|turn|29","|","|move|p1a: Latios|Energy Ball|p2a: Slowbro","|-supereffective|p2a: Slowbro","|-damage|p2a: Slowbro|71/394","|move|p2a: Slowbro|Yawn|p1a: Latios","|-start|p1a: Latios|move: Yawn|[of] p2a: Slowbro","|","|turn|30","|","|move|p1a: Latios|Energy Ball|p2a: Slowbro","|-supereffective|p2a: Slowbro","|-damage|p2a: Slowbro|0 fnt","|faint|p2a: Slowbro","|","|-end|p1a: Latios|move: Yawn|[silent]","|-status|p1a: Latios|slp","|","|switch|p2a: Latias|Latias, F|350/364","|turn|31","|","|move|p2a: Latias|Draco Meteor|p1a: Latios","|-supereffective|p1a: Latios","|-damage|p1a: Latios|0 fnt","|-unboost|p2a: Latias|spa|2","|faint|p1a: Latios","|","|win|Seven Swell"],"p1rating":{"entryid":"191502","serverid":"eos","formatid":"monotype","userid":"rainzeref","username":"Rain Zeref","w":"0","l":5,"t":"0","gxe":33.9,"r":"1500","rd":"130","sigma":"0","rptime":"1440061200","rpr":1369.138447004,"rprd":103.7600541005,"rpsigma":"0","acre":1000,"lacre":1000,"oldacre":"1000"},"p2rating":{"entryid":"86214","serverid":"eos","formatid":"monotype","userid":"sevenswell","username":"Seven Swell","w":15,"l":"2","t":"0","gxe":72.4,"r":"1657.3392056267","rd":"80.221831851584","sigma":"0","rptime":"1440061200","rpr":1686.0971198761,"rprd":75.814602100324,"rpsigma":"0","acre":1244.5394755312,"lacre":1244.5394755312,"oldacre":"1234.2324664503"},"endType":"normal"}