{"seed":[34695,723,48317,61286],"turns":35,"p1":"Inferno Sableye","p2":"Void KGBeast","p1team":[{"name":"Not op","species":"sableye","item":"sablenite","ability":"Prankster","moves":["shadowball","recover","calmmind","willowisp"],"nature":"Bold","evs":{"hp":248,"atk":0,"def":252,"spa":0,"spd":8,"spe":0},"ivs":{"hp":31,"atk":0,"def":31,"spa":31,"spd":31,"spe":31}},{"name":"Rawwrrrr","species":"tyranitar","item":"leftovers","ability":"Sand Stream","moves":["stealthrock","thunderwave","rockslide","earthquake"],"nature":"Impish","evs":{"hp":252,"atk":0,"def":80,"spa":0,"spd":176,"spe":0},"ivs":{"hp":31,"atk":31,"def":31,"spa":31,"spd":31,"spe":31}},{"name":"Bish Plz","species":"bisharp","item":"lumberry","ability":"Defiant","moves":["knockoff","suckerpunch","ironhead","swordsdance"],"nature":"Adamant","evs":{"hp":0,"atk":252,"def":4,"spa":0,"spd":0,"spe":252},"gender":"M","shiny":true,"ivs":{"hp":31,"atk":31,"def":31,"spa":31,"spd":31,"spe":31}},{"name":"Oit of this world","species":"hoopaunbound","item":"choicescarf","ability":"Magician","moves":["gunkshot","hyperspacehole","hyperspacefury","drainpunch"],"nature":"Hasty","evs":{"hp":0,"atk":252,"def":0,"spa":4,"spd":0,"spe":252},"ivs":{"hp":31,"atk":31,"def":31,"spa":31,"spd":31,"spe":31}},{"name":"No pressure","species":"weavile","item":"lifeorb","ability":"Pressure","moves":["iciclecrash","iceshard","knockoff","lowkick"],"nature":"Jolly","evs":{"hp":0,"atk":252,"def":0,"spa":0,"spd":4,"spe":252},"ivs":{"hp":31,"atk":31,"def":31,"spa":31,"spd":31,"spe":31}},{"name":"Buzz off bitch","species":"mandibuzz","item":"rockyhelmet","ability":"Overcoat","moves":["roost","defog","whirlwind","foulplay"],"nature":"Bold","evs":{"hp":176,"atk":0,"def":252,"spa":0,"spd":80,"spe":0},"ivs":{"hp":31,"atk":31,"def":31,"spa":31,"spd":31,"spe":31}}],"p2team":[{"name":"Hippowdon","species":"Hippowdon","item":"rockyhelmet","ability":"Sand Stream","moves":["stealthrock","earthquake","roar","slackoff"],"nature":"Impish","evs":{"hp":248,"atk":8,"def":252,"spa":0,"spd":0,"spe":0},"ivs":{"hp":31,"atk":31,"def":31,"spa":31,"spd":31,"spe":31}},{"name":"Landorus","species":"Landorus","item":"lifeorb","ability":"Sheer Force","moves":["earthpower","sludgewave","substitute","gravity"],"nature":"Modest","evs":{"hp":0,"atk":0,"def":4,"spa":252,"spd":0,"spe":252},"ivs":{"hp":31,"atk":0,"def":31,"spa":31,"spd":31,"spe":31}},{"name":"Nidoqueen","species":"Nidoqueen","item":"assaultvest","ability":"Sheer Force","moves":["flamethrower","thunderbolt","earthpower","icebeam"],"nature":"Modest","evs":{"hp":248,"atk":0,"def":0,"spa":252,"spd":8,"spe":0},"ivs":{"hp":31,"atk":0,"def":31,"spa":31,"spd":31,"spe":31}},{"name":"Garchomp","species":"Garchomp","item":"garchompite","ability":"Rough Skin","moves":["swordsdance","earthquake","fireblast","stoneedge"],"nature":"Jolly","evs":{"hp":0,"atk":252,"def":4,"spa":0,"spd":0,"spe":252},"ivs":{"hp":31,"atk":31,"def":31,"spa":31,"spd":31,"spe":31}},{"name":"Excadrill","species":"Excadrill","item":"choiceband","ability":"Sand Rush","moves":["ironhead","earthquake","rockslide","rapidspin"],"nature":"Adamant","evs":{"hp":0,"atk":252,"def":0,"spa":0,"spd":4,"spe":252},"ivs":{"hp":31,"atk":31,"def":31,"spa":31,"spd":31,"spe":31}},{"name":"Gastrodon","species":"Gastrodon","item":"leftovers","ability":"Storm Drain","moves":["scald","earthquake","toxic","recover"],"nature":"Sassy","evs":{"hp":248,"atk":8,"def":0,"spa":0,"spd":252,"spe":0},"ivs":{"hp":31,"atk":31,"def":31,"spa":31,"spd":31,"spe":31}}],"log":["|player|p1|Inferno Sableye|infernosableye.gif","|player|p2|Void KGBeast|voidkgbeast.png","|gametype|singles","|gen|6","|tier|Monotype","|rated","|rule|Baton Pass Clause: Limit one Baton Passer, can't pass Spe and other stats simultaneously","|rule|Swagger Clause: Swagger is banned","|rule|Same Type Clause: Pokémon in a team must share a type","|clearpoke","|poke|p1|Sableye, M","|poke|p1|Tyranitar, M","|poke|p1|Bisharp, M, shiny","|poke|p1|Hoopa-Unbound","|poke|p1|Weavile, M","|poke|p1|Mandibuzz, F","|poke|p2|Hippowdon, F","|poke|p2|Landorus, M","|poke|p2|Nidoqueen, F","|poke|p2|Garchomp, F","|poke|p2|Excadrill, F","|poke|p2|Gastrodon, M","|rule|Sleep Clause Mod: Limit one foe put to sleep","|rule|Species Clause: Limit one of each Pokémon","|rule|OHKO Clause: OHKO moves are banned","|rule|Moody Clause: Moody is banned","|rule|Evasion Moves Clause: Evasion moves are banned","|rule|Endless Battle Clause: Forcing endless battles is banned","|rule|HP Percentage Mod: HP is shown in percentages","|teampreview","|","|start","|switch|p1a: No pressure|Weavile, M|281/281","|switch|p2a: Hippowdon|Hippowdon, F|419/419","|-ability|p1a: No pressure|Pressure","|-weather|Sandstorm","|turn|1","|","|switch|p1a: Buzz off bitch|Mandibuzz, F|405/405","|move|p2a: Hippowdon|Stealth Rock|p1a: Buzz off bitch","|-sidestart|p1: Inferno Sableye|move: Stealth Rock","|","|-weather|Sandstorm|[upkeep]","|turn|2","|","|switch|p2a: Garchomp|Garchomp, F|357/357","|move|p1a: Buzz off bitch|Defog|p2a: Garchomp","|-unboost|p2a: Garchomp|evasion|1","|-sideend|p1: Inferno Sableye|Stealth Rock|[from] move: Defog|[of] p1a: Buzz off bitch","|","|-weather|Sandstorm|[upkeep]","|turn|3","|","|detailschange|p2a: Garchomp|Garchomp-Mega, F","|-mega|p2a: Garchomp|Garchomp|Garchompite","|move|p2a: Garchomp|Stone Edge|p1a: Buzz off bitch","|-supereffective|p1a: Buzz off bitch","|-damage|p1a: Buzz off bitch|123/405","|move|p1a: Buzz off bitch|Foul Play|p2a: Garchomp","|-damage|p2a: Garchomp|180/357","|","|-weather|Sandstorm|[upkeep]","|turn|4","|","|move|p2a: Garchomp|Stone Edge|p1a: Buzz off bitch","|-supereffective|p1a: Buzz off bitch","|-damage|p1a: Buzz off bitch|0 fnt","|faint|p1a: Buzz off bitch","|","|-weather|Sandstorm|[upkeep]","|","|switch|p1a: No pressure|Weavile, M|281/281","|-ability|p1a: No pressure|Pressure","|turn|5","|","|switch|p2a: Gastrodon|Gastrodon, M|425/425","|move|p1a: No pressure|Ice Shard|p2a: Gastrodon","|-damage|p2a: Gastrodon|303/425","|-damage|p1a: No pressure|253/281|[from] item: Life Orb","|","|-weather|none","|-heal|p2a: Gastrodon|329/425|[from] item: Leftovers","|turn|6","|","|switch|p1a: Bish Plz|Bisharp, M, shiny|271/271","|move|p2a: Gastrodon|Scald|p1a: Bish Plz","|-damage|p1a: Bish Plz|144/271","|","|-heal|p2a: Gastrodon|355/425|[from] item: Leftovers","|turn|7","|","|switch|p2a: Hippowdon|Hippowdon, F|419/419","|-weather|Sandstorm","|move|p1a: Bish Plz|Swords Dance|p1a: Bish Plz","|-boost|p1a: Bish Plz|atk|2","|","|-weather|Sandstorm|[upkeep]","|turn|8","|","|move|p1a: Bish Plz|Knock Off|p2a: Hippowdon","|-damage|p2a: Hippowdon|163/419","|-damage|p1a: Bish Plz|99/271|[from] item: Rocky Helmet|[of] p2a: Hippowdon","|-enditem|p2a: Hippowdon|Rocky Helmet|[from] move: Knock Off|[of] p1a: Bish Plz","|move|p2a: Hippowdon|Earthquake|p1a: Bish Plz","|-supereffective|p1a: Bish Plz","|-damage|p1a: Bish Plz|0 fnt","|faint|p1a: Bish Plz","|","|-weather|Sandstorm|[upkeep]","|","|switch|p1a: No pressure|Weavile, M|253/281","|-ability|p1a: No pressure|Pressure","|turn|9","|","|switch|p2a: Nidoqueen|Nidoqueen, F|383/383","|move|p1a: No pressure|Icicle Crash|p2a: Nidoqueen","|-supereffective|p2a: Nidoqueen","|-damage|p2a: Nidoqueen|0 fnt","|-damage|p1a: No pressure|225/281|[from] item: Life Orb","|faint|p2a: Nidoqueen","|","|-weather|Sandstorm|[upkeep]","|-damage|p1a: No pressure|208/281|[from] sandstorm","|","|switch|p2a: Excadrill|Excadrill, F|361/361","|turn|10","|","|switch|p1a: Rawwrrrr|Tyranitar, M|404/404","|move|p2a: Excadrill|Earthquake|p1a: Rawwrrrr","|-supereffective|p1a: Rawwrrrr","|-damage|p1a: Rawwrrrr|0 fnt","|faint|p1a: Rawwrrrr","|","|-weather|Sandstorm|[upkeep]","|","|switch|p1a: Not op|Sableye, M|303/303","|turn|11","|","|switch|p2a: Landorus|Landorus, M|319/319","|move|p1a: Not op|Will-O-Wisp|p2a: Landorus|[miss]","|-miss|p1a: Not op|p2a: Landorus","|","|-weather|none","|turn|12","|","|switch|p1a: Oit of this world|Hoopa-Unbound|301/301","|move|p2a: Landorus|Earth Power|p1a: Oit of this world","|-damage|p1a: Oit of this world|75/301","|","|turn|13","|","|switch|p2a: Gastrodon|Gastrodon, M|355/425","|move|p1a: Oit of this world|Hyperspace Fury|p2a: Gastrodon","|-damage|p2a: Gastrodon|87/425","|-unboost|p1a: Oit of this world|def|1","|","|-heal|p2a: Gastrodon|113/425|[from] item: Leftovers","|turn|14","|","|switch|p2a: Hippowdon|Hippowdon, F|163/419","|-weather|Sandstorm","|move|p1a: Oit of this world|Hyperspace Fury|p2a: Hippowdon","|-damage|p2a: Hippowdon|24/419","|-unboost|p1a: Oit of this world|def|1","|","|-weather|Sandstorm|[upkeep]","|-damage|p1a: Oit of this world|57/301|[from] sandstorm","|turn|15","|","|switch|p2a: Gastrodon|Gastrodon, M|113/425","|move|p1a: Oit of this world|Hyperspace Fury|p2a: Gastrodon","|-damage|p2a: Gastrodon|0 fnt","|-unboost|p1a: Oit of this world|def|1","|faint|p2a: Gastrodon","|","|-weather|Sandstorm|[upkeep]","|-damage|p1a: Oit of this world|39/301|[from] sandstorm","|","|switch|p2a: Excadrill|Excadrill, F|361/361","|turn|16","|","|move|p2a: Excadrill|Earthquake|p1a: Oit of this world","|-damage|p1a: Oit of this world|0 fnt","|faint|p1a: Oit of this world","|","|-weather|Sandstorm|[upkeep]","|","|switch|p1a: Not op|Sableye, M|303/303","|turn|17","|","|switch|p2a: Landorus|Landorus, M|319/319","|move|p1a: Not op|Calm Mind|p1a: Not op","|-boost|p1a: Not op|spa|1","|-boost|p1a: Not op|spd|1","|","|-weather|Sandstorm|[upkeep]","|-damage|p1a: Not op|285/303|[from] sandstorm","|turn|18","|","|move|p1a: Not op|Calm Mind|p1a: Not op","|-boost|p1a: Not op|spa|1","|-boost|p1a: Not op|spd|1","|move|p2a: Landorus|Earth Power|p1a: Not op","|-damage|p1a: Not op|106/303","|","|-weather|none","|turn|19","|","|detailschange|p1a: Not op|Sableye-Mega, M","|-mega|p1a: Not op|Sableye|Sablenite","|move|p1a: Not op|Recover|p1a: Not op","|-heal|p1a: Not op|258/303","|move|p2a: Landorus|Earth Power|p1a: Not op","|-damage|p1a: Not op|141/303","|","|turn|20","|","|move|p2a: Landorus|Earth Power|p1a: Not op","|-damage|p1a: Not op|23/303","|move|p1a: Not op|Recover|p1a: Not op","|-heal|p1a: Not op|175/303","|","|turn|21","|","|move|p2a: Landorus|Earth Power|p1a: Not op","|-damage|p1a: Not op|65/303","|move|p1a: Not op|Recover|p1a: Not op","|-heal|p1a: Not op|217/303","|","|turn|22","|","|move|p2a: Landorus|Earth Power|p1a: Not op","|-damage|p1a: Not op|107/303","|move|p1a: Not op|Recover|p1a: Not op","|-heal|p1a: Not op|259/303","|","|turn|23","|","|move|p2a: Landorus|Earth Power|p1a: Not op","|-damage|p1a: Not op|137/303","|move|p1a: Not op|Recover|p1a: Not op","|-heal|p1a: Not op|289/303","|","|turn|24","|","|move|p2a: Landorus|Earth Power|p1a: Not op","|-damage|p1a: Not op|159/303","|move|p1a: Not op|Calm Mind|p1a: Not op","|-boost|p1a: Not op|spa|1","|-boost|p1a: Not op|spd|1","|","|turn|25","|","|switch|p2a: Hippowdon|Hippowdon, F|24/419","|-weather|Sandstorm","|move|p1a: Not op|Recover|p1a: Not op","|-heal|p1a: Not op|303/303","|","|-weather|Sandstorm|[upkeep]","|-damage|p1a: Not op|285/303|[from] sandstorm","|turn|26","|","|switch|p2a: Landorus|Landorus, M|319/319","|move|p1a: Not op|Calm Mind|p1a: Not op","|-boost|p1a: Not op|spa|1","|-boost|p1a: Not op|spd|1","|","|-weather|Sandstorm|[upkeep]","|-damage|p1a: Not op|267/303|[from] sandstorm","|turn|27","|","|move|p2a: Landorus|Earth Power|p1a: Not op","|-damage|p1a: Not op|188/303","|move|p1a: Not op|Will-O-Wisp|p2a: Landorus","|-status|p2a: Landorus|brn","|","|-weather|Sandstorm|[upkeep]","|-damage|p1a: Not op|170/303|[from] sandstorm","|-damage|p2a: Landorus|280/319 brn|[from] brn","|turn|28","|","|move|p2a: Landorus|Earth Power|p1a: Not op","|-damage|p1a: Not op|88/303","|move|p1a: Not op|Recover|p1a: Not op","|-heal|p1a: Not op|240/303","|","|-weather|Sandstorm|[upkeep]","|-damage|p1a: Not op|222/303|[from] sandstorm","|-damage|p2a: Landorus|241/319 brn|[from] brn","|turn|29","|","|move|p2a: Landorus|Earth Power|p1a: Not op","|-damage|p1a: Not op|143/303","|move|p1a: Not op|Recover|p1a: Not op","|-heal|p1a: Not op|295/303","|","|-weather|none","|-damage|p2a: Landorus|202/319 brn|[from] brn","|turn|30","|","|move|p2a: Landorus|Earth Power|p1a: Not op","|-damage|p1a: Not op|212/303","|move|p1a: Not op|Recover|p1a: Not op","|-heal|p1a: Not op|303/303","|","|-damage|p2a: Landorus|163/319 brn|[from] brn","|turn|31","|","|move|p2a: Landorus|Earth Power|p1a: Not op","|-damage|p1a: Not op|216/303","|move|p1a: Not op|Shadow Ball|p2a: Landorus","|-damage|p2a: Landorus|0 fnt","|faint|p2a: Landorus","|","|","|switch|p2a: Excadrill|Excadrill, F|361/361","|turn|32","|","|move|p2a: Excadrill|Earthquake|p1a: Not op","|-damage|p1a: Not op|35/303","|move|p1a: Not op|Will-O-Wisp|p2a: Excadrill","|-status|p2a: Excadrill|brn","|","|-damage|p2a: Excadrill|316/361 brn|[from] brn","|turn|33","|","|move|p2a: Excadrill|Earthquake|p1a: Not op","|-damage|p1a: Not op|0 fnt","|faint|p1a: Not op","|","|-damage|p2a: Excadrill|271/361 brn|[from] brn","|","|switch|p1a: No pressure|Weavile, M|208/281","|-ability|p1a: No pressure|Pressure","|turn|34","|","|switch|p2a: Hippowdon|Hippowdon, F|24/419","|-weather|Sandstorm","|move|p1a: No pressure|Icicle Crash|p2a: Hippowdon","|-supereffective|p2a: Hippowdon","|-damage|p2a: Hippowdon|0 fnt","|-damage|p1a: No pressure|180/281|[from] item: Life Orb","|faint|p2a: Hippowdon","|","|-weather|Sandstorm|[upkeep]","|-damage|p1a: No pressure|163/281|[from] sandstorm","|","|switch|p2a: Excadrill|Excadrill, F|271/361 brn","|turn|35","|","|move|p1a: No pressure|Ice Shard|p2a: Excadrill","|-damage|p2a: Excadrill|131/361 brn","|-damage|p1a: No pressure|135/281|[from] item: Life Orb","|move|p2a: Excadrill|Iron Head|p1a: No pressure","|-supereffective|p1a: No pressure","|-damage|p1a: No pressure|0 fnt","|faint|p1a: No pressure","|","|win|Void KGBeast"],"p1rating":{"entryid":"83803","serverid":"eos","formatid":"monotype","userid":"infernosableye","username":"Inferno Sableye","w":"18","l":6,"t":"0","gxe":68.7,"r":"1662.8474925572","rd":"72.058346226027","sigma":"0","rptime":"1440061200","rpr":1650.9136109374,"rprd":66.923695645868,"rpsigma":"0","acre":1229.8539825407,"lacre":1229.8539825407,"oldacre":"1258.3594208119"},"p2rating":{"entryid":"129714","serverid":"eos","formatid":"monotype","userid":"voidkgbeast","username":"Void KGBeast","w":13,"l":"6","t":"0","gxe":63.4,"r":"1550.5099091248","rd":"78.024947068447","sigma":"0","rptime":"1440061200","rpr":1605.5281813168,"rprd":72.120272633846,"rpsigma":"0","acre":1237.82520775,"lacre":1237.82520775,"oldacre":"1209.3197694788"},"endType":"normal"}