{"seed":[55021,13827,34832,3359],"turns":22,"p1":"Void Wiley","p2":"Rain Zeref","p1team":[{"name":"Tuba","species":"slurpuff","item":"sitrusberry","ability":"Unburden","moves":["bellydrum","drainpunch","playrough","aromatherapy"],"nature":"Jolly","evs":{"hp":4,"atk":252,"def":0,"spa":0,"spd":0,"spe":252},"ivs":{"hp":31,"atk":31,"def":31,"spa":31,"spd":31,"spe":31}},{"name":"Clarinet","species":"azumarill","item":"sitrusberry","ability":"Huge Power","moves":["bellydrum","aquajet","brickbreak","playrough"],"nature":"Adamant","evs":{"hp":252,"atk":252,"def":0,"spa":0,"spd":4,"spe":0},"ivs":{"hp":31,"atk":31,"def":31,"spa":31,"spd":31,"spe":31}},{"name":"Flute","species":"gardevoir","item":"gardevoirite","ability":"Synchronize","moves":["psyshock","hypervoice","energyball","focusblast"],"nature":"Timid","evs":{"hp":4,"atk":0,"def":0,"spa":252,"spd":0,"spe":252},"ivs":{"hp":31,"atk":31,"def":31,"spa":31,"spd":31,"spe":31}},{"name":"Alto","species":"togekiss","item":"choicescarf","ability":"Serene Grace","moves":["airslash","flamethrower","aurasphere","dazzlinggleam"],"nature":"Timid","evs":{"hp":0,"atk":0,"def":0,"spa":252,"spd":4,"spe":252},"ivs":{"hp":31,"atk":31,"def":31,"spa":31,"spd":31,"spe":31}},{"name":"Sax","species":"klefki","item":"lightclay","ability":"Prankster","moves":["thunderwave","lightscreen","reflect","foulplay"],"nature":"Bold","evs":{"hp":248,"atk":0,"def":252,"spa":0,"spd":8,"spe":0},"ivs":{"hp":31,"atk":31,"def":31,"spa":31,"spd":31,"spe":31}},{"name":"Trumpet","species":"sylveon","item":"leftovers","ability":"Pixilate","moves":["hypervoice","wish","protect","calmmind"],"nature":"Bold","evs":{"hp":252,"atk":0,"def":252,"spa":4,"spd":0,"spe":0},"ivs":{"hp":31,"atk":31,"def":31,"spa":31,"spd":31,"spe":31}}],"p2team":[{"name":"DEEZ NUTS!","species":"bisharp","item":"choicescarf","ability":"Defiant","moves":["brickbreak","suckerpunch","knockoff","ironhead"],"nature":"Jolly","evs":{"hp":0,"atk":252,"def":0,"spa":0,"spd":4,"spe":252},"gender":"M","shiny":true,"ivs":{"hp":31,"atk":31,"def":31,"spa":31,"spd":31,"spe":31}},{"name":"DEEZ NUTS!!","species":"weavile","item":"choicescarf","ability":"Pressure","moves":["iceshard","iciclecrash","knockoff","brickbreak"],"nature":"Adamant","evs":{"hp":0,"atk":252,"def":0,"spa":0,"spd":4,"spe":252},"gender":"F","ivs":{"hp":31,"atk":31,"def":31,"spa":31,"spd":31,"spe":31}},{"name":"DEEZ NUTS!!!","species":"mandibuzz","item":"leftovers","ability":"Overcoat","moves":["toxic","roost","foulplay","whirlwind"],"nature":"Bold","evs":{"hp":252,"atk":0,"def":252,"spa":0,"spd":4,"spe":0},"shiny":true,"ivs":{"hp":31,"atk":31,"def":31,"spa":31,"spd":31,"spe":31}},{"name":"DEEZ NUTS!!!!","species":"zoroark","item":"choicespecs","ability":"Illusion","moves":["darkpulse","flamethrower","trick","extrasensory"],"nature":"Timid","evs":{"hp":0,"atk":0,"def":0,"spa":252,"spd":4,"spe":252},"gender":"F","shiny":true,"ivs":{"hp":31,"atk":31,"def":31,"spa":31,"spd":31,"spe":31}},{"name":"DEEZ NUTS!!!!!","species":"hoopaunbound","item":"lifeorb","ability":"Magician","moves":["substitute","hyperspacefury","knockoff","zenheadbutt"],"nature":"Jolly","evs":{"hp":0,"atk":252,"def":0,"spa":0,"spd":4,"spe":252},"ivs":{"hp":31,"atk":31,"def":31,"spa":31,"spd":31,"spe":31}},{"name":"DEEZ NUTS!!!!!!","species":"tyranitar","item":"tyranitarite","ability":"Sand Stream","moves":["dragondance","stoneedge","crunch","earthquake"],"nature":"Jolly","evs":{"hp":0,"atk":252,"def":0,"spa":0,"spd":4,"spe":252},"ivs":{"hp":31,"atk":31,"def":31,"spa":31,"spd":31,"spe":31}}],"log":["|player|p1|Void Wiley|voidwiley.png","|player|p2|Rain Zeref|rainzeref.png","|gametype|singles","|gen|6","|tier|Monotype","|rated","|rule|Baton Pass Clause: Limit one Baton Passer, can't pass Spe and other stats simultaneously","|rule|Swagger Clause: Swagger is banned","|rule|Same Type Clause: Pokémon in a team must share a type","|clearpoke","|poke|p1|Slurpuff, F","|poke|p1|Azumarill, M","|poke|p1|Gardevoir, M","|poke|p1|Togekiss, F","|poke|p1|Klefki, F","|poke|p1|Sylveon, M","|poke|p2|Bisharp, M, shiny","|poke|p2|Weavile, F","|poke|p2|Mandibuzz, F, shiny","|poke|p2|Zoroark, F, shiny","|poke|p2|Hoopa-Unbound","|poke|p2|Tyranitar, M","|rule|Sleep Clause Mod: Limit one foe put to sleep","|rule|Species Clause: Limit one of each Pokémon","|rule|OHKO Clause: OHKO moves are banned","|rule|Moody Clause: Moody is banned","|rule|Evasion Moves Clause: Evasion moves are banned","|rule|Endless Battle Clause: Forcing endless battles is banned","|rule|HP Percentage Mod: HP is shown in percentages","|teampreview","|","|start","|switch|p1a: Sax|Klefki, F|317/317","|switch|p2a: DEEZ NUTS!!!!!!|Tyranitar, M|341/341","|-weather|Sandstorm","|turn|1","|","|detailschange|p2a: DEEZ NUTS!!!!!!|Tyranitar-Mega, M","|-mega|p2a: DEEZ NUTS!!!!!!|Tyranitar|Tyranitarite","|move|p1a: Sax|Thunder Wave|p2a: DEEZ NUTS!!!!!!","|-status|p2a: DEEZ NUTS!!!!!!|par","|cant|p2a: DEEZ NUTS!!!!!!|par","|","|-weather|Sandstorm|[upkeep]","|turn|2","|","|move|p1a: Sax|Reflect|p1a: Sax","|-sidestart|p1: Void Wiley|Reflect","|move|p2a: DEEZ NUTS!!!!!!|Earthquake|p1a: Sax","|-supereffective|p1a: Sax","|-damage|p1a: Sax|204/317","|","|-weather|Sandstorm|[upkeep]","|turn|3","|","|move|p1a: Sax|Light Screen|p1a: Sax","|-sidestart|p1: Void Wiley|move: Light Screen","|cant|p2a: DEEZ NUTS!!!!!!|par","|","|-weather|Sandstorm|[upkeep]","|turn|4","|","|move|p1a: Sax|Foul Play|p2a: DEEZ NUTS!!!!!!","|-crit|p2a: DEEZ NUTS!!!!!!","|-resisted|p2a: DEEZ NUTS!!!!!!","|-damage|p2a: DEEZ NUTS!!!!!!|271/341 par","|move|p2a: DEEZ NUTS!!!!!!|Dragon Dance|p2a: DEEZ NUTS!!!!!!","|-boost|p2a: DEEZ NUTS!!!!!!|atk|1","|-boost|p2a: DEEZ NUTS!!!!!!|spe|1","|","|-weather|Sandstorm|[upkeep]","|turn|5","|","|move|p1a: Sax|Foul Play|p2a: DEEZ NUTS!!!!!!","|-resisted|p2a: DEEZ NUTS!!!!!!","|-damage|p2a: DEEZ NUTS!!!!!!|195/341 par","|move|p2a: DEEZ NUTS!!!!!!|Dragon Dance|p2a: DEEZ NUTS!!!!!!","|-boost|p2a: DEEZ NUTS!!!!!!|atk|1","|-boost|p2a: DEEZ NUTS!!!!!!|spe|1","|","|-weather|none","|turn|6","|","|move|p1a: Sax|Foul Play|p2a: DEEZ NUTS!!!!!!","|-resisted|p2a: DEEZ NUTS!!!!!!","|-damage|p2a: DEEZ NUTS!!!!!!|105/341 par","|move|p2a: DEEZ NUTS!!!!!!|Earthquake|p1a: Sax","|-supereffective|p1a: Sax","|-damage|p1a: Sax|0 fnt","|faint|p1a: Sax","|","|","|switch|p1a: Tuba|Slurpuff, F|306/306","|turn|7","|","|move|p1a: Tuba|Play Rough|p2a: DEEZ NUTS!!!!!!","|-supereffective|p2a: DEEZ NUTS!!!!!!","|-damage|p2a: DEEZ NUTS!!!!!!|0 fnt","|faint|p2a: DEEZ NUTS!!!!!!","|","|","|switch|p2a: DEEZ NUTS!|Bisharp, M, shiny|271/271","|turn|8","|","|move|p2a: DEEZ NUTS!|Iron Head|p1a: Tuba","|-supereffective|p1a: Tuba","|-damage|p1a: Tuba|155/306","|move|p1a: Tuba|Drain Punch|p2a: DEEZ NUTS!","|-supereffective|p2a: DEEZ NUTS!","|-damage|p2a: DEEZ NUTS!|19/271","|-heal|p1a: Tuba|281/306|[from] drain|[of] p2a: DEEZ NUTS!","|","|turn|9","|","|move|p2a: DEEZ NUTS!|Iron Head|p1a: Tuba","|-crit|p1a: Tuba","|-supereffective|p1a: Tuba","|-damage|p1a: Tuba|0 fnt","|faint|p1a: Tuba","|","|-sideend|p1: Void Wiley|Reflect","|","|switch|p1a: Clarinet|Azumarill, M|404/404","|turn|10","|","|move|p1a: Clarinet|Aqua Jet|p2a: DEEZ NUTS!","|-damage|p2a: DEEZ NUTS!|0 fnt","|faint|p2a: DEEZ NUTS!","|","|-sideend|p1: Void Wiley|move: Light Screen","|","|switch|p2a: DEEZ NUTS!!!!!|Hoopa-Unbound|301/301","|turn|11","|","|move|p2a: DEEZ NUTS!!!!!|Hyperspace Fury|p1a: Clarinet","|-resisted|p1a: Clarinet","|-damage|p1a: Clarinet|239/404","|-unboost|p2a: DEEZ NUTS!!!!!|def|1","|-damage|p2a: DEEZ NUTS!!!!!|271/301|[from] item: Life Orb","|move|p1a: Clarinet|Play Rough|p2a: DEEZ NUTS!!!!!|[miss]","|-miss|p1a: Clarinet|p2a: DEEZ NUTS!!!!!","|","|turn|12","|","|move|p2a: DEEZ NUTS!!!!!|Zen Headbutt|p1a: Clarinet","|-damage|p1a: Clarinet|0 fnt","|-damage|p2a: DEEZ NUTS!!!!!|241/301|[from] item: Life Orb","|faint|p1a: Clarinet","|","|","|switch|p1a: Trumpet|Sylveon, M|394/394","|turn|13","|","|move|p2a: DEEZ NUTS!!!!!|Substitute|p2a: DEEZ NUTS!!!!!","|-start|p2a: DEEZ NUTS!!!!!|Substitute","|-damage|p2a: DEEZ NUTS!!!!!|166/301","|move|p1a: Trumpet|Hyper Voice|p2a: DEEZ NUTS!!!!!","|-crit|p2a: DEEZ NUTS!!!!!","|-supereffective|p2a: DEEZ NUTS!!!!!","|-damage|p2a: DEEZ NUTS!!!!!|0 fnt","|faint|p2a: DEEZ NUTS!!!!!","|","|","|switch|p2a: DEEZ NUTS!!|Weavile, F|281/281","|-ability|p2a: DEEZ NUTS!!|Pressure","|turn|14","|","|move|p2a: DEEZ NUTS!!|Icicle Crash|p1a: Trumpet","|-crit|p1a: Trumpet","|-damage|p1a: Trumpet|190/394","|cant|p1a: Trumpet|flinch","|","|-heal|p1a: Trumpet|214/394|[from] item: Leftovers","|turn|15","|","|move|p1a: Trumpet|Protect|p1a: Trumpet","|-singleturn|p1a: Trumpet|Protect","|move|p2a: DEEZ NUTS!!|Icicle Crash|p1a: Trumpet","|-activate|p1a: Trumpet|Protect","|","|-heal|p1a: Trumpet|238/394|[from] item: Leftovers","|turn|16","|","|move|p2a: DEEZ NUTS!!|Icicle Crash|p1a: Trumpet","|-damage|p1a: Trumpet|100/394","|move|p1a: Trumpet|Wish|p1a: Trumpet","|","|-heal|p1a: Trumpet|124/394|[from] item: Leftovers","|turn|17","|","|move|p1a: Trumpet|Protect|p1a: Trumpet","|-singleturn|p1a: Trumpet|Protect","|move|p2a: DEEZ NUTS!!|Icicle Crash|p1a: Trumpet","|-activate|p1a: Trumpet|Protect","|","|-heal|p1a: Trumpet|321/394|[from] move: Wish|[wisher] Trumpet","|-heal|p1a: Trumpet|345/394|[from] item: Leftovers","|turn|18","|","|move|p2a: DEEZ NUTS!!|Icicle Crash|p1a: Trumpet","|-damage|p1a: Trumpet|194/394","|move|p1a: Trumpet|Wish|p1a: Trumpet","|","|-heal|p1a: Trumpet|218/394|[from] item: Leftovers","|turn|19","|","|move|p2a: DEEZ NUTS!!|Icicle Crash|p1a: Trumpet|[miss]","|-miss|p2a: DEEZ NUTS!!|p1a: Trumpet","|move|p1a: Trumpet|Hyper Voice|p2a: DEEZ NUTS!!","|-supereffective|p2a: DEEZ NUTS!!","|-damage|p2a: DEEZ NUTS!!|0 fnt","|faint|p2a: DEEZ NUTS!!","|","|-heal|p1a: Trumpet|394/394|[from] move: Wish|[wisher] Trumpet","|","|switch|p2a: DEEZ NUTS!!!|Mandibuzz, F, shiny|424/424","|turn|20","|","|move|p2a: DEEZ NUTS!!!|Toxic|p1a: Trumpet","|-status|p1a: Trumpet|tox","|move|p1a: Trumpet|Calm Mind|p1a: Trumpet","|-boost|p1a: Trumpet|spa|1","|-boost|p1a: Trumpet|spd|1","|","|-damage|p1a: Trumpet|370/394 tox|[from] psn","|turn|21","|","|move|p2a: DEEZ NUTS!!!|Roost|p2a: DEEZ NUTS!!!","|-fail|p2a: DEEZ NUTS!!!","|move|p1a: Trumpet|Hyper Voice|p2a: DEEZ NUTS!!!","|-supereffective|p2a: DEEZ NUTS!!!","|-damage|p2a: DEEZ NUTS!!!|0 fnt","|faint|p2a: DEEZ NUTS!!!","|","|-heal|p1a: Trumpet|394/394 tox|[from] item: Leftovers","|-damage|p1a: Trumpet|346/394 tox|[from] psn","|","|switch|p2a: DEEZ NUTS!!!!|Zoroark, F, shiny|261/261","|turn|22","|","|move|p2a: DEEZ NUTS!!!!|Extrasensory|p1a: Trumpet","|-damage|p1a: Trumpet|278/394 tox","|move|p1a: Trumpet|Hyper Voice|p2a: DEEZ NUTS!!!!","|-supereffective|p2a: DEEZ NUTS!!!!","|-damage|p2a: DEEZ NUTS!!!!|0 fnt","|faint|p2a: DEEZ NUTS!!!!","|","|win|Void Wiley"],"p1rating":{"entryid":"91212","serverid":"eos","formatid":"monotype","userid":"voidwiley","username":"Void Wiley","w":9,"l":"5","t":"0","gxe":58.5,"r":"1550.4033229907","rd":"86.298459960567","sigma":"0","rptime":"1440061200","rpr":1566.5286639415,"rprd":80.198583699846,"rpsigma":"0","acre":1119.2869445424,"lacre":1119.2869445424,"oldacre":"1095.350657606"},"p2rating":{"entryid":"191502","serverid":"eos","formatid":"monotype","userid":"rainzeref","username":"Rain Zeref","w":"3","l":9,"t":"0","gxe":37.9,"r":"1500","rd":"130","sigma":"0","rptime":"1440061200","rpr":1404.8718114983,"rprd":83.452223294438,"rpsigma":"0","acre":1052.1975331471,"lacre":1052.1975331471,"oldacre":"1071.5025471083"},"endType":"normal"}