{"seed":[2925,53469,29164,55464],"turns":24,"p1":"alliance - mxy","p2":"Rain Zeref","p1team":[{"name":"Diancie","species":"Diancie","item":"diancite","ability":"Clear Body","moves":["moonblast","diamondstorm","earthpower","protect"],"nature":"Naive","evs":{"hp":0,"atk":4,"def":0,"spa":252,"spd":0,"spe":252},"ivs":{"hp":31,"atk":31,"def":31,"spa":31,"spd":31,"spe":31}},{"name":"Cradily","species":"Cradily","item":"leftovers","ability":"Storm Drain","moves":["gigadrain","earthpower","recover","stealthrock"],"nature":"Calm","evs":{"hp":248,"atk":0,"def":0,"spa":8,"spd":252,"spe":0},"ivs":{"hp":31,"atk":31,"def":31,"spa":31,"spd":31,"spe":31}},{"name":"Aggron","species":"Aggron","item":"aggronite","ability":"Sturdy","moves":["firepunch","heavyslam","rest","thunderwave"],"nature":"Impish","evs":{"hp":248,"atk":0,"def":136,"spa":0,"spd":124,"spe":0},"ivs":{"hp":31,"atk":31,"def":31,"spa":31,"spd":31,"spe":31}},{"name":"Omastar","species":"Omastar","item":"focussash","ability":"Weak Armor","moves":["surf","ancientpower","icebeam","shellsmash"],"nature":"Timid","evs":{"hp":0,"atk":0,"def":0,"spa":252,"spd":4,"spe":252},"ivs":{"hp":31,"atk":31,"def":31,"spa":31,"spd":31,"spe":31}},{"name":"Shuckle","species":"Shuckle","item":"whiteherb","ability":"Sturdy","moves":["stickyweb","toxic","encore","knockoff"],"nature":"Sassy","evs":{"hp":248,"atk":0,"def":172,"spa":0,"spd":88,"spe":0},"ivs":{"hp":31,"atk":31,"def":31,"spa":31,"spd":31,"spe":31}},{"name":"Golem","species":"Golem","item":"weaknesspolicy","ability":"Sturdy","moves":["suckerpunch","firepunch","earthquake","stoneedge"],"nature":"Jolly","evs":{"hp":0,"atk":252,"def":4,"spa":0,"spd":0,"spe":252},"ivs":{"hp":31,"atk":31,"def":31,"spa":31,"spd":31,"spe":31}}],"p2team":[{"name":"DEEZ NUTS!","species":"bisharp","item":"choicescarf","ability":"Defiant","moves":["brickbreak","suckerpunch","knockoff","ironhead"],"nature":"Jolly","evs":{"hp":0,"atk":252,"def":0,"spa":0,"spd":4,"spe":252},"gender":"M","shiny":true,"ivs":{"hp":31,"atk":31,"def":31,"spa":31,"spd":31,"spe":31}},{"name":"DEEZ NUTS!!","species":"weavile","item":"choicescarf","ability":"Pressure","moves":["iceshard","iciclecrash","knockoff","brickbreak"],"nature":"Adamant","evs":{"hp":0,"atk":252,"def":0,"spa":0,"spd":4,"spe":252},"gender":"F","ivs":{"hp":31,"atk":31,"def":31,"spa":31,"spd":31,"spe":31}},{"name":"DEEZ NUTS!!!","species":"mandibuzz","item":"leftovers","ability":"Overcoat","moves":["toxic","roost","foulplay","whirlwind"],"nature":"Bold","evs":{"hp":252,"atk":0,"def":252,"spa":0,"spd":4,"spe":0},"shiny":true,"ivs":{"hp":31,"atk":31,"def":31,"spa":31,"spd":31,"spe":31}},{"name":"DEEZ NUTS!!!!","species":"zoroark","item":"choicespecs","ability":"Illusion","moves":["darkpulse","flamethrower","trick","extrasensory"],"nature":"Timid","evs":{"hp":0,"atk":0,"def":0,"spa":252,"spd":4,"spe":252},"gender":"F","shiny":true,"ivs":{"hp":31,"atk":31,"def":31,"spa":31,"spd":31,"spe":31}},{"name":"DEEZ NUTS!!!!!","species":"absol","item":"absolite","ability":"Super Luck","moves":["darkpulse","thunderbolt","flamethrower","playrough"],"nature":"Timid","evs":{"hp":0,"atk":0,"def":0,"spa":252,"spd":4,"spe":252},"gender":"F","shiny":true,"ivs":{"hp":31,"atk":31,"def":31,"spa":31,"spd":31,"spe":31}},{"name":"DEEZ NUTS!!!!!!","species":"hydreigon","item":"choicescarf","ability":"Levitate","moves":["dracometeor","flamethrower","flashcannon","darkpulse"],"nature":"Timid","evs":{"hp":0,"atk":0,"def":0,"spa":252,"spd":4,"spe":252},"gender":"M","shiny":true,"ivs":{"hp":31,"atk":31,"def":31,"spa":31,"spd":31,"spe":31}}],"log":["|player|p1|alliance - mxy|270","|player|p2|Rain Zeref|rainzeref.png","|gametype|singles","|gen|6","|tier|Monotype","|rated","|rule|Baton Pass Clause: Limit one Baton Passer, can't pass Spe and other stats simultaneously","|rule|Swagger Clause: Swagger is banned","|rule|Same Type Clause: Pokémon in a team must share a type","|clearpoke","|poke|p1|Diancie","|poke|p1|Cradily, F","|poke|p1|Aggron, F","|poke|p1|Omastar, M","|poke|p1|Shuckle, M","|poke|p1|Golem, M","|poke|p2|Bisharp, M, shiny","|poke|p2|Weavile, F","|poke|p2|Mandibuzz, F, shiny","|poke|p2|Zoroark, F, shiny","|poke|p2|Absol, F, shiny","|poke|p2|Hydreigon, M, shiny","|rule|Sleep Clause Mod: Limit one foe put to sleep","|rule|Species Clause: Limit one of each Pokémon","|rule|OHKO Clause: OHKO moves are banned","|rule|Moody Clause: Moody is banned","|rule|Evasion Moves Clause: Evasion moves are banned","|rule|Endless Battle Clause: Forcing endless battles is banned","|rule|HP Percentage Mod: HP is shown in percentages","|teampreview","|","|start","|switch|p1a: Shuckle|Shuckle, M|243/243","|switch|p2a: DEEZ NUTS!!!!!!|Hydreigon, M, shiny|261/261","|turn|1","|","|move|p2a: DEEZ NUTS!!!!!!|Trick|p1a: Shuckle","|-activate|p2a: DEEZ NUTS!!!!!!|move: Trick|[of] p1a: Shuckle","|-item|p1a: Shuckle|Choice Specs|[from] move: Trick","|-item|p2a: DEEZ NUTS!!!!!!|White Herb|[from] move: Trick","|move|p1a: Shuckle|Sticky Web|p2a: DEEZ NUTS!!!!!!","|-sidestart|p2: Rain Zeref|move: Sticky Web","|","|turn|2","|","|switch|p1a: Aggron|Aggron, F|343/343","|move|p2a: DEEZ NUTS!!!!!!|Dark Pulse|p1a: Aggron","|-damage|p1a: Aggron|186/343","|","|turn|3","|","|move|p2a: DEEZ NUTS!!!!!!|Dark Pulse|p1a: Aggron","|-damage|p1a: Aggron|29/343","|move|p1a: Aggron|Heavy Slam|p2a: DEEZ NUTS!!!!!!","|replace|p2a: DEEZ NUTS!!!!|Zoroark, F, shiny|261/261","|-damage|p2a: DEEZ NUTS!!!!|81/261","|","|turn|4","|","|move|p2a: DEEZ NUTS!!!!|Extrasensory|p1a: Aggron","|-crit|p1a: Aggron","|-resisted|p1a: Aggron","|-damage|p1a: Aggron|0 fnt","|faint|p1a: Aggron","|","|","|switch|p1a: Diancie|Diancie|241/241","|turn|5","|","|detailschange|p1a: Diancie|Diancie-Mega","|-mega|p1a: Diancie|Diancie|Diancite","|move|p2a: DEEZ NUTS!!!!|Extrasensory|p1a: Diancie","|-damage|p1a: Diancie|151/241","|move|p1a: Diancie|Diamond Storm|p2a: DEEZ NUTS!!!!","|-damage|p2a: DEEZ NUTS!!!!|0 fnt","|faint|p2a: DEEZ NUTS!!!!","|","|","|switch|p2a: DEEZ NUTS!|Bisharp, M, shiny|271/271","|-activate|p2a: DEEZ NUTS!|move: Sticky Web","|-unboost|p2a: DEEZ NUTS!|spe|1","|-boost|p2a: DEEZ NUTS!|atk|2|[from] ability: Defiant","|turn|6","|","|switch|p1a: Golem|Golem, M|301/301","|switch|p2a: DEEZ NUTS!!!|Mandibuzz, F, shiny|424/424","|","|turn|7","|","|switch|p1a: Diancie|Diancie-Mega|151/241","|move|p2a: DEEZ NUTS!!!|Foul Play|p1a: Diancie","|-resisted|p1a: Diancie","|-damage|p1a: Diancie|79/241","|","|turn|8","|","|move|p1a: Diancie|Moonblast|p2a: DEEZ NUTS!!!","|-supereffective|p2a: DEEZ NUTS!!!","|-damage|p2a: DEEZ NUTS!!!|4/424","|move|p2a: DEEZ NUTS!!!|Foul Play|p1a: Diancie","|-resisted|p1a: Diancie","|-damage|p1a: Diancie|7/241","|","|-heal|p2a: DEEZ NUTS!!!|30/424|[from] item: Leftovers","|turn|9","|","|move|p1a: Diancie|Moonblast|p2a: DEEZ NUTS!!!","|-crit|p2a: DEEZ NUTS!!!","|-supereffective|p2a: DEEZ NUTS!!!","|-damage|p2a: DEEZ NUTS!!!|0 fnt","|faint|p2a: DEEZ NUTS!!!","|","|","|switch|p2a: DEEZ NUTS!!!!!!|Hydreigon, M, shiny|325/325","|turn|10","|","|move|p1a: Diancie|Protect|p1a: Diancie","|-singleturn|p1a: Diancie|Protect","|move|p2a: DEEZ NUTS!!!!!!|Dark Pulse|p1a: Diancie","|-activate|p1a: Diancie|Protect","|","|turn|11","|","|switch|p1a: Shuckle|Shuckle, M|243/243","|move|p2a: DEEZ NUTS!!!!!!|Dark Pulse|p1a: Shuckle","|-damage|p1a: Shuckle|185/243","|","|turn|12","|","|switch|p2a: DEEZ NUTS!|Bisharp, M, shiny|271/271","|-activate|p2a: DEEZ NUTS!|move: Sticky Web","|-unboost|p2a: DEEZ NUTS!|spe|1","|-boost|p2a: DEEZ NUTS!|atk|2|[from] ability: Defiant","|move|p1a: Shuckle|Knock Off|p2a: DEEZ NUTS!","|-resisted|p2a: DEEZ NUTS!","|-damage|p2a: DEEZ NUTS!|262/271","|-enditem|p2a: DEEZ NUTS!|Choice Scarf|[from] move: Knock Off|[of] p1a: Shuckle","|","|turn|13","|","|move|p2a: DEEZ NUTS!|Iron Head|p1a: Shuckle","|-supereffective|p1a: Shuckle","|-damage|p1a: Shuckle|0 fnt","|faint|p1a: Shuckle","|","|","|switch|p1a: Golem|Golem, M|301/301","|turn|14","|","|switch|p2a: DEEZ NUTS!!!!!|Absol, F, shiny|271/271","|-activate|p2a: DEEZ NUTS!!!!!|move: Sticky Web","|-unboost|p2a: DEEZ NUTS!!!!!|spe|1","|move|p1a: Golem|Earthquake|p2a: DEEZ NUTS!!!!!","|-damage|p2a: DEEZ NUTS!!!!!|24/271","|","|turn|15","|","|switch|p1a: Cradily|Cradily, F|375/375","|detailschange|p2a: DEEZ NUTS!!!!!|Absol-Mega, F, shiny","|-mega|p2a: DEEZ NUTS!!!!!|Absol|Absolite","|move|p2a: DEEZ NUTS!!!!!|Dark Pulse|p1a: Cradily","|-damage|p1a: Cradily|291/375","|","|-heal|p1a: Cradily|314/375|[from] item: Leftovers","|turn|16","|","|move|p2a: DEEZ NUTS!!!!!|Dark Pulse|p1a: Cradily","|-damage|p1a: Cradily|218/375","|move|p1a: Cradily|Giga Drain|p2a: DEEZ NUTS!!!!!","|-damage|p2a: DEEZ NUTS!!!!!|0 fnt","|-heal|p1a: Cradily|230/375|[from] drain|[of] p2a: DEEZ NUTS!!!!!","|faint|p2a: DEEZ NUTS!!!!!","|","|-heal|p1a: Cradily|253/375|[from] item: Leftovers","|","|switch|p2a: DEEZ NUTS!!|Weavile, F|281/281","|-activate|p2a: DEEZ NUTS!!|move: Sticky Web","|-unboost|p2a: DEEZ NUTS!!|spe|1","|-ability|p2a: DEEZ NUTS!!|Pressure","|turn|17","|","|move|p2a: DEEZ NUTS!!|Icicle Crash|p1a: Cradily","|-supereffective|p1a: Cradily","|-damage|p1a: Cradily|0 fnt","|faint|p1a: Cradily","|","|","|switch|p1a: Omastar|Omastar, M|281/281","|turn|18","|","|switch|p2a: DEEZ NUTS!|Bisharp, M, shiny|262/271","|-activate|p2a: DEEZ NUTS!|move: Sticky Web","|-unboost|p2a: DEEZ NUTS!|spe|1","|-boost|p2a: DEEZ NUTS!|atk|2|[from] ability: Defiant","|move|p1a: Omastar|Shell Smash|p1a: Omastar","|-unboost|p1a: Omastar|def|1","|-unboost|p1a: Omastar|spd|1","|-boost|p1a: Omastar|atk|2","|-boost|p1a: Omastar|spa|2","|-boost|p1a: Omastar|spe|2","|","|turn|19","|","|move|p2a: DEEZ NUTS!|Sucker Punch|p1a: Omastar","|-enditem|p1a: Omastar|Focus Sash","|-damage|p1a: Omastar|1/281","|-unboost|p1a: Omastar|def|1|[from] ability: Weak Armor","|-boost|p1a: Omastar|spe|1|[from] ability: Weak Armor","|move|p1a: Omastar|Surf|p2a: DEEZ NUTS!","|-damage|p2a: DEEZ NUTS!|0 fnt","|faint|p2a: DEEZ NUTS!","|","|","|switch|p2a: DEEZ NUTS!!|Weavile, F|281/281","|-activate|p2a: DEEZ NUTS!!|move: Sticky Web","|-unboost|p2a: DEEZ NUTS!!|spe|1","|-ability|p2a: DEEZ NUTS!!|Pressure","|turn|20","|","|move|p2a: DEEZ NUTS!!|Ice Shard|p1a: Omastar","|-resisted|p1a: Omastar","|-damage|p1a: Omastar|0 fnt","|faint|p1a: Omastar","|","|","|switch|p1a: Golem|Golem, M|301/301","|turn|21","|","|switch|p2a: DEEZ NUTS!!!!!!|Hydreigon, M, shiny|325/325","|move|p1a: Golem|Fire Punch|p2a: DEEZ NUTS!!!!!!","|-resisted|p2a: DEEZ NUTS!!!!!!","|-damage|p2a: DEEZ NUTS!!!!!!|277/325","|","|turn|22","|","|move|p2a: DEEZ NUTS!!!!!!|Dark Pulse|p1a: Golem","|-damage|p1a: Golem|120/301","|move|p1a: Golem|Stone Edge|p2a: DEEZ NUTS!!!!!!","|-damage|p2a: DEEZ NUTS!!!!!!|100/325","|","|turn|23","|","|move|p1a: Golem|Sucker Punch|p2a: DEEZ NUTS!!!!!!","|-resisted|p2a: DEEZ NUTS!!!!!!","|-damage|p2a: DEEZ NUTS!!!!!!|52/325","|move|p2a: DEEZ NUTS!!!!!!|Dark Pulse|p1a: Golem","|-damage|p1a: Golem|0 fnt","|faint|p1a: Golem","|","|","|switch|p1a: Diancie|Diancie-Mega|7/241","|turn|24","|","|move|p2a: DEEZ NUTS!!!!!!|Dark Pulse|p1a: Diancie","|-resisted|p1a: Diancie","|-damage|p1a: Diancie|0 fnt","|faint|p1a: Diancie","|","|win|Rain Zeref"],"p1rating":{"entryid":"127788","serverid":"eos","formatid":"monotype","userid":"alliancemxy","username":"Alliance - Mxy","w":"7","l":4,"t":"0","gxe":56.3,"r":"1574.7622834084","rd":"102.97746436524","sigma":"0","rptime":"1440061200","rpr":1548.7814876712,"rprd":85.904817180208,"rpsigma":"0","acre":1104.1117127847,"lacre":1104.1117127847,"oldacre":"1135.5521418528"},"p2rating":{"entryid":"191502","serverid":"eos","formatid":"monotype","userid":"rainzeref","username":"Rain Zeref","w":2,"l":"5","t":"0","gxe":42.6,"r":"1500","rd":"130","sigma":"0","rptime":"1440061200","rpr":1442.0727269589,"rprd":96.609086687817,"rpsigma":"0","acre":1085.9913738099,"lacre":1085.9913738099,"oldacre":"1043.9839288769"},"endType":"normal"}