{"seed":[52330,274,40657,9341],"turns":26,"p1":"Seven Swell","p2":"Void Wiley","p1team":[{"name":"Mew","species":"Mew","item":"leftovers","ability":"Synchronize","moves":["roost","toxic","healbell","aurasphere"],"nature":"Calm","evs":{"hp":252,"atk":0,"def":0,"spa":4,"spd":252,"spe":0},"ivs":{"hp":31,"atk":0,"def":31,"spa":31,"spd":31,"spe":31}},{"name":"Slowbro","species":"Slowbro","item":"rockyhelmet","ability":"Regenerator","moves":["scald","yawn","flamethrower","slackoff"],"nature":"Bold","evs":{"hp":252,"atk":0,"def":252,"spa":4,"spd":0,"spe":0},"ivs":{"hp":31,"atk":0,"def":31,"spa":31,"spd":31,"spe":31}},{"name":"Deoxys-Speed","species":"Deoxys-Speed","item":"focussash","ability":"Pressure","moves":["stealthrock","thunderbolt","thunderwave","icebeam"],"nature":"Timid","evs":{"hp":252,"atk":0,"def":0,"spa":44,"spd":0,"spe":212},"ivs":{"hp":31,"atk":0,"def":31,"spa":31,"spd":31,"spe":31}},{"name":"Latias","species":"Latias","item":"leftovers","ability":"Levitate","moves":["dracometeor","psyshock","roost","defog"],"nature":"Timid","evs":{"hp":252,"atk":0,"def":0,"spa":4,"spd":0,"spe":252},"ivs":{"hp":31,"atk":0,"def":31,"spa":31,"spd":31,"spe":31}},{"name":"Hoopa-Unbound","species":"Hoopa-Unbound","item":"focussash","ability":"Magician","moves":["hyperspacefury","drainpunch","firepunch","gunkshot"],"nature":"Adamant","evs":{"hp":0,"atk":252,"def":0,"spa":0,"spd":4,"spe":252},"ivs":{"hp":31,"atk":31,"def":31,"spa":31,"spd":31,"spe":31}},{"name":"Gardevoir","species":"Gardevoir","item":"gardevoirite","ability":"Trace","moves":["hypervoice","psyshock","shadowball","taunt"],"nature":"Timid","evs":{"hp":0,"atk":0,"def":0,"spa":252,"spd":4,"spe":252},"ivs":{"hp":31,"atk":0,"def":31,"spa":31,"spd":31,"spe":31}}],"p2team":[{"name":"Tuba","species":"slurpuff","item":"sitrusberry","ability":"Unburden","moves":["bellydrum","drainpunch","playrough","aromatherapy"],"nature":"Jolly","evs":{"hp":4,"atk":252,"def":0,"spa":0,"spd":0,"spe":252},"ivs":{"hp":31,"atk":31,"def":31,"spa":31,"spd":31,"spe":31}},{"name":"Clarinet","species":"azumarill","item":"sitrusberry","ability":"Huge Power","moves":["bellydrum","aquajet","brickbreak","playrough"],"nature":"Adamant","evs":{"hp":252,"atk":252,"def":0,"spa":0,"spd":4,"spe":0},"ivs":{"hp":31,"atk":31,"def":31,"spa":31,"spd":31,"spe":31}},{"name":"Flute","species":"gardevoir","item":"gardevoirite","ability":"Synchronize","moves":["psyshock","hypervoice","energyball","focusblast"],"nature":"Timid","evs":{"hp":4,"atk":0,"def":0,"spa":252,"spd":0,"spe":252},"ivs":{"hp":31,"atk":31,"def":31,"spa":31,"spd":31,"spe":31}},{"name":"Alto","species":"togekiss","item":"choicescarf","ability":"Serene Grace","moves":["airslash","flamethrower","aurasphere","dazzlinggleam"],"nature":"Timid","evs":{"hp":0,"atk":0,"def":0,"spa":252,"spd":4,"spe":252},"ivs":{"hp":31,"atk":31,"def":31,"spa":31,"spd":31,"spe":31}},{"name":"Sax","species":"klefki","item":"lightclay","ability":"Prankster","moves":["thunderwave","lightscreen","reflect","foulplay"],"nature":"Bold","evs":{"hp":248,"atk":0,"def":252,"spa":0,"spd":8,"spe":0},"ivs":{"hp":31,"atk":31,"def":31,"spa":31,"spd":31,"spe":31}},{"name":"Trumpet","species":"sylveon","item":"leftovers","ability":"Pixilate","moves":["hypervoice","wish","protect","calmmind"],"nature":"Bold","evs":{"hp":252,"atk":0,"def":252,"spa":4,"spd":0,"spe":0},"ivs":{"hp":31,"atk":31,"def":31,"spa":31,"spd":31,"spe":31}}],"log":["|player|p1|Seven Swell|sevenswell.png","|player|p2|Void Wiley|voidwiley.png","|gametype|singles","|gen|6","|tier|Monotype","|rated","|rule|Baton Pass Clause: Limit one Baton Passer, can't pass Spe and other stats simultaneously","|rule|Swagger Clause: Swagger is banned","|rule|Same Type Clause: Pokémon in a team must share a type","|clearpoke","|poke|p1|Mew","|poke|p1|Slowbro, F","|poke|p1|Deoxys-Speed","|poke|p1|Latias, F","|poke|p1|Hoopa-Unbound","|poke|p1|Gardevoir, M","|poke|p2|Slurpuff, F","|poke|p2|Azumarill, M","|poke|p2|Gardevoir, M","|poke|p2|Togekiss, F","|poke|p2|Klefki, F","|poke|p2|Sylveon, F","|rule|Sleep Clause Mod: Limit one foe put to sleep","|rule|Species Clause: Limit one of each Pokémon","|rule|OHKO Clause: OHKO moves are banned","|rule|Moody Clause: Moody is banned","|rule|Evasion Moves Clause: Evasion moves are banned","|rule|Endless Battle Clause: Forcing endless battles is banned","|rule|HP Percentage Mod: HP is shown in percentages","|teampreview","|","|start","|switch|p1a: Slowbro|Slowbro, F|394/394","|switch|p2a: Sax|Klefki, F|317/317","|turn|1","|","|move|p2a: Sax|Thunder Wave|p1a: Slowbro","|-status|p1a: Slowbro|par","|cant|p1a: Slowbro|par","|","|turn|2","|","|switch|p2a: Tuba|Slurpuff, F|306/306","|cant|p1a: Slowbro|par","|","|turn|3","|","|move|p2a: Tuba|Belly Drum|p2a: Tuba","|-damage|p2a: Tuba|153/306","|-setboost|p2a: Tuba|atk|6|[from] move: Belly Drum","|-enditem|p2a: Tuba|Sitrus Berry|[eat]","|-heal|p2a: Tuba|229/306|[from] item: Sitrus Berry","|move|p1a: Slowbro|Yawn|p2a: Tuba","|-start|p2a: Tuba|move: Yawn|[of] p1a: Slowbro","|","|turn|4","|","|switch|p1a: Deoxys-Speed|Deoxys-Speed|304/304","|-ability|p1a: Deoxys-Speed|Pressure","|move|p2a: Tuba|Play Rough|p1a: Deoxys-Speed","|-enditem|p1a: Deoxys-Speed|Focus Sash","|-damage|p1a: Deoxys-Speed|1/304","|","|-end|p2a: Tuba|move: Yawn|[silent]","|-status|p2a: Tuba|slp","|turn|5","|","|cant|p2a: Tuba|slp","|move|p1a: Deoxys-Speed|Stealth Rock|p2a: Tuba","|-sidestart|p2: Void Wiley|move: Stealth Rock","|","|turn|6","|","|cant|p2a: Tuba|slp","|move|p1a: Deoxys-Speed|Thunderbolt|p2a: Tuba","|-damage|p2a: Tuba|140/306 slp","|","|turn|7","|","|cant|p2a: Tuba|slp","|move|p1a: Deoxys-Speed|Thunderbolt|p2a: Tuba","|-damage|p2a: Tuba|43/306 slp","|","|turn|8","|","|-curestatus|p2a: Tuba|slp","|move|p2a: Tuba|Play Rough|p1a: Deoxys-Speed","|-damage|p1a: Deoxys-Speed|0 fnt","|faint|p1a: Deoxys-Speed","|","|","|switch|p1a: Hoopa-Unbound|Hoopa-Unbound|301/301","|turn|9","|","|move|p2a: Tuba|Play Rough|p1a: Hoopa-Unbound","|-supereffective|p1a: Hoopa-Unbound","|-enditem|p1a: Hoopa-Unbound|Focus Sash","|-damage|p1a: Hoopa-Unbound|1/301","|-unboost|p1a: Hoopa-Unbound|atk|1","|move|p1a: Hoopa-Unbound|Fire Punch|p2a: Tuba","|-damage|p2a: Tuba|0 fnt","|faint|p2a: Tuba","|","|","|switch|p2a: Clarinet|Azumarill, M|404/404","|-damage|p2a: Clarinet|354/404|[from] Stealth Rock","|turn|10","|","|switch|p1a: Slowbro|Slowbro, F|394/394 par","|move|p2a: Clarinet|Belly Drum|p2a: Clarinet","|-damage|p2a: Clarinet|152/404","|-setboost|p2a: Clarinet|atk|6|[from] move: Belly Drum","|-enditem|p2a: Clarinet|Sitrus Berry|[eat]","|-heal|p2a: Clarinet|253/404|[from] item: Sitrus Berry","|","|turn|11","|","|move|p2a: Clarinet|Play Rough|p1a: Slowbro","|-damage|p1a: Slowbro|0 fnt","|-damage|p2a: Clarinet|186/404|[from] item: Rocky Helmet|[of] p1a: Slowbro","|faint|p1a: Slowbro","|","|","|switch|p1a: Latias|Latias, F|364/364","|turn|12","|","|move|p2a: Clarinet|Aqua Jet|p1a: Latias","|-resisted|p1a: Latias","|-damage|p1a: Latias|162/364","|move|p1a: Latias|Psyshock|p2a: Clarinet","|-crit|p2a: Clarinet","|-damage|p2a: Clarinet|0 fnt","|faint|p2a: Clarinet","|","|-heal|p1a: Latias|184/364|[from] item: Leftovers","|","|switch|p2a: Flute|Gardevoir, M|278/278","|-damage|p2a: Flute|244/278|[from] Stealth Rock","|turn|13","|","|detailschange|p2a: Flute|Gardevoir-Mega, M","|-mega|p2a: Flute|Gardevoir|Gardevoirite","|move|p1a: Latias|Psyshock|p2a: Flute","|-resisted|p2a: Flute","|-damage|p2a: Flute|169/278","|move|p2a: Flute|Hyper Voice|p1a: Latias","|-supereffective|p1a: Latias","|-damage|p1a: Latias|0 fnt","|faint|p1a: Latias","|","|","|switch|p1a: Gardevoir|Gardevoir, M|277/277","|-ability|p1a: Gardevoir|Pixilate|[from] ability: Trace|[of] p2a: Flute","|turn|14","|","|detailschange|p1a: Gardevoir|Gardevoir-Mega, M","|-mega|p1a: Gardevoir|Gardevoir|Gardevoirite","|move|p2a: Flute|Hyper Voice|p1a: Gardevoir","|-damage|p1a: Gardevoir|90/277","|move|p1a: Gardevoir|Hyper Voice|p2a: Flute","|-damage|p2a: Flute|0 fnt","|faint|p2a: Flute","|","|","|switch|p2a: Alto|Togekiss, F|311/311","|-damage|p2a: Alto|234/311|[from] Stealth Rock","|turn|15","|","|switch|p1a: Mew|Mew|404/404","|move|p2a: Alto|Air Slash|p1a: Mew","|-damage|p1a: Mew|314/404","|","|-heal|p1a: Mew|339/404|[from] item: Leftovers","|turn|16","|","|switch|p2a: Sax|Klefki, F|317/317","|-damage|p2a: Sax|298/317|[from] Stealth Rock","|move|p1a: Mew|Toxic|p2a: Sax","|-immune|p2a: Sax|[msg]","|","|-heal|p1a: Mew|364/404|[from] item: Leftovers","|turn|17","|","|move|p2a: Sax|Thunder Wave|p1a: Mew","|-status|p1a: Mew|par","|-status|p2a: Sax|par","|move|p1a: Mew|Aura Sphere|p2a: Sax","|-damage|p2a: Sax|225/317 par","|","|-heal|p1a: Mew|389/404 par|[from] item: Leftovers","|turn|18","|","|switch|p2a: Trumpet|Sylveon, F|394/394","|-damage|p2a: Trumpet|345/394|[from] Stealth Rock","|move|p1a: Mew|Heal Bell|p1a: Mew","|-cureteam|p1a: Mew|[from] move: HealBell","|","|-heal|p1a: Mew|404/404|[from] item: Leftovers","|-heal|p2a: Trumpet|369/394|[from] item: Leftovers","|turn|19","|","|move|p1a: Mew|Toxic|p2a: Trumpet","|-status|p2a: Trumpet|tox","|move|p2a: Trumpet|Calm Mind|p2a: Trumpet","|-boost|p2a: Trumpet|spa|1","|-boost|p2a: Trumpet|spd|1","|","|-heal|p2a: Trumpet|393/394 tox|[from] item: Leftovers","|-damage|p2a: Trumpet|369/394 tox|[from] psn","|turn|20","|","|switch|p1a: Gardevoir|Gardevoir-Mega, M|90/277","|move|p2a: Trumpet|Calm Mind|p2a: Trumpet","|-boost|p2a: Trumpet|spa|1","|-boost|p2a: Trumpet|spd|1","|","|-heal|p2a: Trumpet|393/394 tox|[from] item: Leftovers","|-damage|p2a: Trumpet|345/394 tox|[from] psn","|turn|21","|","|move|p1a: Gardevoir|Psyshock|p2a: Trumpet","|-damage|p2a: Trumpet|180/394 tox","|move|p2a: Trumpet|Hyper Voice|p1a: Gardevoir","|-crit|p1a: Gardevoir","|-damage|p1a: Gardevoir|0 fnt","|faint|p1a: Gardevoir","|","|-heal|p2a: Trumpet|204/394 tox|[from] item: Leftovers","|-damage|p2a: Trumpet|132/394 tox|[from] psn","|","|switch|p1a: Hoopa-Unbound|Hoopa-Unbound|1/301","|turn|22","|","|move|p1a: Hoopa-Unbound|Gunk Shot|p2a: Trumpet|[miss]","|-miss|p1a: Hoopa-Unbound|p2a: Trumpet","|move|p2a: Trumpet|Hyper Voice|p1a: Hoopa-Unbound","|-supereffective|p1a: Hoopa-Unbound","|-damage|p1a: Hoopa-Unbound|0 fnt","|faint|p1a: Hoopa-Unbound","|","|-heal|p2a: Trumpet|156/394 tox|[from] item: Leftovers","|-damage|p2a: Trumpet|60/394 tox|[from] psn","|","|switch|p1a: Mew|Mew|404/404","|turn|23","|","|move|p1a: Mew|Aura Sphere|p2a: Trumpet","|-resisted|p2a: Trumpet","|-damage|p2a: Trumpet|47/394 tox","|move|p2a: Trumpet|Hyper Voice|p1a: Mew","|-damage|p1a: Mew|187/404","|","|-heal|p1a: Mew|212/404|[from] item: Leftovers","|-heal|p2a: Trumpet|71/394 tox|[from] item: Leftovers","|-damage|p2a: Trumpet|0 fnt|[from] psn","|faint|p2a: Trumpet","|","|switch|p2a: Alto|Togekiss, F|234/311","|-damage|p2a: Alto|157/311|[from] Stealth Rock","|turn|24","|","|move|p2a: Alto|Air Slash|p1a: Mew","|-damage|p1a: Mew|128/404","|cant|p1a: Mew|flinch","|","|-heal|p1a: Mew|153/404|[from] item: Leftovers","|turn|25","|","|move|p2a: Alto|Air Slash|p1a: Mew","|-damage|p1a: Mew|63/404","|cant|p1a: Mew|flinch","|","|-heal|p1a: Mew|88/404|[from] item: Leftovers","|turn|26","|","|move|p2a: Alto|Air Slash|p1a: Mew","|-crit|p1a: Mew","|-damage|p1a: Mew|0 fnt","|faint|p1a: Mew","|","|win|Void Wiley"],"p1rating":{"entryid":"86214","serverid":"eos","formatid":"monotype","userid":"sevenswell","username":"Seven Swell","w":"23","l":8,"t":"0","gxe":67.7,"r":"1657.3392056267","rd":"80.221831851584","sigma":"0","rptime":"1440061200","rpr":1640.9209462242,"rprd":62.076970239122,"rpsigma":"0","acre":1190.710808044,"lacre":1190.710808044,"oldacre":"1220.9217566311"},"p2rating":{"entryid":"91212","serverid":"eos","formatid":"monotype","userid":"voidwiley","username":"Void Wiley","w":11,"l":"5","t":"0","gxe":62.6,"r":"1550.4033229907","rd":"86.298459960567","sigma":"0","rptime":"1440061200","rpr":1598.9515453161,"rprd":76.740831701044,"rpsigma":"0","acre":1177.6369512244,"lacre":1177.6369512244,"oldacre":"1147.4260026373"},"endType":"normal"}