{"seed":[59920,8310,18425,23910],"turns":29,"p1":"Alpha알파α큐레무Kyurem","p2":"Seven Swell","p1team":[{"name":"ラティオス","species":"latios","item":"choicescarf","ability":"Levitate","moves":["shadowball","dragonpulse","psyshock","icebeam"],"nature":"Timid","evs":{"hp":0,"atk":0,"def":4,"spa":252,"spd":0,"spe":252},"ivs":{"hp":31,"atk":0,"def":31,"spa":31,"spd":31,"spe":31}},{"name":"キュレム","species":"kyuremblack","item":"choiceband","ability":"Teravolt","moves":["zenheadbutt","outrage","fusionbolt","ironhead"],"nature":"Adamant","evs":{"hp":0,"atk":252,"def":4,"spa":0,"spd":0,"spe":252},"shiny":true,"ivs":{"hp":31,"atk":31,"def":31,"spa":31,"spd":31,"spe":31}},{"name":"サザンドラ","species":"hydreigon","item":"lifeorb","ability":"Levitate","moves":["darkpulse","flamethrower","dracometeor","flashcannon"],"nature":"Timid","evs":{"hp":0,"atk":0,"def":4,"spa":252,"spd":0,"spe":252},"shiny":true,"ivs":{"hp":31,"atk":31,"def":31,"spa":31,"spd":31,"spe":31}},{"name":"ガブリアス","species":"garchomp","item":"rockyhelmet","ability":"Rough Skin","moves":["stealthrock","earthquake","dragontail","endure"],"nature":"Impish","evs":{"hp":252,"atk":0,"def":232,"spa":0,"spd":24,"spe":0},"ivs":{"hp":31,"atk":31,"def":31,"spa":31,"spd":31,"spe":31}},{"name":"ラティアス","species":"latias","item":"latiasite","ability":"Levitate","moves":["calmmind","recover","storedpower","substitute"],"nature":"Bold","evs":{"hp":252,"atk":0,"def":240,"spa":0,"spd":0,"spe":16},"ivs":{"hp":31,"atk":0,"def":31,"spa":31,"spd":31,"spe":31}},{"name":"ヌメルゴン","species":"goodra","item":"assaultvest","ability":"Gooey","moves":["fireblast","dracometeor","sludgebomb","muddywater"],"nature":"Modest","evs":{"hp":248,"atk":0,"def":8,"spa":252,"spd":0,"spe":0},"ivs":{"hp":31,"atk":31,"def":31,"spa":31,"spd":31,"spe":31}}],"p2team":[{"name":"Mew","species":"Mew","item":"leftovers","ability":"Synchronize","moves":["roost","toxic","healbell","aurasphere"],"nature":"Calm","evs":{"hp":252,"atk":0,"def":0,"spa":4,"spd":252,"spe":0},"ivs":{"hp":31,"atk":0,"def":31,"spa":31,"spd":31,"spe":31}},{"name":"Slowbro","species":"Slowbro","item":"rockyhelmet","ability":"Regenerator","moves":["scald","yawn","flamethrower","slackoff"],"nature":"Bold","evs":{"hp":252,"atk":0,"def":252,"spa":4,"spd":0,"spe":0},"ivs":{"hp":31,"atk":0,"def":31,"spa":31,"spd":31,"spe":31}},{"name":"Deoxys-Speed","species":"Deoxys-Speed","item":"focussash","ability":"Pressure","moves":["stealthrock","thunderbolt","thunderwave","icebeam"],"nature":"Timid","evs":{"hp":252,"atk":0,"def":0,"spa":44,"spd":0,"spe":212},"ivs":{"hp":31,"atk":0,"def":31,"spa":31,"spd":31,"spe":31}},{"name":"Latias","species":"Latias","item":"leftovers","ability":"Levitate","moves":["dracometeor","psyshock","roost","defog"],"nature":"Timid","evs":{"hp":252,"atk":0,"def":0,"spa":4,"spd":0,"spe":252},"ivs":{"hp":31,"atk":0,"def":31,"spa":31,"spd":31,"spe":31}},{"name":"Hoopa-Unbound","species":"Hoopa-Unbound","item":"focussash","ability":"Magician","moves":["hyperspacefury","drainpunch","firepunch","gunkshot"],"nature":"Adamant","evs":{"hp":0,"atk":252,"def":0,"spa":0,"spd":4,"spe":252},"ivs":{"hp":31,"atk":31,"def":31,"spa":31,"spd":31,"spe":31}},{"name":"Gardevoir","species":"Gardevoir","item":"gardevoirite","ability":"Trace","moves":["hypervoice","psyshock","shadowball","taunt"],"nature":"Timid","evs":{"hp":0,"atk":0,"def":0,"spa":252,"spd":4,"spe":252},"ivs":{"hp":31,"atk":0,"def":31,"spa":31,"spd":31,"spe":31}}],"log":["|player|p1|Alpha알파α큐레무Kyurem|alphakyurem.gif","|player|p2|Seven Swell|sevenswell.png","|gametype|singles","|gen|6","|tier|Monotype","|rated","|rule|Baton Pass Clause: Limit one Baton Passer, can't pass Spe and other stats simultaneously","|rule|Swagger Clause: Swagger is banned","|rule|Same Type Clause: Pokémon in a team must share a type","|clearpoke","|poke|p1|Latios, M","|poke|p1|Kyurem-Black, shiny","|poke|p1|Hydreigon, F, shiny","|poke|p1|Garchomp, M","|poke|p1|Latias, F","|poke|p1|Goodra, F","|poke|p2|Mew","|poke|p2|Slowbro, M","|poke|p2|Deoxys-Speed","|poke|p2|Latias, F","|poke|p2|Hoopa-Unbound","|poke|p2|Gardevoir, M","|rule|Sleep Clause Mod: Limit one foe put to sleep","|rule|Species Clause: Limit one of each Pokémon","|rule|OHKO Clause: OHKO moves are banned","|rule|Moody Clause: Moody is banned","|rule|Evasion Moves Clause: Evasion moves are banned","|rule|Endless Battle Clause: Forcing endless battles is banned","|rule|HP Percentage Mod: HP is shown in percentages","|teampreview","|","|start","|switch|p1a: ラティオス|Latios, M|301/301","|switch|p2a: Latias|Latias, F|364/364","|turn|1","|","|move|p1a: ラティオス|Dragon Pulse|p2a: Latias","|-supereffective|p2a: Latias","|-damage|p2a: Latias|142/364","|move|p2a: Latias|Draco Meteor|p1a: ラティオス|[miss]","|-miss|p2a: Latias|p1a: ラティオス","|","|-heal|p2a: Latias|164/364|[from] item: Leftovers","|turn|2","|","|switch|p2a: Mew|Mew|404/404","|move|p1a: ラティオス|Dragon Pulse|p2a: Mew","|-damage|p2a: Mew|290/404","|","|-heal|p2a: Mew|315/404|[from] item: Leftovers","|turn|3","|","|switch|p1a: サザンドラ|Hydreigon, F, shiny|325/325","|move|p2a: Mew|Aura Sphere|p1a: サザンドラ","|-supereffective|p1a: サザンドラ","|-damage|p1a: サザンドラ|177/325","|","|-heal|p2a: Mew|340/404|[from] item: Leftovers","|turn|4","|","|move|p1a: サザンドラ|Dark Pulse|p2a: Mew","|-supereffective|p2a: Mew","|-damage|p2a: Mew|67/404","|-damage|p1a: サザンドラ|145/325|[from] item: Life Orb","|move|p2a: Mew|Aura Sphere|p1a: サザンドラ","|-supereffective|p1a: サザンドラ","|-damage|p1a: サザンドラ|0 fnt","|faint|p1a: サザンドラ","|","|-heal|p2a: Mew|92/404|[from] item: Leftovers","|","|switch|p1a: ラティオス|Latios, M|301/301","|turn|5","|","|move|p1a: ラティオス|Shadow Ball|p2a: Mew","|-supereffective|p2a: Mew","|-damage|p2a: Mew|0 fnt","|faint|p2a: Mew","|","|","|switch|p2a: Hoopa-Unbound|Hoopa-Unbound|301/301","|turn|6","|","|switch|p1a: ガブリアス|Garchomp, M|420/420","|move|p2a: Hoopa-Unbound|Hyperspace Fury|p1a: ガブリアス","|-crit|p1a: ガブリアス","|-damage|p1a: ガブリアス|177/420","|-unboost|p2a: Hoopa-Unbound|def|1","|","|turn|7","|","|switch|p2a: Slowbro|Slowbro, M|394/394","|move|p1a: ガブリアス|Stealth Rock|p2a: Slowbro","|-sidestart|p2: Seven Swell|move: Stealth Rock","|","|turn|8","|","|move|p2a: Slowbro|Scald|p1a: ガブリアス","|-crit|p1a: ガブリアス","|-damage|p1a: ガブリアス|27/420","|move|p1a: ガブリアス|Dragon Tail|p2a: Slowbro","|-damage|p2a: Slowbro|334/394","|-damage|p1a: ガブリアス|0 fnt|[from] item: Rocky Helmet|[of] p2a: Slowbro","|faint|p1a: ガブリアス","|","|","|switch|p1a: キュレム|Kyurem-Black, shiny|391/391","|-ability|p1a: キュレム|Teravolt","|turn|9","|","|move|p1a: キュレム|Fusion Bolt|p2a: Slowbro","|-supereffective|p2a: Slowbro","|-damage|p2a: Slowbro|12/394","|move|p2a: Slowbro|Yawn|p1a: キュレム","|-start|p1a: キュレム|move: Yawn|[of] p2a: Slowbro","|","|turn|10","|","|switch|p1a: ヌメルゴン|Goodra, F|383/383","|move|p2a: Slowbro|Yawn|p1a: ヌメルゴン","|-start|p1a: ヌメルゴン|move: Yawn|[of] p2a: Slowbro","|","|turn|11","|","|move|p1a: ヌメルゴン|Sludge Bomb|p2a: Slowbro","|-crit|p2a: Slowbro","|-damage|p2a: Slowbro|0 fnt","|faint|p2a: Slowbro","|","|-end|p1a: ヌメルゴン|move: Yawn|[silent]","|-status|p1a: ヌメルゴン|slp","|","|switch|p2a: Latias|Latias, F|164/364","|-damage|p2a: Latias|119/364|[from] Stealth Rock","|turn|12","|","|move|p2a: Latias|Defog|p1a: ヌメルゴン","|-unboost|p1a: ヌメルゴン|evasion|1","|-sideend|p2: Seven Swell|Stealth Rock|[from] move: Defog|[of] p2a: Latias","|cant|p1a: ヌメルゴン|slp","|","|-heal|p2a: Latias|141/364|[from] item: Leftovers","|turn|13","|","|move|p2a: Latias|Draco Meteor|p1a: ヌメルゴン","|-supereffective|p1a: ヌメルゴン","|-damage|p1a: ヌメルゴン|225/383 slp","|-unboost|p2a: Latias|spa|2","|cant|p1a: ヌメルゴン|slp","|","|-heal|p2a: Latias|163/364|[from] item: Leftovers","|turn|14","|","|move|p2a: Latias|Draco Meteor|p1a: ヌメルゴン","|-supereffective|p1a: ヌメルゴン","|-damage|p1a: ヌメルゴン|151/383 slp","|-unboost|p2a: Latias|spa|2","|-curestatus|p1a: ヌメルゴン|slp","|move|p1a: ヌメルゴン|Sludge Bomb|p2a: Latias","|-damage|p2a: Latias|78/364","|","|-heal|p2a: Latias|100/364|[from] item: Leftovers","|turn|15","|","|move|p2a: Latias|Draco Meteor|p1a: ヌメルゴン","|-crit|p1a: ヌメルゴン","|-supereffective|p1a: ヌメルゴン","|-damage|p1a: ヌメルゴン|0 fnt","|-unboost|p2a: Latias|spa|2","|faint|p1a: ヌメルゴン","|","|-heal|p2a: Latias|122/364|[from] item: Leftovers","|","|switch|p1a: キュレム|Kyurem-Black, shiny|391/391","|-ability|p1a: キュレム|Teravolt","|turn|16","|","|move|p2a: Latias|Draco Meteor|p1a: キュレム","|-supereffective|p1a: キュレム","|-damage|p1a: キュレム|299/391","|move|p1a: キュレム|Iron Head|p2a: Latias","|-damage|p2a: Latias|0 fnt","|faint|p2a: Latias","|","|","|switch|p2a: Gardevoir|Gardevoir, M|277/277","|-ability|p2a: Gardevoir|Teravolt|[from] ability: Trace|[of] p1a: キュレム","|-ability|p2a: Gardevoir|Teravolt","|turn|17","|","|detailschange|p2a: Gardevoir|Gardevoir-Mega, M","|-mega|p2a: Gardevoir|Gardevoir|Gardevoirite","|move|p1a: キュレム|Iron Head|p2a: Gardevoir","|-supereffective|p2a: Gardevoir","|-damage|p2a: Gardevoir|0 fnt","|faint|p2a: Gardevoir","|","|","|switch|p2a: Deoxys-Speed|Deoxys-Speed|304/304","|-ability|p2a: Deoxys-Speed|Pressure","|turn|18","|","|switch|p1a: ラティオス|Latios, M|301/301","|move|p2a: Deoxys-Speed|Thunder Wave|p1a: ラティオス","|-status|p1a: ラティオス|par","|","|turn|19","|","|move|p2a: Deoxys-Speed|Ice Beam|p1a: ラティオス","|-supereffective|p1a: ラティオス","|-damage|p1a: ラティオス|167/301 par","|move|p1a: ラティオス|Shadow Ball|p2a: Deoxys-Speed","|-supereffective|p2a: Deoxys-Speed","|-damage|p2a: Deoxys-Speed|78/304","|-unboost|p2a: Deoxys-Speed|spd|1","|","|turn|20","|","|move|p2a: Deoxys-Speed|Ice Beam|p1a: ラティオス","|-supereffective|p1a: ラティオス","|-damage|p1a: ラティオス|25/301 par","|cant|p1a: ラティオス|par","|","|turn|21","|","|move|p2a: Deoxys-Speed|Ice Beam|p1a: ラティオス","|-supereffective|p1a: ラティオス","|-damage|p1a: ラティオス|0 fnt","|faint|p1a: ラティオス","|","|","|switch|p1a: ラティアス|Latias, F|364/364","|turn|22","|","|detailschange|p1a: ラティアス|Latias-Mega, F","|-mega|p1a: ラティアス|Latias|Latiasite","|move|p2a: Deoxys-Speed|Thunder Wave|p1a: ラティアス","|-status|p1a: ラティアス|par","|move|p1a: ラティアス|Calm Mind|p1a: ラティアス","|-boost|p1a: ラティアス|spa|1","|-boost|p1a: ラティアス|spd|1","|","|turn|23","|","|move|p2a: Deoxys-Speed|Ice Beam|p1a: ラティアス","|-supereffective|p1a: ラティアス","|-damage|p1a: ラティアス|302/364 par","|move|p1a: ラティアス|Calm Mind|p1a: ラティアス","|-boost|p1a: ラティアス|spa|1","|-boost|p1a: ラティアス|spd|1","|","|turn|24","|","|move|p2a: Deoxys-Speed|Stealth Rock|p1a: ラティアス","|-sidestart|p1: Alpha알파α큐레무Kyurem|move: Stealth Rock","|move|p1a: ラティアス|Calm Mind|p1a: ラティアス","|-boost|p1a: ラティアス|spa|1","|-boost|p1a: ラティアス|spd|1","|","|turn|25","|","|move|p2a: Deoxys-Speed|Ice Beam|p1a: ラティアス","|-supereffective|p1a: ラティアス","|-damage|p1a: ラティアス|262/364 par","|move|p1a: ラティアス|Substitute|p1a: ラティアス","|-start|p1a: ラティアス|Substitute","|-damage|p1a: ラティアス|171/364 par","|","|turn|26","|","|move|p2a: Deoxys-Speed|Ice Beam|p1a: ラティアス","|-supereffective|p1a: ラティアス","|-activate|p1a: ラティアス|Substitute|[damage]","|move|p1a: ラティアス|Recover|p1a: ラティアス","|-heal|p1a: ラティアス|353/364 par","|","|turn|27","|","|move|p2a: Deoxys-Speed|Ice Beam|p1a: ラティアス","|-crit|p1a: ラティアス","|-supereffective|p1a: ラティアス","|-end|p1a: ラティアス|Substitute","|move|p1a: ラティアス|Stored Power|p2a: Deoxys-Speed","|-resisted|p2a: Deoxys-Speed","|-damage|p2a: Deoxys-Speed|0 fnt","|faint|p2a: Deoxys-Speed","|","|","|switch|p2a: Hoopa-Unbound|Hoopa-Unbound|301/301","|turn|28","|","|move|p2a: Hoopa-Unbound|Hyperspace Fury|p1a: ラティアス","|-crit|p1a: ラティアス","|-supereffective|p1a: ラティアス","|-damage|p1a: ラティアス|0 fnt","|-unboost|p2a: Hoopa-Unbound|def|1","|faint|p1a: ラティアス","|","|","|switch|p1a: キュレム|Kyurem-Black, shiny|299/391","|-damage|p1a: キュレム|202/391|[from] Stealth Rock","|-ability|p1a: キュレム|Teravolt","|turn|29","|","|move|p1a: キュレム|Outrage|p2a: Hoopa-Unbound","|-enditem|p2a: Hoopa-Unbound|Focus Sash","|-damage|p2a: Hoopa-Unbound|1/301","|move|p2a: Hoopa-Unbound|Hyperspace Fury|p1a: キュレム","|-damage|p1a: キュレム|0 fnt","|-item|p2a: Hoopa-Unbound|Choice Band|[from] ability: Magician|[of] p1a: キュレム","|-unboost|p2a: Hoopa-Unbound|def|1","|faint|p1a: キュレム","|","|win|Seven Swell"],"p1rating":{"entryid":"22404","serverid":"eos","formatid":"monotype","userid":"alphakyurem","username":"Alpha알파α큐레무Kyurem","w":"19","l":4,"t":"0","gxe":72.6,"r":"1708.5723942954","rd":"73.60416563136","sigma":"0","rptime":"1440061200","rpr":1686.6591032264,"rprd":69.316841872554,"rpsigma":"0","acre":1225.2614373866,"lacre":1225.2614373866,"oldacre":"1253.3533247168"},"p2rating":{"entryid":"86214","serverid":"eos","formatid":"monotype","userid":"sevenswell","username":"Seven Swell","w":27,"l":"10","t":"0","gxe":69.4,"r":"1657.3392056267","rd":"80.221831851584","sigma":"0","rptime":"1440061200","rpr":1656.1299678095,"rprd":57.45775088651,"rpsigma":"0","acre":1238.2548311944,"lacre":1238.2548311944,"oldacre":"1210.1629438642"},"endType":"normal"}