{"seed":[18682,8909,7942,29946],"turns":23,"p1":"GTX♅Amart3000","p2":"Rain Zeref","p1team":[{"name":"Hitmonlee","species":"Hitmonlee","item":"widelens","ability":"Reckless","moves":["blazekick","highjumpkick","rockslide","bounce"],"nature":"Adamant","evs":{"hp":0,"atk":252,"def":0,"spa":0,"spd":4,"spe":252},"ivs":{"hp":31,"atk":31,"def":31,"spa":31,"spd":31,"spe":31}},{"name":"Infernape","species":"Infernape","item":"blackbelt","ability":"Iron Fist","moves":["firepunch","poweruppunch","rockslide","punishment"],"nature":"Adamant","evs":{"hp":0,"atk":252,"def":0,"spa":0,"spd":4,"spe":252},"ivs":{"hp":31,"atk":31,"def":31,"spa":31,"spd":31,"spe":31}},{"name":"Machamp","species":"Machamp","item":"assaultvest","ability":"No Guard","moves":["dynamicpunch","stoneedge","knockoff","bulletpunch"],"nature":"Impish","evs":{"hp":140,"atk":40,"def":208,"spa":0,"spd":120,"spe":0},"ivs":{"hp":31,"atk":31,"def":31,"spa":31,"spd":31,"spe":31}},{"name":"Medicham","species":"Medicham","item":"medichamite","ability":"Pure Power","moves":["bulletpunch","retaliate","drainpunch","zenheadbutt"],"nature":"Adamant","evs":{"hp":160,"atk":180,"def":100,"spa":0,"spd":68,"spe":0},"ivs":{"hp":31,"atk":31,"def":31,"spa":31,"spd":31,"spe":31}},{"name":"Pangoro","species":"Pangoro","item":"leftovers","ability":"Iron Fist","moves":["drainpunch","knockoff","bulkup","gunkshot"],"nature":"Careful","evs":{"hp":252,"atk":0,"def":32,"spa":0,"spd":224,"spe":0},"ivs":{"hp":31,"atk":31,"def":31,"spa":31,"spd":31,"spe":31}},{"name":"Breloom","species":"Breloom","item":"toxicorb","ability":"Poison Heal","moves":["drainpunch","bulletseed","spore","swordsdance"],"nature":"Careful","evs":{"hp":252,"atk":0,"def":100,"spa":0,"spd":156,"spe":0},"ivs":{"hp":31,"atk":31,"def":31,"spa":31,"spd":31,"spe":31}}],"p2team":[{"name":"DEEZ NUTS!","species":"bisharp","item":"choicescarf","ability":"Defiant","moves":["brickbreak","suckerpunch","knockoff","ironhead"],"nature":"Jolly","evs":{"hp":0,"atk":252,"def":0,"spa":0,"spd":4,"spe":252},"gender":"M","shiny":true,"ivs":{"hp":31,"atk":31,"def":31,"spa":31,"spd":31,"spe":31}},{"name":"DEEZ NUTS!!","species":"weavile","item":"choicescarf","ability":"Pressure","moves":["iceshard","iciclecrash","knockoff","brickbreak"],"nature":"Adamant","evs":{"hp":0,"atk":252,"def":0,"spa":0,"spd":4,"spe":252},"gender":"F","ivs":{"hp":31,"atk":31,"def":31,"spa":31,"spd":31,"spe":31}},{"name":"DEEZ NUTS!!!","species":"mandibuzz","item":"leftovers","ability":"Overcoat","moves":["toxic","roost","foulplay","whirlwind"],"nature":"Bold","evs":{"hp":252,"atk":0,"def":252,"spa":0,"spd":4,"spe":0},"shiny":true,"ivs":{"hp":31,"atk":31,"def":31,"spa":31,"spd":31,"spe":31}},{"name":"DEEZ NUTS!!!!","species":"zoroark","item":"choicespecs","ability":"Illusion","moves":["darkpulse","flamethrower","trick","extrasensory"],"nature":"Timid","evs":{"hp":0,"atk":0,"def":0,"spa":252,"spd":4,"spe":252},"gender":"F","shiny":true,"ivs":{"hp":31,"atk":31,"def":31,"spa":31,"spd":31,"spe":31}},{"name":"DEEZ NUTS!!!!!","species":"hoopaunbound","item":"lifeorb","ability":"Magician","moves":["substitute","hyperspacefury","knockoff","zenheadbutt"],"nature":"Jolly","evs":{"hp":0,"atk":252,"def":0,"spa":0,"spd":4,"spe":252},"ivs":{"hp":31,"atk":31,"def":31,"spa":31,"spd":31,"spe":31}},{"name":"DEEZ NUTS!!!!!!","species":"tyranitar","item":"tyranitarite","ability":"Sand Stream","moves":["dragondance","stoneedge","crunch","icepunch"],"nature":"Jolly","evs":{"hp":0,"atk":252,"def":0,"spa":0,"spd":4,"spe":252},"ivs":{"hp":31,"atk":31,"def":31,"spa":31,"spd":31,"spe":31}}],"log":["|player|p1|GTX♅Amart3000|92","|player|p2|Rain Zeref|rainzeref.png","|gametype|singles","|gen|6","|tier|Monotype","|rated","|rule|Baton Pass Clause: Limit one Baton Passer, can't pass Spe and other stats simultaneously","|rule|Swagger Clause: Swagger is banned","|rule|Same Type Clause: Pokémon in a team must share a type","|clearpoke","|poke|p1|Hitmonlee, M","|poke|p1|Infernape, F","|poke|p1|Machamp, F","|poke|p1|Medicham, F","|poke|p1|Pangoro, F","|poke|p1|Breloom, F","|poke|p2|Bisharp, M, shiny","|poke|p2|Weavile, F","|poke|p2|Mandibuzz, F, shiny","|poke|p2|Zoroark, F, shiny","|poke|p2|Hoopa-Unbound","|poke|p2|Tyranitar, F","|rule|Sleep Clause Mod: Limit one foe put to sleep","|rule|Species Clause: Limit one of each Pokémon","|rule|OHKO Clause: OHKO moves are banned","|rule|Moody Clause: Moody is banned","|rule|Evasion Moves Clause: Evasion moves are banned","|rule|Endless Battle Clause: Forcing endless battles is banned","|rule|HP Percentage Mod: HP is shown in percentages","|teampreview","|","|start","|switch|p1a: Pangoro|Pangoro, F|394/394","|switch|p2a: DEEZ NUTS!!!|Mandibuzz, F, shiny|424/424","|turn|1","|","|move|p2a: DEEZ NUTS!!!|Toxic|p1a: Pangoro|[miss]","|-miss|p2a: DEEZ NUTS!!!|p1a: Pangoro","|move|p1a: Pangoro|Bulk Up|p1a: Pangoro","|-boost|p1a: Pangoro|atk|1","|-boost|p1a: Pangoro|def|1","|","|turn|2","|","|move|p2a: DEEZ NUTS!!!|Toxic|p1a: Pangoro","|-status|p1a: Pangoro|tox","|move|p1a: Pangoro|Bulk Up|p1a: Pangoro","|-boost|p1a: Pangoro|atk|1","|-boost|p1a: Pangoro|def|1","|","|-damage|p1a: Pangoro|370/394 tox|[from] psn","|turn|3","|","|move|p1a: Pangoro|Drain Punch|p2a: DEEZ NUTS!!!","|-damage|p2a: DEEZ NUTS!!!|256/424","|-heal|p1a: Pangoro|394/394 tox|[from] drain|[of] p2a: DEEZ NUTS!!!","|move|p2a: DEEZ NUTS!!!|Whirlwind|p1a: Pangoro","|drag|p1a: Hitmonlee|Hitmonlee, M|241/241","|","|-heal|p2a: DEEZ NUTS!!!|282/424|[from] item: Leftovers","|turn|4","|","|move|p1a: Hitmonlee|Rock Slide|p2a: DEEZ NUTS!!!","|-supereffective|p2a: DEEZ NUTS!!!","|-damage|p2a: DEEZ NUTS!!!|146/424","|move|p2a: DEEZ NUTS!!!|Toxic|p1a: Hitmonlee","|-status|p1a: Hitmonlee|tox","|","|-heal|p2a: DEEZ NUTS!!!|172/424|[from] item: Leftovers","|-damage|p1a: Hitmonlee|226/241 tox|[from] psn","|turn|5","|","|move|p1a: Hitmonlee|Rock Slide|p2a: DEEZ NUTS!!!","|-supereffective|p2a: DEEZ NUTS!!!","|-damage|p2a: DEEZ NUTS!!!|30/424","|move|p2a: DEEZ NUTS!!!|Roost|p2a: DEEZ NUTS!!!","|-heal|p2a: DEEZ NUTS!!!|242/424","|","|-heal|p2a: DEEZ NUTS!!!|268/424|[from] item: Leftovers","|-damage|p1a: Hitmonlee|196/241 tox|[from] psn","|turn|6","|","|move|p1a: Hitmonlee|High Jump Kick|p2a: DEEZ NUTS!!!","|-damage|p2a: DEEZ NUTS!!!|69/424","|move|p2a: DEEZ NUTS!!!|Roost|p2a: DEEZ NUTS!!!","|-heal|p2a: DEEZ NUTS!!!|281/424","|","|-heal|p2a: DEEZ NUTS!!!|307/424|[from] item: Leftovers","|-damage|p1a: Hitmonlee|151/241 tox|[from] psn","|turn|7","|","|move|p1a: Hitmonlee|High Jump Kick|p2a: DEEZ NUTS!!!","|-damage|p2a: DEEZ NUTS!!!|111/424","|move|p2a: DEEZ NUTS!!!|Roost|p2a: DEEZ NUTS!!!","|-heal|p2a: DEEZ NUTS!!!|323/424","|","|-heal|p2a: DEEZ NUTS!!!|349/424|[from] item: Leftovers","|-damage|p1a: Hitmonlee|91/241 tox|[from] psn","|turn|8","|","|move|p1a: Hitmonlee|Bounce|p2a: DEEZ NUTS!!!|[still]","|-prepare|p1a: Hitmonlee|Bounce|p2a: DEEZ NUTS!!!","|move|p2a: DEEZ NUTS!!!|Roost|p2a: DEEZ NUTS!!!","|-heal|p2a: DEEZ NUTS!!!|424/424","|","|-damage|p1a: Hitmonlee|16/241 tox|[from] psn","|turn|9","|","|move|p1a: Hitmonlee|Bounce|p2a: DEEZ NUTS!!!|[from]lockedmove","|-damage|p2a: DEEZ NUTS!!!|349/424","|move|p2a: DEEZ NUTS!!!|Roost|p2a: DEEZ NUTS!!!","|-heal|p2a: DEEZ NUTS!!!|424/424","|","|-damage|p1a: Hitmonlee|0 fnt|[from] psn","|faint|p1a: Hitmonlee","|","|switch|p1a: Machamp|Machamp, F|356/356","|turn|10","|","|move|p2a: DEEZ NUTS!!!|Toxic|p1a: Machamp","|-status|p1a: Machamp|tox","|move|p1a: Machamp|Dynamic Punch|p2a: DEEZ NUTS!!!","|-damage|p2a: DEEZ NUTS!!!|327/424","|-start|p2a: DEEZ NUTS!!!|confusion","|","|-heal|p2a: DEEZ NUTS!!!|353/424|[from] item: Leftovers","|-damage|p1a: Machamp|334/356 tox|[from] psn","|turn|11","|","|switch|p2a: DEEZ NUTS!!!!!|Hoopa-Unbound|301/301","|move|p1a: Machamp|Knock Off|p2a: DEEZ NUTS!!!!!","|-damage|p2a: DEEZ NUTS!!!!!|160/301","|-enditem|p2a: DEEZ NUTS!!!!!|Life Orb|[from] move: Knock Off|[of] p1a: Machamp","|","|-damage|p1a: Machamp|290/356 tox|[from] psn","|turn|12","|","|move|p2a: DEEZ NUTS!!!!!|Substitute|p2a: DEEZ NUTS!!!!!","|-start|p2a: DEEZ NUTS!!!!!|Substitute","|-damage|p2a: DEEZ NUTS!!!!!|85/301","|move|p1a: Machamp|Dynamic Punch|p2a: DEEZ NUTS!!!!!","|-end|p2a: DEEZ NUTS!!!!!|Substitute","|","|-damage|p1a: Machamp|224/356 tox|[from] psn","|turn|13","|","|move|p2a: DEEZ NUTS!!!!!|Zen Headbutt|p1a: Machamp","|-supereffective|p1a: Machamp","|-damage|p1a: Machamp|0 fnt","|-item|p2a: DEEZ NUTS!!!!!|Assault Vest|[from] ability: Magician|[of] p1a: Machamp","|faint|p1a: Machamp","|","|","|switch|p1a: Infernape|Infernape, F|293/293","|turn|14","|","|move|p1a: Infernape|Power-Up Punch|p2a: DEEZ NUTS!!!!!","|-damage|p2a: DEEZ NUTS!!!!!|0 fnt","|-boost|p1a: Infernape|atk|1","|faint|p2a: DEEZ NUTS!!!!!","|","|","|switch|p2a: DEEZ NUTS!!!|Mandibuzz, F, shiny|353/424","|turn|15","|","|move|p1a: Infernape|Rock Slide|p2a: DEEZ NUTS!!!","|-supereffective|p2a: DEEZ NUTS!!!","|-damage|p2a: DEEZ NUTS!!!|191/424","|move|p2a: DEEZ NUTS!!!|Toxic|p1a: Infernape","|-status|p1a: Infernape|tox","|","|-heal|p2a: DEEZ NUTS!!!|217/424|[from] item: Leftovers","|-damage|p1a: Infernape|275/293 tox|[from] psn","|turn|16","|","|move|p1a: Infernape|Rock Slide|p2a: DEEZ NUTS!!!","|-supereffective|p2a: DEEZ NUTS!!!","|-damage|p2a: DEEZ NUTS!!!|41/424","|cant|p2a: DEEZ NUTS!!!|flinch","|","|-heal|p2a: DEEZ NUTS!!!|67/424|[from] item: Leftovers","|-damage|p1a: Infernape|239/293 tox|[from] psn","|turn|17","|","|move|p1a: Infernape|Rock Slide|p2a: DEEZ NUTS!!!","|-supereffective|p2a: DEEZ NUTS!!!","|-damage|p2a: DEEZ NUTS!!!|0 fnt","|faint|p2a: DEEZ NUTS!!!","|","|-damage|p1a: Infernape|185/293 tox|[from] psn","|","|switch|p2a: DEEZ NUTS!!!!!!|Tyranitar, F|341/341","|-weather|Sandstorm","|turn|18","|","|detailschange|p2a: DEEZ NUTS!!!!!!|Tyranitar-Mega, F","|-mega|p2a: DEEZ NUTS!!!!!!|Tyranitar|Tyranitarite","|move|p1a: Infernape|Power-Up Punch|p2a: DEEZ NUTS!!!!!!","|-supereffective|p2a: DEEZ NUTS!!!!!!","|-damage|p2a: DEEZ NUTS!!!!!!|0 fnt","|-boost|p1a: Infernape|atk|1","|faint|p2a: DEEZ NUTS!!!!!!","|","|-weather|Sandstorm|[upkeep]","|-damage|p1a: Infernape|167/293 tox|[from] sandstorm","|-damage|p1a: Infernape|95/293 tox|[from] psn","|","|switch|p2a: DEEZ NUTS!|Bisharp, M, shiny|271/271","|turn|19","|","|move|p2a: DEEZ NUTS!|Sucker Punch|p1a: Infernape","|-resisted|p1a: Infernape","|-damage|p1a: Infernape|1/293 tox","|move|p1a: Infernape|Power-Up Punch|p2a: DEEZ NUTS!","|-supereffective|p2a: DEEZ NUTS!","|-damage|p2a: DEEZ NUTS!|0 fnt","|-boost|p1a: Infernape|atk|1","|faint|p2a: DEEZ NUTS!","|","|-weather|Sandstorm|[upkeep]","|-damage|p1a: Infernape|0 fnt|[from] sandstorm","|faint|p1a: Infernape","|","|switch|p2a: DEEZ NUTS!!!!|Zoroark, F, shiny|261/261","|switch|p1a: Breloom|Breloom, F|324/324","|turn|20","|","|move|p2a: DEEZ NUTS!!!!|Extrasensory|p1a: Breloom","|-supereffective|p1a: Breloom","|-damage|p1a: Breloom|32/324","|move|p1a: Breloom|Spore|p2a: DEEZ NUTS!!!!","|-status|p2a: DEEZ NUTS!!!!|slp","|","|-weather|Sandstorm|[upkeep]","|-damage|p2a: DEEZ NUTS!!!!|245/261 slp|[from] sandstorm","|-damage|p1a: Breloom|12/324|[from] sandstorm","|-status|p1a: Breloom|tox|[from] item: Toxic Orb","|turn|21","|","|cant|p2a: DEEZ NUTS!!!!|slp","|move|p1a: Breloom|Drain Punch|p2a: DEEZ NUTS!!!!","|-supereffective|p2a: DEEZ NUTS!!!!","|-damage|p2a: DEEZ NUTS!!!!|0 fnt","|-heal|p1a: Breloom|135/324 tox|[from] drain|[of] p2a: DEEZ NUTS!!!!","|faint|p2a: DEEZ NUTS!!!!","|","|-weather|Sandstorm|[upkeep]","|-damage|p1a: Breloom|115/324 tox|[from] sandstorm","|-heal|p1a: Breloom|155/324 tox|[from] ability: Poison Heal","|","|switch|p2a: DEEZ NUTS!!|Weavile, F|281/281","|-ability|p2a: DEEZ NUTS!!|Pressure","|turn|22","|","|move|p2a: DEEZ NUTS!!|Icicle Crash|p1a: Breloom","|-crit|p1a: Breloom","|-supereffective|p1a: Breloom","|-damage|p1a: Breloom|0 fnt","|faint|p1a: Breloom","|","|-weather|none","|","|switch|p1a: Medicham|Medicham, F|301/301","|turn|23","|","|detailschange|p1a: Medicham|Medicham-Mega, F","|-mega|p1a: Medicham|Medicham|Medichamite","|move|p2a: DEEZ NUTS!!|Icicle Crash|p1a: Medicham","|-damage|p1a: Medicham|130/301","|move|p1a: Medicham|Drain Punch|p2a: DEEZ NUTS!!","|-supereffective|p2a: DEEZ NUTS!!","|-damage|p2a: DEEZ NUTS!!|0 fnt","|-heal|p1a: Medicham|271/301|[from] drain|[of] p2a: DEEZ NUTS!!","|faint|p2a: DEEZ NUTS!!","|","|win|GTX♅Amart3000"],"p1rating":{"entryid":"195150","serverid":"eos","formatid":"monotype","userid":"gtxamart3000","username":"GTX♅Amart3000","w":2,"l":"3","t":"0","gxe":45.2,"r":"1500","rd":"130","sigma":"0","rptime":"1440061200","rpr":1462.3776534237,"rprd":103.03109131304,"rpsigma":"0","acre":1077.7295698482,"lacre":1077.7295698482,"oldacre":"1041.6209707585"},"p2rating":{"entryid":"191502","serverid":"eos","formatid":"monotype","userid":"rainzeref","username":"Rain Zeref","w":"2","l":7,"t":"0","gxe":38,"r":"1500","rd":"130","sigma":"0","rptime":"1440061200","rpr":1404.9652525165,"rprd":90.796075876534,"rpsigma":"0","acre":1044.6003685059,"lacre":1044.6003685059,"oldacre":"1065.8651006977"},"endType":"normal"}