{"seed":[18465,38722,45598,63882],"turns":23,"p1":"Professor♅ Gotenks","p2":"Im Slash","p1team":[{"name":"Pumba","species":"hippowdon","item":"leftovers","ability":"Sand Stream","moves":["crunch","stealthrock","slackoff","earthquake"],"nature":"Impish","evs":{"hp":248,"atk":8,"def":252,"spa":0,"spd":0,"spe":0},"shiny":true,"ivs":{"hp":31,"atk":31,"def":31,"spa":31,"spd":31,"spe":31}},{"name":"Garchomp","species":"Garchomp","item":"garchompite","ability":"Rough Skin","moves":["earthquake","swordsdance","ironhead","stoneedge"],"nature":"Jolly","evs":{"hp":0,"atk":252,"def":0,"spa":0,"spd":4,"spe":252},"ivs":{"hp":31,"atk":31,"def":31,"spa":31,"spd":31,"spe":31}},{"name":"Excadrill","species":"Excadrill","item":"expertbelt","ability":"Sand Rush","moves":["earthquake","ironhead","rapidspin","attract"],"nature":"Adamant","evs":{"hp":248,"atk":252,"def":0,"spa":0,"spd":8,"spe":0},"ivs":{"hp":31,"atk":31,"def":31,"spa":31,"spd":31,"spe":31}},{"name":"Gastrodon","species":"Gastrodon","item":"leftovers","ability":"Storm Drain","moves":["earthpower","recover","scald","toxic"],"nature":"Bold","evs":{"hp":252,"atk":0,"def":252,"spa":4,"spd":0,"spe":0},"gender":"M","shiny":true,"ivs":{"hp":31,"atk":31,"def":31,"spa":31,"spd":31,"spe":31}},{"name":"Zygarde","species":"Zygarde","item":"leftovers","ability":"Aura Break","moves":["coil","dragondance","extremespeed","earthquake"],"nature":"Adamant","evs":{"hp":0,"atk":252,"def":0,"spa":0,"spd":4,"spe":252},"ivs":{"hp":31,"atk":31,"def":31,"spa":31,"spd":31,"spe":31}},{"name":"Landorus","species":"Landorus","item":"focussash","ability":"Sheer Force","moves":["calmmind","earthpower","extrasensory","sludgewave"],"nature":"Timid","evs":{"hp":0,"atk":0,"def":0,"spa":252,"spd":4,"spe":252},"shiny":true,"ivs":{"hp":31,"atk":31,"def":31,"spa":31,"spd":31,"spe":31}}],"p2team":[{"name":"Diggersby","species":"Diggersby","item":"choicescarf","ability":"Huge Power","moves":["knockoff","earthquake","frustration","firepunch"],"nature":"Adamant","evs":{"hp":4,"atk":252,"def":0,"spa":0,"spd":0,"spe":252},"happiness":0,"ivs":{"hp":31,"atk":31,"def":31,"spa":31,"spd":31,"spe":31}},{"name":"Camerupt","species":"Camerupt","item":"cameruptite","ability":"Magma Armor","moves":["flamethrower","earthpower","ancientpower","willowisp"],"nature":"Modest","evs":{"hp":248,"atk":0,"def":0,"spa":252,"spd":8,"spe":0},"ivs":{"hp":31,"atk":31,"def":31,"spa":31,"spd":31,"spe":31}},{"name":"Garchomp","species":"Garchomp","item":"muscleband","ability":"Rough Skin","moves":["dragonclaw","swordsdance","earthquake","substitute"],"nature":"Naive","evs":{"hp":0,"atk":252,"def":0,"spa":4,"spd":0,"spe":252},"ivs":{"hp":31,"atk":31,"def":31,"spa":31,"spd":31,"spe":31}},{"name":"Gastrodon","species":"Gastrodon","item":"leftovers","ability":"Storm Drain","moves":["scald","recover","toxic","icebeam"],"nature":"Calm","evs":{"hp":252,"atk":0,"def":0,"spa":4,"spd":252,"spe":0},"ivs":{"hp":31,"atk":31,"def":31,"spa":31,"spd":31,"spe":31}},{"name":"Mamoswine","species":"Mamoswine","item":"lifeorb","ability":"Thick Fat","moves":["iciclecrash","iceshard","earthquake","knockoff"],"nature":"Jolly","evs":{"hp":0,"atk":252,"def":0,"spa":0,"spd":8,"spe":248},"ivs":{"hp":31,"atk":31,"def":31,"spa":31,"spd":31,"spe":31}},{"name":"Landorus-Therian","species":"Landorus-Therian","item":"leftovers","ability":"Intimidate","moves":["stealthrock","uturn","earthquake","rockslide"],"nature":"Impish","evs":{"hp":252,"atk":4,"def":252,"spa":0,"spd":0,"spe":0},"ivs":{"hp":31,"atk":31,"def":31,"spa":31,"spd":31,"spe":31}}],"log":["|player|p1|Professor♅ Gotenks|professorgotenks.png","|player|p2|Im Slash|144","|gametype|singles","|gen|6","|tier|Monotype","|rated","|rule|Baton Pass Clause: Limit one Baton Passer, can't pass Spe and other stats simultaneously","|rule|Swagger Clause: Swagger is banned","|rule|Same Type Clause: Pokémon in a team must share a type","|clearpoke","|poke|p1|Hippowdon, M, shiny","|poke|p1|Garchomp, F","|poke|p1|Excadrill, F","|poke|p1|Gastrodon, M, shiny","|poke|p1|Zygarde","|poke|p1|Landorus, M, shiny","|poke|p2|Diggersby, F","|poke|p2|Camerupt, F","|poke|p2|Garchomp, M","|poke|p2|Gastrodon, M","|poke|p2|Mamoswine, F","|poke|p2|Landorus-Therian, M","|rule|Sleep Clause Mod: Limit one foe put to sleep","|rule|Species Clause: Limit one of each Pokémon","|rule|OHKO Clause: OHKO moves are banned","|rule|Moody Clause: Moody is banned","|rule|Evasion Moves Clause: Evasion moves are banned","|rule|Endless Battle Clause: Forcing endless battles is banned","|rule|HP Percentage Mod: HP is shown in percentages","|teampreview","|","|start","|switch|p1a: Zygarde|Zygarde|357/357","|switch|p2a: Mamoswine|Mamoswine, F|361/361","|-ability|p1a: Zygarde|Aura Break","|turn|1","|","|move|p1a: Zygarde|Coil|p1a: Zygarde","|-boost|p1a: Zygarde|atk|1","|-boost|p1a: Zygarde|def|1","|-boost|p1a: Zygarde|accuracy|1","|move|p2a: Mamoswine|Icicle Crash|p1a: Zygarde","|-supereffective|p1a: Zygarde","|-damage|p1a: Zygarde|0 fnt","|-damage|p2a: Mamoswine|325/361|[from] item: Life Orb","|faint|p1a: Zygarde","|","|","|switch|p1a: Pumba|Hippowdon, M, shiny|419/419","|-weather|Sandstorm","|turn|2","|","|switch|p2a: Landorus-Therian|Landorus-Therian, M|382/382","|-ability|p2a: Landorus-Therian|Intimidate","|-unboost|p1a: Pumba|atk|1","|move|p1a: Pumba|Stealth Rock|p2a: Landorus-Therian","|-sidestart|p2: Im Slash|move: Stealth Rock","|","|-weather|Sandstorm|[upkeep]","|turn|3","|","|move|p2a: Landorus-Therian|Stealth Rock|p1a: Pumba","|-sidestart|p1: Professor♅ Gotenks|move: Stealth Rock","|move|p1a: Pumba|Crunch|p2a: Landorus-Therian","|-damage|p2a: Landorus-Therian|348/382","|","|-weather|Sandstorm|[upkeep]","|-heal|p2a: Landorus-Therian|371/382|[from] item: Leftovers","|turn|4","|","|switch|p1a: Garchomp|Garchomp, F|357/357","|-damage|p1a: Garchomp|335/357|[from] Stealth Rock","|move|p2a: Landorus-Therian|U-turn|p1a: Garchomp","|-damage|p1a: Garchomp|259/357","|-damage|p2a: Landorus-Therian|324/382|[from] ability: Rough Skin|[of] p1a: Garchomp","|","|switch|p2a: Mamoswine|Mamoswine, F|325/361","|-damage|p2a: Mamoswine|280/361|[from] Stealth Rock","|","|-weather|Sandstorm|[upkeep]","|turn|5","|","|detailschange|p1a: Garchomp|Garchomp-Mega, F","|-mega|p1a: Garchomp|Garchomp|Garchompite","|move|p2a: Mamoswine|Ice Shard|p1a: Garchomp","|-supereffective|p1a: Garchomp","|-damage|p1a: Garchomp|0 fnt","|-damage|p2a: Mamoswine|244/361|[from] item: Life Orb","|faint|p1a: Garchomp","|","|-weather|Sandstorm|[upkeep]","|","|switch|p1a: Gastrodon|Gastrodon, M, shiny|426/426","|-damage|p1a: Gastrodon|400/426|[from] Stealth Rock","|turn|6","|","|switch|p2a: Gastrodon|Gastrodon, M|426/426","|-damage|p2a: Gastrodon|400/426|[from] Stealth Rock","|move|p1a: Gastrodon|Toxic|p2a: Gastrodon","|-status|p2a: Gastrodon|tox","|","|-weather|none","|-heal|p2a: Gastrodon|426/426 tox|[from] item: Leftovers","|-heal|p1a: Gastrodon|426/426|[from] item: Leftovers","|-damage|p2a: Gastrodon|400/426 tox|[from] psn","|turn|7","|","|switch|p1a: Pumba|Hippowdon, M, shiny|419/419","|-damage|p1a: Pumba|393/419|[from] Stealth Rock","|-weather|Sandstorm","|move|p2a: Gastrodon|Ice Beam|p1a: Pumba","|-supereffective|p1a: Pumba","|-damage|p1a: Pumba|219/419","|","|-weather|Sandstorm|[upkeep]","|-heal|p1a: Pumba|245/419|[from] item: Leftovers","|-heal|p2a: Gastrodon|426/426 tox|[from] item: Leftovers","|-damage|p2a: Gastrodon|374/426 tox|[from] psn","|turn|8","|","|move|p1a: Pumba|Crunch|p2a: Gastrodon","|-damage|p2a: Gastrodon|274/426 tox","|move|p2a: Gastrodon|Scald|p1a: Pumba","|-supereffective|p1a: Pumba","|-damage|p1a: Pumba|29/419","|","|-weather|Sandstorm|[upkeep]","|-heal|p1a: Pumba|55/419|[from] item: Leftovers","|-heal|p2a: Gastrodon|300/426 tox|[from] item: Leftovers","|-damage|p2a: Gastrodon|222/426 tox|[from] psn","|turn|9","|","|switch|p2a: Garchomp|Garchomp, M|357/357","|-damage|p2a: Garchomp|335/357|[from] Stealth Rock","|move|p1a: Pumba|Crunch|p2a: Garchomp","|-damage|p2a: Garchomp|258/357","|-damage|p1a: Pumba|3/419|[from] ability: Rough Skin|[of] p2a: Garchomp","|","|-weather|Sandstorm|[upkeep]","|-heal|p1a: Pumba|29/419|[from] item: Leftovers","|turn|10","|","|move|p2a: Garchomp|Earthquake|p1a: Pumba","|-crit|p1a: Pumba","|-damage|p1a: Pumba|0 fnt","|faint|p1a: Pumba","|","|-weather|Sandstorm|[upkeep]","|","|switch|p1a: Gastrodon|Gastrodon, M, shiny|426/426","|-damage|p1a: Gastrodon|400/426|[from] Stealth Rock","|turn|11","|","|move|p2a: Garchomp|Substitute|p2a: Garchomp","|-start|p2a: Garchomp|Substitute","|-damage|p2a: Garchomp|169/357","|move|p1a: Gastrodon|Scald|p2a: Garchomp","|-end|p2a: Garchomp|Substitute","|","|-weather|none","|-heal|p1a: Gastrodon|426/426|[from] item: Leftovers","|turn|12","|","|move|p2a: Garchomp|Swords Dance|p2a: Garchomp","|-boost|p2a: Garchomp|atk|2","|move|p1a: Gastrodon|Scald|p2a: Garchomp","|-damage|p2a: Garchomp|46/357","|-status|p2a: Garchomp|brn","|","|-damage|p2a: Garchomp|2/357 brn|[from] brn","|turn|13","|","|move|p2a: Garchomp|Dragon Claw|p1a: Gastrodon","|-damage|p1a: Gastrodon|273/426","|move|p1a: Gastrodon|Recover|p1a: Gastrodon","|-heal|p1a: Gastrodon|426/426","|","|-damage|p2a: Garchomp|0 fnt|[from] brn","|faint|p2a: Garchomp","|","|switch|p2a: Diggersby|Diggersby, F|312/312","|-damage|p2a: Diggersby|293/312|[from] Stealth Rock","|turn|14","|","|move|p2a: Diggersby|Frustration|p1a: Gastrodon","|-damage|p1a: Gastrodon|198/426","|move|p1a: Gastrodon|Scald|p2a: Diggersby","|-supereffective|p2a: Diggersby","|-damage|p2a: Diggersby|77/312","|-status|p2a: Diggersby|brn","|","|-heal|p1a: Gastrodon|224/426|[from] item: Leftovers","|-damage|p2a: Diggersby|38/312 brn|[from] brn","|turn|15","|","|move|p2a: Diggersby|Frustration|p1a: Gastrodon","|-damage|p1a: Gastrodon|122/426","|move|p1a: Gastrodon|Recover|p1a: Gastrodon","|-heal|p1a: Gastrodon|335/426","|","|-heal|p1a: Gastrodon|361/426|[from] item: Leftovers","|-damage|p2a: Diggersby|0 fnt|[from] brn","|faint|p2a: Diggersby","|","|switch|p2a: Camerupt|Camerupt, F|343/343","|-damage|p2a: Camerupt|301/343|[from] Stealth Rock","|turn|16","|","|detailschange|p2a: Camerupt|Camerupt-Mega, F","|-mega|p2a: Camerupt|Camerupt|Cameruptite","|move|p2a: Camerupt|Earth Power|p1a: Gastrodon","|-damage|p1a: Gastrodon|78/426","|move|p1a: Gastrodon|Scald|p2a: Camerupt","|-supereffective|p2a: Camerupt","|-damage|p2a: Camerupt|0 fnt","|faint|p2a: Camerupt","|","|-heal|p1a: Gastrodon|104/426|[from] item: Leftovers","|","|switch|p2a: Mamoswine|Mamoswine, F|244/361","|-damage|p2a: Mamoswine|199/361|[from] Stealth Rock","|turn|17","|","|move|p2a: Mamoswine|Knock Off|p1a: Gastrodon","|-damage|p1a: Gastrodon|0 fnt","|-enditem|p1a: Gastrodon|Leftovers|[from] move: Knock Off|[of] p2a: Mamoswine","|-damage|p2a: Mamoswine|163/361|[from] item: Life Orb","|faint|p1a: Gastrodon","|","|","|switch|p1a: Excadrill|Excadrill, F|423/423","|-damage|p1a: Excadrill|410/423|[from] Stealth Rock","|turn|18","|","|switch|p2a: Landorus-Therian|Landorus-Therian, M|324/382","|-damage|p2a: Landorus-Therian|277/382|[from] Stealth Rock","|-ability|p2a: Landorus-Therian|Intimidate","|-unboost|p1a: Excadrill|atk|1","|move|p1a: Excadrill|Iron Head|p2a: Landorus-Therian","|-crit|p2a: Landorus-Therian","|-damage|p2a: Landorus-Therian|103/382","|","|-heal|p2a: Landorus-Therian|126/382|[from] item: Leftovers","|turn|19","|","|switch|p1a: Landorus|Landorus, M, shiny|319/319","|-damage|p1a: Landorus|280/319|[from] Stealth Rock","|move|p2a: Landorus-Therian|Earthquake|p1a: Landorus","|-immune|p1a: Landorus|[msg]","|","|-heal|p2a: Landorus-Therian|149/382|[from] item: Leftovers","|turn|20","|","|move|p1a: Landorus|Calm Mind|p1a: Landorus","|-boost|p1a: Landorus|spa|1","|-boost|p1a: Landorus|spd|1","|move|p2a: Landorus-Therian|U-turn|p1a: Landorus","|-resisted|p1a: Landorus","|-damage|p1a: Landorus|242/319","|","|switch|p2a: Mamoswine|Mamoswine, F|163/361","|-damage|p2a: Mamoswine|118/361|[from] Stealth Rock","|","|turn|21","|","|move|p2a: Mamoswine|Ice Shard|p1a: Landorus","|-supereffective|p1a: Landorus","|-damage|p1a: Landorus|0 fnt","|-damage|p2a: Mamoswine|82/361|[from] item: Life Orb","|faint|p1a: Landorus","|","|","|switch|p1a: Excadrill|Excadrill, F|410/423","|-damage|p1a: Excadrill|397/423|[from] Stealth Rock","|turn|22","|","|move|p2a: Mamoswine|Ice Shard|p1a: Excadrill","|-damage|p1a: Excadrill|248/423","|-damage|p2a: Mamoswine|46/361|[from] item: Life Orb","|move|p1a: Excadrill|Iron Head|p2a: Mamoswine","|-supereffective|p2a: Mamoswine","|-damage|p2a: Mamoswine|0 fnt","|faint|p2a: Mamoswine","|","|","|switch|p2a: Landorus-Therian|Landorus-Therian, M|149/382","|-damage|p2a: Landorus-Therian|102/382|[from] Stealth Rock","|-ability|p2a: Landorus-Therian|Intimidate","|-unboost|p1a: Excadrill|atk|1","|turn|23","|","|move|p2a: Landorus-Therian|Earthquake|p1a: Excadrill","|-supereffective|p1a: Excadrill","|-damage|p1a: Excadrill|0 fnt","|faint|p1a: Excadrill","|","|win|Im Slash"],"p1rating":{"entryid":"1465","serverid":"eos","formatid":"monotype","userid":"professorgotenks","username":"Professor♅ Gotenks","w":"2","l":2,"t":"0","gxe":48.6,"r":"1518.3179253431","rd":"112.74438536811","sigma":"0","rptime":"1440061200","rpr":1489.3292830321,"rprd":107.80765890919,"rpsigma":"0","acre":1037.8874756176,"lacre":1037.8874756176,"oldacre":"1053.1420267922"},"p2rating":{"entryid":"75487","serverid":"eos","formatid":"monotype","userid":"imslash","username":"Im Slash","w":7,"l":"2","t":"0","gxe":62.5,"r":"1549.42060979","rd":"107.32893641527","sigma":"0","rptime":"1440061200","rpr":1599.6754193616,"rprd":90.637224674646,"rpsigma":"0","acre":1127.2908407452,"lacre":1127.2908407452,"oldacre":"1106.0701336131"},"endType":"normal"}