{"seed":[10863,60733,56049,3702],"turns":48,"p1":"Seven Swell","p2":"Guard Wulf - ⓓⓔⓐⓓ","p1team":[{"name":"Mew","species":"Mew","item":"leftovers","ability":"Synchronize","moves":["roost","toxic","healbell","aurasphere"],"nature":"Calm","evs":{"hp":252,"atk":0,"def":0,"spa":4,"spd":252,"spe":0},"ivs":{"hp":31,"atk":0,"def":31,"spa":31,"spd":31,"spe":31}},{"name":"Slowbro","species":"Slowbro","item":"rockyhelmet","ability":"Regenerator","moves":["scald","yawn","flamethrower","slackoff"],"nature":"Bold","evs":{"hp":252,"atk":0,"def":252,"spa":4,"spd":0,"spe":0},"ivs":{"hp":31,"atk":0,"def":31,"spa":31,"spd":31,"spe":31}},{"name":"Deoxys-Speed","species":"Deoxys-Speed","item":"focussash","ability":"Pressure","moves":["stealthrock","thunderbolt","thunderwave","icebeam"],"nature":"Timid","evs":{"hp":252,"atk":0,"def":0,"spa":44,"spd":0,"spe":212},"ivs":{"hp":31,"atk":0,"def":31,"spa":31,"spd":31,"spe":31}},{"name":"Latias","species":"Latias","item":"leftovers","ability":"Levitate","moves":["dracometeor","psyshock","roost","defog"],"nature":"Timid","evs":{"hp":252,"atk":0,"def":0,"spa":4,"spd":0,"spe":252},"ivs":{"hp":31,"atk":0,"def":31,"spa":31,"spd":31,"spe":31}},{"name":"Hoopa-Unbound","species":"Hoopa-Unbound","item":"focussash","ability":"Magician","moves":["hyperspacefury","drainpunch","firepunch","gunkshot"],"nature":"Adamant","evs":{"hp":0,"atk":252,"def":0,"spa":0,"spd":4,"spe":252},"ivs":{"hp":31,"atk":31,"def":31,"spa":31,"spd":31,"spe":31}},{"name":"Gardevoir","species":"Gardevoir","item":"gardevoirite","ability":"Trace","moves":["hypervoice","psyshock","shadowball","taunt"],"nature":"Timid","evs":{"hp":0,"atk":0,"def":0,"spa":252,"spd":4,"spe":252},"ivs":{"hp":31,"atk":0,"def":31,"spa":31,"spd":31,"spe":31}}],"p2team":[{"name":"Reuniclus","species":"Reuniclus","item":"lifeorb","ability":"Magic Guard","moves":["trickroom","psychic","shadowball","focusblast"],"nature":"Quiet","evs":{"hp":248,"atk":0,"def":0,"spa":252,"spd":8,"spe":0},"ivs":{"hp":31,"atk":31,"def":31,"spa":31,"spd":31,"spe":0}},{"name":"Slowbro","species":"Slowbro","item":"leftovers","ability":"Regenerator","moves":["scald","flamethrower","slackoff","thunderwave"],"nature":"Bold","evs":{"hp":252,"atk":0,"def":252,"spa":4,"spd":0,"spe":0},"ivs":{"hp":31,"atk":31,"def":31,"spa":31,"spd":31,"spe":31}},{"name":"Meloetta","species":"Meloetta","item":"leftovers","ability":"Serene Grace","moves":["dazzlinggleam","hypervoice","healbell","thunderwave"],"nature":"Calm","evs":{"hp":252,"atk":0,"def":4,"spa":0,"spd":252,"spe":0},"ivs":{"hp":31,"atk":31,"def":31,"spa":31,"spd":31,"spe":31}},{"name":"Gardevoir","species":"Gardevoir","item":"gardevoirite","ability":"Trace","moves":["hypervoice","substitute","focusblast","thunderbolt"],"nature":"Timid","evs":{"hp":0,"atk":0,"def":4,"spa":252,"spd":0,"spe":252},"ivs":{"hp":31,"atk":31,"def":31,"spa":31,"spd":31,"spe":31}},{"name":"Hoopa-Unbound","species":"Hoopa-Unbound","item":"choicescarf","ability":"Magician","moves":["hyperspacefury","drainpunch","knockoff","firepunch"],"nature":"Jolly","evs":{"hp":0,"atk":252,"def":0,"spa":0,"spd":4,"spe":252},"ivs":{"hp":31,"atk":31,"def":31,"spa":31,"spd":31,"spe":31}},{"name":"Latios","species":"Latios","item":"choicespecs","ability":"Levitate","moves":["dracometeor","psyshock","hiddenpowerfire","trick"],"nature":"Timid","evs":{"hp":0,"atk":0,"def":0,"spa":252,"spd":4,"spe":252},"ivs":{"hp":31,"atk":30,"def":31,"spa":30,"spd":31,"spe":30}}],"log":["|player|p1|Seven Swell|sevenswell.png","|player|p2|Guard Wulf - ⓓⓔⓐⓓ|143","|gametype|singles","|gen|6","|tier|Monotype","|rated","|rule|Baton Pass Clause: Limit one Baton Passer, can't pass Spe and other stats simultaneously","|rule|Swagger Clause: Swagger is banned","|rule|Same Type Clause: Pokémon in a team must share a type","|clearpoke","|poke|p1|Mew","|poke|p1|Slowbro, M","|poke|p1|Deoxys-Speed","|poke|p1|Latias, F","|poke|p1|Hoopa-Unbound","|poke|p1|Gardevoir, F","|poke|p2|Reuniclus, M","|poke|p2|Slowbro, F","|poke|p2|Meloetta","|poke|p2|Gardevoir, M","|poke|p2|Hoopa-Unbound","|poke|p2|Latios, M","|rule|Sleep Clause Mod: Limit one foe put to sleep","|rule|Species Clause: Limit one of each Pokémon","|rule|OHKO Clause: OHKO moves are banned","|rule|Moody Clause: Moody is banned","|rule|Evasion Moves Clause: Evasion moves are banned","|rule|Endless Battle Clause: Forcing endless battles is banned","|rule|HP Percentage Mod: HP is shown in percentages","|teampreview","|","|start","|switch|p1a: Hoopa-Unbound|Hoopa-Unbound|301/301","|switch|p2a: Hoopa-Unbound|Hoopa-Unbound|301/301","|turn|1","|","|move|p2a: Hoopa-Unbound|Hyperspace Fury|p1a: Hoopa-Unbound","|-enditem|p1a: Hoopa-Unbound|Focus Sash","|-damage|p1a: Hoopa-Unbound|1/301","|-unboost|p2a: Hoopa-Unbound|def|1","|move|p1a: Hoopa-Unbound|Hyperspace Fury|p2a: Hoopa-Unbound","|-damage|p2a: Hoopa-Unbound|0 fnt","|-item|p1a: Hoopa-Unbound|Choice Scarf|[from] ability: Magician|[of] p2a: Hoopa-Unbound","|-unboost|p1a: Hoopa-Unbound|def|1","|faint|p2a: Hoopa-Unbound","|","|","|switch|p2a: Latios|Latios, M|301/301","|turn|2","|","|switch|p1a: Mew|Mew|404/404","|move|p2a: Latios|Hidden Power|p1a: Mew","|-damage|p1a: Mew|333/404","|","|-heal|p1a: Mew|358/404|[from] item: Leftovers","|turn|3","|","|switch|p2a: Reuniclus|Reuniclus, M|423/423","|move|p1a: Mew|Toxic|p2a: Reuniclus","|-status|p2a: Reuniclus|tox","|","|-heal|p1a: Mew|383/404|[from] item: Leftovers","|turn|4","|","|switch|p1a: Gardevoir|Gardevoir, F|277/277","|-ability|p1a: Gardevoir|Magic Guard|[from] ability: Trace|[of] p2a: Reuniclus","|move|p2a: Reuniclus|Trick Room|p2a: Reuniclus","|-fieldstart|move: Trick Room|[of] p2a: Reuniclus","|","|turn|5","|","|detailschange|p1a: Gardevoir|Gardevoir-Mega, F","|-mega|p1a: Gardevoir|Gardevoir|Gardevoirite","|move|p2a: Reuniclus|Shadow Ball|p1a: Gardevoir","|-supereffective|p1a: Gardevoir","|-damage|p1a: Gardevoir|59/277","|move|p1a: Gardevoir|Shadow Ball|p2a: Reuniclus","|-supereffective|p2a: Reuniclus","|-damage|p2a: Reuniclus|185/423 tox","|-unboost|p2a: Reuniclus|spd|1","|","|turn|6","|","|move|p2a: Reuniclus|Shadow Ball|p1a: Gardevoir","|-supereffective|p1a: Gardevoir","|-damage|p1a: Gardevoir|0 fnt","|faint|p1a: Gardevoir","|","|","|switch|p1a: Slowbro|Slowbro, M|394/394","|turn|7","|","|move|p2a: Reuniclus|Shadow Ball|p1a: Slowbro","|-supereffective|p1a: Slowbro","|-damage|p1a: Slowbro|66/394","|move|p1a: Slowbro|Scald|p2a: Reuniclus","|-damage|p2a: Reuniclus|34/423 tox","|","|turn|8","|","|move|p2a: Reuniclus|Shadow Ball|p1a: Slowbro","|-supereffective|p1a: Slowbro","|-damage|p1a: Slowbro|0 fnt","|faint|p1a: Slowbro","|","|-fieldend|move: Trick Room","|","|switch|p1a: Deoxys-Speed|Deoxys-Speed|304/304","|-ability|p1a: Deoxys-Speed|Pressure","|turn|9","|","|move|p1a: Deoxys-Speed|Ice Beam|p2a: Reuniclus","|-crit|p2a: Reuniclus","|-damage|p2a: Reuniclus|0 fnt","|faint|p2a: Reuniclus","|","|","|switch|p2a: Meloetta|Meloetta|404/404","|turn|10","|","|move|p1a: Deoxys-Speed|Stealth Rock|p2a: Meloetta","|-sidestart|p2: Guard Wulf - ⓓⓔⓐⓓ|move: Stealth Rock","|move|p2a: Meloetta|Thunder Wave|p1a: Deoxys-Speed","|-status|p1a: Deoxys-Speed|par","|","|turn|11","|","|switch|p1a: Mew|Mew|383/404","|move|p2a: Meloetta|Hyper Voice|p1a: Mew","|-damage|p1a: Mew|289/404","|","|-heal|p1a: Mew|314/404|[from] item: Leftovers","|turn|12","|","|move|p1a: Mew|Heal Bell|p1a: Mew","|-cureteam|p1a: Mew|[from] move: HealBell","|move|p2a: Meloetta|Thunder Wave|p1a: Mew","|-status|p1a: Mew|par","|-status|p2a: Meloetta|par","|","|-heal|p1a: Mew|339/404 par|[from] item: Leftovers","|turn|13","|","|cant|p1a: Mew|par","|move|p2a: Meloetta|Heal Bell|p2a: Meloetta","|-cureteam|p2a: Meloetta|[from] move: HealBell","|","|-heal|p1a: Mew|364/404 par|[from] item: Leftovers","|turn|14","|","|switch|p2a: Latios|Latios, M|301/301","|-damage|p2a: Latios|264/301|[from] Stealth Rock","|move|p1a: Mew|Heal Bell|p1a: Mew","|-cureteam|p1a: Mew|[from] move: HealBell","|","|-heal|p1a: Mew|389/404|[from] item: Leftovers","|turn|15","|","|move|p2a: Latios|Draco Meteor|p1a: Mew","|-damage|p1a: Mew|146/404","|-unboost|p2a: Latios|spa|2","|move|p1a: Mew|Toxic|p2a: Latios","|-status|p2a: Latios|tox","|","|-heal|p1a: Mew|171/404|[from] item: Leftovers","|-damage|p2a: Latios|246/301 tox|[from] psn","|turn|16","|","|move|p2a: Latios|Draco Meteor|p1a: Mew","|-damage|p1a: Mew|44/404","|-unboost|p2a: Latios|spa|2","|move|p1a: Mew|Roost|p1a: Mew","|-heal|p1a: Mew|246/404","|","|-heal|p1a: Mew|271/404|[from] item: Leftovers","|-damage|p2a: Latios|210/301 tox|[from] psn","|turn|17","|","|switch|p2a: Meloetta|Meloetta|404/404","|-damage|p2a: Meloetta|354/404|[from] Stealth Rock","|move|p1a: Mew|Roost|p1a: Mew","|-heal|p1a: Mew|404/404","|","|-heal|p2a: Meloetta|379/404|[from] item: Leftovers","|turn|18","|","|move|p1a: Mew|Toxic|p2a: Meloetta","|-status|p2a: Meloetta|tox","|move|p2a: Meloetta|Heal Bell|p2a: Meloetta","|-cureteam|p2a: Meloetta|[from] move: HealBell","|","|-heal|p2a: Meloetta|404/404|[from] item: Leftovers","|turn|19","|","|move|p1a: Mew|Toxic|p2a: Meloetta","|-status|p2a: Meloetta|tox","|move|p2a: Meloetta|Thunder Wave|p1a: Mew","|-status|p1a: Mew|par","|","|-damage|p2a: Meloetta|379/404 tox|[from] psn","|turn|20","|","|switch|p2a: Gardevoir|Gardevoir, M|277/277","|-damage|p2a: Gardevoir|243/277|[from] Stealth Rock","|-ability|p2a: Gardevoir|Synchronize|[from] ability: Trace|[of] p1a: Mew","|cant|p1a: Mew|par","|","|turn|21","|","|switch|p1a: Latias|Latias, F|364/364","|detailschange|p2a: Gardevoir|Gardevoir-Mega, M","|-mega|p2a: Gardevoir|Gardevoir|Gardevoirite","|move|p2a: Gardevoir|Substitute|p2a: Gardevoir","|-start|p2a: Gardevoir|Substitute","|-damage|p2a: Gardevoir|174/277","|","|turn|22","|","|move|p1a: Latias|Psyshock|p2a: Gardevoir","|-resisted|p2a: Gardevoir","|-end|p2a: Gardevoir|Substitute","|move|p2a: Gardevoir|Hyper Voice|p1a: Latias","|-supereffective|p1a: Latias","|-damage|p1a: Latias|0 fnt","|faint|p1a: Latias","|","|","|switch|p1a: Hoopa-Unbound|Hoopa-Unbound|1/301","|turn|23","|","|move|p1a: Hoopa-Unbound|Hyperspace Fury|p2a: Gardevoir","|-damage|p2a: Gardevoir|0 fnt","|-unboost|p1a: Hoopa-Unbound|def|1","|faint|p2a: Gardevoir","|","|","|switch|p2a: Slowbro|Slowbro, F|394/394","|-damage|p2a: Slowbro|345/394|[from] Stealth Rock","|turn|24","|","|switch|p1a: Mew|Mew|404/404 par","|move|p2a: Slowbro|Scald|p1a: Mew","|-damage|p1a: Mew|335/404 par","|","|-heal|p2a: Slowbro|369/394|[from] item: Leftovers","|-heal|p1a: Mew|360/404 par|[from] item: Leftovers","|turn|25","|","|switch|p2a: Latios|Latios, M|210/301","|-damage|p2a: Latios|173/301|[from] Stealth Rock","|move|p1a: Mew|Toxic|p2a: Latios","|-status|p2a: Latios|tox","|","|-heal|p1a: Mew|385/404 par|[from] item: Leftovers","|-damage|p2a: Latios|155/301 tox|[from] psn","|turn|26","|","|move|p2a: Latios|Trick|p1a: Mew","|-activate|p2a: Latios|move: Trick|[of] p1a: Mew","|-item|p1a: Mew|Choice Specs|[from] move: Trick","|-item|p2a: Latios|Leftovers|[from] move: Trick","|move|p1a: Mew|Roost|p1a: Mew","|-heal|p1a: Mew|404/404 par","|","|-heal|p2a: Latios|173/301 tox|[from] item: Leftovers","|-damage|p2a: Latios|137/301 tox|[from] psn","|turn|27","|","|switch|p2a: Meloetta|Meloetta|379/404 tox","|-damage|p2a: Meloetta|329/404 tox|[from] Stealth Rock","|move|p1a: Mew|Roost|p1a: Mew","|-fail|p1a: Mew","|","|-heal|p2a: Meloetta|354/404 tox|[from] item: Leftovers","|-damage|p2a: Meloetta|329/404 tox|[from] psn","|turn|28","|","|switch|p1a: Deoxys-Speed|Deoxys-Speed|304/304","|-ability|p1a: Deoxys-Speed|Pressure","|move|p2a: Meloetta|Heal Bell|p2a: Meloetta","|-cureteam|p2a: Meloetta|[from] move: HealBell","|","|-heal|p2a: Meloetta|354/404|[from] item: Leftovers","|turn|29","|","|move|p1a: Deoxys-Speed|Thunder Wave|p2a: Meloetta","|-status|p2a: Meloetta|par","|cant|p2a: Meloetta|par","|","|-heal|p2a: Meloetta|379/404 par|[from] item: Leftovers","|turn|30","|","|switch|p1a: Hoopa-Unbound|Hoopa-Unbound|1/301","|move|p2a: Meloetta|Thunder Wave|p1a: Hoopa-Unbound","|-status|p1a: Hoopa-Unbound|par","|","|-heal|p2a: Meloetta|404/404 par|[from] item: Leftovers","|turn|31","|","|switch|p2a: Slowbro|Slowbro, F|394/394","|-damage|p2a: Slowbro|345/394|[from] Stealth Rock","|move|p1a: Hoopa-Unbound|Hyperspace Fury|p2a: Slowbro","|-supereffective|p2a: Slowbro","|-damage|p2a: Slowbro|19/394","|-unboost|p1a: Hoopa-Unbound|def|1","|","|-heal|p2a: Slowbro|43/394|[from] item: Leftovers","|turn|32","|","|switch|p1a: Mew|Mew|404/404 par","|move|p2a: Slowbro|Scald|p1a: Mew","|-damage|p1a: Mew|334/404 par","|","|-heal|p2a: Slowbro|67/394|[from] item: Leftovers","|turn|33","|","|move|p2a: Slowbro|Slack Off|p2a: Slowbro","|-heal|p2a: Slowbro|264/394","|move|p1a: Mew|Heal Bell|p1a: Mew","|-cureteam|p1a: Mew|[from] move: HealBell","|","|-heal|p2a: Slowbro|288/394|[from] item: Leftovers","|turn|34","|","|switch|p1a: Deoxys-Speed|Deoxys-Speed|304/304","|-ability|p1a: Deoxys-Speed|Pressure","|move|p2a: Slowbro|Thunder Wave|p1a: Deoxys-Speed","|-status|p1a: Deoxys-Speed|par","|","|-heal|p2a: Slowbro|312/394|[from] item: Leftovers","|turn|35","|","|switch|p2a: Meloetta|Meloetta|404/404 par","|-damage|p2a: Meloetta|354/404 par|[from] Stealth Rock","|cant|p1a: Deoxys-Speed|par","|","|-heal|p2a: Meloetta|379/404 par|[from] item: Leftovers","|turn|36","|","|move|p1a: Deoxys-Speed|Thunderbolt|p2a: Meloetta","|-damage|p2a: Meloetta|334/404 par","|move|p2a: Meloetta|Heal Bell|p2a: Meloetta","|-cureteam|p2a: Meloetta|[from] move: HealBell","|","|-heal|p2a: Meloetta|359/404|[from] item: Leftovers","|turn|37","|","|move|p2a: Meloetta|Hyper Voice|p1a: Deoxys-Speed","|-damage|p1a: Deoxys-Speed|151/304 par","|move|p1a: Deoxys-Speed|Thunderbolt|p2a: Meloetta","|-damage|p2a: Meloetta|315/404","|","|-heal|p2a: Meloetta|340/404|[from] item: Leftovers","|turn|38","|","|move|p2a: Meloetta|Hyper Voice|p1a: Deoxys-Speed","|-damage|p1a: Deoxys-Speed|0 fnt","|faint|p1a: Deoxys-Speed","|","|-heal|p2a: Meloetta|365/404|[from] item: Leftovers","|","|switch|p1a: Hoopa-Unbound|Hoopa-Unbound|1/301","|turn|39","|","|move|p1a: Hoopa-Unbound|Hyperspace Fury|p2a: Meloetta","|-supereffective|p2a: Meloetta","|-damage|p2a: Meloetta|0 fnt","|-unboost|p1a: Hoopa-Unbound|def|1","|faint|p2a: Meloetta","|","|","|switch|p2a: Slowbro|Slowbro, F|394/394","|-damage|p2a: Slowbro|345/394|[from] Stealth Rock","|turn|40","|","|switch|p1a: Mew|Mew|334/404","|move|p2a: Slowbro|Scald|p1a: Mew","|-damage|p1a: Mew|267/404","|","|-heal|p2a: Slowbro|369/394|[from] item: Leftovers","|turn|41","|","|move|p1a: Mew|Toxic|p2a: Slowbro","|-status|p2a: Slowbro|tox","|move|p2a: Slowbro|Thunder Wave|p1a: Mew","|-status|p1a: Mew|par","|","|-heal|p2a: Slowbro|393/394 tox|[from] item: Leftovers","|-damage|p2a: Slowbro|369/394 tox|[from] psn","|turn|42","|","|move|p2a: Slowbro|Scald|p1a: Mew","|-damage|p1a: Mew|201/404 par","|move|p1a: Mew|Toxic|p2a: Slowbro","|-fail|p2a: Slowbro|tox","|","|-heal|p2a: Slowbro|393/394 tox|[from] item: Leftovers","|-damage|p2a: Slowbro|345/394 tox|[from] psn","|turn|43","|","|move|p2a: Slowbro|Scald|p1a: Mew","|-damage|p1a: Mew|132/404 par","|move|p1a: Mew|Toxic|p2a: Slowbro","|-fail|p2a: Slowbro|tox","|","|-heal|p2a: Slowbro|369/394 tox|[from] item: Leftovers","|-damage|p2a: Slowbro|297/394 tox|[from] psn","|turn|44","|","|move|p2a: Slowbro|Scald|p1a: Mew","|-damage|p1a: Mew|60/404 par","|cant|p1a: Mew|par","|","|-heal|p2a: Slowbro|321/394 tox|[from] item: Leftovers","|-damage|p2a: Slowbro|225/394 tox|[from] psn","|turn|45","|","|switch|p2a: Latios|Latios, M|137/301","|-damage|p2a: Latios|100/301|[from] Stealth Rock","|move|p1a: Mew|Toxic|p2a: Latios","|-status|p2a: Latios|tox","|","|-heal|p2a: Latios|118/301 tox|[from] item: Leftovers","|-damage|p2a: Latios|100/301 tox|[from] psn","|turn|46","|","|move|p2a: Latios|Draco Meteor|p1a: Mew","|-damage|p1a: Mew|0 fnt","|-unboost|p2a: Latios|spa|2","|faint|p1a: Mew","|","|-heal|p2a: Latios|118/301 tox|[from] item: Leftovers","|-damage|p2a: Latios|82/301 tox|[from] psn","|","|switch|p1a: Hoopa-Unbound|Hoopa-Unbound|1/301","|turn|47","|","|move|p1a: Hoopa-Unbound|Hyperspace Fury|p2a: Latios","|-supereffective|p2a: Latios","|-damage|p2a: Latios|0 fnt","|-unboost|p1a: Hoopa-Unbound|def|1","|faint|p2a: Latios","|","|","|switch|p2a: Slowbro|Slowbro, F|356/394 tox","|-damage|p2a: Slowbro|307/394 tox|[from] Stealth Rock","|turn|48","|","|move|p1a: Hoopa-Unbound|Hyperspace Fury|p2a: Slowbro","|-crit|p2a: Slowbro","|-supereffective|p2a: Slowbro","|-damage|p2a: Slowbro|0 fnt","|-unboost|p1a: Hoopa-Unbound|def|1","|faint|p2a: Slowbro","|","|win|Seven Swell"],"p1rating":{"entryid":"86214","serverid":"eos","formatid":"monotype","userid":"sevenswell","username":"Seven Swell","w":19,"l":"6","t":"0","gxe":68.5,"r":"1657.3392056267","rd":"80.221831851584","sigma":"0","rptime":"1440061200","rpr":1648.4991394615,"rprd":66.622042789368,"rpsigma":"0","acre":1187.6168480582,"lacre":1187.6168480582,"oldacre":"1155.671696537"},"p2rating":{"entryid":"152473","serverid":"eos","formatid":"monotype","userid":"guardwulf","username":"Guard Wulf","w":"19","l":7,"t":"0","gxe":64.9,"r":"1530.0091417388","rd":"83.32711138282","sigma":"0","rptime":"1440061200","rpr":1617.4290311713,"rprd":64.573772885347,"rpsigma":"0","acre":1222.8509867538,"lacre":1222.8509867538,"oldacre":"1254.796138275"},"endType":"normal"}