{"seed":[29549,7790,10717,12345],"turns":26,"p1":"Void KGBeast","p2":"alliance - mxy","p1team":[{"name":"Hippowdon","species":"Hippowdon","item":"rockyhelmet","ability":"Sand Stream","moves":["stealthrock","earthquake","roar","slackoff"],"nature":"Impish","evs":{"hp":248,"atk":8,"def":252,"spa":0,"spd":0,"spe":0},"ivs":{"hp":31,"atk":31,"def":31,"spa":31,"spd":31,"spe":31}},{"name":"Landorus","species":"Landorus","item":"lifeorb","ability":"Sheer Force","moves":["earthpower","sludgewave","substitute","gravity"],"nature":"Modest","evs":{"hp":0,"atk":0,"def":4,"spa":252,"spd":0,"spe":252},"ivs":{"hp":31,"atk":0,"def":31,"spa":31,"spd":31,"spe":31}},{"name":"Nidoqueen","species":"Nidoqueen","item":"assaultvest","ability":"Sheer Force","moves":["flamethrower","thunderbolt","earthpower","icebeam"],"nature":"Modest","evs":{"hp":248,"atk":0,"def":0,"spa":252,"spd":8,"spe":0},"ivs":{"hp":31,"atk":0,"def":31,"spa":31,"spd":31,"spe":31}},{"name":"Garchomp","species":"Garchomp","item":"garchompite","ability":"Rough Skin","moves":["swordsdance","earthquake","fireblast","stoneedge"],"nature":"Jolly","evs":{"hp":0,"atk":252,"def":4,"spa":0,"spd":0,"spe":252},"ivs":{"hp":31,"atk":31,"def":31,"spa":31,"spd":31,"spe":31}},{"name":"Excadrill","species":"Excadrill","item":"choiceband","ability":"Sand Rush","moves":["ironhead","earthquake","rockslide","rapidspin"],"nature":"Adamant","evs":{"hp":0,"atk":252,"def":0,"spa":0,"spd":4,"spe":252},"ivs":{"hp":31,"atk":31,"def":31,"spa":31,"spd":31,"spe":31}},{"name":"Gastrodon","species":"Gastrodon","item":"leftovers","ability":"Storm Drain","moves":["scald","earthquake","toxic","recover"],"nature":"Sassy","evs":{"hp":248,"atk":8,"def":0,"spa":0,"spd":252,"spe":0},"ivs":{"hp":31,"atk":31,"def":31,"spa":31,"spd":31,"spe":31}}],"p2team":[{"name":"Heracross","species":"Heracross","item":"heracronite","ability":"Moxie","moves":["closecombat","rockblast","bulletseed","substitute"],"nature":"Adamant","evs":{"hp":0,"atk":252,"def":4,"spa":0,"spd":0,"spe":252},"ivs":{"hp":31,"atk":31,"def":31,"spa":31,"spd":31,"spe":31}},{"name":"Shuckle","species":"Shuckle","item":"leftovers","ability":"Sturdy","moves":["toxic","stealthrock","stickyweb","rocktomb"],"nature":"Impish","evs":{"hp":252,"atk":0,"def":172,"spa":0,"spd":84,"spe":0},"ivs":{"hp":31,"atk":31,"def":31,"spa":31,"spd":31,"spe":31}},{"name":"Genesect","species":"Genesect","item":"choicescarf","ability":"Download","moves":["uturn","flamethrower","thunderbolt","icebeam"],"nature":"Naive","evs":{"hp":0,"atk":4,"def":0,"spa":252,"spd":0,"spe":252},"ivs":{"hp":31,"atk":31,"def":31,"spa":31,"spd":31,"spe":31}},{"name":"Scizor","species":"Scizor","item":"choiceband","ability":"Technician","moves":["bulletpunch","superpower","uturn","knockoff"],"nature":"Adamant","evs":{"hp":144,"atk":252,"def":4,"spa":0,"spd":0,"spe":108},"ivs":{"hp":31,"atk":31,"def":31,"spa":31,"spd":31,"spe":31}},{"name":"Armaldo","species":"Armaldo","item":"assaultvest","ability":"Battle Armor","moves":["rocktomb","rapidspin","earthquake","aquajet"],"nature":"Careful","evs":{"hp":248,"atk":8,"def":0,"spa":0,"spd":252,"spe":0},"ivs":{"hp":31,"atk":31,"def":31,"spa":31,"spd":31,"spe":31}},{"name":"Vivillon","species":"Vivillon","item":"focussash","ability":"Compound Eyes","moves":["sleeppowder","aromatherapy","quiverdance","hurricane"],"nature":"Timid","evs":{"hp":0,"atk":0,"def":0,"spa":252,"spd":4,"spe":252},"ivs":{"hp":31,"atk":31,"def":31,"spa":31,"spd":31,"spe":31}}],"log":["|player|p1|Void KGBeast|voidkgbeast.png","|player|p2|alliance - mxy|270","|gametype|singles","|gen|6","|tier|Monotype","|rated","|rule|Baton Pass Clause: Limit one Baton Passer, can't pass Spe and other stats simultaneously","|rule|Swagger Clause: Swagger is banned","|rule|Same Type Clause: Pokémon in a team must share a type","|clearpoke","|poke|p1|Hippowdon, M","|poke|p1|Landorus, M","|poke|p1|Nidoqueen, F","|poke|p1|Garchomp, M","|poke|p1|Excadrill, M","|poke|p1|Gastrodon, M","|poke|p2|Heracross, F","|poke|p2|Shuckle, M","|poke|p2|Genesect-*","|poke|p2|Scizor, F","|poke|p2|Armaldo, M","|poke|p2|Vivillon, M","|rule|Sleep Clause Mod: Limit one foe put to sleep","|rule|Species Clause: Limit one of each Pokémon","|rule|OHKO Clause: OHKO moves are banned","|rule|Moody Clause: Moody is banned","|rule|Evasion Moves Clause: Evasion moves are banned","|rule|Endless Battle Clause: Forcing endless battles is banned","|rule|HP Percentage Mod: HP is shown in percentages","|teampreview","|","|start","|switch|p1a: Excadrill|Excadrill, M|361/361","|switch|p2a: Shuckle|Shuckle, M|244/244","|turn|1","|","|move|p1a: Excadrill|Iron Head|p2a: Shuckle","|-supereffective|p2a: Shuckle","|-damage|p2a: Shuckle|40/244","|move|p2a: Shuckle|Sticky Web|p1a: Excadrill","|-sidestart|p1: Void KGBeast|move: Sticky Web","|","|-heal|p2a: Shuckle|55/244|[from] item: Leftovers","|turn|2","|","|move|p1a: Excadrill|Iron Head|p2a: Shuckle","|-supereffective|p2a: Shuckle","|-damage|p2a: Shuckle|0 fnt","|faint|p2a: Shuckle","|","|","|switch|p2a: Genesect|Genesect|283/283","|-boost|p2a: Genesect|atk|1|[from] ability: Download","|turn|3","|","|switch|p1a: Gastrodon|Gastrodon, M|425/425","|-activate|p1a: Gastrodon|move: Sticky Web","|-unboost|p1a: Gastrodon|spe|1","|move|p2a: Genesect|U-turn|p1a: Gastrodon","|-damage|p1a: Gastrodon|214/425","|","|switch|p2a: Scizor|Scizor, F|317/317","|","|-heal|p1a: Gastrodon|240/425|[from] item: Leftovers","|turn|4","|","|switch|p1a: Garchomp|Garchomp, M|357/357","|-activate|p1a: Garchomp|move: Sticky Web","|-unboost|p1a: Garchomp|spe|1","|move|p2a: Scizor|U-turn|p1a: Garchomp","|-damage|p1a: Garchomp|156/357","|-damage|p2a: Scizor|278/317|[from] ability: Rough Skin|[of] p1a: Garchomp","|","|switch|p2a: Genesect|Genesect|283/283","|-boost|p2a: Genesect|spa|1|[from] ability: Download","|","|turn|5","|","|switch|p1a: Gastrodon|Gastrodon, M|240/425","|-activate|p1a: Gastrodon|move: Sticky Web","|-unboost|p1a: Gastrodon|spe|1","|move|p2a: Genesect|Ice Beam|p1a: Gastrodon","|-damage|p1a: Gastrodon|125/425","|","|-heal|p1a: Gastrodon|151/425|[from] item: Leftovers","|turn|6","|","|switch|p2a: Heracross|Heracross, F|301/301","|move|p1a: Gastrodon|Recover|p1a: Gastrodon","|-heal|p1a: Gastrodon|364/425","|","|-heal|p1a: Gastrodon|390/425|[from] item: Leftovers","|turn|7","|","|switch|p1a: Hippowdon|Hippowdon, M|419/419","|-activate|p1a: Hippowdon|move: Sticky Web","|-unboost|p1a: Hippowdon|spe|1","|-weather|Sandstorm","|detailschange|p2a: Heracross|Heracross-Mega, F","|-mega|p2a: Heracross|Heracross|Heracronite","|move|p2a: Heracross|Substitute|p2a: Heracross","|-start|p2a: Heracross|Substitute","|-damage|p2a: Heracross|226/301","|","|-weather|Sandstorm|[upkeep]","|-damage|p2a: Heracross|208/301|[from] sandstorm","|turn|8","|","|move|p2a: Heracross|Bullet Seed|p1a: Hippowdon","|-supereffective|p1a: Hippowdon","|-damage|p1a: Hippowdon|361/419","|-supereffective|p1a: Hippowdon","|-damage|p1a: Hippowdon|309/419","|-supereffective|p1a: Hippowdon","|-damage|p1a: Hippowdon|255/419","|-supereffective|p1a: Hippowdon","|-damage|p1a: Hippowdon|201/419","|-supereffective|p1a: Hippowdon","|-damage|p1a: Hippowdon|145/419","|-hitcount|p1a: Hippowdon|5","|move|p1a: Hippowdon|Roar|p2a: Heracross","|drag|p2a: Vivillon|Vivillon, M|301/301","|","|-weather|Sandstorm|[upkeep]","|-damage|p2a: Vivillon|283/301|[from] sandstorm","|turn|9","|","|switch|p1a: Garchomp|Garchomp, M|156/357","|-activate|p1a: Garchomp|move: Sticky Web","|-unboost|p1a: Garchomp|spe|1","|move|p2a: Vivillon|Hurricane|p1a: Garchomp","|-damage|p1a: Garchomp|0 fnt","|faint|p1a: Garchomp","|","|-weather|Sandstorm|[upkeep]","|-damage|p2a: Vivillon|265/301|[from] sandstorm","|","|switch|p1a: Excadrill|Excadrill, M|361/361","|-activate|p1a: Excadrill|move: Sticky Web","|-unboost|p1a: Excadrill|spe|1","|turn|10","|","|move|p1a: Excadrill|Rock Slide|p2a: Vivillon","|-supereffective|p2a: Vivillon","|-damage|p2a: Vivillon|0 fnt","|faint|p2a: Vivillon","|","|-weather|Sandstorm|[upkeep]","|","|switch|p2a: Heracross|Heracross-Mega, F|208/301","|turn|11","|","|switch|p1a: Landorus|Landorus, M|319/319","|move|p2a: Heracross|Close Combat|p1a: Landorus","|-resisted|p1a: Landorus","|-damage|p1a: Landorus|164/319","|-unboost|p2a: Heracross|def|1","|-unboost|p2a: Heracross|spd|1","|","|-weather|none","|turn|12","|","|switch|p2a: Armaldo|Armaldo, M|353/353","|move|p1a: Landorus|Earth Power|p2a: Armaldo","|-damage|p2a: Armaldo|205/353","|","|turn|13","|","|switch|p1a: Hippowdon|Hippowdon, M|145/419","|-activate|p1a: Hippowdon|move: Sticky Web","|-unboost|p1a: Hippowdon|spe|1","|-weather|Sandstorm","|switch|p2a: Scizor|Scizor, F|278/317","|","|-weather|Sandstorm|[upkeep]","|turn|14","|","|move|p2a: Scizor|U-turn|p1a: Hippowdon","|-damage|p1a: Hippowdon|22/419","|-damage|p2a: Scizor|226/317|[from] item: Rocky Helmet|[of] p1a: Hippowdon","|","|switch|p2a: Armaldo|Armaldo, M|205/353","|move|p1a: Hippowdon|Slack Off|p1a: Hippowdon","|-heal|p1a: Hippowdon|232/419","|","|-weather|Sandstorm|[upkeep]","|turn|15","|","|move|p2a: Armaldo|Earthquake|p1a: Hippowdon","|-damage|p1a: Hippowdon|168/419","|move|p1a: Hippowdon|Stealth Rock|p2a: Armaldo","|-sidestart|p2: alliance - mxy|move: Stealth Rock","|","|-weather|Sandstorm|[upkeep]","|turn|16","|","|move|p2a: Armaldo|Rapid Spin|p1a: Hippowdon","|-damage|p1a: Hippowdon|154/419","|-damage|p2a: Armaldo|147/353|[from] item: Rocky Helmet|[of] p1a: Hippowdon","|-sideend|p2: alliance - mxy|Stealth Rock|[from] move: Rapid Spin|[of] p2a: Armaldo","|move|p1a: Hippowdon|Slack Off|p1a: Hippowdon","|-heal|p1a: Hippowdon|364/419","|","|-weather|Sandstorm|[upkeep]","|turn|17","|","|switch|p2a: Genesect|Genesect|283/283","|-boost|p2a: Genesect|spa|1|[from] ability: Download","|move|p1a: Hippowdon|Stealth Rock|p2a: Genesect","|-sidestart|p2: alliance - mxy|move: Stealth Rock","|","|-weather|none","|turn|18","|","|switch|p1a: Gastrodon|Gastrodon, M|390/425","|-activate|p1a: Gastrodon|move: Sticky Web","|-unboost|p1a: Gastrodon|spe|1","|move|p2a: Genesect|Ice Beam|p1a: Gastrodon","|-damage|p1a: Gastrodon|259/425","|","|-heal|p1a: Gastrodon|285/425|[from] item: Leftovers","|turn|19","|","|switch|p2a: Heracross|Heracross-Mega, F|208/301","|-damage|p2a: Heracross|171/301|[from] Stealth Rock","|move|p1a: Gastrodon|Scald|p2a: Heracross","|-damage|p2a: Heracross|90/301","|","|-heal|p1a: Gastrodon|311/425|[from] item: Leftovers","|turn|20","|","|move|p2a: Heracross|Bullet Seed|p1a: Gastrodon","|-supereffective|p1a: Gastrodon","|-damage|p1a: Gastrodon|79/425","|-supereffective|p1a: Gastrodon","|-damage|p1a: Gastrodon|0 fnt","|-hitcount|p1a: Gastrodon|2","|faint|p1a: Gastrodon","|","|","|switch|p1a: Landorus|Landorus, M|164/319","|turn|21","|","|move|p1a: Landorus|Earth Power|p2a: Heracross","|-resisted|p2a: Heracross","|-damage|p2a: Heracross|0 fnt","|faint|p2a: Heracross","|","|","|switch|p2a: Scizor|Scizor, F|226/317","|-damage|p2a: Scizor|187/317|[from] Stealth Rock","|turn|22","|","|move|p1a: Landorus|Earth Power|p2a: Scizor","|-damage|p2a: Scizor|0 fnt","|faint|p2a: Scizor","|","|","|switch|p2a: Genesect|Genesect|283/283","|-damage|p2a: Genesect|248/283|[from] Stealth Rock","|-boost|p2a: Genesect|spa|1|[from] ability: Download","|turn|23","|","|move|p2a: Genesect|Ice Beam|p1a: Landorus","|-supereffective|p1a: Landorus","|-damage|p1a: Landorus|0 fnt","|faint|p1a: Landorus","|","|","|switch|p1a: Nidoqueen|Nidoqueen, F|383/383","|-activate|p1a: Nidoqueen|move: Sticky Web","|-unboost|p1a: Nidoqueen|spe|1","|turn|24","|","|move|p2a: Genesect|Ice Beam|p1a: Nidoqueen","|-supereffective|p1a: Nidoqueen","|-damage|p1a: Nidoqueen|137/383","|move|p1a: Nidoqueen|Flamethrower|p2a: Genesect","|-supereffective|p2a: Genesect","|-damage|p2a: Genesect|0 fnt","|faint|p2a: Genesect","|","|","|switch|p2a: Armaldo|Armaldo, M|147/353","|-damage|p2a: Armaldo|59/353|[from] Stealth Rock","|turn|25","|","|move|p2a: Armaldo|Earthquake|p1a: Nidoqueen","|-supereffective|p1a: Nidoqueen","|-damage|p1a: Nidoqueen|0 fnt","|faint|p1a: Nidoqueen","|","|","|switch|p1a: Excadrill|Excadrill, M|361/361","|-activate|p1a: Excadrill|move: Sticky Web","|-unboost|p1a: Excadrill|spe|1","|turn|26","|","|move|p2a: Armaldo|Aqua Jet|p1a: Excadrill","|-supereffective|p1a: Excadrill","|-damage|p1a: Excadrill|237/361","|move|p1a: Excadrill|Iron Head|p2a: Armaldo","|-supereffective|p2a: Armaldo","|-damage|p2a: Armaldo|0 fnt","|faint|p2a: Armaldo","|","|win|Void KGBeast"],"p1rating":{"entryid":"129714","serverid":"eos","formatid":"monotype","userid":"voidkgbeast","username":"Void KGBeast","w":14,"l":"6","t":"0","gxe":64.9,"r":"1550.5099091248","rd":"78.024947068447","sigma":"0","rptime":"1440061200","rpr":1618.0818415613,"rprd":70.761948612478,"rpsigma":"0","acre":1256.9541571496,"lacre":1256.9541571496,"oldacre":"1237.82520775"},"p2rating":{"entryid":"127788","serverid":"eos","formatid":"monotype","userid":"alliancemxy","username":"Alliance - Mxy","w":"7","l":3,"t":"0","gxe":59.2,"r":"1574.7622834084","rd":"102.97746436524","sigma":"0","rptime":"1440061200","rpr":1572.1395456345,"rprd":88.14705870159,"rpsigma":"0","acre":1135.5521418528,"lacre":1135.5521418528,"oldacre":"1154.6810912524"},"endType":"normal"}