{"seed":[28265,6871,60224,60091],"turns":20,"p1":"key7","p2":"inferno sasuke","p1team":[{"name":"Aggron","species":"Aggron","item":"lifeorb","ability":"Rock Head","moves":["rockpolish","headsmash","ironhead","earthquake"],"nature":"Adamant","evs":{"hp":0,"atk":252,"def":0,"spa":0,"spd":4,"spe":252},"ivs":{"hp":31,"atk":31,"def":31,"spa":31,"spd":31,"spe":31}},{"name":"Scizor","species":"Scizor","item":"scizorite","ability":"Technician","moves":["swordsdance","xscissor","bulletpunch","roost"],"nature":"Adamant","evs":{"hp":248,"atk":252,"def":0,"spa":0,"spd":8,"spe":0},"ivs":{"hp":31,"atk":31,"def":31,"spa":31,"spd":31,"spe":31}},{"name":"Lucario","species":"Lucario","item":"focussash","ability":"Inner Focus","moves":["nastyplot","aurasphere","flashcannon","vacuumwave"],"nature":"Timid","evs":{"hp":0,"atk":0,"def":0,"spa":252,"spd":4,"spe":252},"ivs":{"hp":31,"atk":31,"def":31,"spa":31,"spd":31,"spe":31}},{"name":"Heatran","species":"Heatran","item":"airballoon","ability":"Flash Fire","moves":["fireblast","flashcannon","earthpower","protect"],"nature":"Modest","evs":{"hp":240,"atk":0,"def":0,"spa":252,"spd":8,"spe":8},"ivs":{"hp":31,"atk":31,"def":31,"spa":31,"spd":31,"spe":31}},{"name":"Skarmory","species":"Skarmory","item":"leftovers","ability":"Sturdy","moves":["spikes","toxic","protect","bravebird"],"nature":"Impish","evs":{"hp":252,"atk":0,"def":232,"spa":0,"spd":0,"spe":24},"ivs":{"hp":31,"atk":31,"def":31,"spa":31,"spd":31,"spe":31}},{"name":"Registeel","species":"Registeel","item":"leftovers","ability":"Clear Body","moves":["stealthrock","protect","toxic","seismictoss"],"nature":"Calm","evs":{"hp":252,"atk":0,"def":4,"spa":0,"spd":252,"spe":0},"ivs":{"hp":31,"atk":31,"def":31,"spa":31,"spd":31,"spe":31}}],"p2team":[{"name":"lazy ass bubba","species":"hippowdon","item":"leftovers","ability":"Sand Stream","moves":["stealthrock","earthquake","whirlwind","slackoff"],"nature":"Careful","evs":{"hp":248,"atk":8,"def":0,"spa":0,"spd":252,"spe":0},"gender":"F","shiny":true,"ivs":{"hp":31,"atk":31,"def":31,"spa":31,"spd":31,"spe":31}},{"name":"wet and wild","species":"seismitoad","item":"assaultvest","ability":"Water Absorb","moves":["scald","earthpower","grassknot","sludgewave"],"nature":"Modest","evs":{"hp":100,"atk":0,"def":0,"spa":252,"spd":0,"spe":156},"gender":"M","shiny":true,"ivs":{"hp":31,"atk":31,"def":31,"spa":31,"spd":31,"spe":31}},{"name":"tuskonoir","species":"mamoswine","item":"lifeorb","ability":"Thick Fat","moves":["earthquake","iciclespear","iceshard","freezedry"],"nature":"Lonely","evs":{"hp":0,"atk":216,"def":0,"spa":40,"spd":0,"spe":252},"gender":"F","shiny":true,"ivs":{"hp":31,"atk":31,"def":31,"spa":31,"spd":31,"spe":31}},{"name":"implosion","species":"camerupt","item":"cameruptite","ability":"Magma Armor","moves":["fireblast","earthpower","rockslide","willowisp"],"nature":"Rash","evs":{"hp":168,"atk":0,"def":0,"spa":252,"spd":0,"spe":88},"gender":"M","shiny":true,"ivs":{"hp":31,"atk":31,"def":31,"spa":31,"spd":31,"spe":31}},{"name":"jaws of life","species":"excadrill","item":"choiceband","ability":"Sand Rush","moves":["earthquake","ironhead","rockslide","rapidspin"],"nature":"Jolly","evs":{"hp":0,"atk":252,"def":0,"spa":0,"spd":4,"spe":252},"gender":"M","shiny":true,"ivs":{"hp":31,"atk":31,"def":31,"spa":31,"spd":31,"spe":31}},{"name":"Landorus-Therian","species":"Landorus-Therian","item":"leftovers","ability":"Intimidate","moves":["swordsdance","rockpolish","earthquake","knockoff"],"nature":"Adamant","evs":{"hp":192,"atk":252,"def":4,"spa":0,"spd":0,"spe":60},"shiny":true,"ivs":{"hp":31,"atk":31,"def":31,"spa":31,"spd":31,"spe":31}}],"log":["|player|p1|key7|key7.png","|player|p2|inferno sasuke|infernosasuke.png","|gametype|singles","|gen|6","|tier|Monotype","|rated","|rule|Baton Pass Clause: Limit one Baton Passer, can't pass Spe and other stats simultaneously","|rule|Swagger Clause: Swagger is banned","|rule|Same Type Clause: Pokémon in a team must share a type","|clearpoke","|poke|p1|Aggron, M","|poke|p1|Scizor, F","|poke|p1|Lucario, M","|poke|p1|Heatran, M","|poke|p1|Skarmory, M","|poke|p1|Registeel","|poke|p2|Hippowdon, F, shiny","|poke|p2|Seismitoad, M, shiny","|poke|p2|Mamoswine, F, shiny","|poke|p2|Camerupt, M, shiny","|poke|p2|Excadrill, M, shiny","|poke|p2|Landorus-Therian, M, shiny","|rule|Sleep Clause Mod: Limit one foe put to sleep","|rule|Species Clause: Limit one of each Pokémon","|rule|OHKO Clause: OHKO moves are banned","|rule|Moody Clause: Moody is banned","|rule|Evasion Moves Clause: Evasion moves are banned","|rule|Endless Battle Clause: Forcing endless battles is banned","|rule|HP Percentage Mod: HP is shown in percentages","|teampreview","|","|start","|switch|p1a: Registeel|Registeel|364/364","|switch|p2a: lazy ass bubba|Hippowdon, F, shiny|419/419","|-weather|Sandstorm","|turn|1","|","|move|p1a: Registeel|Toxic|p2a: lazy ass bubba","|-status|p2a: lazy ass bubba|tox","|move|p2a: lazy ass bubba|Earthquake|p1a: Registeel","|-supereffective|p1a: Registeel","|-damage|p1a: Registeel|188/364","|","|-weather|Sandstorm|[upkeep]","|-heal|p1a: Registeel|210/364|[from] item: Leftovers","|-damage|p2a: lazy ass bubba|393/419 tox|[from] psn","|turn|2","|","|move|p1a: Registeel|Protect|p1a: Registeel","|-singleturn|p1a: Registeel|Protect","|move|p2a: lazy ass bubba|Earthquake|p1a: Registeel","|-activate|p1a: Registeel|Protect","|","|-weather|Sandstorm|[upkeep]","|-heal|p1a: Registeel|232/364|[from] item: Leftovers","|-heal|p2a: lazy ass bubba|419/419 tox|[from] item: Leftovers","|-damage|p2a: lazy ass bubba|367/419 tox|[from] psn","|turn|3","|","|switch|p1a: Skarmory|Skarmory, M|334/334","|move|p2a: lazy ass bubba|Earthquake|p1a: Skarmory","|-immune|p1a: Skarmory|[msg]","|","|-weather|Sandstorm|[upkeep]","|-heal|p2a: lazy ass bubba|393/419 tox|[from] item: Leftovers","|-damage|p2a: lazy ass bubba|315/419 tox|[from] psn","|turn|4","|","|switch|p2a: implosion|Camerupt, M, shiny|323/323","|move|p1a: Skarmory|Spikes|p2a: implosion","|-sidestart|p2: inferno sasuke|Spikes","|","|-weather|Sandstorm|[upkeep]","|turn|5","|","|detailschange|p2a: implosion|Camerupt-Mega, M, shiny","|-mega|p2a: implosion|Camerupt|Cameruptite","|move|p1a: Skarmory|Toxic|p2a: implosion","|-status|p2a: implosion|tox","|move|p2a: implosion|Fire Blast|p1a: Skarmory","|-supereffective|p1a: Skarmory","|-ability|p1a: Skarmory|Sturdy","|-damage|p1a: Skarmory|1/334","|","|-weather|none","|-heal|p1a: Skarmory|21/334|[from] item: Leftovers","|-damage|p2a: implosion|303/323 tox|[from] psn","|turn|6","|","|move|p1a: Skarmory|Protect|p1a: Skarmory","|-singleturn|p1a: Skarmory|Protect","|move|p2a: implosion|Fire Blast|p1a: Skarmory","|-activate|p1a: Skarmory|Protect","|","|-heal|p1a: Skarmory|41/334|[from] item: Leftovers","|-damage|p2a: implosion|263/323 tox|[from] psn","|turn|7","|","|switch|p1a: Heatran|Heatran, M|383/383","|-item|p1a: Heatran|Air Balloon","|switch|p2a: jaws of life|Excadrill, M, shiny|361/361","|-damage|p2a: jaws of life|316/361|[from] Spikes","|","|turn|8","|","|switch|p2a: wet and wild|Seismitoad, M, shiny|376/376","|-damage|p2a: wet and wild|329/376|[from] Spikes","|move|p1a: Heatran|Earth Power|p2a: wet and wild","|-damage|p2a: wet and wild|227/376","|","|turn|9","|","|switch|p1a: Registeel|Registeel|232/364","|move|p2a: wet and wild|Scald|p1a: Registeel","|-damage|p1a: Registeel|171/364","|-status|p1a: Registeel|brn","|","|-heal|p1a: Registeel|193/364 brn|[from] item: Leftovers","|-damage|p1a: Registeel|148/364 brn|[from] brn","|turn|10","|","|move|p2a: wet and wild|Earth Power|p1a: Registeel","|-supereffective|p1a: Registeel","|-damage|p1a: Registeel|14/364 brn","|move|p1a: Registeel|Stealth Rock|p2a: wet and wild","|-sidestart|p2: inferno sasuke|move: Stealth Rock","|","|-heal|p1a: Registeel|36/364 brn|[from] item: Leftovers","|-damage|p1a: Registeel|0 fnt|[from] brn","|faint|p1a: Registeel","|","|switch|p1a: Skarmory|Skarmory, M|41/334","|turn|11","|","|move|p2a: wet and wild|Scald|p1a: Skarmory","|-damage|p1a: Skarmory|0 fnt","|faint|p1a: Skarmory","|","|","|switch|p1a: Lucario|Lucario, M|281/281","|turn|12","|","|move|p1a: Lucario|Nasty Plot|p1a: Lucario","|-boost|p1a: Lucario|spa|2","|move|p2a: wet and wild|Earth Power|p1a: Lucario","|-supereffective|p1a: Lucario","|-enditem|p1a: Lucario|Focus Sash","|-damage|p1a: Lucario|1/281","|","|turn|13","|","|move|p1a: Lucario|Aura Sphere|p2a: wet and wild","|-damage|p2a: wet and wild|0 fnt","|faint|p2a: wet and wild","|","|","|switch|p2a: jaws of life|Excadrill, M, shiny|316/361","|-damage|p2a: jaws of life|271/361|[from] Spikes","|-damage|p2a: jaws of life|260/361|[from] Stealth Rock","|turn|14","|","|move|p1a: Lucario|Vacuum Wave|p2a: jaws of life","|-supereffective|p2a: jaws of life","|-damage|p2a: jaws of life|0 fnt","|faint|p2a: jaws of life","|","|","|switch|p2a: lazy ass bubba|Hippowdon, F, shiny|315/419 tox","|-damage|p2a: lazy ass bubba|263/419 tox|[from] Spikes","|-damage|p2a: lazy ass bubba|237/419 tox|[from] Stealth Rock","|-weather|Sandstorm","|turn|15","|","|move|p1a: Lucario|Flash Cannon|p2a: lazy ass bubba","|-damage|p2a: lazy ass bubba|0 fnt","|faint|p2a: lazy ass bubba","|","|-weather|Sandstorm|[upkeep]","|","|switch|p2a: Landorus-Therian|Landorus-Therian, M, shiny|367/367","|-damage|p2a: Landorus-Therian|322/367|[from] Stealth Rock","|-ability|p2a: Landorus-Therian|Intimidate","|-unboost|p1a: Lucario|atk|1","|turn|16","|","|move|p1a: Lucario|Flash Cannon|p2a: Landorus-Therian","|-damage|p2a: Landorus-Therian|27/367","|move|p2a: Landorus-Therian|Earthquake|p1a: Lucario","|-supereffective|p1a: Lucario","|-damage|p1a: Lucario|0 fnt","|faint|p1a: Lucario","|","|-weather|Sandstorm|[upkeep]","|-heal|p2a: Landorus-Therian|49/367|[from] item: Leftovers","|","|switch|p1a: Scizor|Scizor, F|343/343","|turn|17","|","|detailschange|p1a: Scizor|Scizor-Mega, F","|-mega|p1a: Scizor|Scizor|Scizorite","|move|p1a: Scizor|Bullet Punch|p2a: Landorus-Therian","|-damage|p2a: Landorus-Therian|0 fnt","|faint|p2a: Landorus-Therian","|","|-weather|Sandstorm|[upkeep]","|","|switch|p2a: implosion|Camerupt-Mega, M, shiny|263/323 tox","|-damage|p2a: implosion|223/323 tox|[from] Spikes","|-damage|p2a: implosion|183/323 tox|[from] Stealth Rock","|turn|18","|","|switch|p1a: Heatran|Heatran, M|383/383","|-item|p1a: Heatran|Air Balloon","|move|p2a: implosion|Fire Blast|p1a: Heatran","|-start|p1a: Heatran|ability: Flash Fire","|","|-weather|Sandstorm|[upkeep]","|-damage|p2a: implosion|163/323 tox|[from] psn","|turn|19","|","|move|p1a: Heatran|Earth Power|p2a: implosion","|-supereffective|p2a: implosion","|-damage|p2a: implosion|0 fnt","|faint|p2a: implosion","|","|-weather|none","|","|switch|p2a: tuskonoir|Mamoswine, F, shiny|361/361","|-damage|p2a: tuskonoir|316/361|[from] Spikes","|-damage|p2a: tuskonoir|271/361|[from] Stealth Rock","|turn|20","|","|move|p2a: tuskonoir|Ice Shard|p1a: Heatran","|-resisted|p1a: Heatran","|-damage|p1a: Heatran|358/383","|-enditem|p1a: Heatran|Air Balloon","|-damage|p2a: tuskonoir|235/361|[from] item: Life Orb","|move|p1a: Heatran|Flash Cannon|p2a: tuskonoir","|-supereffective|p2a: tuskonoir","|-damage|p2a: tuskonoir|0 fnt","|faint|p2a: tuskonoir","|","|win|key7"],"p1rating":{"entryid":"188976","serverid":"eos","formatid":"monotype","userid":"key7","username":"key7","w":4,"l":"1","t":"0","gxe":61.8,"r":"1500","rd":"130","sigma":"0","rptime":"1440061200","rpr":1594.132243168,"rprd":103.98862541272,"rpsigma":"0","acre":1137.1997121951,"lacre":1137.1997121951,"oldacre":"1117.6992432961"},"p2rating":{"entryid":"45674","serverid":"eos","formatid":"monotype","userid":"infernosasuke","username":"Inferno Sasuke","w":"3","l":11,"t":"0","gxe":33.3,"r":"1364.2441066198","rd":"85.565669206916","sigma":"0","rptime":"1440061200","rpr":1365.915454761,"rprd":80.231721975051,"rpsigma":"0","acre":1027.5196999047,"lacre":1027.5196999047,"oldacre":"1040"},"endType":"normal"}