{"seed":[19127,5289,51166,21216],"turns":29,"p1":"Inferno DPX","p2":"Void HairyChild","p1team":[{"name":"Charizard","species":"Charizard","item":"charizarditex","ability":"Blaze","moves":["dragondance","dragonclaw","firepunch","earthquake"],"nature":"Adamant","evs":{"hp":0,"atk":252,"def":0,"spa":0,"spd":4,"spe":252},"ivs":{"hp":31,"atk":31,"def":31,"spa":31,"spd":31,"spe":31}},{"name":"Chandelure","species":"Chandelure","item":"choicescarf","ability":"Infiltrator","moves":["shadowball","energyball","flamethrower","psychic"],"nature":"Timid","evs":{"hp":0,"atk":0,"def":0,"spa":252,"spd":4,"spe":252},"ivs":{"hp":31,"atk":31,"def":31,"spa":31,"spd":31,"spe":31}},{"name":"Arcanine","species":"Arcanine","item":"lifeorb","ability":"Intimidate","moves":["crunch","closecombat","extremespeed","firefang"],"nature":"Jolly","evs":{"hp":0,"atk":252,"def":0,"spa":0,"spd":4,"spe":252},"ivs":{"hp":31,"atk":31,"def":31,"spa":31,"spd":31,"spe":31}},{"name":"Rotom-Heat","species":"Rotom-Heat","item":"leftovers","ability":"Levitate","moves":["willowisp","confuseray","voltswitch","hiddenpowerfire"],"nature":"Calm","evs":{"hp":252,"atk":0,"def":0,"spa":4,"spd":252,"spe":0},"ivs":{"hp":31,"atk":30,"def":31,"spa":30,"spd":31,"spe":30}},{"name":"Darmanitan","species":"Darmanitan","item":"lifeorb","ability":"Sheer Force","moves":["earthquake","firepunch","stoneedge","zenheadbutt"],"nature":"Jolly","evs":{"hp":0,"atk":252,"def":0,"spa":0,"spd":4,"spe":252},"ivs":{"hp":31,"atk":31,"def":31,"spa":31,"spd":31,"spe":31}},{"name":"Torkoal","species":"Torkoal","item":"leftovers","ability":"White Smoke","moves":["clearsmog","rapidspin","stealthrock","flamethrower"],"nature":"Modest","evs":{"hp":252,"atk":0,"def":0,"spa":252,"spd":4,"spe":0},"ivs":{"hp":31,"atk":31,"def":31,"spa":31,"spd":31,"spe":31}}],"p2team":[{"name":"Cancer bulk","species":"chansey","item":"eviolite","ability":"Natural Cure","moves":["toxic","stealthrock","wish","healbell"],"nature":"Bold","evs":{"hp":128,"atk":0,"def":252,"spa":0,"spd":128,"spe":0},"ivs":{"hp":31,"atk":31,"def":31,"spa":31,"spd":31,"spe":31}},{"name":"Cancer mega","species":"lopunny","item":"lopunnite","ability":"Limber","moves":["highjumpkick","substitute","poweruppunch","return"],"nature":"Jolly","evs":{"hp":0,"atk":252,"def":0,"spa":0,"spd":4,"spe":252},"shiny":true,"ivs":{"hp":31,"atk":31,"def":31,"spa":31,"spd":31,"spe":31}},{"name":"Cancer Bird","species":"staraptor","item":"leftovers","ability":"Intimidate","moves":["bravebird","featherdance","roost","defog"],"nature":"Impish","evs":{"hp":252,"atk":0,"def":176,"spa":0,"spd":80,"spe":0},"ivs":{"hp":31,"atk":31,"def":31,"spa":31,"spd":31,"spe":31}},{"name":"Cancer AV","species":"meloetta","item":"assaultvest","ability":"Serene Grace","moves":["psychic","focusblast","thunderbolt","shadowball"],"nature":"Modest","evs":{"hp":8,"atk":0,"def":0,"spa":252,"spd":8,"spe":240},"ivs":{"hp":31,"atk":31,"def":31,"spa":31,"spd":31,"spe":31}},{"name":"Cancer transform","species":"ditto","item":"choicescarf","ability":"Imposter","moves":["transform"],"nature":"Bold","evs":{"hp":248,"atk":0,"def":252,"spa":0,"spd":8,"spe":0},"ivs":{"hp":31,"atk":31,"def":31,"spa":31,"spd":31,"spe":31}},{"name":"Cancer band","species":"diggersby","item":"choiceband","ability":"Huge Power","moves":["return","earthquake","quickattack","knockoff"],"nature":"Adamant","evs":{"hp":248,"atk":252,"def":0,"spa":0,"spd":8,"spe":0},"shiny":true,"ivs":{"hp":31,"atk":31,"def":31,"spa":31,"spd":31,"spe":31}}],"log":["|player|p1|Inferno DPX|80","|player|p2|Void HairyChild|269","|gametype|singles","|gen|6","|tier|Monotype","|rated","|rule|Baton Pass Clause: Limit one Baton Passer, can't pass Spe and other stats simultaneously","|rule|Swagger Clause: Swagger is banned","|rule|Same Type Clause: Pokémon in a team must share a type","|clearpoke","|poke|p1|Charizard, F","|poke|p1|Chandelure, M","|poke|p1|Arcanine, F","|poke|p1|Rotom-Heat","|poke|p1|Darmanitan, M","|poke|p1|Torkoal, F","|poke|p2|Chansey, F","|poke|p2|Lopunny, M, shiny","|poke|p2|Staraptor, F","|poke|p2|Meloetta","|poke|p2|Ditto","|poke|p2|Diggersby, F, shiny","|rule|Sleep Clause Mod: Limit one foe put to sleep","|rule|Species Clause: Limit one of each Pokémon","|rule|OHKO Clause: OHKO moves are banned","|rule|Moody Clause: Moody is banned","|rule|Evasion Moves Clause: Evasion moves are banned","|rule|Endless Battle Clause: Forcing endless battles is banned","|rule|HP Percentage Mod: HP is shown in percentages","|teampreview","|","|start","|switch|p1a: Arcanine|Arcanine, F|321/321","|switch|p2a: Cancer bulk|Chansey, F|673/673","|-ability|p1a: Arcanine|Intimidate","|-unboost|p2a: Cancer bulk|atk|1","|turn|1","|","|switch|p1a: Rotom-Heat|Rotom-Heat|304/304","|switch|p2a: Cancer Bird|Staraptor, F|374/374","|-ability|p2a: Cancer Bird|Intimidate","|-unboost|p1a: Rotom-Heat|atk|1","|","|turn|2","|","|switch|p2a: Cancer mega|Lopunny, M, shiny|271/271","|move|p1a: Rotom-Heat|Will-O-Wisp|p2a: Cancer mega","|-status|p2a: Cancer mega|brn","|","|-damage|p2a: Cancer mega|238/271 brn|[from] brn","|turn|3","|","|switch|p2a: Cancer bulk|Chansey, F|673/673","|move|p1a: Rotom-Heat|Confuse Ray|p2a: Cancer bulk","|-start|p2a: Cancer bulk|confusion","|","|turn|4","|","|move|p1a: Rotom-Heat|Volt Switch|p2a: Cancer bulk","|-damage|p2a: Cancer bulk|624/673","|","|switch|p1a: Arcanine|Arcanine, F|321/321","|-ability|p1a: Arcanine|Intimidate","|-unboost|p2a: Cancer bulk|atk|1","|-activate|p2a: Cancer bulk|confusion","|move|p2a: Cancer bulk|Heal Bell|p2a: Cancer bulk","|-cureteam|p2a: Cancer bulk|[from] move: HealBell","|","|turn|5","|","|switch|p2a: Cancer transform|Ditto|299/299","|-transform|p2a: Cancer transform|p1a: Arcanine","|-ability|p2a: Cancer transform|Intimidate","|-unboost|p1a: Arcanine|atk|1","|move|p1a: Arcanine|Close Combat|p2a: Cancer transform","|-damage|p2a: Cancer transform|163/299","|-unboost|p1a: Arcanine|def|1","|-unboost|p1a: Arcanine|spd|1","|-damage|p1a: Arcanine|289/321|[from] item: Life Orb","|","|turn|6","|","|switch|p2a: Cancer Bird|Staraptor, F|374/374","|-ability|p2a: Cancer Bird|Intimidate","|-unboost|p1a: Arcanine|atk|1","|switch|p1a: Torkoal|Torkoal, F|344/344","|","|turn|7","|","|move|p2a: Cancer Bird|Brave Bird|p1a: Torkoal","|-damage|p1a: Torkoal|226/344","|-damage|p2a: Cancer Bird|335/374|[from] recoil|[of] p1a: Torkoal","|move|p1a: Torkoal|Stealth Rock|p2a: Cancer Bird","|-sidestart|p2: Void HairyChild|move: Stealth Rock","|","|-heal|p2a: Cancer Bird|358/374|[from] item: Leftovers","|-heal|p1a: Torkoal|247/344|[from] item: Leftovers","|turn|8","|","|move|p2a: Cancer Bird|Defog|p1a: Torkoal","|-fail|p1a: Torkoal|unboost|[from] ability: White Smoke|[of] p1a: Torkoal","|-sideend|p2: Void HairyChild|Stealth Rock|[from] move: Defog|[of] p2a: Cancer Bird","|move|p1a: Torkoal|Flamethrower|p2a: Cancer Bird","|-damage|p2a: Cancer Bird|192/374","|","|-heal|p2a: Cancer Bird|215/374|[from] item: Leftovers","|-heal|p1a: Torkoal|268/344|[from] item: Leftovers","|turn|9","|","|switch|p1a: Rotom-Heat|Rotom-Heat|304/304","|move|p2a: Cancer Bird|Roost|p2a: Cancer Bird","|-heal|p2a: Cancer Bird|374/374","|","|turn|10","|","|switch|p2a: Cancer AV|Meloetta|343/343","|move|p1a: Rotom-Heat|Will-O-Wisp|p2a: Cancer AV","|-status|p2a: Cancer AV|brn","|","|-damage|p2a: Cancer AV|301/343 brn|[from] brn","|turn|11","|","|move|p2a: Cancer AV|Psychic|p1a: Rotom-Heat","|-damage|p1a: Rotom-Heat|189/304","|move|p1a: Rotom-Heat|Confuse Ray|p2a: Cancer AV","|-start|p2a: Cancer AV|confusion","|","|-heal|p1a: Rotom-Heat|208/304|[from] item: Leftovers","|-damage|p2a: Cancer AV|259/343 brn|[from] brn","|turn|12","|","|-activate|p2a: Cancer AV|confusion","|-damage|p2a: Cancer AV|246/343 brn|[from] confusion","|move|p1a: Rotom-Heat|Volt Switch|p2a: Cancer AV","|-damage|p2a: Cancer AV|200/343 brn","|","|switch|p1a: Darmanitan|Darmanitan, M|351/351","|","|-damage|p2a: Cancer AV|158/343 brn|[from] brn","|turn|13","|","|switch|p1a: Rotom-Heat|Rotom-Heat|208/304","|switch|p2a: Cancer Bird|Staraptor, F|374/374","|-ability|p2a: Cancer Bird|Intimidate","|-unboost|p1a: Rotom-Heat|atk|1","|","|-heal|p1a: Rotom-Heat|227/304|[from] item: Leftovers","|turn|14","|","|switch|p2a: Cancer bulk|Chansey, F|624/673","|move|p1a: Rotom-Heat|Will-O-Wisp|p2a: Cancer bulk","|-status|p2a: Cancer bulk|brn","|","|-heal|p1a: Rotom-Heat|246/304|[from] item: Leftovers","|-damage|p2a: Cancer bulk|540/673 brn|[from] brn","|turn|15","|","|move|p1a: Rotom-Heat|Confuse Ray|p2a: Cancer bulk","|-start|p2a: Cancer bulk|confusion","|-activate|p2a: Cancer bulk|confusion","|move|p2a: Cancer bulk|Heal Bell|p2a: Cancer bulk","|-cureteam|p2a: Cancer bulk|[from] move: HealBell","|","|-heal|p1a: Rotom-Heat|265/304|[from] item: Leftovers","|turn|16","|","|move|p1a: Rotom-Heat|Will-O-Wisp|p2a: Cancer bulk","|-status|p2a: Cancer bulk|brn","|-activate|p2a: Cancer bulk|confusion","|-damage|p2a: Cancer bulk|536/673 brn|[from] confusion","|","|-heal|p1a: Rotom-Heat|284/304|[from] item: Leftovers","|-damage|p2a: Cancer bulk|452/673 brn|[from] brn","|turn|17","|","|switch|p1a: Charizard|Charizard, F|297/297","|-activate|p2a: Cancer bulk|confusion","|-damage|p2a: Cancer bulk|448/673 brn|[from] confusion","|","|-damage|p2a: Cancer bulk|364/673 brn|[from] brn","|turn|18","|","|detailschange|p1a: Charizard|Charizard-Mega-X, F","|-mega|p1a: Charizard|Charizard|Charizardite X","|move|p1a: Charizard|Dragon Dance|p1a: Charizard","|-boost|p1a: Charizard|atk|1","|-boost|p1a: Charizard|spe|1","|-activate|p2a: Cancer bulk|confusion","|-damage|p2a: Cancer bulk|360/673 brn|[from] confusion","|","|-damage|p2a: Cancer bulk|276/673 brn|[from] brn","|turn|19","|","|move|p1a: Charizard|Dragon Dance|p1a: Charizard","|-boost|p1a: Charizard|atk|1","|-boost|p1a: Charizard|spe|1","|-end|p2a: Cancer bulk|confusion","|move|p2a: Cancer bulk|Toxic|p1a: Charizard","|-status|p1a: Charizard|tox","|","|-damage|p1a: Charizard|279/297 tox|[from] psn","|-damage|p2a: Cancer bulk|192/673 brn|[from] brn","|turn|20","|","|move|p1a: Charizard|Fire Punch|p2a: Cancer bulk","|-damage|p2a: Cancer bulk|0 fnt","|faint|p2a: Cancer bulk","|","|-damage|p1a: Charizard|243/297 tox|[from] psn","|","|switch|p2a: Cancer transform|Ditto|163/299","|-transform|p2a: Cancer transform|p1a: Charizard","|turn|21","|","|move|p2a: Cancer transform|Dragon Claw|p1a: Charizard","|-supereffective|p1a: Charizard","|-damage|p1a: Charizard|0 fnt","|faint|p1a: Charizard","|","|","|switch|p1a: Torkoal|Torkoal, F|268/344","|turn|22","|","|move|p2a: Cancer transform|Dragon Claw|p1a: Torkoal","|-damage|p1a: Torkoal|0 fnt","|faint|p1a: Torkoal","|","|","|switch|p1a: Chandelure|Chandelure, M|261/261","|turn|23","|","|move|p2a: Cancer transform|Dragon Claw|p1a: Chandelure","|-crit|p1a: Chandelure","|-damage|p1a: Chandelure|0 fnt","|faint|p1a: Chandelure","|","|","|switch|p1a: Rotom-Heat|Rotom-Heat|284/304","|turn|24","|","|move|p2a: Cancer transform|Dragon Claw|p1a: Rotom-Heat","|-damage|p1a: Rotom-Heat|0 fnt","|faint|p1a: Rotom-Heat","|","|","|switch|p1a: Darmanitan|Darmanitan, M|351/351","|turn|25","|","|move|p2a: Cancer transform|Dragon Claw|p1a: Darmanitan","|-damage|p1a: Darmanitan|0 fnt","|faint|p1a: Darmanitan","|","|","|switch|p1a: Arcanine|Arcanine, F|289/321","|-ability|p1a: Arcanine|Intimidate","|-unboost|p2a: Cancer transform|atk|1","|turn|26","|","|switch|p2a: Cancer Bird|Staraptor, F|374/374","|-ability|p2a: Cancer Bird|Intimidate","|-unboost|p1a: Arcanine|atk|1","|move|p1a: Arcanine|Extreme Speed|p2a: Cancer Bird","|-damage|p2a: Cancer Bird|303/374","|-damage|p1a: Arcanine|257/321|[from] item: Life Orb","|","|-heal|p2a: Cancer Bird|326/374|[from] item: Leftovers","|turn|27","|","|move|p1a: Arcanine|Fire Fang|p2a: Cancer Bird","|-damage|p2a: Cancer Bird|232/374","|-damage|p1a: Arcanine|225/321|[from] item: Life Orb","|move|p2a: Cancer Bird|Feather Dance|p1a: Arcanine","|-unboost|p1a: Arcanine|atk|2","|","|-heal|p2a: Cancer Bird|255/374|[from] item: Leftovers","|turn|28","|","|move|p1a: Arcanine|Fire Fang|p2a: Cancer Bird|[miss]","|-miss|p1a: Arcanine|p2a: Cancer Bird","|move|p2a: Cancer Bird|Brave Bird|p1a: Arcanine","|-damage|p1a: Arcanine|30/321","|-damage|p2a: Cancer Bird|191/374|[from] recoil|[of] p1a: Arcanine","|","|-heal|p2a: Cancer Bird|214/374|[from] item: Leftovers","|turn|29","|","|move|p1a: Arcanine|Close Combat|p2a: Cancer Bird","|-damage|p2a: Cancer Bird|150/374","|-unboost|p1a: Arcanine|def|1","|-unboost|p1a: Arcanine|spd|1","|-damage|p1a: Arcanine|0 fnt|[from] item: Life Orb","|faint|p1a: Arcanine","|","|win|Void HairyChild"],"p1rating":{"entryid":"190539","serverid":"eos","formatid":"monotype","userid":"infernodpx","username":"Inferno DPX","w":"0","l":4,"t":"0","gxe":35.5,"r":"1500","rd":"130","sigma":"0","rptime":"1440061200","rpr":1382.0798783401,"rprd":106.56324947951,"rpsigma":"0","acre":1000,"lacre":1000,"oldacre":"1000"},"p2rating":{"entryid":198549,"formatid":"monotype","userid":"voidhairychild","username":"Void HairyChild","r":1500,"rd":130,"sigma":0,"rpr":1540.1606143388,"rprd":122.8583080769,"rpsigma":0,"rptime":1440061200,"w":1,"l":0,"t":0,"gxe":55,"acre":1040,"lacre":1040,"oldacre":1000},"endType":"normal"}