{"seed":[33573,9606,34391,4717],"turns":25,"p1":"Guard Wulf - ⓓⓔⓐⓓ","p2":"Blizzardbuffalo123","p1team":[{"name":"Cobalion","species":"Cobalion","item":"leftovers","ability":"Justified","moves":["stealthrock","voltswitch","flashcannon","thunderwave"],"nature":"Bold","evs":{"hp":200,"atk":0,"def":252,"spa":8,"spd":0,"spe":48},"ivs":{"hp":31,"atk":31,"def":31,"spa":31,"spd":31,"spe":31}},{"name":"Gallade","species":"Gallade","item":"galladite","ability":"Justified","moves":["icepunch","closecombat","swordsdance","psychocut"],"nature":"Serious","evs":{"hp":0,"atk":252,"def":0,"spa":0,"spd":4,"spe":252},"ivs":{"hp":31,"atk":31,"def":31,"spa":31,"spd":31,"spe":31}},{"name":"Scrafty","species":"Scrafty","item":"leftovers","ability":"Shed Skin","moves":["crunch","dragondance","poisonjab","drainpunch"],"nature":"Jolly","evs":{"hp":0,"atk":208,"def":0,"spa":0,"spd":48,"spe":252},"ivs":{"hp":31,"atk":31,"def":31,"spa":31,"spd":31,"spe":31}},{"name":"Keldeo","species":"Keldeo","item":"choicespecs","ability":"Justified","moves":["surf","hydropump","secretsword","icywind"],"nature":"Timid","evs":{"hp":0,"atk":0,"def":0,"spa":252,"spd":4,"spe":252},"ivs":{"hp":31,"atk":31,"def":31,"spa":31,"spd":31,"spe":31}},{"name":"Terrakion","species":"Terrakion","item":"choicescarf","ability":"Justified","moves":["earthquake","stoneedge","poisonjab","closecombat"],"nature":"Jolly","evs":{"hp":0,"atk":252,"def":0,"spa":0,"spd":4,"spe":252},"ivs":{"hp":31,"atk":31,"def":31,"spa":31,"spd":31,"spe":31}},{"name":"Hawlucha","species":"Hawlucha","item":"powerherb","ability":"Unburden","moves":["swordsdance","skyattack","acrobatics","highjumpkick"],"nature":"Jolly","evs":{"hp":0,"atk":252,"def":0,"spa":0,"spd":4,"spe":252},"ivs":{"hp":31,"atk":31,"def":31,"spa":31,"spd":31,"spe":31}}],"p2team":[{"name":"Thundurus","species":"Thundurus","item":"leftovers","ability":"Prankster","moves":["nastyplot","thunderbolt","focusblast","sludgewave"],"nature":"Timid","evs":{"hp":0,"atk":0,"def":0,"spa":252,"spd":4,"spe":252},"ivs":{"hp":31,"atk":31,"def":31,"spa":31,"spd":31,"spe":31}},{"name":"Gliscor","species":"Gliscor","item":"toxicorb","ability":"Poison Heal","moves":["toxic","protect","roost","firefang"],"nature":"Impish","evs":{"hp":248,"atk":0,"def":188,"spa":0,"spd":0,"spe":72},"ivs":{"hp":31,"atk":31,"def":31,"spa":31,"spd":31,"spe":31}},{"name":"Pelipper","species":"Pelipper","item":"leftovers","ability":"Keen Eye","moves":["toxic","defog","scald","roost"],"nature":"Bold","evs":{"hp":248,"atk":0,"def":252,"spa":0,"spd":8,"spe":0},"ivs":{"hp":31,"atk":31,"def":31,"spa":31,"spd":31,"spe":31}},{"name":"Charizard","species":"Charizard","item":"charizarditey","ability":"Blaze","moves":["solarbeam","airslash","flamethrower","roost"],"nature":"Timid","evs":{"hp":0,"atk":0,"def":0,"spa":252,"spd":4,"spe":252},"ivs":{"hp":31,"atk":31,"def":31,"spa":31,"spd":31,"spe":31}},{"name":"Hawlucha","species":"Hawlucha","item":"powerherb","ability":"Unburden","moves":["skyattack","brickbreak","poisonjab","ironhead"],"nature":"Adamant","evs":{"hp":0,"atk":252,"def":0,"spa":0,"spd":4,"spe":252},"ivs":{"hp":31,"atk":31,"def":31,"spa":31,"spd":31,"spe":31}},{"name":"Sigilyph","species":"Sigilyph","item":"flameorb","ability":"Wonder Skin","moves":["storedpower","roost","cosmicpower","psychoshift"],"nature":"Calm","evs":{"hp":248,"atk":0,"def":0,"spa":8,"spd":252,"spe":0},"ivs":{"hp":31,"atk":31,"def":31,"spa":31,"spd":31,"spe":31}}],"log":["|player|p1|Guard Wulf - ⓓⓔⓐⓓ|143","|player|p2|Blizzardbuffalo123|2","|gametype|singles","|gen|6","|tier|Monotype","|rated","|rule|Baton Pass Clause: Limit one Baton Passer, can't pass Spe and other stats simultaneously","|rule|Swagger Clause: Swagger is banned","|rule|Same Type Clause: Pokémon in a team must share a type","|clearpoke","|poke|p1|Cobalion","|poke|p1|Gallade, M","|poke|p1|Scrafty, M","|poke|p1|Keldeo","|poke|p1|Terrakion","|poke|p1|Hawlucha, F","|poke|p2|Thundurus, M","|poke|p2|Gliscor, M","|poke|p2|Pelipper, M","|poke|p2|Charizard, F","|poke|p2|Hawlucha, F","|poke|p2|Sigilyph, F","|rule|Sleep Clause Mod: Limit one foe put to sleep","|rule|Species Clause: Limit one of each Pokémon","|rule|OHKO Clause: OHKO moves are banned","|rule|Moody Clause: Moody is banned","|rule|Evasion Moves Clause: Evasion moves are banned","|rule|Endless Battle Clause: Forcing endless battles is banned","|rule|HP Percentage Mod: HP is shown in percentages","|teampreview","|","|start","|switch|p1a: Cobalion|Cobalion|373/373","|switch|p2a: Sigilyph|Sigilyph, F|347/347","|turn|1","|","|move|p1a: Cobalion|Stealth Rock|p2a: Sigilyph","|-sidestart|p2: Blizzardbuffalo123|move: Stealth Rock","|move|p2a: Sigilyph|Cosmic Power|p2a: Sigilyph","|-boost|p2a: Sigilyph|def|1","|-boost|p2a: Sigilyph|spd|1","|","|-status|p2a: Sigilyph|brn|[from] item: Flame Orb","|turn|2","|","|move|p1a: Cobalion|Volt Switch|p2a: Sigilyph","|-supereffective|p2a: Sigilyph","|-damage|p2a: Sigilyph|287/347 brn","|","|switch|p1a: Scrafty|Scrafty, M|271/271","|move|p2a: Sigilyph|Psycho Shift|p1a: Scrafty","|-status|p1a: Scrafty|brn","|-curestatus|p2a: Sigilyph|brn","|","|-damage|p1a: Scrafty|238/271 brn|[from] brn","|-status|p2a: Sigilyph|brn|[from] item: Flame Orb","|turn|3","|","|move|p1a: Scrafty|Dragon Dance|p1a: Scrafty","|-boost|p1a: Scrafty|atk|1","|-boost|p1a: Scrafty|spe|1","|move|p2a: Sigilyph|Cosmic Power|p2a: Sigilyph","|-boost|p2a: Sigilyph|def|1","|-boost|p2a: Sigilyph|spd|1","|","|-activate|p1a: Scrafty|ability: Shed Skin","|-curestatus|p1a: Scrafty|brn","|-heal|p1a: Scrafty|254/271|[from] item: Leftovers","|-damage|p2a: Sigilyph|244/347 brn|[from] brn","|turn|4","|","|move|p1a: Scrafty|Dragon Dance|p1a: Scrafty","|-boost|p1a: Scrafty|atk|1","|-boost|p1a: Scrafty|spe|1","|move|p2a: Sigilyph|Cosmic Power|p2a: Sigilyph","|-boost|p2a: Sigilyph|def|1","|-boost|p2a: Sigilyph|spd|1","|","|-heal|p1a: Scrafty|270/271|[from] item: Leftovers","|-damage|p2a: Sigilyph|201/347 brn|[from] brn","|turn|5","|","|switch|p2a: Thundurus|Thundurus, M|299/299","|-damage|p2a: Thundurus|225/299|[from] Stealth Rock","|move|p1a: Scrafty|Dragon Dance|p1a: Scrafty","|-boost|p1a: Scrafty|atk|1","|-boost|p1a: Scrafty|spe|1","|","|-heal|p1a: Scrafty|271/271|[from] item: Leftovers","|-heal|p2a: Thundurus|243/299|[from] item: Leftovers","|turn|6","|","|switch|p1a: Cobalion|Cobalion|373/373","|move|p2a: Thundurus|Focus Blast|p1a: Cobalion","|-supereffective|p1a: Cobalion","|-damage|p1a: Cobalion|3/373","|","|-heal|p2a: Thundurus|261/299|[from] item: Leftovers","|-heal|p1a: Cobalion|26/373|[from] item: Leftovers","|turn|7","|","|move|p2a: Thundurus|Thunderbolt|p1a: Cobalion","|-damage|p1a: Cobalion|0 fnt","|faint|p1a: Cobalion","|","|-heal|p2a: Thundurus|279/299|[from] item: Leftovers","|","|switch|p1a: Terrakion|Terrakion|323/323","|turn|8","|","|move|p1a: Terrakion|Stone Edge|p2a: Thundurus","|-supereffective|p2a: Thundurus","|-damage|p2a: Thundurus|0 fnt","|faint|p2a: Thundurus","|","|","|switch|p2a: Hawlucha|Hawlucha, F|297/297","|-damage|p2a: Hawlucha|260/297|[from] Stealth Rock","|turn|9","|","|move|p1a: Terrakion|Stone Edge|p2a: Hawlucha","|-damage|p2a: Hawlucha|41/297","|move|p2a: Hawlucha|Sky Attack|p1a: Terrakion|[still]","|-prepare|p2a: Hawlucha|Sky Attack|p1a: Terrakion","|-enditem|p2a: Hawlucha|Power Herb","|-anim|p2a: Hawlucha|Sky Attack|p1a: Terrakion","|-damage|p1a: Terrakion|80/323","|","|turn|10","|","|move|p2a: Hawlucha|Iron Head|p1a: Terrakion","|-supereffective|p1a: Terrakion","|-damage|p1a: Terrakion|0 fnt","|faint|p1a: Terrakion","|","|","|switch|p1a: Gallade|Gallade, M|277/277","|turn|11","|","|detailschange|p1a: Gallade|Gallade-Mega, M","|-mega|p1a: Gallade|Gallade|Galladite","|move|p2a: Hawlucha|Iron Head|p1a: Gallade","|-damage|p1a: Gallade|188/277","|move|p1a: Gallade|Psycho Cut|p2a: Hawlucha","|-supereffective|p2a: Hawlucha","|-damage|p2a: Hawlucha|0 fnt","|faint|p2a: Hawlucha","|","|","|switch|p2a: Charizard|Charizard, F|297/297","|-damage|p2a: Charizard|149/297|[from] Stealth Rock","|turn|12","|","|detailschange|p2a: Charizard|Charizard-Mega-Y, F","|-mega|p2a: Charizard|Charizard|Charizardite Y","|-weather|SunnyDay","|move|p2a: Charizard|Air Slash|p1a: Gallade","|-supereffective|p1a: Gallade","|-damage|p1a: Gallade|0 fnt","|faint|p1a: Gallade","|","|-weather|SunnyDay|[upkeep]","|","|switch|p1a: Hawlucha|Hawlucha, F|297/297","|turn|13","|","|move|p1a: Hawlucha|Sky Attack|p2a: Charizard|[still]","|-prepare|p1a: Hawlucha|Sky Attack|p2a: Charizard","|-enditem|p1a: Hawlucha|Power Herb","|-anim|p1a: Hawlucha|Sky Attack|p2a: Charizard","|-damage|p2a: Charizard|0 fnt","|faint|p2a: Charizard","|","|-weather|SunnyDay|[upkeep]","|","|switch|p2a: Gliscor|Gliscor, M|353/353","|-damage|p2a: Gliscor|309/353|[from] Stealth Rock","|turn|14","|","|move|p1a: Hawlucha|Swords Dance|p1a: Hawlucha","|-boost|p1a: Hawlucha|atk|2","|move|p2a: Gliscor|Toxic|p1a: Hawlucha","|-status|p1a: Hawlucha|tox","|","|-weather|SunnyDay|[upkeep]","|-damage|p1a: Hawlucha|279/297 tox|[from] psn","|-status|p2a: Gliscor|tox|[from] item: Toxic Orb","|turn|15","|","|move|p2a: Gliscor|Protect|p2a: Gliscor","|-singleturn|p2a: Gliscor|Protect","|move|p1a: Hawlucha|Acrobatics|p2a: Gliscor","|-activate|p2a: Gliscor|Protect","|","|-weather|SunnyDay|[upkeep]","|-damage|p1a: Hawlucha|243/297 tox|[from] psn","|-heal|p2a: Gliscor|353/353 tox|[from] ability: Poison Heal","|turn|16","|","|move|p1a: Hawlucha|Acrobatics|p2a: Gliscor","|-damage|p2a: Gliscor|166/353 tox","|move|p2a: Gliscor|Roost|p2a: Gliscor","|-heal|p2a: Gliscor|343/353 tox","|","|-weather|none","|-damage|p1a: Hawlucha|189/297 tox|[from] psn","|-heal|p2a: Gliscor|353/353 tox|[from] ability: Poison Heal","|turn|17","|","|move|p2a: Gliscor|Protect|p2a: Gliscor","|-singleturn|p2a: Gliscor|Protect","|move|p1a: Hawlucha|Swords Dance|p1a: Hawlucha","|-boost|p1a: Hawlucha|atk|2","|","|-damage|p1a: Hawlucha|117/297 tox|[from] psn","|turn|18","|","|move|p1a: Hawlucha|Acrobatics|p2a: Gliscor","|-damage|p2a: Gliscor|37/353 tox","|move|p2a: Gliscor|Roost|p2a: Gliscor","|-heal|p2a: Gliscor|214/353 tox","|","|-damage|p1a: Hawlucha|27/297 tox|[from] psn","|-heal|p2a: Gliscor|258/353 tox|[from] ability: Poison Heal","|turn|19","|","|move|p2a: Gliscor|Protect|p2a: Gliscor","|-singleturn|p2a: Gliscor|Protect","|move|p1a: Hawlucha|Acrobatics|p2a: Gliscor","|-activate|p2a: Gliscor|Protect","|","|-damage|p1a: Hawlucha|0 fnt|[from] psn","|-heal|p2a: Gliscor|302/353 tox|[from] ability: Poison Heal","|faint|p1a: Hawlucha","|","|switch|p1a: Keldeo|Keldeo|323/323","|turn|20","|","|move|p1a: Keldeo|Icy Wind|p2a: Gliscor","|-supereffective|p2a: Gliscor","|-damage|p2a: Gliscor|0 fnt","|faint|p2a: Gliscor","|","|","|switch|p2a: Pelipper|Pelipper, M|323/323","|-damage|p2a: Pelipper|243/323|[from] Stealth Rock","|turn|21","|","|move|p1a: Keldeo|Icy Wind|p2a: Pelipper","|-damage|p2a: Pelipper|119/323","|-unboost|p2a: Pelipper|spe|1","|move|p2a: Pelipper|Defog|p1a: Keldeo","|-unboost|p1a: Keldeo|evasion|1","|-sideend|p2: Blizzardbuffalo123|Stealth Rock|[from] move: Defog|[of] p2a: Pelipper","|","|-heal|p2a: Pelipper|139/323|[from] item: Leftovers","|turn|22","|","|move|p1a: Keldeo|Icy Wind|p2a: Pelipper","|-damage|p2a: Pelipper|18/323","|-unboost|p2a: Pelipper|spe|1","|move|p2a: Pelipper|Roost|p2a: Pelipper","|-heal|p2a: Pelipper|180/323","|","|-heal|p2a: Pelipper|200/323|[from] item: Leftovers","|turn|23","|","|move|p1a: Keldeo|Icy Wind|p2a: Pelipper","|-damage|p2a: Pelipper|63/323","|-unboost|p2a: Pelipper|spe|1","|move|p2a: Pelipper|Toxic|p1a: Keldeo","|-status|p1a: Keldeo|tox","|","|-heal|p2a: Pelipper|83/323|[from] item: Leftovers","|-damage|p1a: Keldeo|303/323 tox|[from] psn","|turn|24","|","|move|p1a: Keldeo|Icy Wind|p2a: Pelipper","|-damage|p2a: Pelipper|0 fnt","|faint|p2a: Pelipper","|","|-damage|p1a: Keldeo|263/323 tox|[from] psn","|","|switch|p2a: Sigilyph|Sigilyph, F|201/347 brn","|turn|25","|","|win|Guard Wulf - ⓓⓔⓐⓓ"],"p1rating":{"entryid":"152473","serverid":"eos","formatid":"monotype","userid":"guardwulf","username":"Guard Wulf","w":8,"l":"5","t":"0","gxe":55.4,"r":"1530.0091417388","rd":"83.32711138282","sigma":"0","rptime":"1440061200","rpr":1541.5943795745,"rprd":81.529627223348,"rpsigma":"0","acre":1094.8386680818,"lacre":1094.8386680818,"oldacre":"1071.5058040235"},"p2rating":{"entryid":"123638","serverid":"eos","formatid":"monotype","userid":"blizzardbuffalo123","username":"Blizzardbuffalo123","w":"0","l":4,"t":"0","gxe":34.3,"r":"1392.1006846013","rd":"111.50330709221","sigma":"0","rptime":"1440061200","rpr":1371.8534088372,"rprd":107.12694003839,"rpsigma":"0","acre":1000,"lacre":1000,"oldacre":"1000"},"endType":"forfeit"}