{"seed":[24736,9891,62388,19961],"turns":24,"p1":"key7","p2":"Adviser♕Dooms","p1team":[{"name":"Aggron","species":"Aggron","item":"lifeorb","ability":"Rock Head","moves":["rockpolish","headsmash","ironhead","earthquake"],"nature":"Adamant","evs":{"hp":0,"atk":252,"def":0,"spa":0,"spd":4,"spe":252},"ivs":{"hp":31,"atk":31,"def":31,"spa":31,"spd":31,"spe":31}},{"name":"Scizor","species":"Scizor","item":"scizorite","ability":"Technician","moves":["swordsdance","xscissor","bulletpunch","roost"],"nature":"Adamant","evs":{"hp":248,"atk":252,"def":0,"spa":0,"spd":8,"spe":0},"ivs":{"hp":31,"atk":31,"def":31,"spa":31,"spd":31,"spe":31}},{"name":"Lucario","species":"Lucario","item":"focussash","ability":"Inner Focus","moves":["nastyplot","aurasphere","flashcannon","vacuumwave"],"nature":"Timid","evs":{"hp":0,"atk":0,"def":0,"spa":252,"spd":4,"spe":252},"ivs":{"hp":31,"atk":31,"def":31,"spa":31,"spd":31,"spe":31}},{"name":"Heatran","species":"Heatran","item":"airballoon","ability":"Flash Fire","moves":["fireblast","flashcannon","earthpower","protect"],"nature":"Modest","evs":{"hp":240,"atk":0,"def":0,"spa":252,"spd":8,"spe":8},"ivs":{"hp":31,"atk":31,"def":31,"spa":31,"spd":31,"spe":31}},{"name":"Skarmory","species":"Skarmory","item":"leftovers","ability":"Sturdy","moves":["spikes","toxic","protect","bravebird"],"nature":"Impish","evs":{"hp":252,"atk":0,"def":232,"spa":0,"spd":0,"spe":24},"ivs":{"hp":31,"atk":31,"def":31,"spa":31,"spd":31,"spe":31}},{"name":"Registeel","species":"Registeel","item":"leftovers","ability":"Clear Body","moves":["stealthrock","protect","toxic","seismictoss"],"nature":"Calm","evs":{"hp":252,"atk":0,"def":4,"spa":0,"spd":252,"spe":0},"ivs":{"hp":31,"atk":31,"def":31,"spa":31,"spd":31,"spe":31}}],"p2team":[{"name":"Venu","species":"venusaur","item":"venusaurite","ability":"Overgrow","moves":["leechseed","gigadrain","sleeppowder","sludgebomb"],"nature":"Calm","evs":{"hp":236,"atk":0,"def":72,"spa":200,"spd":0,"spe":0},"gender":"M","shiny":true,"ivs":{"hp":31,"atk":31,"def":31,"spa":31,"spd":31,"spe":31}},{"name":"Skuntank","species":"Skuntank","item":"blacksludge","ability":"Aftermath","moves":["suckerpunch","poisonjab","pursuit","defog"],"nature":"Adamant","evs":{"hp":252,"atk":252,"def":0,"spa":0,"spd":4,"spe":0},"gender":"M","shiny":true,"ivs":{"hp":31,"atk":31,"def":31,"spa":31,"spd":31,"spe":31}},{"name":"Dragalge","species":"Dragalge","item":"choicespecs","ability":"Adaptability","moves":["dracometeor","sludgewave","thunderbolt","hiddenpowerfire"],"nature":"Modest","evs":{"hp":222,"atk":0,"def":0,"spa":252,"spd":0,"spe":36},"gender":"M","ivs":{"hp":31,"atk":30,"def":31,"spa":30,"spd":31,"spe":30},"shiny":true},{"name":"Nidoking","species":"Nidoking","item":"lifeorb","ability":"Sheer Force","moves":["sludgewave","flamethrower","earthpower","icebeam"],"nature":"Timid","evs":{"hp":0,"atk":0,"def":0,"spa":252,"spd":4,"spe":252},"shiny":true,"ivs":{"hp":31,"atk":31,"def":31,"spa":31,"spd":31,"spe":31}},{"name":"Drapion","species":"Drapion","item":"choiceband","ability":"Battle Armor","moves":["knockoff","rockslide","earthquake","poisonjab"],"nature":"Adamant","evs":{"hp":200,"atk":252,"def":0,"spa":0,"spd":0,"spe":56},"gender":"M","shiny":true,"ivs":{"hp":31,"atk":31,"def":31,"spa":31,"spd":31,"spe":31}},{"name":"Gengar","species":"Gengar","item":"lifeorb","ability":"Levitate","moves":["focusblast","shadowball","thunderbolt","sludgewave"],"nature":"Timid","evs":{"hp":4,"atk":0,"def":0,"spa":252,"spd":0,"spe":252},"gender":"M","ivs":{"hp":31,"atk":0,"def":31,"spa":31,"spd":31,"spe":31},"shiny":true}],"log":["|player|p1|key7|key7.png","|player|p2|Adviser♕Dooms|154","|gametype|singles","|gen|6","|tier|Monotype","|rated","|rule|Baton Pass Clause: Limit one Baton Passer, can't pass Spe and other stats simultaneously","|rule|Swagger Clause: Swagger is banned","|rule|Same Type Clause: Pokémon in a team must share a type","|clearpoke","|poke|p1|Aggron, F","|poke|p1|Scizor, M","|poke|p1|Lucario, M","|poke|p1|Heatran, F","|poke|p1|Skarmory, M","|poke|p1|Registeel","|poke|p2|Venusaur, M, shiny","|poke|p2|Skuntank, M, shiny","|poke|p2|Dragalge, M, shiny","|poke|p2|Nidoking, M, shiny","|poke|p2|Drapion, M, shiny","|poke|p2|Gengar, M, shiny","|rule|Sleep Clause Mod: Limit one foe put to sleep","|rule|Species Clause: Limit one of each Pokémon","|rule|OHKO Clause: OHKO moves are banned","|rule|Moody Clause: Moody is banned","|rule|Evasion Moves Clause: Evasion moves are banned","|rule|Endless Battle Clause: Forcing endless battles is banned","|rule|HP Percentage Mod: HP is shown in percentages","|teampreview","|","|start","|switch|p1a: Registeel|Registeel|364/364","|switch|p2a: Venu|Venusaur, M, shiny|360/360","|turn|1","|","|move|p2a: Venu|Sleep Powder|p1a: Registeel","|-status|p1a: Registeel|slp","|cant|p1a: Registeel|slp","|","|turn|2","|","|detailschange|p2a: Venu|Venusaur-Mega, M, shiny","|-mega|p2a: Venu|Venusaur|Venusaurite","|move|p2a: Venu|Leech Seed|p1a: Registeel","|-start|p1a: Registeel|move: Leech Seed","|-curestatus|p1a: Registeel|slp","|move|p1a: Registeel|Stealth Rock|p2a: Venu","|-sidestart|p2: Adviser♕Dooms|move: Stealth Rock","|","|-damage|p1a: Registeel|319/364|[from] Leech Seed|[of] p2a: Venu","|turn|3","|","|switch|p1a: Skarmory|Skarmory, M|334/334","|move|p2a: Venu|Sleep Powder|p1a: Skarmory","|-status|p1a: Skarmory|slp","|","|turn|4","|","|move|p2a: Venu|Leech Seed|p1a: Skarmory|[miss]","|-miss|p2a: Venu|p1a: Skarmory","|cant|p1a: Skarmory|slp","|","|turn|5","|","|move|p2a: Venu|Leech Seed|p1a: Skarmory","|-start|p1a: Skarmory|move: Leech Seed","|cant|p1a: Skarmory|slp","|","|-damage|p1a: Skarmory|293/334 slp|[from] Leech Seed|[of] p2a: Venu","|turn|6","|","|switch|p2a: Nidoking|Nidoking, M, shiny|303/303","|-damage|p2a: Nidoking|285/303|[from] Stealth Rock","|cant|p1a: Skarmory|slp","|","|-heal|p1a: Skarmory|313/334 slp|[from] item: Leftovers","|-damage|p1a: Skarmory|272/334 slp|[from] Leech Seed|[of] p2a: Nidoking","|-heal|p2a: Nidoking|303/303|[silent]","|turn|7","|","|-curestatus|p1a: Skarmory|slp","|move|p1a: Skarmory|Protect|p1a: Skarmory","|-singleturn|p1a: Skarmory|Protect","|move|p2a: Nidoking|Flamethrower|p1a: Skarmory","|-activate|p1a: Skarmory|Protect","|","|-heal|p1a: Skarmory|292/334|[from] item: Leftovers","|-damage|p1a: Skarmory|251/334|[from] Leech Seed|[of] p2a: Nidoking","|turn|8","|","|switch|p1a: Heatran|Heatran, F|383/383","|-item|p1a: Heatran|Air Balloon","|move|p2a: Nidoking|Ice Beam|p1a: Heatran","|-resisted|p1a: Heatran","|-damage|p1a: Heatran|353/383","|-enditem|p1a: Heatran|Air Balloon","|","|turn|9","|","|move|p2a: Nidoking|Earth Power|p1a: Heatran","|-supereffective|p1a: Heatran","|-damage|p1a: Heatran|0 fnt","|faint|p1a: Heatran","|","|","|switch|p1a: Registeel|Registeel|319/364","|turn|10","|","|move|p2a: Nidoking|Flamethrower|p1a: Registeel","|-supereffective|p1a: Registeel","|-damage|p1a: Registeel|176/364","|move|p1a: Registeel|Seismic Toss|p2a: Nidoking","|-damage|p2a: Nidoking|203/303","|","|-heal|p1a: Registeel|198/364|[from] item: Leftovers","|turn|11","|","|move|p1a: Registeel|Protect|p1a: Registeel","|-singleturn|p1a: Registeel|Protect","|move|p2a: Nidoking|Earth Power|p1a: Registeel","|-activate|p1a: Registeel|Protect","|","|-heal|p1a: Registeel|220/364|[from] item: Leftovers","|turn|12","|","|move|p2a: Nidoking|Earth Power|p1a: Registeel","|-supereffective|p1a: Registeel","|-damage|p1a: Registeel|0 fnt","|faint|p1a: Registeel","|","|","|switch|p1a: Lucario|Lucario, M|281/281","|turn|13","|","|move|p1a: Lucario|Flash Cannon|p2a: Nidoking","|-damage|p2a: Nidoking|49/303","|move|p2a: Nidoking|Flamethrower|p1a: Lucario","|-supereffective|p1a: Lucario","|-enditem|p1a: Lucario|Focus Sash","|-damage|p1a: Lucario|1/281","|","|turn|14","|","|move|p1a: Lucario|Flash Cannon|p2a: Nidoking","|-damage|p2a: Nidoking|0 fnt","|faint|p2a: Nidoking","|","|","|switch|p2a: Venu|Venusaur-Mega, M, shiny|360/360","|-damage|p2a: Venu|315/360|[from] Stealth Rock","|turn|15","|","|move|p1a: Lucario|Flash Cannon|p2a: Venu","|-damage|p2a: Venu|215/360","|move|p2a: Venu|Giga Drain|p1a: Lucario","|-resisted|p1a: Lucario","|-damage|p1a: Lucario|0 fnt","|-heal|p2a: Venu|216/360|[from] drain|[of] p1a: Lucario","|faint|p1a: Lucario","|","|","|switch|p1a: Skarmory|Skarmory, M|251/334","|turn|16","|","|move|p2a: Venu|Sleep Powder|p1a: Skarmory|[miss]","|-miss|p2a: Venu|p1a: Skarmory","|move|p1a: Skarmory|Brave Bird|p2a: Venu","|-supereffective|p2a: Venu","|-damage|p2a: Venu|24/360","|-damage|p1a: Skarmory|188/334|[from] recoil|[of] p2a: Venu","|","|-heal|p1a: Skarmory|208/334|[from] item: Leftovers","|turn|17","|","|move|p2a: Venu|Sleep Powder|p1a: Skarmory","|-status|p1a: Skarmory|slp","|cant|p1a: Skarmory|slp","|","|-heal|p1a: Skarmory|228/334 slp|[from] item: Leftovers","|turn|18","|","|switch|p1a: Scizor|Scizor, M|343/343","|move|p2a: Venu|Leech Seed|p1a: Scizor","|-start|p1a: Scizor|move: Leech Seed","|","|-damage|p1a: Scizor|301/343|[from] Leech Seed|[of] p2a: Venu","|-heal|p2a: Venu|66/360|[silent]","|turn|19","|","|detailschange|p1a: Scizor|Scizor-Mega, M","|-mega|p1a: Scizor|Scizor|Scizorite","|move|p2a: Venu|Giga Drain|p1a: Scizor","|-resisted|p1a: Scizor","|-damage|p1a: Scizor|268/343","|-heal|p2a: Venu|83/360|[from] drain|[of] p1a: Scizor","|move|p1a: Scizor|Swords Dance|p1a: Scizor","|-boost|p1a: Scizor|atk|2","|","|-damage|p1a: Scizor|226/343|[from] Leech Seed|[of] p2a: Venu","|-heal|p2a: Venu|125/360|[silent]","|turn|20","|","|move|p2a: Venu|Giga Drain|p1a: Scizor","|-resisted|p1a: Scizor","|-damage|p1a: Scizor|198/343","|-heal|p2a: Venu|139/360|[from] drain|[of] p1a: Scizor","|move|p1a: Scizor|Swords Dance|p1a: Scizor","|-boost|p1a: Scizor|atk|2","|","|-damage|p1a: Scizor|156/343|[from] Leech Seed|[of] p2a: Venu","|-heal|p2a: Venu|181/360|[silent]","|turn|21","|","|move|p1a: Scizor|Bullet Punch|p2a: Venu","|-damage|p2a: Venu|0 fnt","|faint|p2a: Venu","|","|","|switch|p2a: Skuntank|Skuntank, M, shiny|410/410","|-damage|p2a: Skuntank|359/410|[from] Stealth Rock","|turn|22","|","|move|p2a: Skuntank|Sucker Punch|p1a: Scizor","|-damage|p1a: Scizor|68/343","|move|p1a: Scizor|Bullet Punch|p2a: Skuntank","|-damage|p2a: Skuntank|0 fnt","|-damage|p1a: Scizor|0 fnt|[from] ability: Aftermath|[of] p2a: Skuntank","|faint|p1a: Scizor","|faint|p2a: Skuntank","|","|","|switch|p2a: Gengar|Gengar, M, shiny|262/262","|switch|p1a: Skarmory|Skarmory, M|228/334 slp","|-damage|p2a: Gengar|230/262|[from] Stealth Rock","|turn|23","|","|move|p2a: Gengar|Thunderbolt|p1a: Skarmory","|-crit|p1a: Skarmory","|-supereffective|p1a: Skarmory","|-damage|p1a: Skarmory|0 fnt","|-damage|p2a: Gengar|204/262|[from] item: Life Orb","|faint|p1a: Skarmory","|","|","|switch|p1a: Aggron|Aggron, F|281/281","|turn|24","|","|move|p2a: Gengar|Focus Blast|p1a: Aggron","|-supereffective|p1a: Aggron","|-damage|p1a: Aggron|0 fnt","|-damage|p2a: Gengar|178/262|[from] item: Life Orb","|faint|p1a: Aggron","|","|win|Adviser♕Dooms"],"p1rating":{"entryid":"188976","serverid":"eos","formatid":"monotype","userid":"key7","username":"key7","w":"7","l":3,"t":"0","gxe":61.2,"r":"1500","rd":"130","sigma":"0","rptime":"1440061200","rpr":1588.6308176848,"rprd":88.350174310511,"rpsigma":"0","acre":1130.3476185015,"lacre":1130.3476185015,"oldacre":"1160.9976564144"},"p2rating":{"entryid":"117867","serverid":"eos","formatid":"monotype","userid":"adviserdooms","username":"Adviser♕Dooms","w":6,"l":"6","t":"0","gxe":48.7,"r":"1381.2404051028","rd":"111.80864253111","sigma":"0","rptime":"1440061200","rpr":1490.2739272723,"rprd":84.782441648642,"rpsigma":"0","acre":1115.2235465903,"lacre":1115.2235465903,"oldacre":"1081.0972973624"},"endType":"normal"}