{"seed":[11257,57783,21401,23272],"turns":31,"p1":"Whitston","p2":"GTX♅Amart3000","p1team":[{"name":"Shedinja","species":"Shedinja","item":"focussash","ability":"Wonder Guard","moves":["shadowsneak","xscissor","phantomforce","swordsdance"],"nature":"Adamant","evs":{"hp":0,"atk":252,"def":0,"spa":0,"spd":0,"spe":252},"ivs":{"hp":31,"atk":31,"def":31,"spa":31,"spd":31,"spe":31}},{"name":"Aegislash","species":"Aegislash","item":"leftovers","ability":"Stance Change","moves":["swordsdance","shadowsneak","sacredsword","kingsshield"],"nature":"Adamant","evs":{"hp":252,"atk":252,"def":0,"spa":0,"spd":0,"spe":0},"ivs":{"hp":31,"atk":31,"def":31,"spa":31,"spd":31,"spe":31}},{"name":"Chandelure","species":"Chandelure","item":"choicespecs","ability":"Flash Fire","moves":["flamethrower","shadowball","energyball","trick"],"nature":"Timid","evs":{"hp":0,"atk":0,"def":0,"spa":252,"spd":4,"spe":252},"ivs":{"hp":31,"atk":31,"def":31,"spa":31,"spd":31,"spe":31}},{"name":"Trevenant","species":"Trevenant","item":"sitrusberry","ability":"Natural Cure","moves":["substitute","hornleech","willowisp","leechseed"],"nature":"Careful","evs":{"hp":252,"atk":0,"def":4,"spa":0,"spd":252,"spe":0},"ivs":{"hp":31,"atk":31,"def":31,"spa":31,"spd":31,"spe":31}},{"name":"Jellicent","species":"Jellicent","item":"leftovers","ability":"Water Absorb","moves":["recover","scald","hex","confuseray"],"nature":"Calm","evs":{"hp":252,"atk":0,"def":252,"spa":0,"spd":4,"spe":0},"ivs":{"hp":31,"atk":31,"def":31,"spa":31,"spd":31,"spe":31}},{"name":"Sableye","species":"Sableye","item":"sablenite","ability":"Keen Eye","moves":["willowisp","recover","calmmind","foulplay"],"nature":"Impish","evs":{"hp":252,"atk":0,"def":0,"spa":0,"spd":252,"spe":0},"ivs":{"hp":31,"atk":31,"def":31,"spa":31,"spd":31,"spe":31}}],"p2team":[{"name":"Hitmonlee","species":"Hitmonlee","item":"widelens","ability":"Reckless","moves":["highjumpkick","bounce","rockslide","blazekick"],"nature":"Jolly","evs":{"hp":0,"atk":252,"def":0,"spa":0,"spd":4,"spe":252},"ivs":{"hp":31,"atk":31,"def":31,"spa":31,"spd":31,"spe":31}},{"name":"Infernape","species":"Infernape","item":"quickclaw","ability":"Iron Fist","moves":["firepunch","closecombat","rockslide","uturn"],"nature":"Adamant","evs":{"hp":0,"atk":252,"def":0,"spa":0,"spd":4,"spe":252},"ivs":{"hp":31,"atk":31,"def":31,"spa":31,"spd":31,"spe":31}},{"name":"Pangoro","species":"Pangoro","item":"leftovers","ability":"Iron Fist","moves":["drainpunch","knockoff","bulkup","gunkshot"],"nature":"Impish","evs":{"hp":252,"atk":0,"def":32,"spa":0,"spd":224,"spe":0},"ivs":{"hp":31,"atk":31,"def":31,"spa":31,"spd":31,"spe":31}},{"name":"Machamp","species":"Machamp","item":"assaultvest","ability":"No Guard","moves":["bulletpunch","dynamicpunch","knockoff","stoneedge"],"nature":"Impish","evs":{"hp":140,"atk":40,"def":208,"spa":0,"spd":120,"spe":0},"ivs":{"hp":31,"atk":31,"def":31,"spa":31,"spd":31,"spe":31}},{"name":"Medicham","species":"Medicham","item":"medichamite","ability":"Pure Power","moves":["bulletpunch","drainpunch","zenheadbutt","retaliate"],"nature":"Adamant","evs":{"hp":160,"atk":180,"def":100,"spa":0,"spd":68,"spe":0},"ivs":{"hp":31,"atk":31,"def":31,"spa":31,"spd":31,"spe":31}},{"name":"Breloom","species":"Breloom","item":"toxicorb","ability":"Poison Heal","moves":["spore","drainpunch","machpunch","swordsdance"],"nature":"Careful","evs":{"hp":252,"atk":0,"def":96,"spa":0,"spd":160,"spe":0},"ivs":{"hp":31,"atk":31,"def":31,"spa":31,"spd":31,"spe":31}}],"log":["|player|p1|Whitston|290","|player|p2|GTX♅Amart3000|92","|gametype|singles","|gen|6","|tier|Monotype","|rated","|rule|Baton Pass Clause: Limit one Baton Passer, can't pass Spe and other stats simultaneously","|rule|Swagger Clause: Swagger is banned","|rule|Same Type Clause: Pokémon in a team must share a type","|clearpoke","|poke|p1|Shedinja","|poke|p1|Aegislash, F","|poke|p1|Chandelure, F","|poke|p1|Trevenant, M","|poke|p1|Jellicent, F","|poke|p1|Sableye, M","|poke|p2|Hitmonlee, M","|poke|p2|Infernape, F","|poke|p2|Pangoro, M","|poke|p2|Machamp, M","|poke|p2|Medicham, F","|poke|p2|Breloom, M","|rule|Sleep Clause Mod: Limit one foe put to sleep","|rule|Species Clause: Limit one of each Pokémon","|rule|OHKO Clause: OHKO moves are banned","|rule|Moody Clause: Moody is banned","|rule|Evasion Moves Clause: Evasion moves are banned","|rule|Endless Battle Clause: Forcing endless battles is banned","|rule|HP Percentage Mod: HP is shown in percentages","|teampreview","|","|start","|switch|p1a: Sableye|Sableye, M|304/304","|switch|p2a: Infernape|Infernape, F|293/293","|turn|1","|","|detailschange|p1a: Sableye|Sableye-Mega, M","|-mega|p1a: Sableye|Sableye|Sablenite","|move|p2a: Infernape|Rock Slide|p1a: Sableye","|-damage|p1a: Sableye|240/304","|cant|p1a: Sableye|flinch","|","|turn|2","|","|move|p2a: Infernape|Rock Slide|p1a: Sableye","|-crit|p1a: Sableye","|-damage|p1a: Sableye|150/304","|cant|p1a: Sableye|flinch","|","|turn|3","|","|move|p2a: Infernape|Rock Slide|p1a: Sableye","|-damage|p1a: Sableye|83/304","|cant|p1a: Sableye|flinch","|","|turn|4","|","|move|p2a: Infernape|Fire Punch|p1a: Sableye","|-crit|p1a: Sableye","|-damage|p1a: Sableye|0 fnt","|faint|p1a: Sableye","|","|","|switch|p1a: Trevenant|Trevenant, M|374/374","|turn|5","|","|switch|p1a: Chandelure|Chandelure, F|261/261","|move|p2a: Infernape|Fire Punch|p1a: Chandelure","|-start|p1a: Chandelure|ability: Flash Fire","|","|turn|6","|","|move|p2a: Infernape|Rock Slide|p1a: Chandelure","|-miss|p2a: Infernape|p1a: Chandelure","|move|p1a: Chandelure|Shadow Ball|p2a: Infernape","|-damage|p2a: Infernape|0 fnt","|faint|p2a: Infernape","|","|","|switch|p2a: Machamp|Machamp, M|356/356","|turn|7","|","|move|p1a: Chandelure|Shadow Ball|p2a: Machamp","|-damage|p2a: Machamp|205/356","|-unboost|p2a: Machamp|spd|1","|move|p2a: Machamp|Knock Off|p1a: Chandelure","|-crit|p1a: Chandelure","|-supereffective|p1a: Chandelure","|-damage|p1a: Chandelure|0 fnt","|-enditem|p1a: Chandelure|Choice Specs|[from] move: Knock Off|[of] p2a: Machamp","|faint|p1a: Chandelure","|","|","|switch|p1a: Jellicent|Jellicent, F|404/404","|turn|8","|","|move|p1a: Jellicent|Confuse Ray|p2a: Machamp","|-start|p2a: Machamp|confusion","|-activate|p2a: Machamp|confusion","|move|p2a: Machamp|Knock Off|p1a: Jellicent","|-supereffective|p1a: Jellicent","|-damage|p1a: Jellicent|198/404","|-enditem|p1a: Jellicent|Leftovers|[from] move: Knock Off|[of] p2a: Machamp","|","|turn|9","|","|move|p1a: Jellicent|Scald|p2a: Machamp","|-damage|p2a: Machamp|124/356","|-status|p2a: Machamp|brn","|-end|p2a: Machamp|confusion","|move|p2a: Machamp|Stone Edge|p1a: Jellicent","|-damage|p1a: Jellicent|148/404","|","|-damage|p2a: Machamp|80/356 brn|[from] brn","|turn|10","|","|move|p2a: Machamp|Bullet Punch|p1a: Jellicent","|-resisted|p1a: Jellicent","|-damage|p1a: Jellicent|138/404","|move|p1a: Jellicent|Recover|p1a: Jellicent","|-heal|p1a: Jellicent|340/404","|","|-damage|p2a: Machamp|36/356 brn|[from] brn","|turn|11","|","|move|p1a: Jellicent|Recover|p1a: Jellicent","|-heal|p1a: Jellicent|404/404","|move|p2a: Machamp|Dynamic Punch|p1a: Jellicent","|-immune|p1a: Jellicent|[msg]","|","|-damage|p2a: Machamp|0 fnt|[from] brn","|faint|p2a: Machamp","|","|switch|p2a: Medicham|Medicham, F|301/301","|turn|12","|","|detailschange|p2a: Medicham|Medicham-Mega, F","|-mega|p2a: Medicham|Medicham|Medichamite","|move|p2a: Medicham|Zen Headbutt|p1a: Jellicent","|-damage|p1a: Jellicent|182/404","|cant|p1a: Jellicent|flinch","|","|turn|13","|","|switch|p1a: Shedinja|Shedinja|1/1","|move|p2a: Medicham|Zen Headbutt|p1a: Shedinja","|-activate|p1a: Shedinja|ability: Wonder Guard","|","|turn|14","|","|switch|p2a: Pangoro|Pangoro, M|394/394","|move|p1a: Shedinja|Swords Dance|p1a: Shedinja","|-boost|p1a: Shedinja|atk|2","|","|turn|15","|","|move|p1a: Shedinja|X-Scissor|p2a: Pangoro","|-damage|p2a: Pangoro|150/394","|move|p2a: Pangoro|Knock Off|p1a: Shedinja","|-supereffective|p1a: Shedinja","|-enditem|p1a: Shedinja|Focus Sash","|-damage|p1a: Shedinja|1/1","|","|-heal|p2a: Pangoro|174/394|[from] item: Leftovers","|turn|16","|","|move|p1a: Shedinja|X-Scissor|p2a: Pangoro","|-damage|p2a: Pangoro|0 fnt","|faint|p2a: Pangoro","|","|","|switch|p2a: Hitmonlee|Hitmonlee, M|241/241","|turn|17","|","|move|p1a: Shedinja|Shadow Sneak|p2a: Hitmonlee","|-damage|p2a: Hitmonlee|54/241","|move|p2a: Hitmonlee|Rock Slide|p1a: Shedinja","|-supereffective|p1a: Shedinja","|-damage|p1a: Shedinja|0 fnt","|faint|p1a: Shedinja","|","|","|switch|p1a: Jellicent|Jellicent, F|182/404","|turn|18","|","|move|p2a: Hitmonlee|Bounce|p1a: Jellicent|[still]","|-prepare|p2a: Hitmonlee|Bounce|p1a: Jellicent","|move|p1a: Jellicent|Recover|p1a: Jellicent","|-heal|p1a: Jellicent|384/404","|","|turn|19","|","|move|p2a: Hitmonlee|Bounce|p1a: Jellicent|[from]lockedmove","|-damage|p1a: Jellicent|293/404","|move|p1a: Jellicent|Confuse Ray|p2a: Hitmonlee","|-start|p2a: Hitmonlee|confusion","|","|turn|20","|","|switch|p2a: Medicham|Medicham-Mega, F|301/301","|move|p1a: Jellicent|Recover|p1a: Jellicent","|-heal|p1a: Jellicent|404/404","|","|turn|21","|","|move|p2a: Medicham|Zen Headbutt|p1a: Jellicent","|-damage|p1a: Jellicent|145/404","|cant|p1a: Jellicent|flinch","|","|turn|22","|","|switch|p1a: Aegislash|Aegislash, F|324/324","|move|p2a: Medicham|Zen Headbutt|p1a: Aegislash","|-resisted|p1a: Aegislash","|-damage|p1a: Aegislash|238/324","|","|-heal|p1a: Aegislash|258/324|[from] item: Leftovers","|turn|23","|","|move|p2a: Medicham|Retaliate|p1a: Aegislash","|-immune|p1a: Aegislash|[msg]","|move|p1a: Aegislash|Swords Dance|p1a: Aegislash","|-boost|p1a: Aegislash|atk|2","|","|-heal|p1a: Aegislash|278/324|[from] item: Leftovers","|turn|24","|","|move|p2a: Medicham|Zen Headbutt|p1a: Aegislash","|-resisted|p1a: Aegislash","|-damage|p1a: Aegislash|194/324","|cant|p1a: Aegislash|flinch","|","|-heal|p1a: Aegislash|214/324|[from] item: Leftovers","|turn|25","|","|move|p2a: Medicham|Zen Headbutt|p1a: Aegislash","|-resisted|p1a: Aegislash","|-damage|p1a: Aegislash|124/324","|move|p1a: Aegislash|Swords Dance|p1a: Aegislash","|-boost|p1a: Aegislash|atk|2","|","|-heal|p1a: Aegislash|144/324|[from] item: Leftovers","|turn|26","|","|-formechange|p1a: Aegislash|Aegislash-Blade","|move|p1a: Aegislash|Shadow Sneak|p2a: Medicham","|-supereffective|p2a: Medicham","|-damage|p2a: Medicham|0 fnt","|faint|p2a: Medicham","|","|-heal|p1a: Aegislash|164/324|[from] item: Leftovers","|","|switch|p2a: Breloom|Breloom, M|324/324","|turn|27","|","|move|p1a: Aegislash|Shadow Sneak|p2a: Breloom","|-damage|p2a: Breloom|35/324","|move|p2a: Breloom|Spore|p1a: Aegislash","|-status|p1a: Aegislash|slp","|","|-heal|p1a: Aegislash|184/324 slp|[from] item: Leftovers","|-status|p2a: Breloom|tox|[from] item: Toxic Orb","|turn|28","|","|switch|p2a: Hitmonlee|Hitmonlee, M|54/241","|switch|p1a: Trevenant|Trevenant, M|374/374","|","|turn|29","|","|move|p2a: Hitmonlee|Blaze Kick|p1a: Trevenant","|-supereffective|p1a: Trevenant","|-damage|p1a: Trevenant|118/374","|-enditem|p1a: Trevenant|Sitrus Berry|[eat]","|-heal|p1a: Trevenant|211/374|[from] item: Sitrus Berry","|move|p1a: Trevenant|Will-O-Wisp|p2a: Hitmonlee","|-status|p2a: Hitmonlee|brn","|","|-damage|p2a: Hitmonlee|24/241 brn|[from] brn","|turn|30","|","|move|p2a: Hitmonlee|Blaze Kick|p1a: Trevenant","|-supereffective|p1a: Trevenant","|-damage|p1a: Trevenant|83/374","|move|p1a: Trevenant|Substitute|p1a: Trevenant","|-fail|p1a: Trevenant|move: Substitute|[weak]","|","|-damage|p2a: Hitmonlee|0 fnt|[from] brn","|faint|p2a: Hitmonlee","|","|switch|p2a: Breloom|Breloom, M|35/324 tox","|turn|31","|","|move|p2a: Breloom|Spore|p1a: Trevenant","|-immune|p1a: Trevenant|[msg]","|move|p1a: Trevenant|Horn Leech|p2a: Breloom","|-resisted|p2a: Breloom","|-damage|p2a: Breloom|0 fnt","|-heal|p1a: Trevenant|101/374|[from] drain|[of] p2a: Breloom","|faint|p2a: Breloom","|","|win|Whitston"],"p1rating":{"entryid":"190364","serverid":"eos","formatid":"monotype","userid":"whitston","username":"Whitston","w":3,"l":"8","t":"0","gxe":37,"r":"1500","rd":"130","sigma":"0","rptime":"1440061200","rpr":1396.6138603386,"rprd":85.196432874809,"rpsigma":"0","acre":1040,"lacre":1040,"oldacre":"1000"},"p2rating":{"entryid":"195150","serverid":"eos","formatid":"monotype","userid":"gtxamart3000","username":"GTX♅Amart3000","w":"0","l":2,"t":"0","gxe":41,"r":"1500","rd":"130","sigma":"0","rptime":"1440061200","rpr":1427.4328741711,"rprd":116.77753930647,"rpsigma":"0","acre":1000,"lacre":1000,"oldacre":"1000"},"endType":"normal"}