{"seed":[16864,20579,64737,20138],"turns":32,"p1":"Pixie~Games","p2":"Alpha α Vodoom","p1team":[{"name":"Gyarados","species":"Gyarados","item":"choicescarf","ability":"Moxie","moves":["crunch","waterfall","outrage","earthquake"],"nature":"Jolly","evs":{"hp":4,"atk":244,"def":0,"spa":0,"spd":0,"spe":252},"ivs":{"hp":31,"atk":31,"def":31,"spa":31,"spd":31,"spe":31}},{"name":"Keldeo","species":"Keldeo","item":"choicespecs","ability":"Justified","moves":["scald","hydropump","hiddenpowerfire","secretsword"],"nature":"Timid","evs":{"hp":0,"atk":0,"def":0,"spa":252,"spd":4,"spe":252},"ivs":{"hp":31,"atk":30,"def":31,"spa":30,"spd":31,"spe":30}},{"name":"Starmie","species":"Starmie","item":"choicespecs","ability":"Natural Cure","moves":["scald","icebeam","psyshock","thunderbolt"],"nature":"Timid","evs":{"hp":0,"atk":0,"def":0,"spa":252,"spd":4,"spe":252},"ivs":{"hp":31,"atk":31,"def":31,"spa":31,"spd":31,"spe":31}},{"name":"Swampert","species":"Swampert","item":"swampertite","ability":"Torrent","moves":["raindance","waterfall","earthquake","rockslide"],"nature":"Adamant","evs":{"hp":248,"atk":252,"def":0,"spa":0,"spd":8,"spe":0},"ivs":{"hp":31,"atk":31,"def":31,"spa":31,"spd":31,"spe":31}},{"name":"Quagsire","species":"Quagsire","item":"leftovers","ability":"Unaware","moves":["toxic","recover","waterfall","earthquake"],"nature":"Careful","evs":{"hp":252,"atk":4,"def":0,"spa":0,"spd":252,"spe":0},"ivs":{"hp":31,"atk":31,"def":31,"spa":31,"spd":31,"spe":31}},{"name":"Azumarill","species":"Azumarill","item":"sitrusberry","ability":"Huge Power","moves":["bellydrum","aquajet","waterfall","playrough"],"nature":"Adamant","evs":{"hp":252,"atk":252,"def":0,"spa":0,"spd":4,"spe":0},"ivs":{"hp":31,"atk":31,"def":31,"spa":31,"spd":31,"spe":31}}],"p2team":[{"name":"TNT","species":"tyranitar","item":"assaultvest","ability":"Sand Stream","moves":["earthquake","darkpulse","ancientpower","flamethrower"],"nature":"Quiet","evs":{"hp":248,"atk":8,"def":0,"spa":252,"spd":0,"spe":0},"ivs":{"hp":31,"atk":31,"def":31,"spa":31,"spd":31,"spe":31}},{"name":"Bull","species":"terrakion","item":"choicescarf","ability":"Justified","moves":["closecombat","earthquake","rockslide","quickattack"],"nature":"Jolly","evs":{"hp":0,"atk":252,"def":0,"spa":0,"spd":4,"spe":252},"ivs":{"hp":31,"atk":31,"def":31,"spa":31,"spd":31,"spe":31}},{"name":"Steel Rex","species":"aggron","item":"aggronite","ability":"Sturdy","moves":["metalburst","firepunch","rest","earthquake"],"nature":"Impish","evs":{"hp":248,"atk":0,"def":252,"spa":0,"spd":8,"spe":0},"ivs":{"hp":31,"atk":31,"def":31,"spa":31,"spd":31,"spe":31}},{"name":"The real deal","species":"lileep","item":"eviolite","ability":"Storm Drain","moves":["recover","toxic","infestation","gigadrain"],"nature":"Calm","evs":{"hp":252,"atk":0,"def":0,"spa":4,"spd":252,"spe":0},"ivs":{"hp":31,"atk":31,"def":31,"spa":31,"spd":31,"spe":31}},{"name":"Diancie","species":"Diancie","item":"diancite","ability":"Clear Body","moves":["protect","earthpower","diamondstorm","moonblast"],"nature":"Hasty","evs":{"hp":0,"atk":4,"def":0,"spa":252,"spd":0,"spe":252},"ivs":{"hp":31,"atk":31,"def":31,"spa":31,"spd":31,"spe":31}},{"name":"Aurorus","species":"Aurorus","item":"choicescarf","ability":"Refrigerate","moves":["freezedry","hypervoice","discharge","ancientpower"],"nature":"Timid","evs":{"hp":0,"atk":0,"def":0,"spa":252,"spd":4,"spe":252},"ivs":{"hp":31,"atk":31,"def":31,"spa":31,"spd":31,"spe":31}}],"log":["|player|p1|Pixie~Games|138","|player|p2|Alpha α Vodoom|2","|gametype|singles","|gen|6","|tier|Monotype","|rated","|rule|Baton Pass Clause: Limit one Baton Passer, can't pass Spe and other stats simultaneously","|rule|Swagger Clause: Swagger is banned","|rule|Same Type Clause: Pokémon in a team must share a type","|clearpoke","|poke|p1|Gyarados, M","|poke|p1|Keldeo","|poke|p1|Starmie","|poke|p1|Swampert, F","|poke|p1|Quagsire, M","|poke|p1|Azumarill, F","|poke|p2|Tyranitar, F","|poke|p2|Terrakion","|poke|p2|Aggron, F","|poke|p2|Lileep, F","|poke|p2|Diancie","|poke|p2|Aurorus, M","|rule|Sleep Clause Mod: Limit one foe put to sleep","|rule|Species Clause: Limit one of each Pokémon","|rule|OHKO Clause: OHKO moves are banned","|rule|Moody Clause: Moody is banned","|rule|Evasion Moves Clause: Evasion moves are banned","|rule|Endless Battle Clause: Forcing endless battles is banned","|rule|HP Percentage Mod: HP is shown in percentages","|teampreview","|","|start","|switch|p1a: Azumarill|Azumarill, F|404/404","|switch|p2a: Aurorus|Aurorus, M|387/387","|turn|1","|","|move|p2a: Aurorus|Freeze-Dry|p1a: Azumarill","|-crit|p1a: Azumarill","|-supereffective|p1a: Azumarill","|-damage|p1a: Azumarill|50/404","|-enditem|p1a: Azumarill|Sitrus Berry|[eat]","|-heal|p1a: Azumarill|151/404|[from] item: Sitrus Berry","|move|p1a: Azumarill|Belly Drum|p1a: Azumarill","|-fail|p1a: Azumarill","|","|turn|2","|","|switch|p2a: The real deal|Lileep, F|336/336","|move|p1a: Azumarill|Aqua Jet|p2a: The real deal","|-boost|p2a: The real deal|spa|1|[from] ability: Storm Drain","|","|turn|3","|","|move|p1a: Azumarill|Play Rough|p2a: The real deal","|-damage|p2a: The real deal|174/336","|move|p2a: The real deal|Toxic|p1a: Azumarill","|-status|p1a: Azumarill|tox","|","|-damage|p1a: Azumarill|126/404 tox|[from] psn","|turn|4","|","|move|p1a: Azumarill|Play Rough|p2a: The real deal","|-damage|p2a: The real deal|18/336","|move|p2a: The real deal|Recover|p2a: The real deal","|-heal|p2a: The real deal|186/336","|","|-damage|p1a: Azumarill|76/404 tox|[from] psn","|turn|5","|","|switch|p1a: Gyarados|Gyarados, M|332/332","|move|p2a: The real deal|Recover|p2a: The real deal","|-heal|p2a: The real deal|336/336","|","|turn|6","|","|move|p1a: Gyarados|Earthquake|p2a: The real deal","|-damage|p2a: The real deal|240/336","|move|p2a: The real deal|Toxic|p1a: Gyarados","|-status|p1a: Gyarados|tox","|","|-damage|p1a: Gyarados|312/332 tox|[from] psn","|turn|7","|","|switch|p1a: Keldeo|Keldeo|323/323","|move|p2a: The real deal|Recover|p2a: The real deal","|-heal|p2a: The real deal|336/336","|","|turn|8","|","|switch|p2a: Diancie|Diancie|241/241","|move|p1a: Keldeo|Secret Sword|p2a: Diancie","|-damage|p2a: Diancie|60/241","|","|turn|9","|","|detailschange|p2a: Diancie|Diancie-Mega","|-mega|p2a: Diancie|Diancie|Diancite","|move|p2a: Diancie|Protect|p2a: Diancie","|-singleturn|p2a: Diancie|Protect","|move|p1a: Keldeo|Secret Sword|p2a: Diancie","|-activate|p2a: Diancie|Protect","|","|turn|10","|","|switch|p2a: Steel Rex|Aggron, F|343/343","|switch|p1a: Quagsire|Quagsire, M|394/394","|","|turn|11","|","|switch|p2a: The real deal|Lileep, F|336/336","|move|p1a: Quagsire|Earthquake|p2a: The real deal","|-damage|p2a: The real deal|255/336","|","|turn|12","|","|move|p1a: Quagsire|Toxic|p2a: The real deal","|-status|p2a: The real deal|tox","|move|p2a: The real deal|Toxic|p1a: Quagsire","|-status|p1a: Quagsire|tox","|","|-damage|p1a: Quagsire|370/394 tox|[from] psn","|-damage|p2a: The real deal|234/336 tox|[from] psn","|turn|13","|","|switch|p1a: Keldeo|Keldeo|323/323","|move|p2a: The real deal|Giga Drain|p1a: Keldeo","|-supereffective|p1a: Keldeo","|-damage|p1a: Keldeo|185/323","|-heal|p2a: The real deal|303/336 tox|[from] drain|[of] p1a: Keldeo","|","|-damage|p2a: The real deal|261/336 tox|[from] psn","|turn|14","|","|switch|p2a: Steel Rex|Aggron, F|343/343","|move|p1a: Keldeo|Secret Sword|p2a: Steel Rex","|-supereffective|p2a: Steel Rex","|-ability|p2a: Steel Rex|Sturdy","|-damage|p2a: Steel Rex|1/343","|","|turn|15","|","|move|p1a: Keldeo|Secret Sword|p2a: Steel Rex","|-supereffective|p2a: Steel Rex","|-damage|p2a: Steel Rex|0 fnt","|faint|p2a: Steel Rex","|","|","|switch|p2a: Bull|Terrakion|323/323","|turn|16","|","|switch|p1a: Quagsire|Quagsire, M|370/394 tox","|move|p2a: Bull|Close Combat|p1a: Quagsire","|-damage|p1a: Quagsire|123/394 tox","|-unboost|p2a: Bull|def|1","|-unboost|p2a: Bull|spd|1","|","|-heal|p1a: Quagsire|147/394 tox|[from] item: Leftovers","|-damage|p1a: Quagsire|123/394 tox|[from] psn","|turn|17","|","|move|p2a: Bull|Close Combat|p1a: Quagsire","|-damage|p1a: Quagsire|0 fnt","|-unboost|p2a: Bull|def|1","|-unboost|p2a: Bull|spd|1","|faint|p1a: Quagsire","|","|","|switch|p1a: Gyarados|Gyarados, M|312/332 tox","|turn|18","|","|switch|p2a: The real deal|Lileep, F|261/336 tox","|move|p1a: Gyarados|Earthquake|p2a: The real deal","|-damage|p2a: The real deal|164/336 tox","|","|-damage|p1a: Gyarados|292/332 tox|[from] psn","|-damage|p2a: The real deal|143/336 tox|[from] psn","|turn|19","|","|move|p1a: Gyarados|Earthquake|p2a: The real deal","|-damage|p2a: The real deal|47/336 tox","|move|p2a: The real deal|Recover|p2a: The real deal","|-heal|p2a: The real deal|215/336 tox","|","|-damage|p1a: Gyarados|252/332 tox|[from] psn","|-damage|p2a: The real deal|173/336 tox|[from] psn","|turn|20","|","|switch|p1a: Keldeo|Keldeo|185/323","|move|p2a: The real deal|Recover|p2a: The real deal","|-heal|p2a: The real deal|336/336 tox","|","|-damage|p2a: The real deal|273/336 tox|[from] psn","|turn|21","|","|move|p1a: Keldeo|Secret Sword|p2a: The real deal","|-supereffective|p2a: The real deal","|-damage|p2a: The real deal|0 fnt","|faint|p2a: The real deal","|","|","|switch|p2a: Bull|Terrakion|323/323","|turn|22","|","|switch|p1a: Gyarados|Gyarados, M|252/332 tox","|move|p2a: Bull|Close Combat|p1a: Gyarados","|-resisted|p1a: Gyarados","|-damage|p1a: Gyarados|115/332 tox","|-unboost|p2a: Bull|def|1","|-unboost|p2a: Bull|spd|1","|","|-damage|p1a: Gyarados|95/332 tox|[from] psn","|turn|23","|","|move|p2a: Bull|Close Combat|p1a: Gyarados","|-resisted|p1a: Gyarados","|-damage|p1a: Gyarados|0 fnt","|-unboost|p2a: Bull|def|1","|-unboost|p2a: Bull|spd|1","|faint|p1a: Gyarados","|","|","|switch|p1a: Azumarill|Azumarill, F|76/404 tox","|turn|24","|","|switch|p2a: TNT|Tyranitar, F|403/403","|-weather|Sandstorm","|move|p1a: Azumarill|Aqua Jet|p2a: TNT","|-supereffective|p2a: TNT","|-damage|p2a: TNT|233/403","|","|-weather|Sandstorm|[upkeep]","|-damage|p1a: Azumarill|51/404 tox|[from] sandstorm","|-damage|p1a: Azumarill|26/404 tox|[from] psn","|turn|25","|","|switch|p1a: Swampert|Swampert, F|403/403","|move|p2a: TNT|Ancient Power|p1a: Swampert","|-resisted|p1a: Swampert","|-damage|p1a: Swampert|355/403","|","|-weather|Sandstorm|[upkeep]","|turn|26","|","|detailschange|p1a: Swampert|Swampert-Mega, F","|-mega|p1a: Swampert|Swampert|Swampertite","|move|p1a: Swampert|Rain Dance|p1a: Swampert","|-weather|RainDance","|move|p2a: TNT|Dark Pulse|p1a: Swampert","|-damage|p1a: Swampert|247/403","|","|-weather|RainDance|[upkeep]","|turn|27","|","|switch|p2a: Diancie|Diancie-Mega|60/241","|move|p1a: Swampert|Waterfall|p2a: Diancie","|-supereffective|p2a: Diancie","|-damage|p2a: Diancie|0 fnt","|faint|p2a: Diancie","|","|-weather|RainDance|[upkeep]","|","|switch|p2a: TNT|Tyranitar, F|233/403","|-weather|Sandstorm","|turn|28","|","|move|p1a: Swampert|Rain Dance|p1a: Swampert","|-weather|RainDance","|move|p2a: TNT|Dark Pulse|p1a: Swampert","|-damage|p1a: Swampert|123/403","|","|-weather|RainDance|[upkeep]","|turn|29","|","|switch|p2a: Aurorus|Aurorus, M|387/387","|move|p1a: Swampert|Waterfall|p2a: Aurorus","|-supereffective|p2a: Aurorus","|-damage|p2a: Aurorus|0 fnt","|faint|p2a: Aurorus","|","|-weather|RainDance|[upkeep]","|","|switch|p2a: TNT|Tyranitar, F|233/403","|-weather|Sandstorm","|turn|30","|","|switch|p1a: Azumarill|Azumarill, F|26/404 tox","|move|p2a: TNT|Dark Pulse|p1a: Azumarill","|-resisted|p1a: Azumarill","|-damage|p1a: Azumarill|0 fnt","|faint|p1a: Azumarill","|","|-weather|Sandstorm|[upkeep]","|","|switch|p1a: Keldeo|Keldeo|185/323","|turn|31","|","|switch|p2a: Bull|Terrakion|323/323","|move|p1a: Keldeo|Secret Sword|p2a: Bull","|-supereffective|p2a: Bull","|-damage|p2a: Bull|0 fnt","|faint|p2a: Bull","|","|-weather|Sandstorm|[upkeep]","|-damage|p1a: Keldeo|165/323|[from] sandstorm","|","|switch|p2a: TNT|Tyranitar, F|233/403","|turn|32","|","|move|p1a: Keldeo|Secret Sword|p2a: TNT","|-supereffective|p2a: TNT","|-damage|p2a: TNT|0 fnt","|faint|p2a: TNT","|","|win|Pixie~Games"],"p1rating":{"entryid":"6068","serverid":"eos","formatid":"monotype","userid":"pixiegames","username":"Pixie~Games","w":4,"l":"4","t":"0","gxe":49.1,"r":"1468.0753188526","rd":"96.360750449561","sigma":"0","rptime":"1440061200","rpr":1493.2323999614,"rprd":93.362435909742,"rpsigma":"0","acre":1116.0729704143,"lacre":1116.0729704143,"oldacre":"1089.3450040597"},"p2rating":{"entryid":"214259","serverid":"eos","formatid":"monotype","userid":"alphavodoom","username":"Alpha α Vodoom","w":"2","l":1,"t":"0","gxe":55.6,"r":"1500","rd":"130","sigma":"0","rptime":"1440061200","rpr":1544.1638561817,"rprd":111.49540401052,"rpsigma":"0","acre":1067.268144262,"lacre":1067.268144262,"oldacre":"1091.0394255925"},"endType":"normal"}