{"seed":[54319,37212,54021,32876],"turns":21,"p1":"Void KGBeast","p2":"key7","p1team":[{"name":"Hippowdon","species":"Hippowdon","item":"rockyhelmet","ability":"Sand Stream","moves":["stealthrock","earthquake","roar","slackoff"],"nature":"Impish","evs":{"hp":248,"atk":8,"def":252,"spa":0,"spd":0,"spe":0},"ivs":{"hp":31,"atk":31,"def":31,"spa":31,"spd":31,"spe":31}},{"name":"Landorus","species":"Landorus","item":"lifeorb","ability":"Sheer Force","moves":["earthpower","sludgewave","substitute","gravity"],"nature":"Modest","evs":{"hp":0,"atk":0,"def":4,"spa":252,"spd":0,"spe":252},"ivs":{"hp":31,"atk":0,"def":31,"spa":31,"spd":31,"spe":31}},{"name":"Nidoqueen","species":"Nidoqueen","item":"assaultvest","ability":"Sheer Force","moves":["flamethrower","thunderbolt","earthpower","icebeam"],"nature":"Modest","evs":{"hp":248,"atk":0,"def":0,"spa":252,"spd":8,"spe":0},"ivs":{"hp":31,"atk":0,"def":31,"spa":31,"spd":31,"spe":31}},{"name":"Garchomp","species":"Garchomp","item":"garchompite","ability":"Rough Skin","moves":["swordsdance","earthquake","fireblast","stoneedge"],"nature":"Jolly","evs":{"hp":0,"atk":252,"def":4,"spa":0,"spd":0,"spe":252},"ivs":{"hp":31,"atk":31,"def":31,"spa":31,"spd":31,"spe":31}},{"name":"Excadrill","species":"Excadrill","item":"choiceband","ability":"Sand Rush","moves":["ironhead","earthquake","rockslide","rapidspin"],"nature":"Adamant","evs":{"hp":0,"atk":252,"def":0,"spa":0,"spd":4,"spe":252},"ivs":{"hp":31,"atk":31,"def":31,"spa":31,"spd":31,"spe":31}},{"name":"Gastrodon","species":"Gastrodon","item":"leftovers","ability":"Storm Drain","moves":["scald","earthquake","toxic","recover"],"nature":"Sassy","evs":{"hp":248,"atk":8,"def":0,"spa":0,"spd":252,"spe":0},"ivs":{"hp":31,"atk":31,"def":31,"spa":31,"spd":31,"spe":31}}],"p2team":[{"name":"Aggron","species":"Aggron","item":"lifeorb","ability":"Rock Head","moves":["rockpolish","headsmash","ironhead","earthquake"],"nature":"Adamant","evs":{"hp":0,"atk":252,"def":0,"spa":0,"spd":4,"spe":252},"ivs":{"hp":31,"atk":31,"def":31,"spa":31,"spd":31,"spe":31}},{"name":"Scizor","species":"Scizor","item":"scizorite","ability":"Technician","moves":["swordsdance","xscissor","bulletpunch","roost"],"nature":"Adamant","evs":{"hp":248,"atk":252,"def":0,"spa":0,"spd":8,"spe":0},"ivs":{"hp":31,"atk":31,"def":31,"spa":31,"spd":31,"spe":31}},{"name":"Lucario","species":"Lucario","item":"focussash","ability":"Inner Focus","moves":["nastyplot","aurasphere","flashcannon","vacuumwave"],"nature":"Timid","evs":{"hp":0,"atk":0,"def":0,"spa":252,"spd":4,"spe":252},"ivs":{"hp":31,"atk":31,"def":31,"spa":31,"spd":31,"spe":31}},{"name":"Heatran","species":"Heatran","item":"airballoon","ability":"Flash Fire","moves":["fireblast","flashcannon","earthpower","protect"],"nature":"Modest","evs":{"hp":240,"atk":0,"def":0,"spa":252,"spd":8,"spe":8},"ivs":{"hp":31,"atk":31,"def":31,"spa":31,"spd":31,"spe":31}},{"name":"Skarmory","species":"Skarmory","item":"leftovers","ability":"Sturdy","moves":["spikes","toxic","protect","bravebird"],"nature":"Impish","evs":{"hp":252,"atk":0,"def":232,"spa":0,"spd":0,"spe":24},"ivs":{"hp":31,"atk":31,"def":31,"spa":31,"spd":31,"spe":31}},{"name":"Registeel","species":"Registeel","item":"leftovers","ability":"Clear Body","moves":["stealthrock","protect","toxic","seismictoss"],"nature":"Calm","evs":{"hp":252,"atk":0,"def":4,"spa":0,"spd":252,"spe":0},"ivs":{"hp":31,"atk":31,"def":31,"spa":31,"spd":31,"spe":31}}],"log":["|player|p1|Void KGBeast|voidkgbeast.png","|player|p2|key7|key7.png","|gametype|singles","|gen|6","|tier|Monotype","|rated","|rule|Baton Pass Clause: Limit one Baton Passer, can't pass Spe and other stats simultaneously","|rule|Swagger Clause: Swagger is banned","|rule|Same Type Clause: Pokémon in a team must share a type","|clearpoke","|poke|p1|Hippowdon, F","|poke|p1|Landorus, M","|poke|p1|Nidoqueen, F","|poke|p1|Garchomp, F","|poke|p1|Excadrill, F","|poke|p1|Gastrodon, M","|poke|p2|Aggron, F","|poke|p2|Scizor, F","|poke|p2|Lucario, M","|poke|p2|Heatran, F","|poke|p2|Skarmory, F","|poke|p2|Registeel","|rule|Sleep Clause Mod: Limit one foe put to sleep","|rule|Species Clause: Limit one of each Pokémon","|rule|OHKO Clause: OHKO moves are banned","|rule|Moody Clause: Moody is banned","|rule|Evasion Moves Clause: Evasion moves are banned","|rule|Endless Battle Clause: Forcing endless battles is banned","|rule|HP Percentage Mod: HP is shown in percentages","|teampreview","|","|start","|switch|p1a: Landorus|Landorus, M|319/319","|switch|p2a: Registeel|Registeel|364/364","|turn|1","|","|move|p1a: Landorus|Earth Power|p2a: Registeel","|-supereffective|p2a: Registeel","|-damage|p2a: Registeel|88/364","|move|p2a: Registeel|Toxic|p1a: Landorus","|-status|p1a: Landorus|tox","|","|-heal|p2a: Registeel|110/364|[from] item: Leftovers","|-damage|p1a: Landorus|300/319 tox|[from] psn","|turn|2","|","|move|p2a: Registeel|Protect|p2a: Registeel","|-singleturn|p2a: Registeel|Protect","|move|p1a: Landorus|Gravity|p1a: Landorus","|-fieldstart|move: Gravity","|","|-heal|p2a: Registeel|132/364|[from] item: Leftovers","|-damage|p1a: Landorus|262/319 tox|[from] psn","|turn|3","|","|move|p1a: Landorus|Earth Power|p2a: Registeel","|-supereffective|p2a: Registeel","|-damage|p2a: Registeel|0 fnt","|faint|p2a: Registeel","|","|-damage|p1a: Landorus|205/319 tox|[from] psn","|","|switch|p2a: Skarmory|Skarmory, F|334/334","|turn|4","|","|move|p2a: Skarmory|Protect|p2a: Skarmory","|-singleturn|p2a: Skarmory|Protect","|move|p1a: Landorus|Earth Power|p2a: Skarmory","|-activate|p2a: Skarmory|Protect","|","|-damage|p1a: Landorus|129/319 tox|[from] psn","|turn|5","|","|move|p1a: Landorus|Earth Power|p2a: Skarmory","|-supereffective|p2a: Skarmory","|-ability|p2a: Skarmory|Sturdy","|-damage|p2a: Skarmory|1/334","|move|p2a: Skarmory|Spikes|p1a: Landorus","|-sidestart|p1: Void KGBeast|Spikes","|","|-heal|p2a: Skarmory|21/334|[from] item: Leftovers","|-damage|p1a: Landorus|34/319 tox|[from] psn","|turn|6","|","|switch|p1a: Nidoqueen|Nidoqueen, F|383/383","|-damage|p1a: Nidoqueen|336/383|[from] Spikes","|move|p2a: Skarmory|Protect|p2a: Skarmory","|-fail|p2a: Skarmory","|","|-heal|p2a: Skarmory|41/334|[from] item: Leftovers","|-fieldend|move: Gravity","|turn|7","|","|move|p2a: Skarmory|Protect|p2a: Skarmory","|-singleturn|p2a: Skarmory|Protect","|move|p1a: Nidoqueen|Thunderbolt|p2a: Skarmory","|-activate|p2a: Skarmory|Protect","|","|-heal|p2a: Skarmory|61/334|[from] item: Leftovers","|turn|8","|","|move|p1a: Nidoqueen|Thunderbolt|p2a: Skarmory","|-supereffective|p2a: Skarmory","|-damage|p2a: Skarmory|0 fnt","|faint|p2a: Skarmory","|","|","|switch|p2a: Aggron|Aggron, F|281/281","|turn|9","|","|switch|p1a: Hippowdon|Hippowdon, F|419/419","|-damage|p1a: Hippowdon|367/419|[from] Spikes","|-weather|Sandstorm","|move|p2a: Aggron|Rock Polish|p2a: Aggron","|-boost|p2a: Aggron|spe|2","|","|-weather|Sandstorm|[upkeep]","|turn|10","|","|move|p2a: Aggron|Iron Head|p1a: Hippowdon","|-damage|p1a: Hippowdon|257/419","|-damage|p2a: Aggron|235/281|[from] item: Rocky Helmet|[of] p1a: Hippowdon","|-damage|p2a: Aggron|207/281|[from] item: Life Orb","|cant|p1a: Hippowdon|flinch","|","|-weather|Sandstorm|[upkeep]","|turn|11","|","|move|p2a: Aggron|Head Smash|p1a: Hippowdon","|-resisted|p1a: Hippowdon","|-damage|p1a: Hippowdon|148/419","|-damage|p2a: Aggron|161/281|[from] item: Rocky Helmet|[of] p1a: Hippowdon","|-damage|p2a: Aggron|133/281|[from] item: Life Orb","|move|p1a: Hippowdon|Slack Off|p1a: Hippowdon","|-heal|p1a: Hippowdon|358/419","|","|-weather|Sandstorm|[upkeep]","|turn|12","|","|move|p2a: Aggron|Iron Head|p1a: Hippowdon","|-damage|p1a: Hippowdon|251/419","|-damage|p2a: Aggron|87/281|[from] item: Rocky Helmet|[of] p1a: Hippowdon","|-damage|p2a: Aggron|59/281|[from] item: Life Orb","|cant|p1a: Hippowdon|flinch","|","|-weather|Sandstorm|[upkeep]","|turn|13","|","|move|p2a: Aggron|Iron Head|p1a: Hippowdon","|-damage|p1a: Hippowdon|130/419","|-damage|p2a: Aggron|13/281|[from] item: Rocky Helmet|[of] p1a: Hippowdon","|-damage|p2a: Aggron|0 fnt|[from] item: Life Orb","|faint|p2a: Aggron","|move|p1a: Hippowdon|Slack Off|p1a: Hippowdon","|-heal|p1a: Hippowdon|340/419","|","|-weather|none","|","|switch|p2a: Lucario|Lucario, M|281/281","|turn|14","|","|move|p2a: Lucario|Nasty Plot|p2a: Lucario","|-boost|p2a: Lucario|spa|2","|move|p1a: Hippowdon|Earthquake|p2a: Lucario","|-supereffective|p2a: Lucario","|-enditem|p2a: Lucario|Focus Sash","|-damage|p2a: Lucario|1/281","|","|turn|15","|","|switch|p1a: Gastrodon|Gastrodon, M|425/425","|-damage|p1a: Gastrodon|372/425|[from] Spikes","|move|p2a: Lucario|Flash Cannon|p1a: Gastrodon","|-resisted|p1a: Gastrodon","|-damage|p1a: Gastrodon|258/425","|-unboost|p1a: Gastrodon|spd|1","|","|-heal|p1a: Gastrodon|284/425|[from] item: Leftovers","|turn|16","|","|move|p2a: Lucario|Aura Sphere|p1a: Gastrodon","|-damage|p1a: Gastrodon|0 fnt","|faint|p1a: Gastrodon","|","|","|switch|p1a: Nidoqueen|Nidoqueen, F|336/383","|-damage|p1a: Nidoqueen|289/383|[from] Spikes","|turn|17","|","|move|p2a: Lucario|Flash Cannon|p1a: Nidoqueen","|-damage|p1a: Nidoqueen|87/383","|move|p1a: Nidoqueen|Thunderbolt|p2a: Lucario","|-damage|p2a: Lucario|0 fnt","|faint|p2a: Lucario","|","|","|switch|p2a: Scizor|Scizor, F|343/343","|turn|18","|","|detailschange|p2a: Scizor|Scizor-Mega, F","|-mega|p2a: Scizor|Scizor|Scizorite","|move|p1a: Nidoqueen|Flamethrower|p2a: Scizor","|-supereffective|p2a: Scizor","|-damage|p2a: Scizor|0 fnt","|faint|p2a: Scizor","|","|","|switch|p2a: Heatran|Heatran, F|383/383","|-item|p2a: Heatran|Air Balloon","|turn|19","|","|move|p2a: Heatran|Earth Power|p1a: Nidoqueen","|-supereffective|p1a: Nidoqueen","|-damage|p1a: Nidoqueen|0 fnt","|faint|p1a: Nidoqueen","|","|","|switch|p1a: Landorus|Landorus, M|34/319 tox","|turn|20","|","|move|p1a: Landorus|Gravity|p1a: Landorus","|-fieldstart|move: Gravity","|move|p2a: Heatran|Flash Cannon|p1a: Landorus","|-damage|p1a: Landorus|0 fnt","|faint|p1a: Landorus","|","|","|switch|p1a: Garchomp|Garchomp, F|357/357","|-damage|p1a: Garchomp|313/357|[from] Spikes","|turn|21","|","|detailschange|p1a: Garchomp|Garchomp-Mega, F","|-mega|p1a: Garchomp|Garchomp|Garchompite","|move|p1a: Garchomp|Earthquake|p2a: Heatran","|-supereffective|p2a: Heatran","|-damage|p2a: Heatran|0 fnt","|-enditem|p2a: Heatran|Air Balloon","|faint|p2a: Heatran","|","|win|Void KGBeast"],"p1rating":{"entryid":"129714","serverid":"eos","formatid":"monotype","userid":"voidkgbeast","username":"Void KGBeast","w":11,"l":"6","t":"0","gxe":59.8,"r":"1550.5099091248","rd":"78.024947068447","sigma":"0","rptime":"1440061200","rpr":1576.3873334853,"rprd":74.918212799995,"rpsigma":"0","acre":1197.1571260987,"lacre":1197.1571260987,"oldacre":"1170.9947840359"},"p2rating":{"entryid":"188976","serverid":"eos","formatid":"monotype","userid":"key7","username":"key7","w":"7","l":2,"t":"0","gxe":65.3,"r":"1500","rd":"130","sigma":"0","rptime":"1440061200","rpr":1622.7650832624,"rprd":90.73433734623,"rpsigma":"0","acre":1160.9976564144,"lacre":1160.9976564144,"oldacre":"1187.1599984772"},"endType":"normal"}