{"seed":[46113,30848,23225,53426],"turns":37,"p1":"Inferno Sableye","p2":"key7","p1team":[{"name":"Not op","species":"sableye","item":"sablenite","ability":"Prankster","moves":["shadowball","recover","calmmind","willowisp"],"nature":"Bold","evs":{"hp":248,"atk":0,"def":252,"spa":0,"spd":8,"spe":0},"ivs":{"hp":31,"atk":0,"def":31,"spa":31,"spd":31,"spe":31}},{"name":"Rawwrrrr","species":"tyranitar","item":"leftovers","ability":"Sand Stream","moves":["stealthrock","thunderwave","rockslide","earthquake"],"nature":"Impish","evs":{"hp":252,"atk":0,"def":80,"spa":0,"spd":176,"spe":0},"ivs":{"hp":31,"atk":31,"def":31,"spa":31,"spd":31,"spe":31}},{"name":"Bish Plz","species":"bisharp","item":"lumberry","ability":"Defiant","moves":["knockoff","suckerpunch","ironhead","swordsdance"],"nature":"Adamant","evs":{"hp":0,"atk":252,"def":4,"spa":0,"spd":0,"spe":252},"gender":"M","shiny":true,"ivs":{"hp":31,"atk":31,"def":31,"spa":31,"spd":31,"spe":31}},{"name":"Oit of this world","species":"hoopaunbound","item":"choicescarf","ability":"Magician","moves":["gunkshot","hyperspacehole","hyperspacefury","drainpunch"],"nature":"Hasty","evs":{"hp":0,"atk":252,"def":0,"spa":4,"spd":0,"spe":252},"ivs":{"hp":31,"atk":31,"def":31,"spa":31,"spd":31,"spe":31}},{"name":"No pressure","species":"weavile","item":"lifeorb","ability":"Pressure","moves":["iciclecrash","iceshard","knockoff","lowkick"],"nature":"Jolly","evs":{"hp":0,"atk":252,"def":0,"spa":0,"spd":4,"spe":252},"ivs":{"hp":31,"atk":31,"def":31,"spa":31,"spd":31,"spe":31}},{"name":"Buzz off bitch","species":"mandibuzz","item":"rockyhelmet","ability":"Overcoat","moves":["roost","defog","whirlwind","foulplay"],"nature":"Bold","evs":{"hp":176,"atk":0,"def":252,"spa":0,"spd":80,"spe":0},"ivs":{"hp":31,"atk":31,"def":31,"spa":31,"spd":31,"spe":31}}],"p2team":[{"name":"Aggron","species":"Aggron","item":"lifeorb","ability":"Rock Head","moves":["rockpolish","headsmash","ironhead","earthquake"],"nature":"Adamant","evs":{"hp":0,"atk":252,"def":0,"spa":0,"spd":4,"spe":252},"ivs":{"hp":31,"atk":31,"def":31,"spa":31,"spd":31,"spe":31}},{"name":"Scizor","species":"Scizor","item":"scizorite","ability":"Technician","moves":["swordsdance","xscissor","bulletpunch","roost"],"nature":"Adamant","evs":{"hp":248,"atk":252,"def":0,"spa":0,"spd":8,"spe":0},"ivs":{"hp":31,"atk":31,"def":31,"spa":31,"spd":31,"spe":31}},{"name":"Lucario","species":"Lucario","item":"focussash","ability":"Inner Focus","moves":["nastyplot","aurasphere","flashcannon","vacuumwave"],"nature":"Timid","evs":{"hp":0,"atk":0,"def":0,"spa":252,"spd":4,"spe":252},"ivs":{"hp":31,"atk":31,"def":31,"spa":31,"spd":31,"spe":31}},{"name":"Heatran","species":"Heatran","item":"airballoon","ability":"Flash Fire","moves":["fireblast","flashcannon","earthpower","protect"],"nature":"Modest","evs":{"hp":240,"atk":0,"def":0,"spa":252,"spd":8,"spe":8},"ivs":{"hp":31,"atk":31,"def":31,"spa":31,"spd":31,"spe":31}},{"name":"Skarmory","species":"Skarmory","item":"leftovers","ability":"Sturdy","moves":["spikes","toxic","protect","bravebird"],"nature":"Impish","evs":{"hp":252,"atk":0,"def":232,"spa":0,"spd":0,"spe":24},"ivs":{"hp":31,"atk":31,"def":31,"spa":31,"spd":31,"spe":31}},{"name":"Registeel","species":"Registeel","item":"leftovers","ability":"Clear Body","moves":["stealthrock","protect","toxic","seismictoss"],"nature":"Calm","evs":{"hp":252,"atk":0,"def":4,"spa":0,"spd":252,"spe":0},"ivs":{"hp":31,"atk":31,"def":31,"spa":31,"spd":31,"spe":31}}],"log":["|player|p1|Inferno Sableye|infernosableye.gif","|player|p2|key7|key7.png","|gametype|singles","|gen|6","|tier|Monotype","|rated","|rule|Baton Pass Clause: Limit one Baton Passer, can't pass Spe and other stats simultaneously","|rule|Swagger Clause: Swagger is banned","|rule|Same Type Clause: Pokémon in a team must share a type","|clearpoke","|poke|p1|Sableye, F","|poke|p1|Tyranitar, M","|poke|p1|Bisharp, M, shiny","|poke|p1|Hoopa-Unbound","|poke|p1|Weavile, F","|poke|p1|Mandibuzz, F","|poke|p2|Aggron, M","|poke|p2|Scizor, M","|poke|p2|Lucario, F","|poke|p2|Heatran, M","|poke|p2|Skarmory, M","|poke|p2|Registeel","|rule|Sleep Clause Mod: Limit one foe put to sleep","|rule|Species Clause: Limit one of each Pokémon","|rule|OHKO Clause: OHKO moves are banned","|rule|Moody Clause: Moody is banned","|rule|Evasion Moves Clause: Evasion moves are banned","|rule|Endless Battle Clause: Forcing endless battles is banned","|rule|HP Percentage Mod: HP is shown in percentages","|teampreview","|","|start","|switch|p1a: Not op|Sableye, F|303/303","|switch|p2a: Lucario|Lucario, F|281/281","|turn|1","|","|detailschange|p1a: Not op|Sableye-Mega, F","|-mega|p1a: Not op|Sableye|Sablenite","|move|p1a: Not op|Calm Mind|p1a: Not op","|-boost|p1a: Not op|spa|1","|-boost|p1a: Not op|spd|1","|move|p2a: Lucario|Nasty Plot|p2a: Lucario","|-boost|p2a: Lucario|spa|2","|","|turn|2","|","|move|p2a: Lucario|Nasty Plot|p2a: Lucario","|-boost|p2a: Lucario|spa|2","|move|p1a: Not op|Calm Mind|p1a: Not op","|-boost|p1a: Not op|spa|1","|-boost|p1a: Not op|spd|1","|","|turn|3","|","|move|p2a: Lucario|Flash Cannon|p1a: Not op","|-damage|p1a: Not op|126/303","|move|p1a: Not op|Shadow Ball|p2a: Lucario","|-damage|p2a: Lucario|44/281","|","|turn|4","|","|switch|p1a: Bish Plz|Bisharp, M, shiny|271/271","|move|p2a: Lucario|Flash Cannon|p1a: Bish Plz","|-resisted|p1a: Bish Plz","|-damage|p1a: Bish Plz|31/271","|","|turn|5","|","|move|p2a: Lucario|Vacuum Wave|p1a: Bish Plz","|-supereffective|p1a: Bish Plz","|-damage|p1a: Bish Plz|0 fnt","|faint|p1a: Bish Plz","|","|","|switch|p1a: No pressure|Weavile, F|281/281","|-ability|p1a: No pressure|Pressure","|turn|6","|","|move|p1a: No pressure|Ice Shard|p2a: Lucario","|-resisted|p2a: Lucario","|-damage|p2a: Lucario|0 fnt","|-damage|p1a: No pressure|253/281|[from] item: Life Orb","|faint|p2a: Lucario","|","|","|switch|p2a: Scizor|Scizor, M|343/343","|turn|7","|","|switch|p1a: Buzz off bitch|Mandibuzz, F|405/405","|detailschange|p2a: Scizor|Scizor-Mega, M","|-mega|p2a: Scizor|Scizor|Scizorite","|move|p2a: Scizor|Swords Dance|p2a: Scizor","|-boost|p2a: Scizor|atk|2","|","|turn|8","|","|switch|p2a: Skarmory|Skarmory, M|334/334","|move|p1a: Buzz off bitch|Foul Play|p2a: Skarmory","|-damage|p2a: Skarmory|283/334","|","|-heal|p2a: Skarmory|303/334|[from] item: Leftovers","|turn|9","|","|switch|p1a: Not op|Sableye-Mega, F|126/303","|switch|p2a: Scizor|Scizor-Mega, M|343/343","|","|turn|10","|","|switch|p2a: Heatran|Heatran, M|383/383","|-item|p2a: Heatran|Air Balloon","|switch|p1a: Buzz off bitch|Mandibuzz, F|405/405","|","|turn|11","|player|p1","|player|p1|Inferno Sableye|infernosableye.gif","|","|move|p1a: Buzz off bitch|Foul Play|p2a: Heatran","|-damage|p2a: Heatran|301/383","|-enditem|p2a: Heatran|Air Balloon","|move|p2a: Heatran|Fire Blast|p1a: Buzz off bitch","|-damage|p1a: Buzz off bitch|204/405","|","|turn|12","|","|switch|p2a: Skarmory|Skarmory, M|303/334","|move|p1a: Buzz off bitch|Roost|p1a: Buzz off bitch","|-heal|p1a: Buzz off bitch|405/405","|","|-heal|p2a: Skarmory|323/334|[from] item: Leftovers","|turn|13","|","|switch|p1a: Not op|Sableye-Mega, F|126/303","|move|p2a: Skarmory|Brave Bird|p1a: Not op","|-damage|p1a: Not op|47/303","|-damage|p2a: Skarmory|297/334|[from] recoil|[of] p1a: Not op","|","|-heal|p2a: Skarmory|317/334|[from] item: Leftovers","|turn|14","|","|switch|p2a: Aggron|Aggron, M|281/281","|move|p1a: Not op|Recover|p1a: Not op","|-heal|p1a: Not op|199/303","|","|turn|15","|","|move|p2a: Aggron|Head Smash|p1a: Not op","|-damage|p1a: Not op|0 fnt","|-damage|p2a: Aggron|253/281|[from] item: Life Orb","|faint|p1a: Not op","|","|","|switch|p1a: Oit of this world|Hoopa-Unbound|301/301","|turn|16","|","|move|p1a: Oit of this world|Drain Punch|p2a: Aggron","|-supereffective|p2a: Aggron","|-damage|p2a: Aggron|17/281","|move|p2a: Aggron|Rock Polish|p2a: Aggron","|-boost|p2a: Aggron|spe|2","|","|turn|17","|","|switch|p1a: Rawwrrrr|Tyranitar, M|404/404","|-weather|Sandstorm","|move|p2a: Aggron|Head Smash|p1a: Rawwrrrr|[miss]","|-miss|p2a: Aggron|p1a: Rawwrrrr","|","|-weather|Sandstorm|[upkeep]","|turn|18","|","|move|p2a: Aggron|Iron Head|p1a: Rawwrrrr","|-crit|p1a: Rawwrrrr","|-supereffective|p1a: Rawwrrrr","|-damage|p1a: Rawwrrrr|0 fnt","|-damage|p2a: Aggron|0 fnt|[from] item: Life Orb","|faint|p1a: Rawwrrrr","|faint|p2a: Aggron","|","|-weather|Sandstorm|[upkeep]","|","|switch|p1a: Buzz off bitch|Mandibuzz, F|405/405","|switch|p2a: Registeel|Registeel|364/364","|turn|19","|","|move|p1a: Buzz off bitch|Foul Play|p2a: Registeel","|-damage|p2a: Registeel|309/364","|move|p2a: Registeel|Toxic|p1a: Buzz off bitch","|-status|p1a: Buzz off bitch|tox","|","|-weather|Sandstorm|[upkeep]","|-heal|p2a: Registeel|331/364|[from] item: Leftovers","|-damage|p1a: Buzz off bitch|380/405 tox|[from] psn","|turn|20","|","|switch|p1a: Oit of this world|Hoopa-Unbound|301/301","|move|p2a: Registeel|Stealth Rock|p1a: Oit of this world","|-sidestart|p1: Inferno Sableye|move: Stealth Rock","|","|-weather|Sandstorm|[upkeep]","|-damage|p1a: Oit of this world|283/301|[from] sandstorm","|-heal|p2a: Registeel|353/364|[from] item: Leftovers","|turn|21","|","|move|p1a: Oit of this world|Drain Punch|p2a: Registeel","|-supereffective|p2a: Registeel","|-damage|p2a: Registeel|207/364","|-heal|p1a: Oit of this world|301/301|[from] drain|[of] p2a: Registeel","|move|p2a: Registeel|Toxic|p1a: Oit of this world","|-status|p1a: Oit of this world|tox","|","|-weather|none","|-heal|p2a: Registeel|229/364|[from] item: Leftovers","|-damage|p1a: Oit of this world|283/301 tox|[from] psn","|turn|22","|","|move|p2a: Registeel|Protect|p2a: Registeel","|-singleturn|p2a: Registeel|Protect","|move|p1a: Oit of this world|Drain Punch|p2a: Registeel","|-activate|p2a: Registeel|Protect","|","|-heal|p2a: Registeel|251/364|[from] item: Leftovers","|-damage|p1a: Oit of this world|247/301 tox|[from] psn","|turn|23","|","|switch|p2a: Skarmory|Skarmory, M|317/334","|move|p1a: Oit of this world|Drain Punch|p2a: Skarmory","|-damage|p2a: Skarmory|253/334","|-heal|p1a: Oit of this world|279/301 tox|[from] drain|[of] p2a: Skarmory","|","|-heal|p2a: Skarmory|273/334|[from] item: Leftovers","|-damage|p1a: Oit of this world|225/301 tox|[from] psn","|turn|24","|","|switch|p1a: Buzz off bitch|Mandibuzz, F|380/405 tox","|-damage|p1a: Buzz off bitch|279/405 tox|[from] Stealth Rock","|move|p2a: Skarmory|Spikes|p1a: Buzz off bitch","|-sidestart|p1: Inferno Sableye|Spikes","|","|-heal|p2a: Skarmory|293/334|[from] item: Leftovers","|-damage|p1a: Buzz off bitch|254/405 tox|[from] psn","|turn|25","|","|move|p1a: Buzz off bitch|Defog|p2a: Skarmory","|-unboost|p2a: Skarmory|evasion|1","|-sideend|p1: Inferno Sableye|Spikes|[from] move: Defog|[of] p1a: Buzz off bitch","|-sideend|p1: Inferno Sableye|Stealth Rock|[from] move: Defog|[of] p1a: Buzz off bitch","|move|p2a: Skarmory|Spikes|p1a: Buzz off bitch","|-sidestart|p1: Inferno Sableye|Spikes","|","|-heal|p2a: Skarmory|313/334|[from] item: Leftovers","|-damage|p1a: Buzz off bitch|204/405 tox|[from] psn","|turn|26","|","|move|p1a: Buzz off bitch|Roost|p1a: Buzz off bitch","|-heal|p1a: Buzz off bitch|405/405 tox","|move|p2a: Skarmory|Spikes|p1a: Buzz off bitch","|-sidestart|p1: Inferno Sableye|Spikes","|","|-heal|p2a: Skarmory|333/334|[from] item: Leftovers","|-damage|p1a: Buzz off bitch|330/405 tox|[from] psn","|turn|27","|","|move|p1a: Buzz off bitch|Defog|p2a: Skarmory","|-unboost|p2a: Skarmory|evasion|1","|-sideend|p1: Inferno Sableye|Spikes|[from] move: Defog|[of] p1a: Buzz off bitch","|move|p2a: Skarmory|Spikes|p1a: Buzz off bitch","|-sidestart|p1: Inferno Sableye|Spikes","|","|-heal|p2a: Skarmory|334/334|[from] item: Leftovers","|-damage|p1a: Buzz off bitch|230/405 tox|[from] psn","|turn|28","|","|switch|p1a: No pressure|Weavile, F|253/281","|-damage|p1a: No pressure|218/281|[from] Spikes","|-ability|p1a: No pressure|Pressure","|move|p2a: Skarmory|Spikes|p1a: No pressure","|-sidestart|p1: Inferno Sableye|Spikes","|","|turn|29","|","|move|p1a: No pressure|Knock Off|p2a: Skarmory","|-damage|p2a: Skarmory|216/334","|-enditem|p2a: Skarmory|Leftovers|[from] move: Knock Off|[of] p1a: No pressure","|-damage|p1a: No pressure|190/281|[from] item: Life Orb","|move|p2a: Skarmory|Brave Bird|p1a: No pressure","|-damage|p1a: No pressure|30/281","|-damage|p2a: Skarmory|163/334|[from] recoil|[of] p1a: No pressure","|","|turn|30","|","|move|p1a: No pressure|Icicle Crash|p2a: Skarmory","|-damage|p2a: Skarmory|56/334","|-damage|p1a: No pressure|2/281|[from] item: Life Orb","|move|p2a: Skarmory|Brave Bird|p1a: No pressure","|-damage|p1a: No pressure|0 fnt","|-damage|p2a: Skarmory|55/334|[from] recoil|[of] p1a: No pressure","|faint|p1a: No pressure","|","|","|switch|p1a: Oit of this world|Hoopa-Unbound|225/301 tox","|-damage|p1a: Oit of this world|175/301 tox|[from] Spikes","|turn|31","|","|move|p2a: Skarmory|Protect|p2a: Skarmory","|-singleturn|p2a: Skarmory|Protect","|move|p1a: Oit of this world|Drain Punch|p2a: Skarmory","|-activate|p2a: Skarmory|Protect","|","|-damage|p1a: Oit of this world|157/301 tox|[from] psn","|turn|32","|","|move|p1a: Oit of this world|Drain Punch|p2a: Skarmory","|-damage|p2a: Skarmory|0 fnt","|-heal|p1a: Oit of this world|185/301 tox|[from] drain|[of] p2a: Skarmory","|faint|p2a: Skarmory","|","|-damage|p1a: Oit of this world|149/301 tox|[from] psn","|","|switch|p2a: Scizor|Scizor-Mega, M|343/343","|turn|33","|","|switch|p1a: Buzz off bitch|Mandibuzz, F|230/405 tox","|move|p2a: Scizor|Swords Dance|p2a: Scizor","|-boost|p2a: Scizor|atk|2","|","|-damage|p1a: Buzz off bitch|205/405 tox|[from] psn","|turn|34","|","|move|p2a: Scizor|Bullet Punch|p1a: Buzz off bitch","|-damage|p1a: Buzz off bitch|12/405 tox","|-damage|p2a: Scizor|286/343|[from] item: Rocky Helmet|[of] p1a: Buzz off bitch","|move|p1a: Buzz off bitch|Foul Play|p2a: Scizor","|-damage|p2a: Scizor|0 fnt","|faint|p2a: Scizor","|","|-damage|p1a: Buzz off bitch|0 fnt|[from] psn","|faint|p1a: Buzz off bitch","|","|switch|p1a: Oit of this world|Hoopa-Unbound|149/301 tox","|switch|p2a: Registeel|Registeel|251/364","|-damage|p1a: Oit of this world|99/301 tox|[from] Spikes","|turn|35","|","|move|p2a: Registeel|Protect|p2a: Registeel","|-singleturn|p2a: Registeel|Protect","|move|p1a: Oit of this world|Drain Punch|p2a: Registeel","|-activate|p2a: Registeel|Protect","|","|-heal|p2a: Registeel|273/364|[from] item: Leftovers","|-damage|p1a: Oit of this world|81/301 tox|[from] psn","|turn|36","|","|move|p1a: Oit of this world|Drain Punch|p2a: Registeel","|-supereffective|p2a: Registeel","|-damage|p2a: Registeel|117/364","|-heal|p1a: Oit of this world|159/301 tox|[from] drain|[of] p2a: Registeel","|move|p2a: Registeel|Seismic Toss|p1a: Oit of this world","|-damage|p1a: Oit of this world|59/301 tox","|","|-heal|p2a: Registeel|139/364|[from] item: Leftovers","|-damage|p1a: Oit of this world|23/301 tox|[from] psn","|turn|37","|","|move|p2a: Registeel|Protect|p2a: Registeel","|-singleturn|p2a: Registeel|Protect","|move|p1a: Oit of this world|Drain Punch|p2a: Registeel","|-activate|p2a: Registeel|Protect","|","|-heal|p2a: Registeel|161/364|[from] item: Leftovers","|-damage|p1a: Oit of this world|0 fnt|[from] psn","|faint|p1a: Oit of this world","|","|win|key7"],"p1rating":{"entryid":"83803","serverid":"eos","formatid":"monotype","userid":"infernosableye","username":"Inferno Sableye","w":"17","l":5,"t":"0","gxe":69.7,"r":"1662.8474925572","rd":"72.058346226027","sigma":"0","rptime":"1440061200","rpr":1660.0110090039,"rprd":68.958934965439,"rpsigma":"0","acre":1246.548141038,"lacre":1246.548141038,"oldacre":"1285.1757208406"},"p2rating":{"entryid":"188976","serverid":"eos","formatid":"monotype","userid":"key7","username":"key7","w":3,"l":"1","t":"0","gxe":60.1,"r":"1500","rd":"130","sigma":"0","rptime":"1440061200","rpr":1580.7792347349,"rprd":107.98265254634,"rpsigma":"0","acre":1117.6992432961,"lacre":1117.6992432961,"oldacre":"1072.7578806609"},"endType":"normal"}