{"seed":[49245,57972,12182,57594],"turns":26,"p1":"Apex Salamence","p2":"wishmynamewasprple","p1team":[{"name":"BIRD JESUS","species":"pidgeot","item":"pidgeotite","ability":"Big Pecks","moves":["heatwave","hurricane","hiddenpowerground","protect"],"nature":"Timid","evs":{"hp":0,"atk":0,"def":0,"spa":252,"spd":4,"spe":252},"gender":"M","ivs":{"hp":31,"atk":31,"def":31,"spa":30,"spd":30,"spe":31},"shiny":true},{"name":"Gaea","species":"landorus","item":"lifeorb","ability":"Sheer Force","moves":["earthpower","stealthrock","psychic","rockpolish"],"nature":"Modest","evs":{"hp":0,"atk":0,"def":0,"spa":252,"spd":4,"spe":252},"shiny":true,"ivs":{"hp":31,"atk":31,"def":31,"spa":31,"spd":31,"spe":31}},{"name":"BoneZ","species":"mandibuzz","item":"leftovers","ability":"Overcoat","moves":["foulplay","roost","taunt","defog"],"nature":"Bold","evs":{"hp":248,"atk":0,"def":136,"spa":0,"spd":108,"spe":16},"shiny":true,"ivs":{"hp":31,"atk":31,"def":31,"spa":31,"spd":31,"spe":31}},{"name":"Porunga","species":"dragonite","item":"weaknesspolicy","ability":"Multiscale","moves":["dragondance","dragonclaw","extremespeed","firepunch"],"nature":"Adamant","evs":{"hp":0,"atk":252,"def":0,"spa":0,"spd":4,"spe":252},"gender":"M","shiny":true,"ivs":{"hp":31,"atk":31,"def":31,"spa":31,"spd":31,"spe":31}},{"name":"Jupiter","species":"thundurus","item":"sitrusberry","ability":"Prankster","moves":["taunt","thunderwave","thunderbolt","hiddenpowerice"],"nature":"Timid","evs":{"hp":0,"atk":0,"def":0,"spa":252,"spd":4,"spe":252},"ivs":{"hp":31,"atk":30,"def":30,"spa":31,"spd":31,"spe":31},"shiny":true},{"name":"Raptor","species":"staraptor","item":"choicescarf","ability":"Reckless","moves":["bravebird","doubleedge","uturn","closecombat"],"nature":"Jolly","evs":{"hp":0,"atk":252,"def":0,"spa":0,"spd":4,"spe":252},"gender":"M","shiny":true,"ivs":{"hp":31,"atk":31,"def":31,"spa":31,"spd":31,"spe":31}}],"p2team":[{"name":"Pew Pew","species":"cloyster","item":"focussash","ability":"Skill Link","moves":["shellsmash","iceshard","iciclespear","rockblast"],"nature":"Adamant","evs":{"hp":0,"atk":252,"def":0,"spa":0,"spd":4,"spe":252},"shiny":true,"ivs":{"hp":31,"atk":31,"def":31,"spa":31,"spd":31,"spe":31}},{"name":"skeet","species":"politoed","item":"leftovers","ability":"Drizzle","moves":["scald","toxic","icebeam","encore"],"nature":"Bold","evs":{"hp":248,"atk":0,"def":252,"spa":0,"spd":8,"spe":0},"shiny":true,"ivs":{"hp":31,"atk":31,"def":31,"spa":31,"spd":31,"spe":31}},{"name":"Rotom-Wash","species":"Rotom-Wash","item":"leftovers","ability":"Levitate","moves":["willowisp","painsplit","voltswitch","hydropump"],"nature":"Calm","evs":{"hp":248,"atk":0,"def":0,"spa":8,"spd":252,"spe":0},"ivs":{"hp":31,"atk":31,"def":31,"spa":31,"spd":31,"spe":31}},{"name":"Roid Rage","species":"swampert","item":"swampertite","ability":"Torrent","moves":["earthquake","lowkick","icepunch","waterfall"],"nature":"Adamant","evs":{"hp":152,"atk":252,"def":0,"spa":0,"spd":4,"spe":100},"shiny":true,"ivs":{"hp":31,"atk":31,"def":31,"spa":31,"spd":31,"spe":31}},{"name":"Mustang","species":"kingdra","item":"choicespecs","ability":"Swift Swim","moves":["surf","icebeam","flashcannon","dracometeor"],"nature":"Modest","evs":{"hp":80,"atk":0,"def":0,"spa":252,"spd":0,"spe":176},"shiny":true,"ivs":{"hp":31,"atk":31,"def":31,"spa":31,"spd":31,"spe":31}},{"name":"Grim Reaper","species":"gyarados","item":"leftovers","ability":"Intimidate","moves":["dragondance","substitute","waterfall","bounce"],"nature":"Adamant","evs":{"hp":0,"atk":252,"def":0,"spa":0,"spd":4,"spe":252},"shiny":true,"ivs":{"hp":31,"atk":31,"def":31,"spa":31,"spd":31,"spe":31}}],"log":["|player|p1|Apex Salamence|266","|player|p2|wishmynamewasprple|192","|gametype|singles","|gen|6","|tier|Monotype","|rated","|rule|Baton Pass Clause: Limit one Baton Passer, can't pass Spe and other stats simultaneously","|rule|Swagger Clause: Swagger is banned","|rule|Same Type Clause: Pokémon in a team must share a type","|clearpoke","|poke|p1|Pidgeot, M, shiny","|poke|p1|Landorus, M, shiny","|poke|p1|Mandibuzz, F, shiny","|poke|p1|Dragonite, M, shiny","|poke|p1|Thundurus, M, shiny","|poke|p1|Staraptor, M, shiny","|poke|p2|Cloyster, F, shiny","|poke|p2|Politoed, M, shiny","|poke|p2|Rotom-Wash","|poke|p2|Swampert, F, shiny","|poke|p2|Kingdra, M, shiny","|poke|p2|Gyarados, F, shiny","|rule|Sleep Clause Mod: Limit one foe put to sleep","|rule|Species Clause: Limit one of each Pokémon","|rule|OHKO Clause: OHKO moves are banned","|rule|Moody Clause: Moody is banned","|rule|Evasion Moves Clause: Evasion moves are banned","|rule|Endless Battle Clause: Forcing endless battles is banned","|rule|HP Percentage Mod: HP is shown in percentages","|teampreview","|","|start","|switch|p1a: Jupiter|Thundurus, M, shiny|299/299","|switch|p2a: Pew Pew|Cloyster, F, shiny|241/241","|turn|1","|","|switch|p2a: Roid Rage|Swampert, F, shiny|379/379","|move|p1a: Jupiter|Taunt|p2a: Roid Rage","|-start|p2a: Roid Rage|move: Taunt","|","|turn|2","|","|switch|p1a: Porunga|Dragonite, M, shiny|323/323","|detailschange|p2a: Roid Rage|Swampert-Mega, F, shiny","|-mega|p2a: Roid Rage|Swampert|Swampertite","|move|p2a: Roid Rage|Ice Punch|p1a: Porunga","|-supereffective|p1a: Porunga","|-damage|p1a: Porunga|75/323","|-enditem|p1a: Porunga|Weakness Policy","|-boost|p1a: Porunga|atk|2|[from] item: Weakness Policy","|-boost|p1a: Porunga|spa|2|[from] item: Weakness Policy","|","|turn|3","|","|move|p1a: Porunga|Dragon Claw|p2a: Roid Rage","|-damage|p2a: Roid Rage|87/379","|move|p2a: Roid Rage|Ice Punch|p1a: Porunga","|-supereffective|p1a: Porunga","|-damage|p1a: Porunga|0 fnt","|faint|p1a: Porunga","|","|-end|p2a: Roid Rage|move: Taunt","|","|switch|p1a: BIRD JESUS|Pidgeot, M, shiny|307/307","|turn|4","|","|switch|p2a: Rotom-Wash|Rotom-Wash|303/303","|detailschange|p1a: BIRD JESUS|Pidgeot-Mega, M, shiny","|-mega|p1a: BIRD JESUS|Pidgeot|Pidgeotite","|move|p1a: BIRD JESUS|Protect|p1a: BIRD JESUS","|-fail|p1a: BIRD JESUS","|","|turn|5","|","|move|p1a: BIRD JESUS|Protect|p1a: BIRD JESUS","|-singleturn|p1a: BIRD JESUS|Protect","|move|p2a: Rotom-Wash|Will-O-Wisp|p1a: BIRD JESUS","|-activate|p1a: BIRD JESUS|Protect","|","|turn|6","|","|move|p1a: BIRD JESUS|Hurricane|p2a: Rotom-Wash","|-resisted|p2a: Rotom-Wash","|-damage|p2a: Rotom-Wash|235/303","|-start|p2a: Rotom-Wash|confusion","|-activate|p2a: Rotom-Wash|confusion","|-damage|p2a: Rotom-Wash|214/303|[from] confusion","|","|-heal|p2a: Rotom-Wash|232/303|[from] item: Leftovers","|turn|7","|","|move|p1a: BIRD JESUS|Hurricane|p2a: Rotom-Wash","|-resisted|p2a: Rotom-Wash","|-damage|p2a: Rotom-Wash|159/303","|-activate|p2a: Rotom-Wash|confusion","|-damage|p2a: Rotom-Wash|139/303|[from] confusion","|","|-heal|p2a: Rotom-Wash|157/303|[from] item: Leftovers","|turn|8","|","|move|p1a: BIRD JESUS|Hurricane|p2a: Rotom-Wash","|-resisted|p2a: Rotom-Wash","|-damage|p2a: Rotom-Wash|94/303","|-activate|p2a: Rotom-Wash|confusion","|-damage|p2a: Rotom-Wash|75/303|[from] confusion","|","|-heal|p2a: Rotom-Wash|93/303|[from] item: Leftovers","|turn|9","|","|move|p1a: BIRD JESUS|Hurricane|p2a: Rotom-Wash","|-resisted|p2a: Rotom-Wash","|-damage|p2a: Rotom-Wash|29/303","|-activate|p2a: Rotom-Wash|confusion","|move|p2a: Rotom-Wash|Volt Switch|p1a: BIRD JESUS","|-supereffective|p1a: BIRD JESUS","|-damage|p1a: BIRD JESUS|103/307","|","|switch|p2a: Pew Pew|Cloyster, F, shiny|241/241","|","|turn|10","|","|move|p1a: BIRD JESUS|Hurricane|p2a: Pew Pew","|-enditem|p2a: Pew Pew|Focus Sash","|-damage|p2a: Pew Pew|1/241","|-start|p2a: Pew Pew|confusion","|-activate|p2a: Pew Pew|confusion","|move|p2a: Pew Pew|Shell Smash|p2a: Pew Pew","|-unboost|p2a: Pew Pew|def|1","|-unboost|p2a: Pew Pew|spd|1","|-boost|p2a: Pew Pew|atk|2","|-boost|p2a: Pew Pew|spa|2","|-boost|p2a: Pew Pew|spe|2","|","|turn|11","|","|move|p1a: BIRD JESUS|Protect|p1a: BIRD JESUS","|-singleturn|p1a: BIRD JESUS|Protect","|-activate|p2a: Pew Pew|confusion","|-damage|p2a: Pew Pew|0 fnt|[from] confusion","|faint|p2a: Pew Pew","|","|","|switch|p2a: skeet|Politoed, M, shiny|383/383","|-weather|RainDance","|turn|12","|","|move|p1a: BIRD JESUS|Hurricane|p2a: skeet","|-damage|p2a: skeet|172/383","|move|p2a: skeet|Ice Beam|p1a: BIRD JESUS","|-supereffective|p1a: BIRD JESUS","|-damage|p1a: BIRD JESUS|0 fnt","|faint|p1a: BIRD JESUS","|","|-weather|RainDance|[upkeep]","|-heal|p2a: skeet|195/383|[from] item: Leftovers","|","|switch|p1a: Jupiter|Thundurus, M, shiny|299/299","|turn|13","|","|switch|p2a: Rotom-Wash|Rotom-Wash|29/303","|move|p1a: Jupiter|Hidden Power|p2a: Rotom-Wash","|-resisted|p2a: Rotom-Wash","|-damage|p2a: Rotom-Wash|6/303","|","|-weather|RainDance|[upkeep]","|-heal|p2a: Rotom-Wash|24/303|[from] item: Leftovers","|turn|14","|","|move|p1a: Jupiter|Thunderbolt|p2a: Rotom-Wash","|-damage|p2a: Rotom-Wash|0 fnt","|faint|p2a: Rotom-Wash","|","|-weather|RainDance|[upkeep]","|","|switch|p2a: Mustang|Kingdra, M, shiny|311/311","|turn|15","|","|move|p1a: Jupiter|Thunder Wave|p2a: Mustang","|-status|p2a: Mustang|par","|move|p2a: Mustang|Draco Meteor|p1a: Jupiter","|-damage|p1a: Jupiter|0 fnt","|-unboost|p2a: Mustang|spa|2","|faint|p1a: Jupiter","|","|-weather|RainDance|[upkeep]","|","|switch|p1a: BoneZ|Mandibuzz, F, shiny|423/423","|turn|16","|","|switch|p2a: Grim Reaper|Gyarados, F, shiny|331/331","|-ability|p2a: Grim Reaper|Intimidate","|-unboost|p1a: BoneZ|atk|1","|move|p1a: BoneZ|Foul Play|p2a: Grim Reaper","|-damage|p2a: Grim Reaper|115/331","|","|-weather|none","|-heal|p2a: Grim Reaper|135/331|[from] item: Leftovers","|turn|17","|","|switch|p2a: skeet|Politoed, M, shiny|195/383","|-weather|RainDance","|move|p1a: BoneZ|Foul Play|p2a: skeet","|-damage|p2a: skeet|125/383","|","|-weather|RainDance|[upkeep]","|-heal|p2a: skeet|148/383|[from] item: Leftovers","|turn|18","|","|move|p1a: BoneZ|Foul Play|p2a: skeet","|-damage|p2a: skeet|85/383","|move|p2a: skeet|Toxic|p1a: BoneZ","|-status|p1a: BoneZ|tox","|","|-weather|RainDance|[upkeep]","|-heal|p2a: skeet|108/383|[from] item: Leftovers","|-damage|p1a: BoneZ|397/423 tox|[from] psn","|turn|19","|","|switch|p2a: Mustang|Kingdra, M, shiny|311/311 par","|move|p1a: BoneZ|Foul Play|p2a: Mustang","|-damage|p2a: Mustang|215/311 par","|","|-weather|RainDance|[upkeep]","|-heal|p1a: BoneZ|423/423 tox|[from] item: Leftovers","|-damage|p1a: BoneZ|371/423 tox|[from] psn","|turn|20","|","|move|p1a: BoneZ|Foul Play|p2a: Mustang","|-damage|p2a: Mustang|122/311 par","|move|p2a: Mustang|Surf|p1a: BoneZ","|-damage|p1a: BoneZ|83/423 tox","|","|-weather|RainDance|[upkeep]","|-heal|p1a: BoneZ|109/423 tox|[from] item: Leftovers","|-damage|p1a: BoneZ|31/423 tox|[from] psn","|turn|21","|","|move|p1a: BoneZ|Roost|p1a: BoneZ","|-heal|p1a: BoneZ|243/423 tox","|move|p2a: Mustang|Surf|p1a: BoneZ","|-damage|p1a: BoneZ|0 fnt","|faint|p1a: BoneZ","|","|-weather|none","|","|switch|p1a: Gaea|Landorus, M, shiny|319/319","|turn|22","|","|switch|p2a: skeet|Politoed, M, shiny|108/383","|-weather|RainDance","|move|p1a: Gaea|Earth Power|p2a: skeet","|-damage|p2a: skeet|0 fnt","|faint|p2a: skeet","|","|-weather|RainDance|[upkeep]","|","|switch|p2a: Roid Rage|Swampert-Mega, F, shiny|87/379","|turn|23","|","|move|p2a: Roid Rage|Ice Punch|p1a: Gaea","|-supereffective|p1a: Gaea","|-damage|p1a: Gaea|0 fnt","|faint|p1a: Gaea","|","|-weather|RainDance|[upkeep]","|","|switch|p1a: Raptor|Staraptor, M, shiny|311/311","|turn|24","|","|move|p1a: Raptor|Brave Bird|p2a: Roid Rage","|-damage|p2a: Roid Rage|0 fnt","|-damage|p1a: Raptor|282/311|[from] recoil|[of] p2a: Roid Rage","|faint|p2a: Roid Rage","|","|-weather|RainDance|[upkeep]","|","|switch|p2a: Grim Reaper|Gyarados, F, shiny|135/331","|-ability|p2a: Grim Reaper|Intimidate","|-unboost|p1a: Raptor|atk|1","|turn|25","|","|switch|p2a: Mustang|Kingdra, M, shiny|122/311 par","|move|p1a: Raptor|Brave Bird|p2a: Mustang","|-damage|p2a: Mustang|0 fnt","|-damage|p1a: Raptor|242/311|[from] recoil|[of] p2a: Mustang","|faint|p2a: Mustang","|","|-weather|RainDance|[upkeep]","|","|switch|p2a: Grim Reaper|Gyarados, F, shiny|135/331","|-ability|p2a: Grim Reaper|Intimidate","|-unboost|p1a: Raptor|atk|1","|turn|26","|","|move|p1a: Raptor|Brave Bird|p2a: Grim Reaper","|-damage|p2a: Grim Reaper|0 fnt","|-damage|p1a: Raptor|197/311|[from] recoil|[of] p2a: Grim Reaper","|faint|p2a: Grim Reaper","|","|win|Apex Salamence"],"p1rating":{"entryid":"1755","serverid":"eos","formatid":"monotype","userid":"apexsalamence","username":"Apex Salamence","w":8,"l":"8","t":"0","gxe":50.6,"r":"1480.99356915","rd":"81.10909877622","sigma":"0","rptime":"1440061200","rpr":1504.6279511734,"rprd":76.18452212095,"rpsigma":"0","acre":1112.1842060757,"lacre":1112.1842060757,"oldacre":"1092.9331826483"},"p2rating":{"entryid":"223174","serverid":"eos","formatid":"monotype","userid":"wishmynamewasprple","username":"wishmynamewasprple","w":"0","l":2,"t":"0","gxe":40.6,"r":"1500","rd":"130","sigma":"0","rptime":"1440061200","rpr":1424.382620734,"rprd":116.24889732508,"rpsigma":"0","acre":1000,"lacre":1000,"oldacre":"1000"},"endType":"normal"}