{"seed":[23781,55220,49434,40190],"turns":22,"p1":"Neowulf","p2":"Rain ☆ Glacia","p1team":[{"name":"Reuniclus","species":"Reuniclus","item":"lifeorb","ability":"Magic Guard","moves":["trickroom","psychic","shadowball","focusblast"],"nature":"Quiet","evs":{"hp":248,"atk":0,"def":0,"spa":252,"spd":8,"spe":0},"ivs":{"hp":31,"atk":31,"def":31,"spa":31,"spd":31,"spe":0}},{"name":"Slowbro","species":"Slowbro","item":"leftovers","ability":"Regenerator","moves":["scald","flamethrower","slackoff","thunderwave"],"nature":"Bold","evs":{"hp":252,"atk":0,"def":252,"spa":4,"spd":0,"spe":0},"ivs":{"hp":31,"atk":31,"def":31,"spa":31,"spd":31,"spe":31}},{"name":"Meloetta","species":"Meloetta","item":"leftovers","ability":"Serene Grace","moves":["dazzlinggleam","hypervoice","healbell","thunderwave"],"nature":"Calm","evs":{"hp":252,"atk":0,"def":4,"spa":0,"spd":252,"spe":0},"ivs":{"hp":31,"atk":31,"def":31,"spa":31,"spd":31,"spe":31}},{"name":"Gardevoir","species":"Gardevoir","item":"gardevoirite","ability":"Trace","moves":["hypervoice","substitute","focusblast","thunderbolt"],"nature":"Timid","evs":{"hp":0,"atk":0,"def":4,"spa":252,"spd":0,"spe":252},"ivs":{"hp":31,"atk":31,"def":31,"spa":31,"spd":31,"spe":31}},{"name":"Hoopa-Unbound","species":"Hoopa-Unbound","item":"choicescarf","ability":"Magician","moves":["hyperspacefury","drainpunch","knockoff","firepunch"],"nature":"Jolly","evs":{"hp":0,"atk":252,"def":0,"spa":0,"spd":4,"spe":252},"ivs":{"hp":31,"atk":31,"def":31,"spa":31,"spd":31,"spe":31}},{"name":"Latios","species":"Latios","item":"choicespecs","ability":"Levitate","moves":["dracometeor","psyshock","hiddenpowerfire","trick"],"nature":"Timid","evs":{"hp":0,"atk":0,"def":0,"spa":252,"spd":4,"spe":252},"ivs":{"hp":31,"atk":30,"def":31,"spa":30,"spd":31,"spe":30}}],"p2team":[{"name":"Usain","species":"weavile","item":"choiceband","ability":"Pressure","moves":["knockoff","iciclecrash","lowkick","iceshard"],"nature":"Jolly","evs":{"hp":0,"atk":252,"def":0,"spa":0,"spd":4,"spe":252},"ivs":{"hp":31,"atk":31,"def":31,"spa":31,"spd":31,"spe":31}},{"name":"Liopleurodon","species":"lapras","item":"choicespecs","ability":"Water Absorb","moves":["surf","freezedry","thunderbolt","hiddenpowerfire"],"nature":"Modest","evs":{"hp":8,"atk":0,"def":0,"spa":252,"spd":0,"spe":248},"ivs":{"hp":31,"atk":30,"def":31,"spa":30,"spd":31,"spe":30}},{"name":"Bahamut","species":"kyuremblack","item":"choicescarf","ability":"Teravolt","moves":["outrage","icebeam","fusionbolt","earthpower"],"nature":"Naive","evs":{"hp":0,"atk":252,"def":0,"spa":4,"spd":0,"spe":252},"ivs":{"hp":31,"atk":31,"def":31,"spa":31,"spd":31,"spe":31}},{"name":"T-Titanic Kun...","species":"avalugg","item":"leftovers","ability":"Sturdy","moves":["rapidspin","avalanche","toxic","recover"],"nature":"Impish","evs":{"hp":252,"atk":4,"def":252,"spa":0,"spd":0,"spe":0},"ivs":{"hp":31,"atk":31,"def":31,"spa":31,"spd":31,"spe":31}},{"name":"Cloyster","species":"Cloyster","item":"focussash","ability":"Skill Link","moves":["shellsmash","iciclespear","rockblast","razorshell"],"nature":"Adamant","evs":{"hp":0,"atk":252,"def":0,"spa":0,"spd":4,"spe":252},"ivs":{"hp":31,"atk":31,"def":31,"spa":31,"spd":31,"spe":31}},{"name":"Mamoswine","species":"Mamoswine","item":"focussash","ability":"Oblivious","moves":["earthquake","iceshard","endeavor","iciclespear"],"nature":"Adamant","evs":{"hp":248,"atk":252,"def":0,"spa":0,"spd":8,"spe":0},"ivs":{"hp":31,"atk":31,"def":31,"spa":31,"spd":31,"spe":31}}],"log":["|player|p1|Neowulf|143","|player|p2|Rain ☆ Glacia|79","|gametype|singles","|gen|6","|tier|Monotype","|rated","|rule|Baton Pass Clause: Limit one Baton Passer, can't pass Spe and other stats simultaneously","|rule|Swagger Clause: Swagger is banned","|rule|Same Type Clause: Pokémon in a team must share a type","|clearpoke","|poke|p1|Reuniclus, M","|poke|p1|Slowbro, F","|poke|p1|Meloetta","|poke|p1|Gardevoir, F","|poke|p1|Hoopa-Unbound","|poke|p1|Latios, M","|poke|p2|Weavile, F","|poke|p2|Lapras, F","|poke|p2|Kyurem-Black","|poke|p2|Avalugg, M","|poke|p2|Cloyster, F","|poke|p2|Mamoswine, F","|rule|Sleep Clause Mod: Limit one foe put to sleep","|rule|Species Clause: Limit one of each Pokémon","|rule|OHKO Clause: OHKO moves are banned","|rule|Moody Clause: Moody is banned","|rule|Evasion Moves Clause: Evasion moves are banned","|rule|Endless Battle Clause: Forcing endless battles is banned","|rule|HP Percentage Mod: HP is shown in percentages","|teampreview","|","|start","|switch|p1a: Slowbro|Slowbro, F|394/394","|switch|p2a: Liopleurodon|Lapras, F|403/403","|turn|1","|","|move|p2a: Liopleurodon|Freeze-Dry|p1a: Slowbro","|-supereffective|p1a: Slowbro","|-damage|p1a: Slowbro|20/394","|move|p1a: Slowbro|Thunder Wave|p2a: Liopleurodon","|-status|p2a: Liopleurodon|par","|","|-heal|p1a: Slowbro|44/394|[from] item: Leftovers","|turn|2","|","|switch|p1a: Meloetta|Meloetta|404/404","|move|p2a: Liopleurodon|Freeze-Dry|p1a: Meloetta","|-damage|p1a: Meloetta|313/404","|","|-heal|p1a: Meloetta|338/404|[from] item: Leftovers","|turn|3","|","|switch|p2a: Usain|Weavile, F|281/281","|-ability|p2a: Usain|Pressure","|move|p1a: Meloetta|Hyper Voice|p2a: Usain","|-damage|p2a: Usain|122/281","|","|-heal|p1a: Meloetta|363/404|[from] item: Leftovers","|turn|4","|","|switch|p1a: Latios|Latios, M|301/301","|move|p2a: Usain|Knock Off|p1a: Latios","|-supereffective|p1a: Latios","|-damage|p1a: Latios|0 fnt","|-enditem|p1a: Latios|Choice Specs|[from] move: Knock Off|[of] p2a: Usain","|faint|p1a: Latios","|","|","|switch|p1a: Hoopa-Unbound|Hoopa-Unbound|301/301","|turn|5","|","|switch|p2a: Liopleurodon|Lapras, F|403/403 par","|move|p1a: Hoopa-Unbound|Drain Punch|p2a: Liopleurodon","|-supereffective|p2a: Liopleurodon","|-damage|p2a: Liopleurodon|165/403 par","|","|turn|6","|","|move|p1a: Hoopa-Unbound|Drain Punch|p2a: Liopleurodon","|-supereffective|p2a: Liopleurodon","|-damage|p2a: Liopleurodon|0 fnt","|faint|p2a: Liopleurodon","|","|","|switch|p2a: Mamoswine|Mamoswine, F|423/423","|turn|7","|","|move|p1a: Hoopa-Unbound|Drain Punch|p2a: Mamoswine","|-supereffective|p2a: Mamoswine","|-damage|p2a: Mamoswine|187/423","|move|p2a: Mamoswine|Icicle Spear|p1a: Hoopa-Unbound","|-damage|p1a: Hoopa-Unbound|231/301","|-damage|p1a: Hoopa-Unbound|155/301","|-damage|p1a: Hoopa-Unbound|83/301","|-damage|p1a: Hoopa-Unbound|4/301","|-hitcount|p1a: Hoopa-Unbound|4","|","|turn|8","|","|move|p2a: Mamoswine|Ice Shard|p1a: Hoopa-Unbound","|-damage|p1a: Hoopa-Unbound|0 fnt","|faint|p1a: Hoopa-Unbound","|","|","|switch|p1a: Reuniclus|Reuniclus, M|423/423","|turn|9","|","|move|p2a: Mamoswine|Icicle Spear|p1a: Reuniclus","|-damage|p1a: Reuniclus|360/423","|-crit|p1a: Reuniclus","|-damage|p1a: Reuniclus|272/423","|-hitcount|p1a: Reuniclus|2","|move|p1a: Reuniclus|Psychic|p2a: Mamoswine","|-damage|p2a: Mamoswine|0 fnt","|faint|p2a: Mamoswine","|","|","|switch|p2a: Usain|Weavile, F|122/281","|-ability|p2a: Usain|Pressure","|turn|10","|","|switch|p1a: Meloetta|Meloetta|363/404","|move|p2a: Usain|Knock Off|p1a: Meloetta","|-supereffective|p1a: Meloetta","|-damage|p1a: Meloetta|0 fnt","|-enditem|p1a: Meloetta|Leftovers|[from] move: Knock Off|[of] p2a: Usain","|faint|p1a: Meloetta","|","|","|switch|p1a: Gardevoir|Gardevoir, F|277/277","|-ability|p1a: Gardevoir|Pressure|[from] ability: Trace|[of] p2a: Usain","|-ability|p1a: Gardevoir|Pressure","|turn|11","|","|switch|p2a: T-Titanic Kun...|Avalugg, M|394/394","|detailschange|p1a: Gardevoir|Gardevoir-Mega, F","|-mega|p1a: Gardevoir|Gardevoir|Gardevoirite","|move|p1a: Gardevoir|Hyper Voice|p2a: T-Titanic Kun...","|-ability|p2a: T-Titanic Kun...|Sturdy","|-damage|p2a: T-Titanic Kun...|1/394","|","|-heal|p2a: T-Titanic Kun...|25/394|[from] item: Leftovers","|turn|12","|","|move|p1a: Gardevoir|Substitute|p1a: Gardevoir","|-start|p1a: Gardevoir|Substitute","|-damage|p1a: Gardevoir|208/277","|move|p2a: T-Titanic Kun...|Avalanche|p1a: Gardevoir","|-end|p1a: Gardevoir|Substitute","|","|-heal|p2a: T-Titanic Kun...|49/394|[from] item: Leftovers","|turn|13","|","|switch|p1a: Reuniclus|Reuniclus, M|272/423","|move|p2a: T-Titanic Kun...|Avalanche|p1a: Reuniclus","|-damage|p1a: Reuniclus|173/423","|","|-heal|p2a: T-Titanic Kun...|73/394|[from] item: Leftovers","|turn|14","|","|move|p1a: Reuniclus|Psychic|p2a: T-Titanic Kun...","|-damage|p2a: T-Titanic Kun...|0 fnt","|faint|p2a: T-Titanic Kun...","|","|","|switch|p2a: Cloyster|Cloyster, F|241/241","|turn|15","|","|move|p2a: Cloyster|Shell Smash|p2a: Cloyster","|-unboost|p2a: Cloyster|def|1","|-unboost|p2a: Cloyster|spd|1","|-boost|p2a: Cloyster|atk|2","|-boost|p2a: Cloyster|spa|2","|-boost|p2a: Cloyster|spe|2","|move|p1a: Reuniclus|Trick Room|p1a: Reuniclus","|-fieldstart|move: Trick Room|[of] p1a: Reuniclus","|","|turn|16","|","|move|p1a: Reuniclus|Psychic|p2a: Cloyster","|-enditem|p2a: Cloyster|Focus Sash","|-damage|p2a: Cloyster|1/241","|move|p2a: Cloyster|Icicle Spear|p1a: Reuniclus","|-damage|p1a: Reuniclus|68/423","|-damage|p1a: Reuniclus|0 fnt","|-hitcount|p1a: Reuniclus|2","|faint|p1a: Reuniclus","|","|","|switch|p1a: Slowbro|Slowbro, F|175/394","|turn|17","|","|move|p1a: Slowbro|Scald|p2a: Cloyster","|-resisted|p2a: Cloyster","|-damage|p2a: Cloyster|0 fnt","|faint|p2a: Cloyster","|","|-heal|p1a: Slowbro|199/394|[from] item: Leftovers","|","|switch|p2a: Bahamut|Kyurem-Black|391/391","|-ability|p2a: Bahamut|Teravolt","|turn|18","|","|move|p1a: Slowbro|Thunder Wave|p2a: Bahamut","|-status|p2a: Bahamut|par","|move|p2a: Bahamut|Outrage|p1a: Slowbro","|-damage|p1a: Slowbro|16/394","|","|-heal|p1a: Slowbro|40/394|[from] item: Leftovers","|turn|19","|","|move|p1a: Slowbro|Slack Off|p1a: Slowbro","|-heal|p1a: Slowbro|237/394","|move|p2a: Bahamut|Outrage|p1a: Slowbro|[from]lockedmove","|-damage|p1a: Slowbro|59/394","|","|-heal|p1a: Slowbro|83/394|[from] item: Leftovers","|-fieldend|move: Trick Room","|turn|20","|","|move|p2a: Bahamut|Outrage|p1a: Slowbro|[from]lockedmove","|-damage|p1a: Slowbro|0 fnt","|-start|p2a: Bahamut|confusion|[fatigue]","|faint|p1a: Slowbro","|","|","|switch|p1a: Gardevoir|Gardevoir-Mega, F|208/277","|turn|21","|","|move|p1a: Gardevoir|Substitute|p1a: Gardevoir","|-start|p1a: Gardevoir|Substitute","|-damage|p1a: Gardevoir|139/277","|-activate|p2a: Bahamut|confusion","|move|p2a: Bahamut|Outrage|p1a: Gardevoir","|-immune|p1a: Gardevoir|[msg]","|","|turn|22","|","|win|Neowulf"],"p1rating":{"entryid":"94659","serverid":"eos","formatid":"monotype","userid":"neowulf","username":"Neowulf","w":4,"l":"3","t":"0","gxe":50.4,"r":"1476.9479109854","rd":"99.263351230545","sigma":"0","rptime":"1440061200","rpr":1502.9622468834,"rprd":95.984342426626,"rpsigma":"0","acre":1094.0396376368,"lacre":1094.0396376368,"oldacre":"1070.5060095035"},"p2rating":{"entryid":"189499","serverid":"eos","formatid":"monotype","userid":"rainglacia","username":"Rain ☆ Glacia","w":"0","l":2,"t":"0","gxe":42.3,"r":"1500","rd":"130","sigma":"0","rptime":"1440061200","rpr":1438.1099051886,"rprd":116.95222217563,"rpsigma":"0","acre":1000,"lacre":1000,"oldacre":"1000"},"endType":"forfeit"}