{"seed":[49924,17165,14669,9183],"turns":19,"p1":"Rain Hoot","p2":"Shining Yin","p1team":[{"name":"Aerodactyl","species":"Aerodactyl","item":"lifeorb","ability":"Pressure","moves":["aerialace","stoneedge","earthquake","taunt"],"nature":"Adamant","evs":{"hp":0,"atk":252,"def":0,"spa":0,"spd":4,"spe":252},"ivs":{"hp":31,"atk":31,"def":31,"spa":31,"spd":31,"spe":31}},{"name":"Shuckle","species":"Shuckle","item":"leftovers","ability":"Sturdy","moves":["stickyweb","stealthrock","toxic","encore"],"nature":"Calm","evs":{"hp":252,"atk":0,"def":4,"spa":0,"spd":252,"spe":0},"ivs":{"hp":31,"atk":31,"def":31,"spa":31,"spd":31,"spe":31}},{"name":"Diancie","species":"Diancie","item":"diancite","ability":"Clear Body","moves":["diamondstorm","moonblast","earthpower","protect"],"nature":"Hasty","evs":{"hp":0,"atk":0,"def":0,"spa":252,"spd":0,"spe":252},"ivs":{"hp":31,"atk":31,"def":31,"spa":31,"spd":31,"spe":31}},{"name":"Aurorus","species":"Aurorus","item":"assaultvest","ability":"Refrigerate","moves":["hypervoice","freezedry","mirrorcoat","darkpulse"],"nature":"Modest","evs":{"hp":248,"atk":0,"def":0,"spa":252,"spd":8,"spe":0},"ivs":{"hp":31,"atk":31,"def":31,"spa":31,"spd":31,"spe":31}},{"name":"Bastiodon","species":"Bastiodon","item":"leftovers","ability":"Sturdy","moves":["magiccoat","protect","toxic","metalburst"],"nature":"Bold","evs":{"hp":252,"atk":0,"def":252,"spa":0,"spd":4,"spe":0},"ivs":{"hp":31,"atk":31,"def":31,"spa":31,"spd":31,"spe":31}},{"name":"Golem","species":"Golem","item":"weaknesspolicy","ability":"Sturdy","moves":["earthquake","rockblast","suckerpunch","poweruppunch"],"nature":"Adamant","evs":{"hp":0,"atk":252,"def":4,"spa":0,"spd":0,"spe":252},"ivs":{"hp":31,"atk":31,"def":31,"spa":31,"spd":31,"spe":31}}],"p2team":[{"name":"Infernape","species":"Infernape","item":"focussash","ability":"Blaze","moves":["overheat","closecombat","stealthrock","taunt"],"nature":"Naive","evs":{"hp":0,"atk":168,"def":0,"spa":88,"spd":0,"spe":252},"ivs":{"hp":31,"atk":31,"def":31,"spa":31,"spd":31,"spe":31}},{"name":"Charizard","species":"Charizard","item":"charizarditey","ability":"Blaze","moves":["fireblast","defog","solarbeam","roost"],"nature":"Modest","evs":{"hp":0,"atk":0,"def":0,"spa":252,"spd":4,"spe":252},"ivs":{"hp":31,"atk":31,"def":31,"spa":31,"spd":31,"spe":31}},{"name":"Darmanitan","species":"Darmanitan","item":"choicescarf","ability":"Sheer Force","moves":["flareblitz","superpower","uturn","rockslide"],"nature":"Jolly","evs":{"hp":0,"atk":252,"def":0,"spa":0,"spd":4,"spe":252},"ivs":{"hp":31,"atk":31,"def":31,"spa":31,"spd":31,"spe":31}},{"name":"Fletchinder","species":"Fletchinder","item":"","ability":"Gale Wings","moves":["acrobatics","swordsdance","willowisp","tailwind"],"nature":"Adamant","evs":{"hp":0,"atk":252,"def":4,"spa":0,"spd":0,"spe":252},"shiny":true,"ivs":{"hp":31,"atk":31,"def":31,"spa":31,"spd":31,"spe":31}},{"name":"Rotom-Heat","species":"Rotom-Heat","item":"choicespecs","ability":"Levitate","moves":["discharge","voltswitch","overheat","trick"],"nature":"Modest","evs":{"hp":0,"atk":0,"def":0,"spa":252,"spd":4,"spe":252},"ivs":{"hp":31,"atk":31,"def":31,"spa":31,"spd":31,"spe":31}},{"name":"Victini","species":"Victini","item":"choicescarf","ability":"Victory Star","moves":["vcreate","boltstrike","uturn","zenheadbutt"],"nature":"Jolly","evs":{"hp":0,"atk":252,"def":0,"spa":0,"spd":4,"spe":252},"ivs":{"hp":31,"atk":31,"def":31,"spa":31,"spd":31,"spe":31}}],"log":["|player|p1|Rain Hoot|266","|player|p2|Shining Yin|277","|gametype|singles","|gen|6","|tier|Monotype","|rated","|rule|Baton Pass Clause: Limit one Baton Passer, can't pass Spe and other stats simultaneously","|rule|Swagger Clause: Swagger is banned","|rule|Same Type Clause: Pokémon in a team must share a type","|clearpoke","|poke|p1|Aerodactyl, F","|poke|p1|Shuckle, M","|poke|p1|Diancie","|poke|p1|Aurorus, M","|poke|p1|Bastiodon, M","|poke|p1|Golem, F","|poke|p2|Infernape, M","|poke|p2|Charizard, F","|poke|p2|Darmanitan, M","|poke|p2|Fletchinder, F, shiny","|poke|p2|Rotom-Heat","|poke|p2|Victini","|rule|Sleep Clause Mod: Limit one foe put to sleep","|rule|Species Clause: Limit one of each Pokémon","|rule|OHKO Clause: OHKO moves are banned","|rule|Moody Clause: Moody is banned","|rule|Evasion Moves Clause: Evasion moves are banned","|rule|Endless Battle Clause: Forcing endless battles is banned","|rule|HP Percentage Mod: HP is shown in percentages","|teampreview","|","|start","|switch|p1a: Aerodactyl|Aerodactyl, F|301/301","|switch|p2a: Infernape|Infernape, M|293/293","|-ability|p1a: Aerodactyl|Pressure","|turn|1","|","|move|p1a: Aerodactyl|Aerial Ace|p2a: Infernape","|-supereffective|p2a: Infernape","|-enditem|p2a: Infernape|Focus Sash","|-damage|p2a: Infernape|1/293","|-damage|p1a: Aerodactyl|271/301|[from] item: Life Orb","|move|p2a: Infernape|Close Combat|p1a: Aerodactyl","|-damage|p1a: Aerodactyl|46/301","|-unboost|p2a: Infernape|def|1","|-unboost|p2a: Infernape|spd|1","|","|turn|2","|","|switch|p2a: Victini|Victini|341/341","|move|p1a: Aerodactyl|Aerial Ace|p2a: Victini","|-damage|p2a: Victini|219/341","|-damage|p1a: Aerodactyl|16/301|[from] item: Life Orb","|","|turn|3","|","|move|p2a: Victini|U-turn|p1a: Aerodactyl","|-resisted|p1a: Aerodactyl","|-damage|p1a: Aerodactyl|0 fnt","|faint|p1a: Aerodactyl","|","|switch|p2a: Darmanitan|Darmanitan, M|351/351","|","|","|switch|p1a: Shuckle|Shuckle, M|244/244","|turn|4","|","|move|p2a: Darmanitan|Rock Slide|p1a: Shuckle","|-supereffective|p1a: Shuckle","|-damage|p1a: Shuckle|134/244","|move|p1a: Shuckle|Stealth Rock|p2a: Darmanitan","|-sidestart|p2: Shining Yin|move: Stealth Rock","|","|-heal|p1a: Shuckle|149/244|[from] item: Leftovers","|turn|5","|","|switch|p2a: Charizard|Charizard, F|297/297","|-damage|p2a: Charizard|149/297|[from] Stealth Rock","|move|p1a: Shuckle|Sticky Web|p2a: Charizard","|-sidestart|p2: Shining Yin|move: Sticky Web","|","|-heal|p1a: Shuckle|164/244|[from] item: Leftovers","|turn|6","|","|detailschange|p2a: Charizard|Charizard-Mega-Y, F","|-mega|p2a: Charizard|Charizard|Charizardite Y","|-weather|SunnyDay","|move|p2a: Charizard|Defog|p1a: Shuckle","|-unboost|p1a: Shuckle|evasion|1","|-sideend|p2: Shining Yin|Stealth Rock|[from] move: Defog|[of] p2a: Charizard","|-sideend|p2: Shining Yin|Sticky Web|[from] move: Defog|[of] p2a: Charizard","|move|p1a: Shuckle|Encore|p2a: Charizard","|-start|p2a: Charizard|Encore","|","|-weather|SunnyDay|[upkeep]","|-heal|p1a: Shuckle|179/244|[from] item: Leftovers","|turn|7","|","|switch|p2a: Darmanitan|Darmanitan, M|351/351","|move|p1a: Shuckle|Stealth Rock|p2a: Darmanitan","|-sidestart|p2: Shining Yin|move: Stealth Rock","|","|-weather|SunnyDay|[upkeep]","|-heal|p1a: Shuckle|194/244|[from] item: Leftovers","|turn|8","|","|switch|p2a: Charizard|Charizard-Mega-Y, F|149/297","|-damage|p2a: Charizard|1/297|[from] Stealth Rock","|move|p1a: Shuckle|Sticky Web|p2a: Charizard","|-sidestart|p2: Shining Yin|move: Sticky Web","|","|-weather|SunnyDay|[upkeep]","|-heal|p1a: Shuckle|209/244|[from] item: Leftovers","|turn|9","|","|move|p2a: Charizard|Defog|p1a: Shuckle","|-unboost|p1a: Shuckle|evasion|1","|-sideend|p2: Shining Yin|Stealth Rock|[from] move: Defog|[of] p2a: Charizard","|-sideend|p2: Shining Yin|Sticky Web|[from] move: Defog|[of] p2a: Charizard","|move|p1a: Shuckle|Stealth Rock|p2a: Charizard","|-sidestart|p2: Shining Yin|move: Stealth Rock","|","|-weather|SunnyDay|[upkeep]","|-heal|p1a: Shuckle|224/244|[from] item: Leftovers","|turn|10","|","|move|p2a: Charizard|Fire Blast|p1a: Shuckle","|-damage|p1a: Shuckle|73/244","|-status|p1a: Shuckle|brn","|move|p1a: Shuckle|Stealth Rock|p2a: Charizard","|-fail|p2a: Charizard","|","|-weather|none","|-heal|p1a: Shuckle|88/244 brn|[from] item: Leftovers","|-damage|p1a: Shuckle|58/244 brn|[from] brn","|turn|11","|","|move|p2a: Charizard|Defog|p1a: Shuckle","|-unboost|p1a: Shuckle|evasion|1","|-sideend|p2: Shining Yin|Stealth Rock|[from] move: Defog|[of] p2a: Charizard","|move|p1a: Shuckle|Sticky Web|p2a: Charizard","|-sidestart|p2: Shining Yin|move: Sticky Web","|","|-heal|p1a: Shuckle|73/244 brn|[from] item: Leftovers","|-damage|p1a: Shuckle|43/244 brn|[from] brn","|turn|12","|","|move|p2a: Charizard|Defog|p1a: Shuckle","|-unboost|p1a: Shuckle|evasion|1","|-sideend|p2: Shining Yin|Sticky Web|[from] move: Defog|[of] p2a: Charizard","|move|p1a: Shuckle|Stealth Rock|p2a: Charizard","|-sidestart|p2: Shining Yin|move: Stealth Rock","|","|-heal|p1a: Shuckle|58/244 brn|[from] item: Leftovers","|-damage|p1a: Shuckle|28/244 brn|[from] brn","|turn|13","|","|move|p2a: Charizard|Roost|p2a: Charizard","|-heal|p2a: Charizard|150/297","|move|p1a: Shuckle|Toxic|p2a: Charizard","|-status|p2a: Charizard|tox","|","|-heal|p1a: Shuckle|43/244 brn|[from] item: Leftovers","|-damage|p2a: Charizard|132/297 tox|[from] psn","|-damage|p1a: Shuckle|13/244 brn|[from] brn","|turn|14","|","|move|p2a: Charizard|Defog|p1a: Shuckle","|-unboost|p1a: Shuckle|evasion|1","|-sideend|p2: Shining Yin|Stealth Rock|[from] move: Defog|[of] p2a: Charizard","|move|p1a: Shuckle|Stealth Rock|p2a: Charizard","|-sidestart|p2: Shining Yin|move: Stealth Rock","|","|-heal|p1a: Shuckle|28/244 brn|[from] item: Leftovers","|-damage|p2a: Charizard|96/297 tox|[from] psn","|-damage|p1a: Shuckle|0 fnt|[from] brn","|faint|p1a: Shuckle","|","|switch|p1a: Diancie|Diancie|241/241","|turn|15","|","|detailschange|p1a: Diancie|Diancie-Mega","|-mega|p1a: Diancie|Diancie|Diancite","|move|p1a: Diancie|Protect|p1a: Diancie","|-singleturn|p1a: Diancie|Protect","|move|p2a: Charizard|Defog|p1a: Diancie","|-activate|p1a: Diancie|Protect","|","|-damage|p2a: Charizard|42/297 tox|[from] psn","|turn|16","|","|move|p1a: Diancie|Moonblast|p2a: Charizard","|-resisted|p2a: Charizard","|-damage|p2a: Charizard|0 fnt","|faint|p2a: Charizard","|","|","|switch|p2a: Darmanitan|Darmanitan, M|351/351","|-damage|p2a: Darmanitan|264/351|[from] Stealth Rock","|turn|17","|","|move|p1a: Diancie|Protect|p1a: Diancie","|-singleturn|p1a: Diancie|Protect","|move|p2a: Darmanitan|Superpower|p1a: Diancie","|-activate|p1a: Diancie|Protect","|","|turn|18","|","|switch|p1a: Aurorus|Aurorus, M|449/449","|move|p2a: Darmanitan|Superpower|p1a: Aurorus","|-supereffective|p1a: Aurorus","|-damage|p1a: Aurorus|0 fnt","|-unboost|p2a: Darmanitan|atk|1","|-unboost|p2a: Darmanitan|def|1","|faint|p1a: Aurorus","|","|","|switch|p1a: Bastiodon|Bastiodon, M|324/324","|turn|19","|","|move|p2a: Darmanitan|Superpower|p1a: Bastiodon","|-supereffective|p1a: Bastiodon","|-damage|p1a: Bastiodon|136/324","|-unboost|p2a: Darmanitan|atk|1","|-unboost|p2a: Darmanitan|def|1","|move|p1a: Bastiodon|Metal Burst|p2a: Darmanitan","|-damage|p2a: Darmanitan|0 fnt","|faint|p2a: Darmanitan","|","|-heal|p1a: Bastiodon|156/324|[from] item: Leftovers","|","|win|Rain Hoot"],"p1rating":{"entryid":"129353","serverid":"eos","formatid":"monotype","userid":"rainhoot","username":"Rain Hoot","w":3,"l":"5","t":"0","gxe":42.3,"r":"1451.0879459449","rd":"111.70395438808","sigma":"0","rptime":"1440061200","rpr":1439.3837960288,"rprd":93.191046891022,"rpsigma":"0","acre":1096.5539865375,"lacre":1096.5539865375,"oldacre":"1049.2454711121"},"p2rating":{"entryid":"71235","serverid":"eos","formatid":"monotype","userid":"shiningyin","username":"Shining Yin","w":"25","l":9,"t":"0","gxe":65.3,"r":"1639.9413624913","rd":"81.966817467197","sigma":"0","rptime":"1440061200","rpr":1620.481621616,"rprd":60.476477540558,"rpsigma":"0","acre":1181.6420305159,"lacre":1181.6420305159,"oldacre":"1217.906905938"},"endType":"forfeit"}