{"seed":[52802,41987,13221,33344],"turns":26,"p1":"Hamstery","p2":"SWL Neßki","p1team":[{"name":"Diancie","species":"Diancie","item":"diancite","ability":"Clear Body","moves":["moonblast","calmmind","earthpower","protect"],"nature":"Timid","evs":{"hp":0,"atk":0,"def":0,"spa":252,"spd":4,"spe":252},"ivs":{"hp":31,"atk":0,"def":31,"spa":31,"spd":31,"spe":31}},{"name":"Probopass","species":"Probopass","item":"airballoon","ability":"Sturdy","moves":["thunderwave","stealthrock","voltswitch","painsplit"],"nature":"Calm","evs":{"hp":248,"atk":0,"def":8,"spa":0,"spd":252,"spe":0},"ivs":{"hp":31,"atk":0,"def":31,"spa":31,"spd":31,"spe":31}},{"name":"Terrakion","species":"Terrakion","item":"choicescarf","ability":"Justified","moves":["closecombat","rockslide","earthquake","ironhead"],"nature":"Jolly","evs":{"hp":0,"atk":252,"def":0,"spa":0,"spd":4,"spe":252},"ivs":{"hp":31,"atk":31,"def":31,"spa":0,"spd":31,"spe":31}},{"name":"Omastar","species":"Omastar","item":"damprock","ability":"Swift Swim","moves":["raindance","scald","earthpower","icebeam"],"nature":"Modest","evs":{"hp":0,"atk":0,"def":0,"spa":252,"spd":4,"spe":252},"ivs":{"hp":31,"atk":0,"def":31,"spa":31,"spd":31,"spe":31}},{"name":"Aerodactyl","species":"Aerodactyl","item":"lifeorb","ability":"Rock Head","moves":["aquatail","honeclaws","earthquake","rockslide"],"nature":"Jolly","evs":{"hp":0,"atk":252,"def":0,"spa":0,"spd":4,"spe":252},"ivs":{"hp":31,"atk":31,"def":31,"spa":0,"spd":31,"spe":31}},{"name":"Solrock","species":"Solrock","item":"leftovers","ability":"Levitate","moves":["willowisp","morningsun","zenheadbutt","earthquake"],"nature":"Impish","evs":{"hp":252,"atk":0,"def":252,"spa":0,"spd":0,"spe":0},"ivs":{"hp":31,"atk":31,"def":31,"spa":0,"spd":31,"spe":31}}],"p2team":[{"name":"Garchomp","species":"Garchomp","item":"rockyhelmet","ability":"Rough Skin","moves":["stealthrock","earthquake","dragontail","rocktomb"],"nature":"Impish","evs":{"hp":252,"atk":0,"def":164,"spa":0,"spd":0,"spe":92},"ivs":{"hp":31,"atk":31,"def":31,"spa":31,"spd":31,"spe":31}},{"name":"Latios","species":"Latios","item":"choicescarf","ability":"Levitate","moves":["psyshock","icebeam","dracometeor","hiddenpowerfire"],"nature":"Timid","evs":{"hp":0,"atk":0,"def":0,"spa":252,"spd":4,"spe":252},"ivs":{"hp":31,"atk":30,"def":31,"spa":30,"spd":31,"spe":30}},{"name":"PK-Kaiser","species":"latias","item":"latiasite","ability":"Levitate","moves":["thunderwave","energyball","defog","healingwish"],"nature":"Calm","evs":{"hp":244,"atk":0,"def":0,"spa":0,"spd":252,"spe":12},"ivs":{"hp":31,"atk":0,"def":31,"spa":31,"spd":31,"spe":31},"happiness":0},{"name":"Hydreigon","species":"Hydreigon","item":"focussash","ability":"Levitate","moves":["flamethrower","darkpulse","earthpower","tailwind"],"nature":"Modest","evs":{"hp":4,"atk":0,"def":0,"spa":252,"spd":0,"spe":252},"ivs":{"hp":31,"atk":0,"def":31,"spa":31,"spd":31,"spe":31}},{"name":"Kyurem-Black","species":"Kyurem-Black","item":"assaultvest","ability":"Teravolt","moves":["fusionbolt","ironhead","icebeam","earthpower"],"nature":"Lonely","evs":{"hp":0,"atk":252,"def":0,"spa":108,"spd":0,"spe":148},"ivs":{"hp":31,"atk":31,"def":31,"spa":31,"spd":31,"spe":31}},{"name":"Dragonite","species":"Dragonite","item":"weaknesspolicy","ability":"Multiscale","moves":["dragondance","dragonclaw","extremespeed","earthquake"],"nature":"Adamant","evs":{"hp":220,"atk":252,"def":0,"spa":0,"spd":0,"spe":36},"ivs":{"hp":31,"atk":31,"def":31,"spa":31,"spd":31,"spe":31}}],"log":["|player|p1|Hamstery|4","|player|p2|SWL Neßki|swlneki.png","|gametype|singles","|gen|6","|tier|Monotype","|rated","|rule|Baton Pass Clause: Limit one Baton Passer, can't pass Spe and other stats simultaneously","|rule|Swagger Clause: Swagger is banned","|rule|Same Type Clause: Pokémon in a team must share a type","|clearpoke","|poke|p1|Diancie","|poke|p1|Probopass, M","|poke|p1|Terrakion","|poke|p1|Omastar, F","|poke|p1|Aerodactyl, F","|poke|p1|Solrock","|poke|p2|Garchomp, F","|poke|p2|Latios, M","|poke|p2|Latias, F","|poke|p2|Hydreigon, F","|poke|p2|Kyurem-Black","|poke|p2|Dragonite, M","|rule|Sleep Clause Mod: Limit one foe put to sleep","|rule|Species Clause: Limit one of each Pokémon","|rule|OHKO Clause: OHKO moves are banned","|rule|Moody Clause: Moody is banned","|rule|Evasion Moves Clause: Evasion moves are banned","|rule|Endless Battle Clause: Forcing endless battles is banned","|rule|HP Percentage Mod: HP is shown in percentages","|teampreview","|","|start","|switch|p1a: Diancie|Diancie|241/241","|switch|p2a: PK-Kaiser|Latias, F|362/362","|turn|1","|","|detailschange|p2a: PK-Kaiser|Latias-Mega, F","|-mega|p2a: PK-Kaiser|Latias|Latiasite","|detailschange|p1a: Diancie|Diancie-Mega","|-mega|p1a: Diancie|Diancie|Diancite","|move|p1a: Diancie|Protect|p1a: Diancie","|-singleturn|p1a: Diancie|Protect","|move|p2a: PK-Kaiser|Energy Ball|p1a: Diancie","|-activate|p1a: Diancie|Protect","|","|turn|2","|","|move|p1a: Diancie|Moonblast|p2a: PK-Kaiser","|-crit|p2a: PK-Kaiser","|-supereffective|p2a: PK-Kaiser","|-damage|p2a: PK-Kaiser|56/362","|move|p2a: PK-Kaiser|Energy Ball|p1a: Diancie","|-supereffective|p1a: Diancie","|-damage|p1a: Diancie|75/241","|","|turn|3","|","|switch|p1a: Probopass|Probopass, M|323/323","|-item|p1a: Probopass|Air Balloon","|switch|p2a: Dragonite|Dragonite, M|378/378","|","|turn|4","|","|switch|p1a: Solrock|Solrock|344/344","|move|p2a: Dragonite|Extreme Speed|p1a: Solrock","|-resisted|p1a: Solrock","|-damage|p1a: Solrock|301/344","|","|-heal|p1a: Solrock|322/344|[from] item: Leftovers","|turn|5","|","|switch|p2a: Hydreigon|Hydreigon, F|326/326","|move|p1a: Solrock|Will-O-Wisp|p2a: Hydreigon","|-status|p2a: Hydreigon|brn","|","|-heal|p1a: Solrock|343/344|[from] item: Leftovers","|-damage|p2a: Hydreigon|286/326 brn|[from] brn","|turn|6","|","|switch|p1a: Probopass|Probopass, M|323/323","|-item|p1a: Probopass|Air Balloon","|move|p2a: Hydreigon|Tailwind|p2a: Hydreigon","|-sidestart|p2: SWL Neßki|move: Tailwind","|","|-damage|p2a: Hydreigon|246/326 brn|[from] brn","|turn|7","|","|move|p2a: Hydreigon|Dark Pulse|p1a: Probopass","|-damage|p1a: Probopass|238/323","|-enditem|p1a: Probopass|Air Balloon","|move|p1a: Probopass|Stealth Rock|p2a: Hydreigon","|-sidestart|p2: SWL Neßki|move: Stealth Rock","|","|-damage|p2a: Hydreigon|206/326 brn|[from] brn","|turn|8","|","|switch|p1a: Aerodactyl|Aerodactyl, F|301/301","|move|p2a: Hydreigon|Earth Power|p1a: Aerodactyl","|-immune|p1a: Aerodactyl|[msg]","|","|-damage|p2a: Hydreigon|166/326 brn|[from] brn","|turn|9","|","|switch|p1a: Probopass|Probopass, M|238/323","|move|p2a: Hydreigon|Dark Pulse|p1a: Probopass","|-damage|p1a: Probopass|156/323","|","|-damage|p2a: Hydreigon|126/326 brn|[from] brn","|-sideend|p2: SWL Neßki|move: Tailwind","|turn|10","|","|move|p2a: Hydreigon|Tailwind|p2a: Hydreigon","|-sidestart|p2: SWL Neßki|move: Tailwind","|move|p1a: Probopass|Volt Switch|p2a: Hydreigon","|-resisted|p2a: Hydreigon","|-damage|p2a: Hydreigon|104/326 brn","|","|switch|p1a: Terrakion|Terrakion|323/323","|","|-damage|p2a: Hydreigon|64/326 brn|[from] brn","|turn|11","|","|switch|p1a: Solrock|Solrock|343/344","|move|p2a: Hydreigon|Earth Power|p1a: Solrock","|-immune|p1a: Solrock|[msg]","|","|-heal|p1a: Solrock|344/344|[from] item: Leftovers","|-damage|p2a: Hydreigon|24/326 brn|[from] brn","|turn|12","|","|switch|p1a: Probopass|Probopass, M|156/323","|move|p2a: Hydreigon|Dark Pulse|p1a: Probopass","|-damage|p1a: Probopass|72/323","|","|-damage|p2a: Hydreigon|0 fnt|[from] brn","|faint|p2a: Hydreigon","|","|switch|p2a: PK-Kaiser|Latias-Mega, F|56/362","|-damage|p2a: PK-Kaiser|11/362|[from] Stealth Rock","|turn|13","|","|move|p2a: PK-Kaiser|Defog|p1a: Probopass","|-unboost|p1a: Probopass|evasion|1","|-sideend|p2: SWL Neßki|Stealth Rock|[from] move: Defog|[of] p2a: PK-Kaiser","|move|p1a: Probopass|Volt Switch|p2a: PK-Kaiser","|-resisted|p2a: PK-Kaiser","|-damage|p2a: PK-Kaiser|0 fnt","|faint|p2a: PK-Kaiser","|","|switch|p1a: Diancie|Diancie-Mega|75/241","|","|-sideend|p2: SWL Neßki|move: Tailwind","|","|switch|p2a: Latios|Latios, M|301/301","|turn|14","|","|move|p1a: Diancie|Protect|p1a: Diancie","|-singleturn|p1a: Diancie|Protect","|move|p2a: Latios|Psyshock|p1a: Diancie","|-activate|p1a: Diancie|Protect","|","|turn|15","|","|switch|p1a: Probopass|Probopass, M|72/323","|move|p2a: Latios|Psyshock|p1a: Probopass","|-resisted|p1a: Probopass","|-damage|p1a: Probopass|17/323","|","|turn|16","|","|move|p2a: Latios|Psyshock|p1a: Probopass","|-resisted|p1a: Probopass","|-damage|p1a: Probopass|0 fnt","|faint|p1a: Probopass","|","|","|switch|p1a: Omastar|Omastar, F|281/281","|turn|17","|","|switch|p2a: Kyurem-Black|Kyurem-Black|391/391","|-ability|p2a: Kyurem-Black|Teravolt","|move|p1a: Omastar|Ice Beam|p2a: Kyurem-Black","|-damage|p2a: Kyurem-Black|317/391","|","|turn|18","|","|switch|p1a: Solrock|Solrock|344/344","|move|p2a: Kyurem-Black|Fusion Bolt|p1a: Solrock","|-crit|p1a: Solrock","|-damage|p1a: Solrock|143/344","|","|-heal|p1a: Solrock|164/344|[from] item: Leftovers","|turn|19","|","|move|p2a: Kyurem-Black|Earth Power|p1a: Solrock","|-supereffective|p1a: Solrock","|-damage|p1a: Solrock|0 fnt","|faint|p1a: Solrock","|","|","|switch|p1a: Terrakion|Terrakion|323/323","|turn|20","|","|switch|p2a: Garchomp|Garchomp, F|420/420","|move|p1a: Terrakion|Close Combat|p2a: Garchomp","|-damage|p2a: Garchomp|260/420","|-damage|p1a: Terrakion|283/323|[from] ability: Rough Skin|[of] p2a: Garchomp","|-damage|p1a: Terrakion|230/323|[from] item: Rocky Helmet|[of] p2a: Garchomp","|-unboost|p1a: Terrakion|def|1","|-unboost|p1a: Terrakion|spd|1","|","|turn|21","|","|switch|p1a: Aerodactyl|Aerodactyl, F|301/301","|move|p2a: Garchomp|Rock Tomb|p1a: Aerodactyl","|-supereffective|p1a: Aerodactyl","|-damage|p1a: Aerodactyl|141/301","|-unboost|p1a: Aerodactyl|spe|1","|","|turn|22","|","|move|p2a: Garchomp|Rock Tomb|p1a: Aerodactyl","|-crit|p1a: Aerodactyl","|-supereffective|p1a: Aerodactyl","|-damage|p1a: Aerodactyl|0 fnt","|faint|p1a: Aerodactyl","|","|","|switch|p1a: Omastar|Omastar, F|281/281","|turn|23","|","|move|p2a: Garchomp|Earthquake|p1a: Omastar","|-supereffective|p1a: Omastar","|-damage|p1a: Omastar|45/281","|move|p1a: Omastar|Ice Beam|p2a: Garchomp","|-crit|p2a: Garchomp","|-supereffective|p2a: Garchomp","|-damage|p2a: Garchomp|0 fnt","|faint|p2a: Garchomp","|","|","|switch|p2a: Latios|Latios, M|301/301","|turn|24","|","|move|p2a: Latios|Psyshock|p1a: Omastar","|-damage|p1a: Omastar|0 fnt","|faint|p1a: Omastar","|","|","|switch|p1a: Diancie|Diancie-Mega|75/241","|turn|25","|","|move|p2a: Latios|Psyshock|p1a: Diancie","|-damage|p1a: Diancie|0 fnt","|faint|p1a: Diancie","|","|","|switch|p1a: Terrakion|Terrakion|230/323","|turn|26","|","|move|p2a: Latios|Psyshock|p1a: Terrakion","|-supereffective|p1a: Terrakion","|-damage|p1a: Terrakion|0 fnt","|faint|p1a: Terrakion","|","|win|SWL Neßki"],"p1rating":{"entryid":"171885","serverid":"eos","formatid":"monotype","userid":"hamstery","username":"Hamstery","w":"1","l":2,"t":"0","gxe":47.9,"r":"1500","rd":"130","sigma":"0","rptime":"1439974800","rpr":1483.2426141878,"rprd":111.6124418491,"rpsigma":"0","acre":1021.0332701663,"lacre":1021.0332701663,"oldacre":"1029.0437804678"},"p2rating":{"entryid":"388","serverid":"eos","formatid":"monotype","userid":"swlneki","username":"SWL Neßki","w":19,"l":"6","t":"0","gxe":68.8,"r":"1633.4747851943","rd":"86.012947461341","sigma":"0","rptime":"1439974800","rpr":1651.8261900356,"rprd":66.892310330055,"rpsigma":"0","acre":1207.939072843,"lacre":1207.939072843,"oldacre":"1193.9898636373"},"endType":"normal"}