{"seed":[46125,61012,52240,1155],"turns":26,"p1":"Inferno Sasuke","p2":"Apex Infinite","p1team":[{"name":"Gardevoir","species":"Gardevoir","item":"gardevoirite","ability":"Synchronize","moves":["hypervoice","moonblast","calmmind","destinybond"],"nature":"Timid","evs":{"hp":0,"atk":0,"def":0,"spa":252,"spd":4,"spe":252},"ivs":{"hp":31,"atk":31,"def":31,"spa":31,"spd":31,"spe":31}},{"name":"Hoopa-Unbound","species":"Hoopa-Unbound","item":"choicescarf","ability":"Magician","moves":["hyperspacehole","hyperspacefury","energyball","gunkshot"],"nature":"Hasty","evs":{"hp":0,"atk":4,"def":0,"spa":252,"spd":0,"spe":252},"ivs":{"hp":31,"atk":31,"def":31,"spa":31,"spd":31,"spe":31}},{"name":"Slowbro","species":"Slowbro","item":"leftovers","ability":"Regenerator","moves":["flamethrower","calmmind","scald","blizzard"],"nature":"Modest","evs":{"hp":252,"atk":0,"def":0,"spa":252,"spd":4,"spe":0},"shiny":true,"ivs":{"hp":31,"atk":31,"def":31,"spa":31,"spd":31,"spe":31}},{"name":"Victini","species":"Victini","item":"choicescarf","ability":"Victory Star","moves":["finalgambit","vcreate","boltstrike","blueflare"],"nature":"Hasty","evs":{"hp":0,"atk":252,"def":0,"spa":4,"spd":0,"spe":252},"ivs":{"hp":31,"atk":31,"def":31,"spa":31,"spd":31,"spe":31}},{"name":"Mew","species":"Mew","item":"leftovers","ability":"Synchronize","moves":["roost","calmmind","toxic","psyshock"],"nature":"Bold","evs":{"hp":252,"atk":0,"def":252,"spa":4,"spd":0,"spe":0},"shiny":true,"ivs":{"hp":31,"atk":31,"def":31,"spa":31,"spd":31,"spe":31}},{"name":"Deoxys-Defense","species":"Deoxys-Defense","item":"leftovers","ability":"Pressure","moves":["reflect","lightscreen","calmmind","darkpulse"],"nature":"Modest","evs":{"hp":252,"atk":0,"def":0,"spa":252,"spd":4,"spe":0},"shiny":true,"ivs":{"hp":31,"atk":31,"def":31,"spa":31,"spd":31,"spe":31}}],"p2team":[{"name":"Moist Mofo","species":"gastrodon","item":"assaultvest","ability":"Storm Drain","moves":["earthpower","scald","icebeam","hiddenpowerfire"],"nature":"Calm","evs":{"hp":252,"atk":0,"def":0,"spa":4,"spd":252,"spe":0},"ivs":{"hp":31,"atk":0,"def":31,"spa":31,"spd":31,"spe":31}},{"name":"Dead Mofo","species":"mamoswine","item":"focussash","ability":"Thick Fat","moves":["iciclecrash","earthquake","iceshard","knockoff"],"nature":"Jolly","evs":{"hp":4,"atk":252,"def":0,"spa":0,"spd":0,"spe":252},"ivs":{"hp":31,"atk":31,"def":31,"spa":0,"spd":31,"spe":31}},{"name":"Drill Mofo","species":"excadrill","item":"lifeorb","ability":"Sand Rush","moves":["earthquake","rockslide","ironhead","swordsdance"],"nature":"Adamant","evs":{"hp":0,"atk":252,"def":0,"spa":0,"spd":4,"spe":252},"ivs":{"hp":31,"atk":31,"def":31,"spa":0,"spd":31,"spe":31},"shiny":true},{"name":"God Mofo","species":"landorus","item":"lifeorb","ability":"Sheer Force","moves":["earthpower","focusblast","psychic","sludgewave"],"nature":"Timid","evs":{"hp":0,"atk":0,"def":0,"spa":252,"spd":4,"spe":252},"ivs":{"hp":31,"atk":0,"def":31,"spa":31,"spd":31,"spe":31}},{"name":"Phat Mofo","species":"hippowdon","item":"leftovers","ability":"Sand Stream","moves":["earthquake","stealthrock","whirlwind","slackoff"],"nature":"Impish","evs":{"hp":252,"atk":4,"def":252,"spa":0,"spd":0,"spe":0},"ivs":{"hp":31,"atk":31,"def":31,"spa":0,"spd":31,"spe":31}},{"name":"Claws Mofo","species":"gliscor","item":"toxicorb","ability":"Poison Heal","moves":["earthquake","protect","toxic","substitute"],"nature":"Impish","evs":{"hp":252,"atk":0,"def":252,"spa":0,"spd":0,"spe":4},"ivs":{"hp":31,"atk":31,"def":31,"spa":0,"spd":31,"spe":31},"shiny":true}],"log":["|player|p1|Inferno Sasuke|infernosasuke.png","|player|p2|Apex Infinite|129","|gametype|singles","|gen|6","|tier|Monotype","|rated","|rule|Baton Pass Clause: Limit one Baton Passer, can't pass Spe and other stats simultaneously","|rule|Swagger Clause: Swagger is banned","|rule|Same Type Clause: Pokémon in a team must share a type","|clearpoke","|poke|p1|Gardevoir, M","|poke|p1|Hoopa-Unbound","|poke|p1|Slowbro, F, shiny","|poke|p1|Victini","|poke|p1|Mew, shiny","|poke|p1|Deoxys-Defense, shiny","|poke|p2|Gastrodon, M","|poke|p2|Mamoswine, F","|poke|p2|Excadrill, F, shiny","|poke|p2|Landorus, M","|poke|p2|Hippowdon, M","|poke|p2|Gliscor, M, shiny","|rule|Sleep Clause Mod: Limit one foe put to sleep","|rule|Species Clause: Limit one of each Pokémon","|rule|OHKO Clause: OHKO moves are banned","|rule|Moody Clause: Moody is banned","|rule|Evasion Moves Clause: Evasion moves are banned","|rule|Endless Battle Clause: Forcing endless battles is banned","|rule|HP Percentage Mod: HP is shown in percentages","|teampreview","|","|start","|switch|p1a: Slowbro|Slowbro, F, shiny|394/394","|switch|p2a: Claws Mofo|Gliscor, M, shiny|354/354","|turn|1","|","|move|p2a: Claws Mofo|Substitute|p2a: Claws Mofo","|-start|p2a: Claws Mofo|Substitute","|-damage|p2a: Claws Mofo|266/354","|move|p1a: Slowbro|Blizzard|p2a: Claws Mofo","|-supereffective|p2a: Claws Mofo","|-end|p2a: Claws Mofo|Substitute","|","|-status|p2a: Claws Mofo|tox|[from] item: Toxic Orb","|turn|2","|","|move|p2a: Claws Mofo|Substitute|p2a: Claws Mofo","|-start|p2a: Claws Mofo|Substitute","|-damage|p2a: Claws Mofo|178/354 tox","|move|p1a: Slowbro|Blizzard|p2a: Claws Mofo","|-supereffective|p2a: Claws Mofo","|-end|p2a: Claws Mofo|Substitute","|","|-heal|p2a: Claws Mofo|222/354 tox|[from] ability: Poison Heal","|turn|3","|","|move|p2a: Claws Mofo|Protect|p2a: Claws Mofo","|-singleturn|p2a: Claws Mofo|Protect","|move|p1a: Slowbro|Blizzard|p2a: Claws Mofo","|-activate|p2a: Claws Mofo|Protect","|","|-heal|p2a: Claws Mofo|266/354 tox|[from] ability: Poison Heal","|turn|4","|","|switch|p2a: Moist Mofo|Gastrodon, M|426/426","|move|p1a: Slowbro|Blizzard|p2a: Moist Mofo","|-damage|p2a: Moist Mofo|358/426","|","|turn|5","|","|move|p2a: Moist Mofo|Earth Power|p1a: Slowbro","|-damage|p1a: Slowbro|285/394","|move|p1a: Slowbro|Scald|p2a: Moist Mofo","|-boost|p2a: Moist Mofo|spa|1|[from] ability: Storm Drain","|","|-heal|p1a: Slowbro|309/394|[from] item: Leftovers","|turn|6","|","|switch|p1a: Mew|Mew, shiny|404/404","|move|p2a: Moist Mofo|Earth Power|p1a: Mew","|-damage|p1a: Mew|266/404","|","|-heal|p1a: Mew|291/404|[from] item: Leftovers","|turn|7","|","|move|p1a: Mew|Calm Mind|p1a: Mew","|-boost|p1a: Mew|spa|1","|-boost|p1a: Mew|spd|1","|move|p2a: Moist Mofo|Scald|p1a: Mew","|-damage|p1a: Mew|201/404","|-status|p1a: Mew|brn","|-status|p2a: Moist Mofo|brn","|","|-heal|p1a: Mew|226/404 brn|[from] item: Leftovers","|-damage|p1a: Mew|176/404 brn|[from] brn","|-damage|p2a: Moist Mofo|305/426 brn|[from] brn","|turn|8","|","|move|p1a: Mew|Roost|p1a: Mew","|-heal|p1a: Mew|378/404 brn","|move|p2a: Moist Mofo|Earth Power|p1a: Mew","|-damage|p1a: Mew|285/404 brn","|","|-heal|p1a: Mew|310/404 brn|[from] item: Leftovers","|-damage|p1a: Mew|260/404 brn|[from] brn","|-damage|p2a: Moist Mofo|252/426 brn|[from] brn","|turn|9","|","|move|p1a: Mew|Psyshock|p2a: Moist Mofo","|-damage|p2a: Moist Mofo|60/426 brn","|move|p2a: Moist Mofo|Earth Power|p1a: Mew","|-damage|p1a: Mew|155/404 brn","|","|-heal|p1a: Mew|180/404 brn|[from] item: Leftovers","|-damage|p1a: Mew|130/404 brn|[from] brn","|-damage|p2a: Moist Mofo|7/426 brn|[from] brn","|turn|10","|","|move|p1a: Mew|Roost|p1a: Mew","|-heal|p1a: Mew|332/404 brn","|move|p2a: Moist Mofo|Earth Power|p1a: Mew","|-damage|p1a: Mew|236/404 brn","|","|-heal|p1a: Mew|261/404 brn|[from] item: Leftovers","|-damage|p1a: Mew|211/404 brn|[from] brn","|-damage|p2a: Moist Mofo|0 fnt|[from] brn","|faint|p2a: Moist Mofo","|","|switch|p2a: God Mofo|Landorus, M|319/319","|turn|11","|","|move|p2a: God Mofo|Earth Power|p1a: Mew","|-damage|p1a: Mew|34/404 brn","|move|p1a: Mew|Roost|p1a: Mew","|-heal|p1a: Mew|236/404 brn","|","|-heal|p1a: Mew|261/404 brn|[from] item: Leftovers","|-damage|p1a: Mew|211/404 brn|[from] brn","|turn|12","|","|switch|p2a: Phat Mofo|Hippowdon, M|420/420","|-weather|Sandstorm","|move|p1a: Mew|Roost|p1a: Mew","|-heal|p1a: Mew|404/404 brn","|","|-weather|Sandstorm|[upkeep]","|-damage|p1a: Mew|379/404 brn|[from] sandstorm","|-heal|p1a: Mew|404/404 brn|[from] item: Leftovers","|-damage|p1a: Mew|354/404 brn|[from] brn","|turn|13","|","|move|p1a: Mew|Psyshock|p2a: Phat Mofo","|-crit|p2a: Phat Mofo","|-damage|p2a: Phat Mofo|279/420","|move|p2a: Phat Mofo|Stealth Rock|p1a: Mew","|-sidestart|p1: Inferno Sasuke|move: Stealth Rock","|","|-weather|Sandstorm|[upkeep]","|-damage|p1a: Mew|329/404 brn|[from] sandstorm","|-heal|p1a: Mew|354/404 brn|[from] item: Leftovers","|-heal|p2a: Phat Mofo|305/420|[from] item: Leftovers","|-damage|p1a: Mew|304/404 brn|[from] brn","|turn|14","|","|move|p1a: Mew|Calm Mind|p1a: Mew","|-boost|p1a: Mew|spa|1","|-boost|p1a: Mew|spd|1","|move|p2a: Phat Mofo|Earthquake|p1a: Mew","|-damage|p1a: Mew|216/404 brn","|","|-weather|Sandstorm|[upkeep]","|-damage|p1a: Mew|191/404 brn|[from] sandstorm","|-heal|p1a: Mew|216/404 brn|[from] item: Leftovers","|-heal|p2a: Phat Mofo|331/420|[from] item: Leftovers","|-damage|p1a: Mew|166/404 brn|[from] brn","|turn|15","|","|move|p1a: Mew|Roost|p1a: Mew","|-heal|p1a: Mew|368/404 brn","|move|p2a: Phat Mofo|Whirlwind|p1a: Mew","|drag|p1a: Gardevoir|Gardevoir, M|277/277","|-damage|p1a: Gardevoir|243/277|[from] Stealth Rock","|","|-weather|Sandstorm|[upkeep]","|-damage|p1a: Gardevoir|226/277|[from] sandstorm","|-heal|p2a: Phat Mofo|357/420|[from] item: Leftovers","|turn|16","|","|switch|p2a: Dead Mofo|Mamoswine, F|362/362","|detailschange|p1a: Gardevoir|Gardevoir-Mega, M","|-mega|p1a: Gardevoir|Gardevoir|Gardevoirite","|move|p1a: Gardevoir|Hyper Voice|p2a: Dead Mofo","|-damage|p2a: Dead Mofo|16/362","|","|-weather|none","|turn|17","|","|move|p1a: Gardevoir|Hyper Voice|p2a: Dead Mofo","|-damage|p2a: Dead Mofo|0 fnt","|faint|p2a: Dead Mofo","|","|","|switch|p2a: God Mofo|Landorus, M|319/319","|turn|18","|","|move|p2a: God Mofo|Sludge Wave|p1a: Gardevoir","|-supereffective|p1a: Gardevoir","|-damage|p1a: Gardevoir|0 fnt","|faint|p1a: Gardevoir","|","|","|switch|p1a: Hoopa-Unbound|Hoopa-Unbound|301/301","|-damage|p1a: Hoopa-Unbound|264/301|[from] Stealth Rock","|turn|19","|","|move|p1a: Hoopa-Unbound|Energy Ball|p2a: God Mofo","|-damage|p2a: God Mofo|165/319","|move|p2a: God Mofo|Earth Power|p1a: Hoopa-Unbound","|-damage|p1a: Hoopa-Unbound|53/301","|","|turn|20","|","|switch|p2a: Claws Mofo|Gliscor, M, shiny|266/354 tox","|move|p1a: Hoopa-Unbound|Energy Ball|p2a: Claws Mofo","|-damage|p2a: Claws Mofo|88/354 tox","|","|-heal|p2a: Claws Mofo|132/354 tox|[from] ability: Poison Heal","|turn|21","|","|move|p2a: Claws Mofo|Protect|p2a: Claws Mofo","|-singleturn|p2a: Claws Mofo|Protect","|move|p1a: Hoopa-Unbound|Energy Ball|p2a: Claws Mofo","|-activate|p2a: Claws Mofo|Protect","|","|-heal|p2a: Claws Mofo|176/354 tox|[from] ability: Poison Heal","|turn|22","|","|move|p1a: Hoopa-Unbound|Energy Ball|p2a: Claws Mofo","|-damage|p2a: Claws Mofo|0 fnt","|faint|p2a: Claws Mofo","|","|","|switch|p2a: God Mofo|Landorus, M|165/319","|turn|23","|","|move|p1a: Hoopa-Unbound|Energy Ball|p2a: God Mofo","|-crit|p2a: God Mofo","|-damage|p2a: God Mofo|0 fnt","|faint|p2a: God Mofo","|","|","|switch|p2a: Phat Mofo|Hippowdon, M|357/420","|-weather|Sandstorm","|turn|24","|","|move|p1a: Hoopa-Unbound|Energy Ball|p2a: Phat Mofo","|-supereffective|p2a: Phat Mofo","|-damage|p2a: Phat Mofo|31/420","|move|p2a: Phat Mofo|Earthquake|p1a: Hoopa-Unbound","|-damage|p1a: Hoopa-Unbound|0 fnt","|faint|p1a: Hoopa-Unbound","|","|-weather|Sandstorm|[upkeep]","|-heal|p2a: Phat Mofo|57/420|[from] item: Leftovers","|","|switch|p1a: Slowbro|Slowbro, F, shiny|394/394","|-damage|p1a: Slowbro|345/394|[from] Stealth Rock","|turn|25","|","|move|p1a: Slowbro|Scald|p2a: Phat Mofo","|-supereffective|p2a: Phat Mofo","|-damage|p2a: Phat Mofo|0 fnt","|faint|p2a: Phat Mofo","|","|-weather|Sandstorm|[upkeep]","|-damage|p1a: Slowbro|321/394|[from] sandstorm","|-heal|p1a: Slowbro|345/394|[from] item: Leftovers","|","|switch|p2a: Drill Mofo|Excadrill, F, shiny|361/361","|turn|26","|","|move|p2a: Drill Mofo|Swords Dance|p2a: Drill Mofo","|-boost|p2a: Drill Mofo|atk|2","|move|p1a: Slowbro|Scald|p2a: Drill Mofo","|-supereffective|p2a: Drill Mofo","|-damage|p2a: Drill Mofo|0 fnt","|faint|p2a: Drill Mofo","|","|win|Inferno Sasuke"],"p1rating":{"entryid":"45674","serverid":"eos","formatid":"monotype","userid":"infernosasuke","username":"Inferno Sasuke","w":11,"l":"20","t":"0","gxe":39.9,"r":"1364.2441066198","rd":"85.565669206916","sigma":"0","rptime":"1440061200","rpr":1421.9836113511,"rprd":62.150269540921,"rpsigma":"0","acre":1129.6590318538,"lacre":1129.6590318538,"oldacre":"1112.4813133249"},"p2rating":{"entryid":"3188","serverid":"eos","formatid":"monotype","userid":"apexinfinite","username":"Apex Infinite","w":"0","l":2,"t":"0","gxe":39.1,"r":"1459.8393856612","rd":"123.22070420879","sigma":"0","rptime":"1440061200","rpr":1411.9549476392,"rprd":116.99506083667,"rpsigma":"0","acre":1000,"lacre":1000,"oldacre":"1000"},"endType":"normal"}