{"seed":[50312,22863,63163,29377],"turns":26,"p1":"Inferno Sableye","p2":"Rain ☆ Glacia","p1team":[{"name":"Not op","species":"sableye","item":"sablenite","ability":"Prankster","moves":["shadowball","recover","calmmind","willowisp"],"nature":"Bold","evs":{"hp":248,"atk":0,"def":252,"spa":0,"spd":8,"spe":0},"ivs":{"hp":31,"atk":0,"def":31,"spa":31,"spd":31,"spe":31}},{"name":"Rawwrrrr","species":"tyranitar","item":"leftovers","ability":"Sand Stream","moves":["stealthrock","thunderwave","rockslide","earthquake"],"nature":"Impish","evs":{"hp":252,"atk":0,"def":80,"spa":0,"spd":176,"spe":0},"ivs":{"hp":31,"atk":31,"def":31,"spa":31,"spd":31,"spe":31}},{"name":"Bish Plz","species":"bisharp","item":"lumberry","ability":"Defiant","moves":["knockoff","suckerpunch","ironhead","swordsdance"],"nature":"Adamant","evs":{"hp":0,"atk":252,"def":4,"spa":0,"spd":0,"spe":252},"gender":"M","shiny":true,"ivs":{"hp":31,"atk":31,"def":31,"spa":31,"spd":31,"spe":31}},{"name":"Oit of this world","species":"hoopaunbound","item":"choicescarf","ability":"Magician","moves":["gunkshot","hyperspacehole","hyperspacefury","drainpunch"],"nature":"Hasty","evs":{"hp":0,"atk":252,"def":0,"spa":4,"spd":0,"spe":252},"ivs":{"hp":31,"atk":31,"def":31,"spa":31,"spd":31,"spe":31}},{"name":"No pressure","species":"weavile","item":"lifeorb","ability":"Pressure","moves":["iciclecrash","iceshard","knockoff","lowkick"],"nature":"Jolly","evs":{"hp":0,"atk":252,"def":0,"spa":0,"spd":4,"spe":252},"ivs":{"hp":31,"atk":31,"def":31,"spa":31,"spd":31,"spe":31}},{"name":"Buzz off bitch","species":"mandibuzz","item":"rockyhelmet","ability":"Overcoat","moves":["roost","defog","whirlwind","foulplay"],"nature":"Bold","evs":{"hp":176,"atk":0,"def":252,"spa":0,"spd":80,"spe":0},"ivs":{"hp":31,"atk":31,"def":31,"spa":31,"spd":31,"spe":31}}],"p2team":[{"name":"Usain","species":"weavile","item":"choiceband","ability":"Pressure","moves":["knockoff","iciclecrash","lowkick","iceshard"],"nature":"Jolly","evs":{"hp":0,"atk":252,"def":0,"spa":0,"spd":4,"spe":252},"ivs":{"hp":31,"atk":31,"def":31,"spa":31,"spd":31,"spe":31}},{"name":"Liopleurodon","species":"lapras","item":"choicespecs","ability":"Water Absorb","moves":["surf","freezedry","thunderbolt","hiddenpowerfire"],"nature":"Modest","evs":{"hp":8,"atk":0,"def":0,"spa":252,"spd":0,"spe":248},"ivs":{"hp":31,"atk":30,"def":31,"spa":30,"spd":31,"spe":30}},{"name":"Bahamut","species":"kyuremblack","item":"choicescarf","ability":"Teravolt","moves":["outrage","icebeam","fusionbolt","earthpower"],"nature":"Naive","evs":{"hp":0,"atk":252,"def":0,"spa":4,"spd":0,"spe":252},"ivs":{"hp":31,"atk":31,"def":31,"spa":31,"spd":31,"spe":31}},{"name":"T-Titanic Kun...","species":"avalugg","item":"leftovers","ability":"Sturdy","moves":["rapidspin","avalanche","toxic","recover"],"nature":"Impish","evs":{"hp":252,"atk":4,"def":252,"spa":0,"spd":0,"spe":0},"ivs":{"hp":31,"atk":31,"def":31,"spa":31,"spd":31,"spe":31}},{"name":"Cloyster","species":"Cloyster","item":"focussash","ability":"Skill Link","moves":["shellsmash","iciclespear","rockblast","razorshell"],"nature":"Adamant","evs":{"hp":0,"atk":252,"def":0,"spa":0,"spd":4,"spe":252},"ivs":{"hp":31,"atk":31,"def":31,"spa":31,"spd":31,"spe":31}},{"name":"Mamoswine","species":"Mamoswine","item":"focussash","ability":"Oblivious","moves":["earthquake","iceshard","endeavor","iciclespear"],"nature":"Adamant","evs":{"hp":248,"atk":252,"def":0,"spa":0,"spd":8,"spe":0},"ivs":{"hp":31,"atk":31,"def":31,"spa":31,"spd":31,"spe":31}}],"log":["|player|p1|Inferno Sableye|infernosableye.gif","|player|p2|Rain ☆ Glacia|79","|gametype|singles","|gen|6","|tier|Monotype","|rated","|rule|Baton Pass Clause: Limit one Baton Passer, can't pass Spe and other stats simultaneously","|rule|Swagger Clause: Swagger is banned","|rule|Same Type Clause: Pokémon in a team must share a type","|clearpoke","|poke|p1|Sableye, M","|poke|p1|Tyranitar, M","|poke|p1|Bisharp, M, shiny","|poke|p1|Hoopa-Unbound","|poke|p1|Weavile, M","|poke|p1|Mandibuzz, F","|poke|p2|Weavile, F","|poke|p2|Lapras, M","|poke|p2|Kyurem-Black","|poke|p2|Avalugg, M","|poke|p2|Cloyster, M","|poke|p2|Mamoswine, F","|rule|Sleep Clause Mod: Limit one foe put to sleep","|rule|Species Clause: Limit one of each Pokémon","|rule|OHKO Clause: OHKO moves are banned","|rule|Moody Clause: Moody is banned","|rule|Evasion Moves Clause: Evasion moves are banned","|rule|Endless Battle Clause: Forcing endless battles is banned","|rule|HP Percentage Mod: HP is shown in percentages","|teampreview","|","|start","|switch|p1a: Not op|Sableye, M|303/303","|switch|p2a: Usain|Weavile, F|281/281","|-ability|p2a: Usain|Pressure","|turn|1","|","|switch|p2a: Liopleurodon|Lapras, M|403/403","|move|p1a: Not op|Will-O-Wisp|p2a: Liopleurodon","|-status|p2a: Liopleurodon|brn","|","|-damage|p2a: Liopleurodon|353/403 brn|[from] brn","|turn|2","|","|switch|p1a: Rawwrrrr|Tyranitar, M|404/404","|-weather|Sandstorm","|move|p2a: Liopleurodon|Surf|p1a: Rawwrrrr","|-supereffective|p1a: Rawwrrrr","|-damage|p1a: Rawwrrrr|198/404","|","|-weather|Sandstorm|[upkeep]","|-damage|p2a: Liopleurodon|328/403 brn|[from] sandstorm","|-heal|p1a: Rawwrrrr|223/404|[from] item: Leftovers","|-damage|p2a: Liopleurodon|278/403 brn|[from] brn","|turn|3","|","|move|p2a: Liopleurodon|Surf|p1a: Rawwrrrr","|-supereffective|p1a: Rawwrrrr","|-damage|p1a: Rawwrrrr|17/404","|move|p1a: Rawwrrrr|Stealth Rock|p2a: Liopleurodon","|-sidestart|p2: Rain ☆ Glacia|move: Stealth Rock","|","|-weather|Sandstorm|[upkeep]","|-damage|p2a: Liopleurodon|253/403 brn|[from] sandstorm","|-heal|p1a: Rawwrrrr|42/404|[from] item: Leftovers","|-damage|p2a: Liopleurodon|203/403 brn|[from] brn","|turn|4","|","|move|p2a: Liopleurodon|Surf|p1a: Rawwrrrr","|-supereffective|p1a: Rawwrrrr","|-damage|p1a: Rawwrrrr|0 fnt","|faint|p1a: Rawwrrrr","|","|-weather|Sandstorm|[upkeep]","|-damage|p2a: Liopleurodon|178/403 brn|[from] sandstorm","|-damage|p2a: Liopleurodon|128/403 brn|[from] brn","|","|switch|p1a: Oit of this world|Hoopa-Unbound|301/301","|turn|5","|","|move|p1a: Oit of this world|Hyperspace Hole|p2a: Liopleurodon","|-crit|p2a: Liopleurodon","|-damage|p2a: Liopleurodon|0 fnt","|faint|p2a: Liopleurodon","|","|-weather|Sandstorm|[upkeep]","|-damage|p1a: Oit of this world|283/301|[from] sandstorm","|","|switch|p2a: Usain|Weavile, F|281/281","|-damage|p2a: Usain|211/281|[from] Stealth Rock","|-ability|p2a: Usain|Pressure","|turn|6","|","|switch|p1a: Bish Plz|Bisharp, M, shiny|271/271","|move|p2a: Usain|Knock Off|p1a: Bish Plz","|-resisted|p1a: Bish Plz","|-damage|p1a: Bish Plz|145/271","|-enditem|p1a: Bish Plz|Lum Berry|[from] move: Knock Off|[of] p2a: Usain","|","|-weather|none","|turn|7","|","|switch|p2a: T-Titanic Kun...|Avalugg, M|394/394","|-damage|p2a: T-Titanic Kun...|296/394|[from] Stealth Rock","|move|p1a: Bish Plz|Sucker Punch|p2a: T-Titanic Kun...","|-fail|p1a: Bish Plz","|","|-heal|p2a: T-Titanic Kun...|320/394|[from] item: Leftovers","|turn|8","|","|switch|p1a: Not op|Sableye, M|303/303","|move|p2a: T-Titanic Kun...|Toxic|p1a: Not op","|-status|p1a: Not op|tox","|","|-heal|p2a: T-Titanic Kun...|344/394|[from] item: Leftovers","|-damage|p1a: Not op|285/303 tox|[from] psn","|turn|9","|","|detailschange|p1a: Not op|Sableye-Mega, M","|-mega|p1a: Not op|Sableye|Sablenite","|move|p1a: Not op|Will-O-Wisp|p2a: T-Titanic Kun...","|-status|p2a: T-Titanic Kun...|brn","|move|p2a: T-Titanic Kun...|Recover|p2a: T-Titanic Kun...","|-heal|p2a: T-Titanic Kun...|394/394 brn","|","|-damage|p2a: T-Titanic Kun...|345/394 brn|[from] brn","|-damage|p1a: Not op|249/303 tox|[from] psn","|turn|10","|","|move|p1a: Not op|Shadow Ball|p2a: T-Titanic Kun...","|-damage|p2a: T-Titanic Kun...|186/394 brn","|move|p2a: T-Titanic Kun...|Avalanche|p1a: Not op","|-damage|p1a: Not op|195/303 tox","|","|-heal|p2a: T-Titanic Kun...|210/394 brn|[from] item: Leftovers","|-damage|p2a: T-Titanic Kun...|161/394 brn|[from] brn","|-damage|p1a: Not op|141/303 tox|[from] psn","|turn|11","|","|move|p2a: T-Titanic Kun...|Recover|p2a: T-Titanic Kun...","|-heal|p2a: T-Titanic Kun...|358/394 brn","|move|p1a: Not op|Shadow Ball|p2a: T-Titanic Kun...","|-damage|p2a: T-Titanic Kun...|198/394 brn","|-unboost|p2a: T-Titanic Kun...|spd|1","|","|-heal|p2a: T-Titanic Kun...|222/394 brn|[from] item: Leftovers","|-damage|p2a: T-Titanic Kun...|173/394 brn|[from] brn","|-damage|p1a: Not op|69/303 tox|[from] psn","|turn|12","|","|move|p2a: T-Titanic Kun...|Recover|p2a: T-Titanic Kun...","|-heal|p2a: T-Titanic Kun...|370/394 brn","|move|p1a: Not op|Recover|p1a: Not op","|-heal|p1a: Not op|221/303 tox","|","|-heal|p2a: T-Titanic Kun...|394/394 brn|[from] item: Leftovers","|-damage|p2a: T-Titanic Kun...|345/394 brn|[from] brn","|-damage|p1a: Not op|131/303 tox|[from] psn","|turn|13","|","|switch|p1a: Bish Plz|Bisharp, M, shiny|145/271","|move|p2a: T-Titanic Kun...|Recover|p2a: T-Titanic Kun...","|-heal|p2a: T-Titanic Kun...|394/394 brn","|","|-damage|p2a: T-Titanic Kun...|345/394 brn|[from] brn","|turn|14","|","|switch|p1a: Not op|Sableye-Mega, M|131/303 tox","|move|p2a: T-Titanic Kun...|Rapid Spin|p1a: Not op","|-immune|p1a: Not op|[msg]","|","|-heal|p2a: T-Titanic Kun...|369/394 brn|[from] item: Leftovers","|-damage|p2a: T-Titanic Kun...|320/394 brn|[from] brn","|-damage|p1a: Not op|113/303 tox|[from] psn","|turn|15","|","|move|p2a: T-Titanic Kun...|Recover|p2a: T-Titanic Kun...","|-heal|p2a: T-Titanic Kun...|394/394 brn","|move|p1a: Not op|Shadow Ball|p2a: T-Titanic Kun...","|-damage|p2a: T-Titanic Kun...|156/394 brn","|","|-heal|p2a: T-Titanic Kun...|180/394 brn|[from] item: Leftovers","|-damage|p2a: T-Titanic Kun...|131/394 brn|[from] brn","|-damage|p1a: Not op|77/303 tox|[from] psn","|turn|16","|","|move|p2a: T-Titanic Kun...|Recover|p2a: T-Titanic Kun...","|-heal|p2a: T-Titanic Kun...|328/394 brn","|move|p1a: Not op|Shadow Ball|p2a: T-Titanic Kun...","|-damage|p2a: T-Titanic Kun...|117/394 brn","|","|-heal|p2a: T-Titanic Kun...|141/394 brn|[from] item: Leftovers","|-damage|p2a: T-Titanic Kun...|92/394 brn|[from] brn","|-damage|p1a: Not op|23/303 tox|[from] psn","|turn|17","|","|move|p2a: T-Titanic Kun...|Recover|p2a: T-Titanic Kun...","|-heal|p2a: T-Titanic Kun...|289/394 brn","|move|p1a: Not op|Shadow Ball|p2a: T-Titanic Kun...","|-damage|p2a: T-Titanic Kun...|46/394 brn","|","|-heal|p2a: T-Titanic Kun...|70/394 brn|[from] item: Leftovers","|-damage|p2a: T-Titanic Kun...|21/394 brn|[from] brn","|-damage|p1a: Not op|0 fnt|[from] psn","|faint|p1a: Not op","|","|switch|p1a: Bish Plz|Bisharp, M, shiny|145/271","|turn|18","|","|move|p1a: Bish Plz|Iron Head|p2a: T-Titanic Kun...","|-supereffective|p2a: T-Titanic Kun...","|-damage|p2a: T-Titanic Kun...|0 fnt","|faint|p2a: T-Titanic Kun...","|","|","|switch|p2a: Usain|Weavile, F|211/281","|-damage|p2a: Usain|141/281|[from] Stealth Rock","|-ability|p2a: Usain|Pressure","|turn|19","|","|move|p1a: Bish Plz|Sucker Punch|p2a: Usain","|-resisted|p2a: Usain","|-damage|p2a: Usain|36/281","|move|p2a: Usain|Icicle Crash|p1a: Bish Plz","|-resisted|p1a: Bish Plz","|-damage|p1a: Bish Plz|39/271","|","|turn|20","|","|move|p2a: Usain|Icicle Crash|p1a: Bish Plz","|-resisted|p1a: Bish Plz","|-damage|p1a: Bish Plz|0 fnt","|faint|p1a: Bish Plz","|","|","|switch|p1a: No pressure|Weavile, M|281/281","|-ability|p1a: No pressure|Pressure","|turn|21","|","|move|p1a: No pressure|Ice Shard|p2a: Usain","|-resisted|p2a: Usain","|-damage|p2a: Usain|0 fnt","|-damage|p1a: No pressure|253/281|[from] item: Life Orb","|faint|p2a: Usain","|","|","|switch|p2a: Cloyster|Cloyster, M|241/241","|-damage|p2a: Cloyster|181/241|[from] Stealth Rock","|turn|22","|","|move|p1a: No pressure|Low Kick|p2a: Cloyster","|-supereffective|p2a: Cloyster","|-damage|p2a: Cloyster|0 fnt","|-damage|p1a: No pressure|225/281|[from] item: Life Orb","|faint|p2a: Cloyster","|","|","|switch|p2a: Bahamut|Kyurem-Black|391/391","|-damage|p2a: Bahamut|294/391|[from] Stealth Rock","|-ability|p2a: Bahamut|Teravolt","|turn|23","|","|switch|p1a: Buzz off bitch|Mandibuzz, F|405/405","|move|p2a: Bahamut|Outrage|p1a: Buzz off bitch","|-damage|p1a: Buzz off bitch|225/405","|-damage|p2a: Bahamut|229/391|[from] item: Rocky Helmet|[of] p1a: Buzz off bitch","|","|turn|24","|","|move|p2a: Bahamut|Outrage|p1a: Buzz off bitch|[from]lockedmove","|-damage|p1a: Buzz off bitch|38/405","|-damage|p2a: Bahamut|164/391|[from] item: Rocky Helmet|[of] p1a: Buzz off bitch","|move|p1a: Buzz off bitch|Foul Play|p2a: Bahamut","|-damage|p2a: Bahamut|0 fnt","|faint|p2a: Bahamut","|","|","|switch|p2a: Mamoswine|Mamoswine, F|423/423","|-damage|p2a: Mamoswine|371/423|[from] Stealth Rock","|turn|25","|","|move|p1a: Buzz off bitch|Foul Play|p2a: Mamoswine","|-damage|p2a: Mamoswine|155/423","|move|p2a: Mamoswine|Icicle Spear|p1a: Buzz off bitch","|-supereffective|p1a: Buzz off bitch","|-damage|p1a: Buzz off bitch|0 fnt","|-hitcount|p1a: Buzz off bitch|1","|faint|p1a: Buzz off bitch","|","|","|switch|p1a: Oit of this world|Hoopa-Unbound|283/301","|turn|26","|","|win|Inferno Sableye"],"p1rating":{"entryid":"83803","serverid":"eos","formatid":"monotype","userid":"infernosableye","username":"Inferno Sableye","w":17,"l":"4","t":"0","gxe":71.7,"r":"1662.8474925572","rd":"72.058346226027","sigma":"0","rptime":"1440061200","rpr":1678.2587638129,"rprd":69.947217479754,"rpsigma":"0","acre":1285.1757208406,"lacre":1285.1757208406,"oldacre":"1276.7274053866"},"p2rating":{"entryid":189499,"formatid":"monotype","userid":"rainglacia","username":"Rain ☆ Glacia","r":1500,"rd":130,"sigma":0,"rpr":1475.518175953,"rprd":123.46160760634,"rpsigma":0,"rptime":1440061200,"w":0,"l":1,"t":0,"gxe":46.9,"acre":1000,"lacre":1000,"oldacre":1000},"endType":"forfeit"}