{"seed":[60973,57225,62545,18436],"turns":42,"p1":"Neowulf","p2":"GTX♅Cool","p1team":[{"name":"shit shit SHIT","species":"houndoom","item":"houndoominite","ability":"Flash Fire","moves":["hiddenpowerfighting","fireblast","nastyplot","darkpulse"],"nature":"Timid","evs":{"hp":0,"atk":0,"def":0,"spa":252,"spd":4,"spe":252},"ivs":{"hp":31,"atk":31,"def":30,"spa":30,"spd":30,"spe":30},"happiness":0},{"name":"no lopunny plz","species":"sableye","item":"leftovers","ability":"Prankster","moves":["willowisp","recover","darkpulse","taunt"],"nature":"Bold","evs":{"hp":156,"atk":0,"def":252,"spa":0,"spd":100,"spe":0},"ivs":{"hp":31,"atk":31,"def":31,"spa":31,"spd":31,"spe":31}},{"name":"niggawot","species":"bisharp","item":"lifeorb","ability":"Defiant","moves":["suckerpunch","swordsdance","knockoff","ironhead"],"nature":"Jolly","evs":{"hp":0,"atk":252,"def":0,"spa":0,"spd":4,"spe":252},"happiness":0,"ivs":{"hp":31,"atk":31,"def":31,"spa":31,"spd":31,"spe":31}},{"name":"over 9000","species":"mightyena","item":"choicescarf","ability":"Moxie","moves":["playrough","icefang","suckerpunch","firefang"],"nature":"Jolly","evs":{"hp":0,"atk":252,"def":0,"spa":0,"spd":4,"spe":252},"gender":"M","happiness":0,"ivs":{"hp":31,"atk":31,"def":31,"spa":31,"spd":31,"spe":31}},{"name":"Zoro","species":"zoroark","item":"choicescarf","ability":"Illusion","moves":["flamethrower","uturn","foulplay","darkpulse"],"nature":"Timid","evs":{"hp":0,"atk":0,"def":0,"spa":252,"spd":4,"spe":252},"happiness":0,"ivs":{"hp":31,"atk":31,"def":31,"spa":31,"spd":31,"spe":31}},{"name":"white","species":"umbreon","item":"leftovers","ability":"Synchronize","moves":["toxic","wish","protect","foulplay"],"nature":"Calm","evs":{"hp":252,"atk":0,"def":4,"spa":0,"spd":252,"spe":0},"gender":"M","happiness":0,"ivs":{"hp":31,"atk":31,"def":31,"spa":31,"spd":31,"spe":31}}],"p2team":[{"name":"Starmie","species":"Starmie","item":"leftovers","ability":"Natural Cure","moves":["thunderbolt","psyshock","rapidspin","recover"],"nature":"","evs":{"hp":4,"atk":0,"def":252,"spa":252,"spd":0,"spe":0},"ivs":{"hp":31,"atk":31,"def":31,"spa":31,"spd":31,"spe":31}},{"name":"Politoed","species":"Politoed","item":"leftovers","ability":"Drizzle","moves":["scald","icebeam","perishsong","protect"],"nature":"","evs":{"hp":252,"atk":0,"def":76,"spa":76,"spd":100,"spe":4},"ivs":{"hp":31,"atk":31,"def":31,"spa":31,"spd":31,"spe":31}},{"name":"Keldeo-Resolute","species":"Keldeo-Resolute","item":"choicescarf","ability":"Justified","moves":["scald","secretsword","hydropump","icywind"],"nature":"","evs":{"hp":0,"atk":0,"def":0,"spa":0,"spd":0,"spe":0},"ivs":{"hp":31,"atk":31,"def":31,"spa":31,"spd":31,"spe":31}},{"name":"Gyarados","species":"Gyarados","item":"choicescarf","ability":"Moxie","moves":["waterfall","earthquake","dragondance","outrage"],"nature":"Adamant","evs":{"hp":12,"atk":252,"def":0,"spa":0,"spd":0,"spe":244},"ivs":{"hp":31,"atk":30,"def":31,"spa":30,"spd":31,"spe":30}},{"name":"Swampert","species":"Swampert","item":"swampertite","ability":"Damp","moves":["waterfall","earthquake","icepunch","poweruppunch"],"nature":"Adamant","evs":{"hp":0,"atk":252,"def":4,"spa":0,"spd":0,"spe":252},"ivs":{"hp":31,"atk":31,"def":31,"spa":31,"spd":31,"spe":31}},{"name":"Azumarill","species":"Azumarill","item":"sitrusberry","ability":"Sap Sipper","moves":["bellydrum","waterfall","playrough","aquajet"],"nature":"Adamant","evs":{"hp":92,"atk":252,"def":0,"spa":0,"spd":0,"spe":164},"ivs":{"hp":31,"atk":31,"def":31,"spa":31,"spd":31,"spe":31}}],"log":["|player|p1|Neowulf|143","|player|p2|GTX♅Cool|163","|gametype|singles","|gen|6","|tier|Monotype","|rated","|rule|Baton Pass Clause: Limit one Baton Passer, can't pass Spe and other stats simultaneously","|rule|Swagger Clause: Swagger is banned","|rule|Same Type Clause: Pokémon in a team must share a type","|clearpoke","|poke|p1|Houndoom, F","|poke|p1|Sableye, F","|poke|p1|Bisharp, M","|poke|p1|Mightyena, M","|poke|p1|Zoroark, F","|poke|p1|Umbreon, M","|poke|p2|Starmie","|poke|p2|Politoed, F","|poke|p2|Keldeo-Resolute","|poke|p2|Gyarados, F","|poke|p2|Swampert, M","|poke|p2|Azumarill, F","|rule|Sleep Clause Mod: Limit one foe put to sleep","|rule|Species Clause: Limit one of each Pokémon","|rule|OHKO Clause: OHKO moves are banned","|rule|Moody Clause: Moody is banned","|rule|Evasion Moves Clause: Evasion moves are banned","|rule|Endless Battle Clause: Forcing endless battles is banned","|rule|HP Percentage Mod: HP is shown in percentages","|teampreview","|","|start","|switch|p1a: white|Umbreon, M|394/394","|switch|p2a: Azumarill|Azumarill, F|364/364","|turn|1","|","|move|p2a: Azumarill|Belly Drum|p2a: Azumarill","|-damage|p2a: Azumarill|182/364","|-setboost|p2a: Azumarill|atk|6|[from] move: Belly Drum","|-enditem|p2a: Azumarill|Sitrus Berry|[eat]","|-heal|p2a: Azumarill|273/364|[from] item: Sitrus Berry","|move|p1a: white|Toxic|p2a: Azumarill","|-status|p2a: Azumarill|tox","|","|-damage|p2a: Azumarill|251/364 tox|[from] psn","|turn|2","|","|move|p1a: white|Protect|p1a: white","|-singleturn|p1a: white|Protect","|move|p2a: Azumarill|Play Rough|p1a: white","|-activate|p1a: white|Protect","|","|-damage|p2a: Azumarill|207/364 tox|[from] psn","|turn|3","|","|switch|p1a: over 9000|Mightyena, M|281/281","|move|p2a: Azumarill|Play Rough|p1a: over 9000|[miss]","|-miss|p2a: Azumarill|p1a: over 9000","|","|-damage|p2a: Azumarill|141/364 tox|[from] psn","|turn|4","|","|move|p1a: over 9000|Sucker Punch|p2a: Azumarill","|-resisted|p2a: Azumarill","|-damage|p2a: Azumarill|75/364 tox","|move|p2a: Azumarill|Aqua Jet|p1a: over 9000","|-damage|p1a: over 9000|38/281","|","|-damage|p2a: Azumarill|0 fnt|[from] psn","|faint|p2a: Azumarill","|","|switch|p2a: Politoed|Politoed, F|384/384","|-weather|RainDance","|turn|5","|","|move|p1a: over 9000|Sucker Punch|p2a: Politoed","|-damage|p2a: Politoed|248/384","|move|p2a: Politoed|Scald|p1a: over 9000","|-damage|p1a: over 9000|0 fnt","|faint|p1a: over 9000","|","|-weather|RainDance|[upkeep]","|-heal|p2a: Politoed|272/384|[from] item: Leftovers","|","|switch|p1a: shit shit SHIT|Houndoom, F|261/261","|turn|6","|","|move|p2a: Politoed|Protect|p2a: Politoed","|-singleturn|p2a: Politoed|Protect","|move|p1a: shit shit SHIT|Dark Pulse|p2a: Politoed","|-activate|p2a: Politoed|Protect","|","|-weather|RainDance|[upkeep]","|-heal|p2a: Politoed|296/384|[from] item: Leftovers","|turn|7","|","|move|p1a: shit shit SHIT|Dark Pulse|p2a: Politoed","|-damage|p2a: Politoed|175/384","|move|p2a: Politoed|Scald|p1a: shit shit SHIT","|replace|p1a: Zoro|Zoroark, F|261/261","|-damage|p1a: Zoro|36/261","|-status|p1a: Zoro|brn","|","|-weather|RainDance|[upkeep]","|-heal|p2a: Politoed|199/384|[from] item: Leftovers","|-damage|p1a: Zoro|4/261 brn|[from] brn","|turn|8","|","|move|p2a: Politoed|Protect|p2a: Politoed","|-singleturn|p2a: Politoed|Protect","|move|p1a: Zoro|Dark Pulse|p2a: Politoed","|-activate|p2a: Politoed|Protect","|","|-weather|RainDance|[upkeep]","|-heal|p2a: Politoed|223/384|[from] item: Leftovers","|-damage|p1a: Zoro|0 fnt|[from] brn","|faint|p1a: Zoro","|","|switch|p1a: niggawot|Bisharp, M|271/271","|turn|9","|","|move|p1a: niggawot|Knock Off|p2a: Politoed","|-damage|p2a: Politoed|0 fnt","|-enditem|p2a: Politoed|Leftovers|[from] move: Knock Off|[of] p1a: niggawot","|-damage|p1a: niggawot|244/271|[from] item: Life Orb","|faint|p2a: Politoed","|","|-weather|none","|","|switch|p2a: Gyarados|Gyarados, F|334/334","|turn|10","|","|move|p1a: niggawot|Sucker Punch|p2a: Gyarados","|-damage|p2a: Gyarados|131/334","|-damage|p1a: niggawot|217/271|[from] item: Life Orb","|move|p2a: Gyarados|Earthquake|p1a: niggawot","|-crit|p1a: niggawot","|-supereffective|p1a: niggawot","|-damage|p1a: niggawot|0 fnt","|faint|p1a: niggawot","|-boost|p2a: Gyarados|atk|1|[from] ability: Moxie","|","|","|switch|p1a: no lopunny plz|Sableye, F|280/280","|turn|11","|","|move|p1a: no lopunny plz|Will-O-Wisp|p2a: Gyarados","|-status|p2a: Gyarados|brn","|move|p2a: Gyarados|Earthquake|p1a: no lopunny plz","|-damage|p1a: no lopunny plz|195/280","|","|-heal|p1a: no lopunny plz|212/280|[from] item: Leftovers","|-damage|p2a: Gyarados|90/334 brn|[from] brn","|turn|12","|","|move|p1a: no lopunny plz|Recover|p1a: no lopunny plz","|-heal|p1a: no lopunny plz|280/280","|move|p2a: Gyarados|Earthquake|p1a: no lopunny plz","|-damage|p1a: no lopunny plz|199/280","|","|-heal|p1a: no lopunny plz|216/280|[from] item: Leftovers","|-damage|p2a: Gyarados|49/334 brn|[from] brn","|turn|13","|","|move|p1a: no lopunny plz|Recover|p1a: no lopunny plz","|-heal|p1a: no lopunny plz|280/280","|move|p2a: Gyarados|Earthquake|p1a: no lopunny plz","|-damage|p1a: no lopunny plz|201/280","|","|-heal|p1a: no lopunny plz|218/280|[from] item: Leftovers","|-damage|p2a: Gyarados|8/334 brn|[from] brn","|turn|14","|","|move|p1a: no lopunny plz|Recover|p1a: no lopunny plz","|-heal|p1a: no lopunny plz|280/280","|move|p2a: Gyarados|Earthquake|p1a: no lopunny plz","|-damage|p1a: no lopunny plz|202/280","|","|-heal|p1a: no lopunny plz|219/280|[from] item: Leftovers","|-damage|p2a: Gyarados|0 fnt|[from] brn","|faint|p2a: Gyarados","|","|switch|p2a: Keldeo-Resolute|Keldeo-Resolute|323/323","|turn|15","|","|switch|p1a: white|Umbreon, M|394/394","|move|p2a: Keldeo-Resolute|Scald|p1a: white","|-damage|p1a: white|321/394","|","|-heal|p1a: white|345/394|[from] item: Leftovers","|turn|16","|","|move|p2a: Keldeo-Resolute|Scald|p1a: white","|-damage|p1a: white|276/394","|move|p1a: white|Toxic|p2a: Keldeo-Resolute","|-status|p2a: Keldeo-Resolute|tox","|","|-heal|p1a: white|300/394|[from] item: Leftovers","|-damage|p2a: Keldeo-Resolute|303/323 tox|[from] psn","|turn|17","|","|move|p2a: Keldeo-Resolute|Scald|p1a: white","|-damage|p1a: white|228/394","|move|p1a: white|Wish|p1a: white","|","|-heal|p1a: white|252/394|[from] item: Leftovers","|-damage|p2a: Keldeo-Resolute|263/323 tox|[from] psn","|turn|18","|","|move|p2a: Keldeo-Resolute|Scald|p1a: white","|-crit|p1a: white","|-damage|p1a: white|152/394","|move|p1a: white|Foul Play|p2a: Keldeo-Resolute","|-resisted|p2a: Keldeo-Resolute","|-damage|p2a: Keldeo-Resolute|212/323 tox","|-boost|p2a: Keldeo-Resolute|atk|1|[from] ability: Justified","|","|-heal|p1a: white|349/394|[from] move: Wish|[wisher] white","|-heal|p1a: white|373/394|[from] item: Leftovers","|-damage|p2a: Keldeo-Resolute|152/323 tox|[from] psn","|turn|19","|","|move|p2a: Keldeo-Resolute|Scald|p1a: white","|-damage|p1a: white|306/394","|-status|p1a: white|brn","|move|p1a: white|Wish|p1a: white","|","|-heal|p1a: white|330/394 brn|[from] item: Leftovers","|-damage|p2a: Keldeo-Resolute|72/323 tox|[from] psn","|-damage|p1a: white|281/394 brn|[from] brn","|turn|20","|","|switch|p2a: Starmie|Starmie|262/262","|move|p1a: white|Foul Play|p2a: Starmie","|-supereffective|p2a: Starmie","|-damage|p2a: Starmie|189/262","|","|-heal|p1a: white|394/394 brn|[from] move: Wish|[wisher] white","|-heal|p2a: Starmie|205/262|[from] item: Leftovers","|-damage|p1a: white|345/394 brn|[from] brn","|turn|21","|","|move|p2a: Starmie|Psyshock|p1a: white","|-immune|p1a: white|[msg]","|move|p1a: white|Toxic|p2a: Starmie","|-status|p2a: Starmie|tox","|","|-heal|p2a: Starmie|221/262 tox|[from] item: Leftovers","|-heal|p1a: white|369/394 brn|[from] item: Leftovers","|-damage|p2a: Starmie|205/262 tox|[from] psn","|-damage|p1a: white|320/394 brn|[from] brn","|turn|22","|","|move|p2a: Starmie|Thunderbolt|p1a: white","|-damage|p1a: white|267/394 brn","|move|p1a: white|Wish|p1a: white","|","|-heal|p2a: Starmie|221/262 tox|[from] item: Leftovers","|-heal|p1a: white|291/394 brn|[from] item: Leftovers","|-damage|p2a: Starmie|189/262 tox|[from] psn","|-damage|p1a: white|242/394 brn|[from] brn","|turn|23","|","|move|p2a: Starmie|Thunderbolt|p1a: white","|-damage|p1a: white|190/394 brn","|move|p1a: white|Foul Play|p2a: Starmie","|-supereffective|p2a: Starmie","|-damage|p2a: Starmie|113/262 tox","|","|-heal|p1a: white|387/394 brn|[from] move: Wish|[wisher] white","|-heal|p2a: Starmie|129/262 tox|[from] item: Leftovers","|-heal|p1a: white|394/394 brn|[from] item: Leftovers","|-damage|p2a: Starmie|81/262 tox|[from] psn","|-damage|p1a: white|345/394 brn|[from] brn","|turn|24","|","|switch|p2a: Swampert|Swampert, M|341/341","|move|p1a: white|Wish|p1a: white","|","|-heal|p1a: white|369/394 brn|[from] item: Leftovers","|-damage|p1a: white|320/394 brn|[from] brn","|turn|25","|","|switch|p1a: no lopunny plz|Sableye, F|219/280","|detailschange|p2a: Swampert|Swampert-Mega, M","|-mega|p2a: Swampert|Swampert|Swampertite","|move|p2a: Swampert|Waterfall|p1a: no lopunny plz","|-damage|p1a: no lopunny plz|71/280","|","|-heal|p1a: no lopunny plz|268/280|[from] move: Wish|[wisher] white","|-heal|p1a: no lopunny plz|280/280|[from] item: Leftovers","|turn|26","|","|move|p1a: no lopunny plz|Will-O-Wisp|p2a: Swampert","|-status|p2a: Swampert|brn","|move|p2a: Swampert|Waterfall|p1a: no lopunny plz","|-damage|p1a: no lopunny plz|211/280","|","|-heal|p1a: no lopunny plz|228/280|[from] item: Leftovers","|-damage|p2a: Swampert|299/341 brn|[from] brn","|turn|27","|","|move|p2a: Swampert|Waterfall|p1a: no lopunny plz","|-damage|p1a: no lopunny plz|158/280","|move|p1a: no lopunny plz|Dark Pulse|p2a: Swampert","|-damage|p2a: Swampert|239/341 brn","|","|-heal|p1a: no lopunny plz|175/280|[from] item: Leftovers","|-damage|p2a: Swampert|197/341 brn|[from] brn","|turn|28","|","|move|p2a: Swampert|Ice Punch|p1a: no lopunny plz","|-damage|p1a: no lopunny plz|125/280","|move|p1a: no lopunny plz|Dark Pulse|p2a: Swampert","|-damage|p2a: Swampert|139/341 brn","|","|-heal|p1a: no lopunny plz|142/280|[from] item: Leftovers","|-damage|p2a: Swampert|97/341 brn|[from] brn","|turn|29","|","|move|p1a: no lopunny plz|Recover|p1a: no lopunny plz","|-heal|p1a: no lopunny plz|280/280","|move|p2a: Swampert|Ice Punch|p1a: no lopunny plz","|-damage|p1a: no lopunny plz|231/280","|","|-heal|p1a: no lopunny plz|248/280|[from] item: Leftovers","|-damage|p2a: Swampert|55/341 brn|[from] brn","|turn|30","|","|move|p2a: Swampert|Ice Punch|p1a: no lopunny plz","|-damage|p1a: no lopunny plz|199/280","|move|p1a: no lopunny plz|Dark Pulse|p2a: Swampert","|-damage|p2a: Swampert|0 fnt","|faint|p2a: Swampert","|","|-heal|p1a: no lopunny plz|216/280|[from] item: Leftovers","|","|switch|p2a: Keldeo-Resolute|Keldeo-Resolute|72/323 tox","|turn|31","|","|move|p2a: Keldeo-Resolute|Scald|p1a: no lopunny plz","|-damage|p1a: no lopunny plz|74/280","|-status|p1a: no lopunny plz|brn","|move|p1a: no lopunny plz|Dark Pulse|p2a: Keldeo-Resolute","|-resisted|p2a: Keldeo-Resolute","|-damage|p2a: Keldeo-Resolute|36/323 tox","|-boost|p2a: Keldeo-Resolute|atk|1|[from] ability: Justified","|","|-heal|p1a: no lopunny plz|91/280 brn|[from] item: Leftovers","|-damage|p2a: Keldeo-Resolute|16/323 tox|[from] psn","|-damage|p1a: no lopunny plz|56/280 brn|[from] brn","|turn|32","|","|move|p1a: no lopunny plz|Recover|p1a: no lopunny plz","|-heal|p1a: no lopunny plz|196/280 brn","|move|p2a: Keldeo-Resolute|Scald|p1a: no lopunny plz","|-damage|p1a: no lopunny plz|57/280 brn","|","|-heal|p1a: no lopunny plz|74/280 brn|[from] item: Leftovers","|-damage|p2a: Keldeo-Resolute|0 fnt|[from] psn","|-damage|p1a: no lopunny plz|39/280 brn|[from] brn","|faint|p2a: Keldeo-Resolute","|","|switch|p2a: Starmie|Starmie|81/262","|turn|33","|","|move|p1a: no lopunny plz|Recover|p1a: no lopunny plz","|-heal|p1a: no lopunny plz|179/280 brn","|move|p2a: Starmie|Thunderbolt|p1a: no lopunny plz","|-damage|p1a: no lopunny plz|64/280 brn","|","|-heal|p2a: Starmie|97/262|[from] item: Leftovers","|-heal|p1a: no lopunny plz|81/280 brn|[from] item: Leftovers","|-damage|p1a: no lopunny plz|46/280 brn|[from] brn","|turn|34","|","|move|p1a: no lopunny plz|Will-O-Wisp|p2a: Starmie|[miss]","|-miss|p1a: no lopunny plz|p2a: Starmie","|move|p2a: Starmie|Thunderbolt|p1a: no lopunny plz","|-damage|p1a: no lopunny plz|0 fnt","|faint|p1a: no lopunny plz","|","|-heal|p2a: Starmie|113/262|[from] item: Leftovers","|","|switch|p1a: white|Umbreon, M|320/394 brn","|turn|35","|","|move|p2a: Starmie|Thunderbolt|p1a: white","|-damage|p1a: white|265/394 brn","|move|p1a: white|Toxic|p2a: Starmie","|-status|p2a: Starmie|tox","|","|-heal|p2a: Starmie|129/262 tox|[from] item: Leftovers","|-heal|p1a: white|289/394 brn|[from] item: Leftovers","|-damage|p2a: Starmie|113/262 tox|[from] psn","|-damage|p1a: white|240/394 brn|[from] brn","|turn|36","|","|move|p2a: Starmie|Recover|p2a: Starmie","|-heal|p2a: Starmie|244/262 tox","|move|p1a: white|Wish|p1a: white","|","|-heal|p2a: Starmie|260/262 tox|[from] item: Leftovers","|-heal|p1a: white|264/394 brn|[from] item: Leftovers","|-damage|p2a: Starmie|228/262 tox|[from] psn","|-damage|p1a: white|215/394 brn|[from] brn","|turn|37","|","|move|p2a: Starmie|Thunderbolt|p1a: white","|-damage|p1a: white|163/394 brn","|move|p1a: white|Foul Play|p2a: Starmie","|-supereffective|p2a: Starmie","|-damage|p2a: Starmie|155/262 tox","|","|-heal|p1a: white|360/394 brn|[from] move: Wish|[wisher] white","|-heal|p2a: Starmie|171/262 tox|[from] item: Leftovers","|-heal|p1a: white|384/394 brn|[from] item: Leftovers","|-damage|p2a: Starmie|123/262 tox|[from] psn","|-damage|p1a: white|335/394 brn|[from] brn","|turn|38","|","|move|p2a: Starmie|Thunderbolt|p1a: white","|-damage|p1a: white|282/394 brn","|move|p1a: white|Wish|p1a: white","|","|-heal|p2a: Starmie|139/262 tox|[from] item: Leftovers","|-heal|p1a: white|306/394 brn|[from] item: Leftovers","|-damage|p2a: Starmie|75/262 tox|[from] psn","|-damage|p1a: white|257/394 brn|[from] brn","|turn|39","|","|move|p2a: Starmie|Recover|p2a: Starmie","|-heal|p2a: Starmie|206/262 tox","|move|p1a: white|Foul Play|p2a: Starmie","|-supereffective|p2a: Starmie","|-damage|p2a: Starmie|130/262 tox","|","|-heal|p1a: white|394/394 brn|[from] move: Wish|[wisher] white","|-heal|p2a: Starmie|146/262 tox|[from] item: Leftovers","|-damage|p2a: Starmie|66/262 tox|[from] psn","|-damage|p1a: white|345/394 brn|[from] brn","|turn|40","|","|move|p2a: Starmie|Recover|p2a: Starmie","|-heal|p2a: Starmie|197/262 tox","|move|p1a: white|Wish|p1a: white","|","|-heal|p2a: Starmie|213/262 tox|[from] item: Leftovers","|-heal|p1a: white|369/394 brn|[from] item: Leftovers","|-damage|p2a: Starmie|117/262 tox|[from] psn","|-damage|p1a: white|320/394 brn|[from] brn","|turn|41","|","|switch|p1a: shit shit SHIT|Houndoom, F|291/291","|move|p2a: Starmie|Thunderbolt|p1a: shit shit SHIT","|-damage|p1a: shit shit SHIT|177/291","|-status|p1a: shit shit SHIT|par","|","|-heal|p1a: shit shit SHIT|291/291 par|[from] move: Wish|[wisher] white","|-heal|p2a: Starmie|133/262 tox|[from] item: Leftovers","|-damage|p2a: Starmie|21/262 tox|[from] psn","|turn|42","|","|detailschange|p1a: shit shit SHIT|Houndoom-Mega, F","|-mega|p1a: shit shit SHIT|Houndoom|Houndoominite","|move|p2a: Starmie|Recover|p2a: Starmie","|-heal|p2a: Starmie|152/262 tox","|move|p1a: shit shit SHIT|Dark Pulse|p2a: Starmie","|-supereffective|p2a: Starmie","|-damage|p2a: Starmie|0 fnt","|faint|p2a: Starmie","|","|win|Neowulf"],"p1rating":{"entryid":"94659","serverid":"eos","formatid":"monotype","userid":"neowulf","username":"Neowulf","w":5,"l":"3","t":"0","gxe":52.4,"r":"1476.9479109854","rd":"99.263351230545","sigma":"0","rptime":"1440061200","rpr":1518.6932685338,"rprd":92.894809770713,"rpsigma":"0","acre":1114.6557151238,"lacre":1114.6557151238,"oldacre":"1094.0396376368"},"p2rating":{"entryid":"10847","serverid":"eos","formatid":"monotype","userid":"gtxcool","username":"GTX♅Cool","w":"11","l":30,"t":"0","gxe":31.2,"r":"1372.116351552","rd":"58.868218340858","sigma":"0","rptime":"1440061200","rpr":1349.7144424542,"rprd":56.501704941054,"rpsigma":"0","acre":1011.6011492124,"lacre":1011.6011492124,"oldacre":"1022.2160117636"},"endType":"normal"}