{"seed":[34661,32898,58626,30614],"turns":19,"p1":"Guard Wulf - ⒶⓌⒶⓎ","p2":"key7","p1team":[{"name":"Cobalion","species":"Cobalion","item":"leftovers","ability":"Justified","moves":["stealthrock","voltswitch","flashcannon","thunderwave"],"nature":"Bold","evs":{"hp":200,"atk":0,"def":252,"spa":8,"spd":0,"spe":48},"ivs":{"hp":31,"atk":31,"def":31,"spa":31,"spd":31,"spe":31}},{"name":"Gallade","species":"Gallade","item":"galladite","ability":"Justified","moves":["icepunch","closecombat","swordsdance","psychocut"],"nature":"Jolly","evs":{"hp":0,"atk":252,"def":0,"spa":0,"spd":4,"spe":252},"ivs":{"hp":31,"atk":31,"def":31,"spa":31,"spd":31,"spe":31}},{"name":"Scrafty","species":"Scrafty","item":"leftovers","ability":"Shed Skin","moves":["crunch","dragondance","poisonjab","drainpunch"],"nature":"Jolly","evs":{"hp":0,"atk":208,"def":0,"spa":0,"spd":48,"spe":252},"ivs":{"hp":31,"atk":31,"def":31,"spa":31,"spd":31,"spe":31}},{"name":"Keldeo","species":"Keldeo","item":"choicespecs","ability":"Justified","moves":["surf","hydropump","secretsword","icywind"],"nature":"Timid","evs":{"hp":0,"atk":0,"def":0,"spa":252,"spd":4,"spe":252},"ivs":{"hp":31,"atk":31,"def":31,"spa":31,"spd":31,"spe":31}},{"name":"Terrakion","species":"Terrakion","item":"choicescarf","ability":"Justified","moves":["earthquake","stoneedge","poisonjab","closecombat"],"nature":"Jolly","evs":{"hp":0,"atk":252,"def":0,"spa":0,"spd":4,"spe":252},"ivs":{"hp":31,"atk":31,"def":31,"spa":31,"spd":31,"spe":31}},{"name":"Hawlucha","species":"Hawlucha","item":"powerherb","ability":"Unburden","moves":["swordsdance","skyattack","acrobatics","highjumpkick"],"nature":"Jolly","evs":{"hp":0,"atk":252,"def":0,"spa":0,"spd":4,"spe":252},"ivs":{"hp":31,"atk":31,"def":31,"spa":31,"spd":31,"spe":31}}],"p2team":[{"name":"Aggron","species":"Aggron","item":"lifeorb","ability":"Rock Head","moves":["rockpolish","headsmash","ironhead","earthquake"],"nature":"Adamant","evs":{"hp":0,"atk":252,"def":0,"spa":0,"spd":4,"spe":252},"ivs":{"hp":31,"atk":31,"def":31,"spa":31,"spd":31,"spe":31}},{"name":"Scizor","species":"Scizor","item":"scizorite","ability":"Technician","moves":["swordsdance","xscissor","bulletpunch","roost"],"nature":"Adamant","evs":{"hp":248,"atk":252,"def":0,"spa":0,"spd":8,"spe":0},"ivs":{"hp":31,"atk":31,"def":31,"spa":31,"spd":31,"spe":31}},{"name":"Lucario","species":"Lucario","item":"focussash","ability":"Inner Focus","moves":["nastyplot","aurasphere","flashcannon","vacuumwave"],"nature":"Timid","evs":{"hp":0,"atk":0,"def":0,"spa":252,"spd":4,"spe":252},"ivs":{"hp":31,"atk":31,"def":31,"spa":31,"spd":31,"spe":31}},{"name":"Heatran","species":"Heatran","item":"airballoon","ability":"Flash Fire","moves":["fireblast","flashcannon","earthpower","protect"],"nature":"Modest","evs":{"hp":240,"atk":0,"def":0,"spa":252,"spd":8,"spe":8},"ivs":{"hp":31,"atk":31,"def":31,"spa":31,"spd":31,"spe":31}},{"name":"Skarmory","species":"Skarmory","item":"leftovers","ability":"Sturdy","moves":["spikes","toxic","protect","bravebird"],"nature":"Impish","evs":{"hp":252,"atk":0,"def":232,"spa":0,"spd":0,"spe":24},"ivs":{"hp":31,"atk":31,"def":31,"spa":31,"spd":31,"spe":31}},{"name":"Registeel","species":"Registeel","item":"leftovers","ability":"Clear Body","moves":["stealthrock","protect","toxic","seismictoss"],"nature":"Calm","evs":{"hp":252,"atk":0,"def":4,"spa":0,"spd":252,"spe":0},"ivs":{"hp":31,"atk":31,"def":31,"spa":31,"spd":31,"spe":31}}],"log":["|player|p1|Guard Wulf - ⒶⓌⒶⓎ|143","|player|p2|key7|key7.png","|gametype|singles","|gen|6","|tier|Monotype","|rated","|rule|Baton Pass Clause: Limit one Baton Passer, can't pass Spe and other stats simultaneously","|rule|Swagger Clause: Swagger is banned","|rule|Same Type Clause: Pokémon in a team must share a type","|clearpoke","|poke|p1|Cobalion","|poke|p1|Gallade, M","|poke|p1|Scrafty, M","|poke|p1|Keldeo","|poke|p1|Terrakion","|poke|p1|Hawlucha, F","|poke|p2|Aggron, F","|poke|p2|Scizor, F","|poke|p2|Lucario, F","|poke|p2|Heatran, F","|poke|p2|Skarmory, F","|poke|p2|Registeel","|rule|Sleep Clause Mod: Limit one foe put to sleep","|rule|Species Clause: Limit one of each Pokémon","|rule|OHKO Clause: OHKO moves are banned","|rule|Moody Clause: Moody is banned","|rule|Evasion Moves Clause: Evasion moves are banned","|rule|Endless Battle Clause: Forcing endless battles is banned","|rule|HP Percentage Mod: HP is shown in percentages","|teampreview","|","|start","|switch|p1a: Keldeo|Keldeo|323/323","|switch|p2a: Lucario|Lucario, F|281/281","|turn|1","|","|move|p1a: Keldeo|Surf|p2a: Lucario","|-enditem|p2a: Lucario|Focus Sash","|-damage|p2a: Lucario|1/281","|move|p2a: Lucario|Aura Sphere|p1a: Keldeo","|-damage|p1a: Keldeo|175/323","|","|turn|2","|","|switch|p1a: Hawlucha|Hawlucha, F|297/297","|move|p2a: Lucario|Vacuum Wave|p1a: Hawlucha","|-resisted|p1a: Hawlucha","|-damage|p1a: Hawlucha|246/297","|","|turn|3","|","|switch|p2a: Skarmory|Skarmory, F|334/334","|move|p1a: Hawlucha|Acrobatics|p2a: Skarmory","|-resisted|p2a: Skarmory","|-damage|p2a: Skarmory|313/334","|","|-heal|p2a: Skarmory|333/334|[from] item: Leftovers","|turn|4","|","|move|p1a: Hawlucha|Swords Dance|p1a: Hawlucha","|-boost|p1a: Hawlucha|atk|2","|move|p2a: Skarmory|Spikes|p1a: Hawlucha","|-sidestart|p1: Guard Wulf - ⒶⓌⒶⓎ|Spikes","|","|-heal|p2a: Skarmory|334/334|[from] item: Leftovers","|turn|5","|","|move|p1a: Hawlucha|High Jump Kick|p2a: Skarmory","|-damage|p2a: Skarmory|139/334","|move|p2a: Skarmory|Brave Bird|p1a: Hawlucha","|-supereffective|p1a: Hawlucha","|-damage|p1a: Hawlucha|0 fnt","|-damage|p2a: Skarmory|58/334|[from] recoil|[of] p1a: Hawlucha","|faint|p1a: Hawlucha","|","|-heal|p2a: Skarmory|78/334|[from] item: Leftovers","|","|switch|p1a: Keldeo|Keldeo|175/323","|-damage|p1a: Keldeo|135/323|[from] Spikes","|turn|6","|","|move|p2a: Skarmory|Protect|p2a: Skarmory","|-singleturn|p2a: Skarmory|Protect","|move|p1a: Keldeo|Surf|p2a: Skarmory","|-activate|p2a: Skarmory|Protect","|","|-heal|p2a: Skarmory|98/334|[from] item: Leftovers","|turn|7","|","|switch|p2a: Registeel|Registeel|364/364","|move|p1a: Keldeo|Surf|p2a: Registeel","|-damage|p2a: Registeel|228/364","|","|-heal|p2a: Registeel|250/364|[from] item: Leftovers","|turn|8","|","|switch|p1a: Scrafty|Scrafty, M|271/271","|-damage|p1a: Scrafty|238/271|[from] Spikes","|move|p2a: Registeel|Stealth Rock|p1a: Scrafty","|-sidestart|p1: Guard Wulf - ⒶⓌⒶⓎ|move: Stealth Rock","|","|-heal|p1a: Scrafty|254/271|[from] item: Leftovers","|-heal|p2a: Registeel|272/364|[from] item: Leftovers","|turn|9","|","|move|p1a: Scrafty|Dragon Dance|p1a: Scrafty","|-boost|p1a: Scrafty|atk|1","|-boost|p1a: Scrafty|spe|1","|move|p2a: Registeel|Toxic|p1a: Scrafty","|-status|p1a: Scrafty|tox","|","|-activate|p1a: Scrafty|ability: Shed Skin","|-curestatus|p1a: Scrafty|tox","|-heal|p1a: Scrafty|270/271|[from] item: Leftovers","|-heal|p2a: Registeel|294/364|[from] item: Leftovers","|turn|10","|","|move|p1a: Scrafty|Dragon Dance|p1a: Scrafty","|-boost|p1a: Scrafty|atk|1","|-boost|p1a: Scrafty|spe|1","|move|p2a: Registeel|Toxic|p1a: Scrafty","|-status|p1a: Scrafty|tox","|","|-heal|p1a: Scrafty|271/271 tox|[from] item: Leftovers","|-heal|p2a: Registeel|316/364|[from] item: Leftovers","|-damage|p1a: Scrafty|255/271 tox|[from] psn","|turn|11","|","|move|p1a: Scrafty|Dragon Dance|p1a: Scrafty","|-boost|p1a: Scrafty|atk|1","|-boost|p1a: Scrafty|spe|1","|move|p2a: Registeel|Seismic Toss|p1a: Scrafty","|-damage|p1a: Scrafty|155/271 tox","|","|-heal|p1a: Scrafty|171/271 tox|[from] item: Leftovers","|-heal|p2a: Registeel|338/364|[from] item: Leftovers","|-damage|p1a: Scrafty|139/271 tox|[from] psn","|turn|12","|","|move|p1a: Scrafty|Drain Punch|p2a: Registeel","|-supereffective|p2a: Registeel","|-damage|p2a: Registeel|0 fnt","|-heal|p1a: Scrafty|271/271 tox|[from] drain|[of] p2a: Registeel","|faint|p2a: Registeel","|","|-damage|p1a: Scrafty|223/271 tox|[from] psn","|","|switch|p2a: Lucario|Lucario, F|1/281","|turn|13","|","|move|p2a: Lucario|Vacuum Wave|p1a: Scrafty","|-supereffective|p1a: Scrafty","|-damage|p1a: Scrafty|103/271 tox","|move|p1a: Scrafty|Drain Punch|p2a: Lucario","|-supereffective|p2a: Lucario","|-damage|p2a: Lucario|0 fnt","|-heal|p1a: Scrafty|104/271 tox|[from] drain|[of] p2a: Lucario","|faint|p2a: Lucario","|","|-heal|p1a: Scrafty|120/271 tox|[from] item: Leftovers","|-damage|p1a: Scrafty|56/271 tox|[from] psn","|","|switch|p2a: Scizor|Scizor, F|343/343","|turn|14","|","|detailschange|p2a: Scizor|Scizor-Mega, F","|-mega|p2a: Scizor|Scizor|Scizorite","|move|p2a: Scizor|Bullet Punch|p1a: Scrafty","|-damage|p1a: Scrafty|0 fnt","|faint|p1a: Scrafty","|","|","|switch|p1a: Cobalion|Cobalion|373/373","|-damage|p1a: Cobalion|327/373|[from] Spikes","|-damage|p1a: Cobalion|316/373|[from] Stealth Rock","|turn|15","|","|switch|p2a: Skarmory|Skarmory, F|98/334","|move|p1a: Cobalion|Thunder Wave|p2a: Skarmory","|-status|p2a: Skarmory|par","|","|-heal|p1a: Cobalion|339/373|[from] item: Leftovers","|-heal|p2a: Skarmory|118/334 par|[from] item: Leftovers","|turn|16","|","|move|p1a: Cobalion|Stealth Rock|p2a: Skarmory","|-sidestart|p2: key7|move: Stealth Rock","|move|p2a: Skarmory|Spikes|p1a: Cobalion","|-sidestart|p1: Guard Wulf - ⒶⓌⒶⓎ|Spikes","|","|-heal|p1a: Cobalion|362/373|[from] item: Leftovers","|-heal|p2a: Skarmory|138/334 par|[from] item: Leftovers","|turn|17","|","|move|p1a: Cobalion|Volt Switch|p2a: Skarmory","|-supereffective|p2a: Skarmory","|-damage|p2a: Skarmory|0 fnt","|faint|p2a: Skarmory","|","|switch|p1a: Gallade|Gallade, M|277/277","|-damage|p1a: Gallade|231/277|[from] Spikes","|-damage|p1a: Gallade|214/277|[from] Stealth Rock","|","|","|switch|p2a: Scizor|Scizor-Mega, F|343/343","|-damage|p2a: Scizor|301/343|[from] Stealth Rock","|turn|18","|","|detailschange|p1a: Gallade|Gallade-Mega, M","|-mega|p1a: Gallade|Gallade|Galladite","|move|p1a: Gallade|Close Combat|p2a: Scizor","|-damage|p2a: Scizor|105/343","|-unboost|p1a: Gallade|def|1","|-unboost|p1a: Gallade|spd|1","|move|p2a: Scizor|Swords Dance|p2a: Scizor","|-boost|p2a: Scizor|atk|2","|","|turn|19","|","|move|p1a: Gallade|Close Combat|p2a: Scizor","|-damage|p2a: Scizor|0 fnt","|-unboost|p1a: Gallade|def|1","|-unboost|p1a: Gallade|spd|1","|faint|p2a: Scizor","|","|","|win|Guard Wulf - ⒶⓌⒶⓎ"],"p1rating":{"entryid":"152473","serverid":"eos","formatid":"monotype","userid":"guardwulf","username":"Guard Wulf","w":14,"l":"6","t":"0","gxe":60.7,"r":"1530.0091417388","rd":"83.32711138282","sigma":"0","rptime":"1440061200","rpr":1583.5837766028,"rprd":71.188335314507,"rpsigma":"0","acre":1183.8660001914,"lacre":1183.8660001914,"oldacre":"1159.5348579184"},"p2rating":{"entryid":"188976","serverid":"eos","formatid":"monotype","userid":"key7","username":"key7","w":"11","l":8,"t":"0","gxe":59.5,"r":"1500","rd":"130","sigma":"0","rptime":"1440061200","rpr":1573.5569175671,"rprd":72.588918371607,"rpsigma":"0","acre":1125.9060977906,"lacre":1125.9060977906,"oldacre":"1150.2372400636"},"endType":"forfeit"}