{"seed":[782,11058,15564,43351],"turns":27,"p1":"loatist","p2":"Seven Swell","p1team":[{"name":"CHILLY NIGGA","species":"empoleon","item":"leftovers","ability":"Defiant","moves":["icebeam","scald","flashcannon","icywind"],"nature":"Bold","evs":{"hp":4,"atk":0,"def":252,"spa":252,"spd":0,"spe":0},"shiny":true,"ivs":{"hp":31,"atk":31,"def":31,"spa":31,"spd":31,"spe":31}},{"name":"SHELL CRACKA","species":"bronzong","item":"ironball","ability":"Heatproof","moves":["gyroball","stealthrock","trick","zenheadbutt"],"nature":"Brave","evs":{"hp":252,"atk":4,"def":252,"spa":0,"spd":0,"spe":0},"ivs":{"hp":31,"atk":31,"def":31,"spa":31,"spd":31,"spe":0}},{"name":"ASHY NIGGUH","species":"heatran","item":"airballoon","ability":"Flash Fire","moves":["earthpower","flamethrower","roar","stealthrock"],"nature":"Modest","evs":{"hp":252,"atk":0,"def":4,"spa":252,"spd":0,"spe":0},"ivs":{"hp":31,"atk":31,"def":31,"spa":31,"spd":31,"spe":31}},{"name":"HIGH ASS NIGGA","species":"skarmory","item":"leftovers","ability":"Sturdy","moves":["bravebird","whirlwind","ironhead","stealthrock"],"nature":"Careful","evs":{"hp":252,"atk":4,"def":0,"spa":0,"spd":252,"spe":0},"ivs":{"hp":31,"atk":31,"def":31,"spa":31,"spd":31,"spe":31}},{"name":"IRON NIGGA","species":"metagross","item":"assaultvest","ability":"Clear Body","moves":["bulletpunch","hammerarm","meteormash","zenheadbutt"],"nature":"Adamant","evs":{"hp":0,"atk":252,"def":252,"spa":0,"spd":4,"spe":0},"shiny":true,"ivs":{"hp":31,"atk":31,"def":31,"spa":31,"spd":31,"spe":31}},{"name":"NIGGA KEYS","species":"klefki","item":"lightclay","ability":"Prankster","moves":["reflect","lightscreen","drainingkiss","calmmind"],"nature":"Modest","evs":{"hp":0,"atk":0,"def":252,"spa":4,"spd":252,"spe":0},"shiny":true,"ivs":{"hp":31,"atk":31,"def":31,"spa":31,"spd":31,"spe":31}}],"p2team":[{"name":"Mew","species":"Mew","item":"leftovers","ability":"Synchronize","moves":["roost","toxic","healbell","aurasphere"],"nature":"Calm","evs":{"hp":252,"atk":0,"def":0,"spa":4,"spd":252,"spe":0},"ivs":{"hp":31,"atk":0,"def":31,"spa":31,"spd":31,"spe":31}},{"name":"Slowbro","species":"Slowbro","item":"rockyhelmet","ability":"Regenerator","moves":["scald","yawn","flamethrower","slackoff"],"nature":"Bold","evs":{"hp":252,"atk":0,"def":252,"spa":4,"spd":0,"spe":0},"ivs":{"hp":31,"atk":0,"def":31,"spa":31,"spd":31,"spe":31}},{"name":"Deoxys-Speed","species":"Deoxys-Speed","item":"focussash","ability":"Pressure","moves":["stealthrock","thunderbolt","thunderwave","icebeam"],"nature":"Timid","evs":{"hp":252,"atk":0,"def":0,"spa":44,"spd":0,"spe":212},"ivs":{"hp":31,"atk":0,"def":31,"spa":31,"spd":31,"spe":31}},{"name":"Latias","species":"Latias","item":"leftovers","ability":"Levitate","moves":["dracometeor","psyshock","roost","defog"],"nature":"Timid","evs":{"hp":252,"atk":0,"def":0,"spa":4,"spd":0,"spe":252},"ivs":{"hp":31,"atk":0,"def":31,"spa":31,"spd":31,"spe":31}},{"name":"Hoopa-Unbound","species":"Hoopa-Unbound","item":"focussash","ability":"Magician","moves":["hyperspacefury","drainpunch","firepunch","gunkshot"],"nature":"Adamant","evs":{"hp":0,"atk":252,"def":0,"spa":0,"spd":4,"spe":252},"ivs":{"hp":31,"atk":31,"def":31,"spa":31,"spd":31,"spe":31}},{"name":"Gardevoir","species":"Gardevoir","item":"gardevoirite","ability":"Trace","moves":["hypervoice","psyshock","shadowball","taunt"],"nature":"Timid","evs":{"hp":0,"atk":0,"def":0,"spa":252,"spd":4,"spe":252},"ivs":{"hp":31,"atk":0,"def":31,"spa":31,"spd":31,"spe":31}}],"log":["|player|p1|loatist|121","|player|p2|Seven Swell|sevenswell.png","|gametype|singles","|gen|6","|tier|Monotype","|rated","|rule|Baton Pass Clause: Limit one Baton Passer, can't pass Spe and other stats simultaneously","|rule|Swagger Clause: Swagger is banned","|rule|Same Type Clause: Pokémon in a team must share a type","|clearpoke","|poke|p1|Empoleon, M, shiny","|poke|p1|Bronzong","|poke|p1|Heatran, F","|poke|p1|Skarmory, F","|poke|p1|Metagross, shiny","|poke|p1|Klefki, F, shiny","|poke|p2|Mew","|poke|p2|Slowbro, F","|poke|p2|Deoxys-Speed","|poke|p2|Latias, F","|poke|p2|Hoopa-Unbound","|poke|p2|Gardevoir, F","|rule|Sleep Clause Mod: Limit one foe put to sleep","|rule|Species Clause: Limit one of each Pokémon","|rule|OHKO Clause: OHKO moves are banned","|rule|Moody Clause: Moody is banned","|rule|Evasion Moves Clause: Evasion moves are banned","|rule|Endless Battle Clause: Forcing endless battles is banned","|rule|HP Percentage Mod: HP is shown in percentages","|teampreview","|","|start","|switch|p1a: IRON NIGGA|Metagross, shiny|301/301","|switch|p2a: Gardevoir|Gardevoir, F|277/277","|-ability|p2a: Gardevoir|Clear Body|[from] ability: Trace|[of] p1a: IRON NIGGA","|turn|1","|","|switch|p2a: Slowbro|Slowbro, F|394/394","|move|p1a: IRON NIGGA|Bullet Punch|p2a: Slowbro","|-crit|p2a: Slowbro","|-resisted|p2a: Slowbro","|-damage|p2a: Slowbro|352/394","|-damage|p1a: IRON NIGGA|251/301|[from] item: Rocky Helmet|[of] p2a: Slowbro","|","|turn|2","|","|switch|p1a: CHILLY NIGGA|Empoleon, M, shiny|310/310","|move|p2a: Slowbro|Scald|p1a: CHILLY NIGGA","|-resisted|p1a: CHILLY NIGGA","|-damage|p1a: CHILLY NIGGA|267/310","|","|-heal|p1a: CHILLY NIGGA|286/310|[from] item: Leftovers","|turn|3","|","|move|p1a: CHILLY NIGGA|Scald|p2a: Slowbro","|-resisted|p2a: Slowbro","|-damage|p2a: Slowbro|280/394","|move|p2a: Slowbro|Yawn|p1a: CHILLY NIGGA","|-start|p1a: CHILLY NIGGA|move: Yawn|[of] p2a: Slowbro","|","|-heal|p1a: CHILLY NIGGA|305/310|[from] item: Leftovers","|turn|4","|","|switch|p1a: NIGGA KEYS|Klefki, F, shiny|255/255","|move|p2a: Slowbro|Scald|p1a: NIGGA KEYS","|-damage|p1a: NIGGA KEYS|179/255","|","|turn|5","|","|move|p1a: NIGGA KEYS|Light Screen|p1a: NIGGA KEYS","|-sidestart|p1: loatist|move: Light Screen","|move|p2a: Slowbro|Scald|p1a: NIGGA KEYS","|-damage|p1a: NIGGA KEYS|135/255","|","|turn|6","|","|move|p1a: NIGGA KEYS|Calm Mind|p1a: NIGGA KEYS","|-boost|p1a: NIGGA KEYS|spa|1","|-boost|p1a: NIGGA KEYS|spd|1","|move|p2a: Slowbro|Yawn|p1a: NIGGA KEYS","|-start|p1a: NIGGA KEYS|move: Yawn|[of] p2a: Slowbro","|","|turn|7","|","|move|p1a: NIGGA KEYS|Draining Kiss|p2a: Slowbro","|-damage|p2a: Slowbro|189/394","|-heal|p1a: NIGGA KEYS|204/255|[from] drain|[of] p2a: Slowbro","|-damage|p1a: NIGGA KEYS|162/255|[from] item: Rocky Helmet|[of] p2a: Slowbro","|move|p2a: Slowbro|Scald|p1a: NIGGA KEYS","|-damage|p1a: NIGGA KEYS|135/255","|","|-end|p1a: NIGGA KEYS|move: Yawn|[silent]","|-status|p1a: NIGGA KEYS|slp","|turn|8","|","|cant|p1a: NIGGA KEYS|slp","|move|p2a: Slowbro|Slack Off|p2a: Slowbro","|-heal|p2a: Slowbro|386/394","|","|turn|9","|","|-curestatus|p1a: NIGGA KEYS|slp","|move|p1a: NIGGA KEYS|Calm Mind|p1a: NIGGA KEYS","|-boost|p1a: NIGGA KEYS|spa|1","|-boost|p1a: NIGGA KEYS|spd|1","|move|p2a: Slowbro|Flamethrower|p1a: NIGGA KEYS","|-supereffective|p1a: NIGGA KEYS","|-damage|p1a: NIGGA KEYS|103/255","|","|turn|10","|","|move|p1a: NIGGA KEYS|Calm Mind|p1a: NIGGA KEYS","|-boost|p1a: NIGGA KEYS|spa|1","|-boost|p1a: NIGGA KEYS|spd|1","|move|p2a: Slowbro|Yawn|p1a: NIGGA KEYS","|-start|p1a: NIGGA KEYS|move: Yawn|[of] p2a: Slowbro","|","|turn|11","|","|move|p1a: NIGGA KEYS|Draining Kiss|p2a: Slowbro","|-damage|p2a: Slowbro|238/394","|-heal|p1a: NIGGA KEYS|214/255|[from] drain|[of] p2a: Slowbro","|-damage|p1a: NIGGA KEYS|172/255|[from] item: Rocky Helmet|[of] p2a: Slowbro","|move|p2a: Slowbro|Scald|p1a: NIGGA KEYS","|-damage|p1a: NIGGA KEYS|156/255","|-status|p1a: NIGGA KEYS|brn","|","|-end|p1a: NIGGA KEYS|move: Yawn|[silent]","|-damage|p1a: NIGGA KEYS|125/255 brn|[from] brn","|turn|12","|","|move|p1a: NIGGA KEYS|Calm Mind|p1a: NIGGA KEYS","|-boost|p1a: NIGGA KEYS|spa|1","|-boost|p1a: NIGGA KEYS|spd|1","|move|p2a: Slowbro|Slack Off|p2a: Slowbro","|-heal|p2a: Slowbro|394/394","|","|-damage|p1a: NIGGA KEYS|94/255 brn|[from] brn","|-sideend|p1: loatist|move: Light Screen","|turn|13","|","|switch|p2a: Hoopa-Unbound|Hoopa-Unbound|301/301","|move|p1a: NIGGA KEYS|Light Screen|p1a: NIGGA KEYS","|-sidestart|p1: loatist|move: Light Screen","|","|-damage|p1a: NIGGA KEYS|63/255 brn|[from] brn","|turn|14","|","|move|p2a: Hoopa-Unbound|Fire Punch|p1a: NIGGA KEYS","|-supereffective|p1a: NIGGA KEYS","|-damage|p1a: NIGGA KEYS|0 fnt","|faint|p1a: NIGGA KEYS","|","|","|switch|p1a: SHELL CRACKA|Bronzong|338/338","|turn|15","|","|move|p2a: Hoopa-Unbound|Hyperspace Fury|p1a: SHELL CRACKA","|-supereffective|p1a: SHELL CRACKA","|-damage|p1a: SHELL CRACKA|0 fnt","|-unboost|p2a: Hoopa-Unbound|def|1","|faint|p1a: SHELL CRACKA","|","|","|switch|p1a: IRON NIGGA|Metagross, shiny|251/301","|turn|16","|","|switch|p2a: Slowbro|Slowbro, F|394/394","|move|p1a: IRON NIGGA|Hammer Arm|p2a: Slowbro","|-resisted|p2a: Slowbro","|-damage|p2a: Slowbro|351/394","|-damage|p1a: IRON NIGGA|201/301|[from] item: Rocky Helmet|[of] p2a: Slowbro","|-unboost|p1a: IRON NIGGA|spe|1","|","|turn|17","|","|switch|p1a: HIGH ASS NIGGA|Skarmory, F|334/334","|move|p2a: Slowbro|Scald|p1a: HIGH ASS NIGGA","|-damage|p1a: HIGH ASS NIGGA|291/334","|","|-heal|p1a: HIGH ASS NIGGA|311/334|[from] item: Leftovers","|turn|18","|","|move|p1a: HIGH ASS NIGGA|Stealth Rock|p2a: Slowbro","|-sidestart|p2: Seven Swell|move: Stealth Rock","|move|p2a: Slowbro|Scald|p1a: HIGH ASS NIGGA","|-damage|p1a: HIGH ASS NIGGA|268/334","|","|-heal|p1a: HIGH ASS NIGGA|288/334|[from] item: Leftovers","|turn|19","|","|move|p2a: Slowbro|Scald|p1a: HIGH ASS NIGGA","|-damage|p1a: HIGH ASS NIGGA|247/334","|move|p1a: HIGH ASS NIGGA|Whirlwind|p2a: Slowbro","|drag|p2a: Latias|Latias, F|364/364","|-damage|p2a: Latias|319/364|[from] Stealth Rock","|","|-heal|p2a: Latias|341/364|[from] item: Leftovers","|-heal|p1a: HIGH ASS NIGGA|267/334|[from] item: Leftovers","|turn|20","|","|move|p2a: Latias|Defog|p1a: HIGH ASS NIGGA","|-unboost|p1a: HIGH ASS NIGGA|evasion|1","|-sideend|p1: loatist|move: Light Screen","|-sideend|p2: Seven Swell|Stealth Rock|[from] move: Defog|[of] p2a: Latias","|move|p1a: HIGH ASS NIGGA|Whirlwind|p2a: Latias","|drag|p2a: Deoxys-Speed|Deoxys-Speed|304/304","|-ability|p2a: Deoxys-Speed|Pressure","|","|-heal|p1a: HIGH ASS NIGGA|287/334|[from] item: Leftovers","|turn|21","|","|move|p2a: Deoxys-Speed|Thunderbolt|p1a: HIGH ASS NIGGA","|-supereffective|p1a: HIGH ASS NIGGA","|-damage|p1a: HIGH ASS NIGGA|153/334","|move|p1a: HIGH ASS NIGGA|Brave Bird|p2a: Deoxys-Speed","|-damage|p2a: Deoxys-Speed|171/304","|-damage|p1a: HIGH ASS NIGGA|109/334|[from] recoil|[of] p2a: Deoxys-Speed","|","|-heal|p1a: HIGH ASS NIGGA|129/334|[from] item: Leftovers","|turn|22","|","|move|p2a: Deoxys-Speed|Thunderbolt|p1a: HIGH ASS NIGGA","|-supereffective|p1a: HIGH ASS NIGGA","|-damage|p1a: HIGH ASS NIGGA|7/334","|move|p1a: HIGH ASS NIGGA|Stealth Rock|p2a: Deoxys-Speed","|-sidestart|p2: Seven Swell|move: Stealth Rock","|","|-heal|p1a: HIGH ASS NIGGA|27/334|[from] item: Leftovers","|turn|23","|","|move|p2a: Deoxys-Speed|Thunderbolt|p1a: HIGH ASS NIGGA","|-supereffective|p1a: HIGH ASS NIGGA","|-damage|p1a: HIGH ASS NIGGA|0 fnt","|faint|p1a: HIGH ASS NIGGA","|","|","|switch|p1a: ASHY NIGGUH|Heatran, F|386/386","|-item|p1a: ASHY NIGGUH|Air Balloon","|turn|24","|","|move|p2a: Deoxys-Speed|Thunder Wave|p1a: ASHY NIGGUH","|-status|p1a: ASHY NIGGUH|par","|move|p1a: ASHY NIGGUH|Roar|p2a: Deoxys-Speed","|drag|p2a: Slowbro|Slowbro, F|394/394","|-damage|p2a: Slowbro|345/394|[from] Stealth Rock","|","|turn|25","|","|move|p2a: Slowbro|Scald|p1a: ASHY NIGGUH","|-supereffective|p1a: ASHY NIGGUH","|-damage|p1a: ASHY NIGGUH|212/386 par","|-enditem|p1a: ASHY NIGGUH|Air Balloon","|move|p1a: ASHY NIGGUH|Roar|p2a: Slowbro","|drag|p2a: Mew|Mew|404/404","|-damage|p2a: Mew|354/404|[from] Stealth Rock","|","|-heal|p2a: Mew|379/404|[from] item: Leftovers","|turn|26","|","|move|p2a: Mew|Aura Sphere|p1a: ASHY NIGGUH","|-supereffective|p1a: ASHY NIGGUH","|-damage|p1a: ASHY NIGGUH|80/386 par","|cant|p1a: ASHY NIGGUH|par","|","|-heal|p2a: Mew|404/404|[from] item: Leftovers","|turn|27","|","|move|p2a: Mew|Aura Sphere|p1a: ASHY NIGGUH","|-supereffective|p1a: ASHY NIGGUH","|-damage|p1a: ASHY NIGGUH|0 fnt","|faint|p1a: ASHY NIGGUH","|","|","|win|Seven Swell"],"p1rating":{"entryid":218110,"formatid":"monotype","userid":"loatist","username":"loatist","r":1500,"rd":130,"sigma":0,"rpr":1475.0385247759,"rprd":123.44132577873,"rpsigma":0,"rptime":1440061200,"w":0,"l":1,"t":0,"gxe":46.9,"acre":1000,"lacre":1000,"oldacre":1000},"p2rating":{"entryid":"86214","serverid":"eos","formatid":"monotype","userid":"sevenswell","username":"Seven Swell","w":22,"l":"7","t":"0","gxe":68.4,"r":"1657.3392056267","rd":"80.221831851584","sigma":"0","rptime":"1440061200","rpr":1648.0416645471,"rprd":63.697421441674,"rpsigma":"0","acre":1206.3384572867,"lacre":1206.3384572867,"oldacre":"1194.0081996576"},"endType":"forfeit"}