{"seed":[2060,31105,54047,47519],"turns":34,"p1":"Void Chrono","p2":"GTX♅Pyroar","p1team":[{"name":"Traitor","species":"sableye","item":"sablenite","ability":"Prankster","moves":["foulplay","metalburst","recover","willowisp"],"nature":"Impish","evs":{"hp":252,"atk":4,"def":252,"spa":0,"spd":0,"spe":0},"ivs":{"hp":31,"atk":0,"def":31,"spa":31,"spd":31,"spe":31}},{"name":"Rebel","species":"umbreon","item":"leftovers","ability":"Synchronize","moves":["protect","wish","healbell","foulplay"],"nature":"Calm","evs":{"hp":252,"atk":0,"def":64,"spa":0,"spd":192,"spe":0},"ivs":{"hp":31,"atk":31,"def":31,"spa":31,"spd":31,"spe":31}},{"name":"Fugitive","species":"mandibuzz","item":"rockyhelmet","ability":"Overcoat","moves":["roost","toxic","foulplay","defog"],"nature":"Impish","evs":{"hp":252,"atk":0,"def":252,"spa":0,"spd":4,"spe":0},"ivs":{"hp":31,"atk":31,"def":31,"spa":31,"spd":31,"spe":31}},{"name":"Defector","species":"tyranitar","item":"assaultvest","ability":"Sand Stream","moves":["stoneedge","earthquake","fireblast","icebeam"],"nature":"Sassy","evs":{"hp":230,"atk":0,"def":0,"spa":24,"spd":252,"spe":4},"ivs":{"hp":31,"atk":31,"def":31,"spa":31,"spd":31,"spe":31}},{"name":"Turncoat","species":"bisharp","item":"focussash","ability":"Defiant","moves":["swordsdance","suckerpunch","knockoff","ironhead"],"nature":"Adamant","evs":{"hp":4,"atk":252,"def":0,"spa":0,"spd":0,"spe":252},"ivs":{"hp":31,"atk":31,"def":31,"spa":31,"spd":31,"spe":31}},{"name":"Renegade","species":"hoopaunbound","item":"choicescarf","ability":"Magician","moves":["hyperspacehole","hyperspacefury","firepunch","icepunch"],"nature":"Hasty","evs":{"hp":0,"atk":192,"def":0,"spa":64,"spd":0,"spe":252},"ivs":{"hp":31,"atk":31,"def":31,"spa":31,"spd":31,"spe":31}}],"p2team":[{"name":"Dinner","species":"eelektross","item":"assaultvest","ability":"Levitate","moves":["voltswitch","flamethrower","gigadrain","knockoff"],"nature":"Quiet","evs":{"hp":252,"atk":4,"def":0,"spa":252,"spd":0,"spe":0},"shiny":true,"ivs":{"hp":31,"atk":31,"def":31,"spa":31,"spd":31,"spe":31}},{"name":"Ella","species":"electivire","item":"expertbelt","ability":"Vital Spirit","moves":["thunderpunch","icepunch","earthquake","firepunch"],"nature":"Jolly","evs":{"hp":4,"atk":252,"def":0,"spa":0,"spd":0,"spe":252},"shiny":true,"ivs":{"hp":31,"atk":31,"def":31,"spa":31,"spd":31,"spe":31}},{"name":"Samsung","species":"rotomfrost","item":"leftovers","ability":"Levitate","moves":["blizzard","painsplit","protect","willowisp"],"nature":"Bold","evs":{"hp":248,"atk":0,"def":252,"spa":0,"spd":0,"spe":8},"shiny":true,"ivs":{"hp":31,"atk":31,"def":31,"spa":31,"spd":31,"spe":31}},{"name":"Manny","species":"manectric","item":"manectite","ability":"Static","moves":["thunderbolt","voltswitch","hiddenpowerice","flamethrower"],"nature":"Timid","evs":{"hp":0,"atk":0,"def":0,"spa":252,"spd":4,"spe":252},"ivs":{"hp":31,"atk":30,"def":30,"spa":31,"spd":31,"spe":31},"shiny":true},{"name":"Green Machine","species":"jolteon","item":"lifeorb","ability":"Quick Feet","moves":["thunderbolt","hiddenpowergrass","signalbeam","voltswitch"],"nature":"Timid","evs":{"hp":0,"atk":0,"def":0,"spa":252,"spd":4,"spe":252},"ivs":{"hp":31,"atk":30,"def":31,"spa":30,"spd":31,"spe":31},"shiny":true},{"name":"Marty","species":"zebstrika","item":"kingsrock","ability":"Sap Sipper","moves":["wildcharge","doubleedge","flamecharge","pursuit"],"nature":"Adamant","evs":{"hp":0,"atk":252,"def":0,"spa":0,"spd":4,"spe":252},"shiny":true,"ivs":{"hp":31,"atk":31,"def":31,"spa":31,"spd":31,"spe":31}}],"log":["|player|p1|Void Chrono|voidchrono.png","|player|p2|GTX♅Pyroar|80","|gametype|singles","|gen|6","|tier|Monotype","|rated","|rule|Baton Pass Clause: Limit one Baton Passer, can't pass Spe and other stats simultaneously","|rule|Swagger Clause: Swagger is banned","|rule|Same Type Clause: Pokémon in a team must share a type","|clearpoke","|poke|p1|Sableye, F","|poke|p1|Umbreon, M","|poke|p1|Mandibuzz, F","|poke|p1|Tyranitar, M","|poke|p1|Bisharp, M","|poke|p1|Hoopa-Unbound","|poke|p2|Eelektross, M, shiny","|poke|p2|Electivire, F, shiny","|poke|p2|Rotom-Frost, shiny","|poke|p2|Manectric, F, shiny","|poke|p2|Jolteon, M, shiny","|poke|p2|Zebstrika, M, shiny","|rule|Sleep Clause Mod: Limit one foe put to sleep","|rule|Species Clause: Limit one of each Pokémon","|rule|OHKO Clause: OHKO moves are banned","|rule|Moody Clause: Moody is banned","|rule|Evasion Moves Clause: Evasion moves are banned","|rule|Endless Battle Clause: Forcing endless battles is banned","|rule|HP Percentage Mod: HP is shown in percentages","|teampreview","|","|start","|switch|p1a: Traitor|Sableye, F|304/304","|switch|p2a: Dinner|Eelektross, M, shiny|374/374","|turn|1","|","|switch|p2a: Samsung|Rotom-Frost, shiny|303/303","|move|p1a: Traitor|Will-O-Wisp|p2a: Samsung","|-status|p2a: Samsung|brn","|","|-damage|p2a: Samsung|266/303 brn|[from] brn","|turn|2","|","|detailschange|p1a: Traitor|Sableye-Mega, F","|-mega|p1a: Traitor|Sableye|Sablenite","|move|p2a: Samsung|Will-O-Wisp|p1a: Traitor","|move|p1a: Traitor|Will-O-Wisp|p2a: Samsung|[from]Magic Bounce|[miss]","|-miss|p1a: Traitor|p2a: Samsung","|move|p1a: Traitor|Foul Play|p2a: Samsung","|-damage|p2a: Samsung|214/303 brn","|","|-heal|p2a: Samsung|232/303 brn|[from] item: Leftovers","|-damage|p2a: Samsung|195/303 brn|[from] brn","|turn|3","|","|move|p2a: Samsung|Pain Split|p1a: Traitor","|-sethp|p1a: Traitor|249/304|p2a: Samsung|249/303 brn|[from] move: Pain Split","|move|p1a: Traitor|Will-O-Wisp|p2a: Samsung|[miss]","|-miss|p1a: Traitor|p2a: Samsung","|","|-heal|p2a: Samsung|267/303 brn|[from] item: Leftovers","|-damage|p2a: Samsung|230/303 brn|[from] brn","|turn|4","|","|switch|p1a: Defector|Tyranitar, M|398/398","|-weather|Sandstorm","|move|p2a: Samsung|Pain Split|p1a: Defector","|-sethp|p1a: Defector|314/398|p2a: Samsung|303/303 brn|[from] move: Pain Split","|","|-weather|Sandstorm|[upkeep]","|-damage|p2a: Samsung|285/303 brn|[from] sandstorm","|-heal|p2a: Samsung|303/303 brn|[from] item: Leftovers","|-damage|p2a: Samsung|266/303 brn|[from] brn","|turn|5","|","|move|p2a: Samsung|Will-O-Wisp|p1a: Defector","|-status|p1a: Defector|brn","|move|p1a: Defector|Stone Edge|p2a: Samsung|[miss]","|-miss|p1a: Defector|p2a: Samsung","|","|-weather|Sandstorm|[upkeep]","|-damage|p2a: Samsung|248/303 brn|[from] sandstorm","|-heal|p2a: Samsung|266/303 brn|[from] item: Leftovers","|-damage|p2a: Samsung|229/303 brn|[from] brn","|-damage|p1a: Defector|265/398 brn|[from] brn","|turn|6","|","|move|p2a: Samsung|Protect|p2a: Samsung","|-singleturn|p2a: Samsung|Protect","|move|p1a: Defector|Stone Edge|p2a: Samsung","|-activate|p2a: Samsung|Protect","|","|-weather|Sandstorm|[upkeep]","|-damage|p2a: Samsung|211/303 brn|[from] sandstorm","|-heal|p2a: Samsung|229/303 brn|[from] item: Leftovers","|-damage|p2a: Samsung|192/303 brn|[from] brn","|-damage|p1a: Defector|216/398 brn|[from] brn","|turn|7","|","|switch|p2a: Dinner|Eelektross, M, shiny|374/374","|switch|p1a: Rebel|Umbreon, M|394/394","|","|-weather|Sandstorm|[upkeep]","|-damage|p1a: Rebel|370/394|[from] sandstorm","|-damage|p2a: Dinner|351/374|[from] sandstorm","|-heal|p1a: Rebel|394/394|[from] item: Leftovers","|turn|8","|","|move|p1a: Rebel|Wish|p1a: Rebel","|move|p2a: Dinner|Knock Off|p1a: Rebel","|-resisted|p1a: Rebel","|-damage|p1a: Rebel|356/394","|-enditem|p1a: Rebel|Leftovers|[from] move: Knock Off|[of] p2a: Dinner","|","|-weather|none","|turn|9","|","|switch|p2a: Samsung|Rotom-Frost, shiny|192/303 brn","|move|p1a: Rebel|Heal Bell|p1a: Rebel","|-cureteam|p1a: Rebel|[from] move: HealBell","|","|-heal|p1a: Rebel|394/394|[from] move: Wish|[wisher] Rebel","|-heal|p2a: Samsung|210/303 brn|[from] item: Leftovers","|-damage|p2a: Samsung|173/303 brn|[from] brn","|turn|10","|","|switch|p2a: Green Machine|Jolteon, M, shiny|271/271","|switch|p1a: Defector|Tyranitar, M|216/398","|-weather|Sandstorm","|","|-weather|Sandstorm|[upkeep]","|-damage|p2a: Green Machine|255/271|[from] sandstorm","|turn|11","|","|move|p2a: Green Machine|Signal Beam|p1a: Defector","|-supereffective|p1a: Defector","|-damage|p1a: Defector|143/398","|-start|p1a: Defector|confusion","|-damage|p2a: Green Machine|228/271|[from] item: Life Orb","|-activate|p1a: Defector|confusion","|move|p1a: Defector|Stone Edge|p2a: Green Machine","|-damage|p2a: Green Machine|0 fnt","|faint|p2a: Green Machine","|","|-weather|Sandstorm|[upkeep]","|","|switch|p2a: Dinner|Eelektross, M, shiny|351/374","|turn|12","|","|switch|p1a: Traitor|Sableye-Mega, F|249/304","|move|p2a: Dinner|Giga Drain|p1a: Traitor","|-damage|p1a: Traitor|167/304","|-heal|p2a: Dinner|374/374|[from] drain|[of] p1a: Traitor","|","|-weather|Sandstorm|[upkeep]","|-damage|p2a: Dinner|351/374|[from] sandstorm","|-damage|p1a: Traitor|148/304|[from] sandstorm","|turn|13","|","|move|p2a: Dinner|Giga Drain|p1a: Traitor","|-damage|p1a: Traitor|66/304","|-heal|p2a: Dinner|374/374|[from] drain|[of] p1a: Traitor","|move|p1a: Traitor|Recover|p1a: Traitor","|-heal|p1a: Traitor|218/304","|","|-weather|Sandstorm|[upkeep]","|-damage|p2a: Dinner|351/374|[from] sandstorm","|-damage|p1a: Traitor|199/304|[from] sandstorm","|turn|14","|","|move|p2a: Dinner|Giga Drain|p1a: Traitor","|-damage|p1a: Traitor|125/304","|-heal|p2a: Dinner|374/374|[from] drain|[of] p1a: Traitor","|move|p1a: Traitor|Recover|p1a: Traitor","|-heal|p1a: Traitor|277/304","|","|-weather|none","|turn|15","|","|move|p2a: Dinner|Flamethrower|p1a: Traitor","|-damage|p1a: Traitor|194/304","|move|p1a: Traitor|Will-O-Wisp|p2a: Dinner","|-status|p2a: Dinner|brn","|","|-damage|p2a: Dinner|328/374 brn|[from] brn","|turn|16","|","|move|p2a: Dinner|Flamethrower|p1a: Traitor","|-damage|p1a: Traitor|107/304","|move|p1a: Traitor|Recover|p1a: Traitor","|-heal|p1a: Traitor|259/304","|","|-damage|p2a: Dinner|282/374 brn|[from] brn","|turn|17","|","|switch|p1a: Rebel|Umbreon, M|394/394","|move|p2a: Dinner|Giga Drain|p1a: Rebel","|-damage|p1a: Rebel|345/394","|-heal|p2a: Dinner|307/374 brn|[from] drain|[of] p1a: Rebel","|","|-damage|p2a: Dinner|261/374 brn|[from] brn","|turn|18","|","|move|p1a: Rebel|Wish|p1a: Rebel","|move|p2a: Dinner|Giga Drain|p1a: Rebel","|-damage|p1a: Rebel|288/394","|-heal|p2a: Dinner|290/374 brn|[from] drain|[of] p1a: Rebel","|","|-damage|p2a: Dinner|244/374 brn|[from] brn","|turn|19","|","|switch|p1a: Defector|Tyranitar, M|143/398","|-weather|Sandstorm","|move|p2a: Dinner|Giga Drain|p1a: Defector","|-supereffective|p1a: Defector","|-damage|p1a: Defector|91/398","|-heal|p2a: Dinner|270/374 brn|[from] drain|[of] p1a: Defector","|","|-weather|Sandstorm|[upkeep]","|-damage|p2a: Dinner|247/374 brn|[from] sandstorm","|-heal|p1a: Defector|288/398|[from] move: Wish|[wisher] Rebel","|-damage|p2a: Dinner|201/374 brn|[from] brn","|turn|20","|","|move|p1a: Defector|Stone Edge|p2a: Dinner","|-damage|p2a: Dinner|8/374 brn","|move|p2a: Dinner|Giga Drain|p1a: Defector","|-supereffective|p1a: Defector","|-damage|p1a: Defector|230/398","|-heal|p2a: Dinner|37/374 brn|[from] drain|[of] p1a: Defector","|","|-weather|Sandstorm|[upkeep]","|-damage|p2a: Dinner|14/374 brn|[from] sandstorm","|-damage|p2a: Dinner|0 fnt|[from] brn","|faint|p2a: Dinner","|","|switch|p2a: Ella|Electivire, F, shiny|292/292","|turn|21","|","|switch|p1a: Traitor|Sableye-Mega, F|259/304","|move|p2a: Ella|Earthquake|p1a: Traitor","|-crit|p1a: Traitor","|-damage|p1a: Traitor|153/304","|","|-weather|Sandstorm|[upkeep]","|-damage|p2a: Ella|274/292|[from] sandstorm","|-damage|p1a: Traitor|134/304|[from] sandstorm","|turn|22","|","|move|p2a: Ella|Earthquake|p1a: Traitor","|-damage|p1a: Traitor|61/304","|move|p1a: Traitor|Recover|p1a: Traitor","|-heal|p1a: Traitor|213/304","|","|-weather|Sandstorm|[upkeep]","|-damage|p2a: Ella|256/292|[from] sandstorm","|-damage|p1a: Traitor|194/304|[from] sandstorm","|turn|23","|","|move|p2a: Ella|Thunder Punch|p1a: Traitor","|-damage|p1a: Traitor|116/304","|move|p1a: Traitor|Recover|p1a: Traitor","|-heal|p1a: Traitor|268/304","|","|-weather|none","|turn|24","|","|move|p2a: Ella|Thunder Punch|p1a: Traitor","|-damage|p1a: Traitor|190/304","|move|p1a: Traitor|Foul Play|p2a: Ella","|-damage|p2a: Ella|25/292","|","|turn|25","|","|switch|p2a: Manny|Manectric, F, shiny|281/281","|move|p1a: Traitor|Foul Play|p2a: Manny","|-damage|p2a: Manny|166/281","|-status|p1a: Traitor|par","|","|turn|26","|","|switch|p1a: Rebel|Umbreon, M|288/394","|detailschange|p2a: Manny|Manectric-Mega, F, shiny","|-mega|p2a: Manny|Manectric|Manectite","|-ability|p2a: Manny|Intimidate","|-unboost|p1a: Rebel|atk|1","|move|p2a: Manny|Thunderbolt|p1a: Rebel","|-damage|p1a: Rebel|176/394","|-status|p1a: Rebel|par","|","|turn|27","|","|move|p2a: Manny|Thunderbolt|p1a: Rebel","|-damage|p1a: Rebel|80/394 par","|cant|p1a: Rebel|par","|","|turn|28","|","|move|p2a: Manny|Thunderbolt|p1a: Rebel","|-damage|p1a: Rebel|0 fnt","|faint|p1a: Rebel","|","|","|switch|p1a: Renegade|Hoopa-Unbound|301/301","|turn|29","|","|move|p1a: Renegade|Hyperspace Fury|p2a: Manny","|-damage|p2a: Manny|0 fnt","|-unboost|p1a: Renegade|def|1","|faint|p2a: Manny","|","|","|switch|p2a: Samsung|Rotom-Frost, shiny|173/303 brn","|turn|30","|","|move|p1a: Renegade|Hyperspace Fury|p2a: Samsung","|-damage|p2a: Samsung|28/303 brn","|-unboost|p1a: Renegade|def|1","|move|p2a: Samsung|Will-O-Wisp|p1a: Renegade","|-status|p1a: Renegade|brn","|","|-heal|p2a: Samsung|46/303 brn|[from] item: Leftovers","|-damage|p1a: Renegade|264/301 brn|[from] brn","|-damage|p2a: Samsung|9/303 brn|[from] brn","|turn|31","|","|move|p2a: Samsung|Protect|p2a: Samsung","|-singleturn|p2a: Samsung|Protect","|move|p1a: Renegade|Hyperspace Fury|p2a: Samsung","|-activate|p2a: Samsung|move: Hyperspace Fury|[broken]","|-damage|p2a: Samsung|0 fnt","|-unboost|p1a: Renegade|def|1","|faint|p2a: Samsung","|","|-damage|p1a: Renegade|227/301 brn|[from] brn","|","|switch|p2a: Marty|Zebstrika, M, shiny|291/291","|turn|32","|","|move|p1a: Renegade|Hyperspace Fury|p2a: Marty","|-damage|p2a: Marty|141/291","|-unboost|p1a: Renegade|def|1","|move|p2a: Marty|Wild Charge|p1a: Renegade","|-damage|p1a: Renegade|0 fnt","|-damage|p2a: Marty|84/291|[from] recoil|[of] p1a: Renegade","|faint|p1a: Renegade","|","|","|switch|p1a: Fugitive|Mandibuzz, F|424/424","|turn|33","|","|move|p2a: Marty|Wild Charge|p1a: Fugitive","|-supereffective|p1a: Fugitive","|-damage|p1a: Fugitive|220/424","|-damage|p2a: Marty|36/291|[from] item: Rocky Helmet|[of] p1a: Fugitive","|-damage|p2a: Marty|0 fnt|[from] recoil|[of] p1a: Fugitive","|faint|p2a: Marty","|cant|p1a: Fugitive|flinch","|","|","|switch|p2a: Ella|Electivire, F, shiny|25/292","|turn|34","|","|move|p2a: Ella|Thunder Punch|p1a: Fugitive","|-supereffective|p1a: Fugitive","|-damage|p1a: Fugitive|9/424","|-damage|p2a: Ella|0 fnt|[from] item: Rocky Helmet|[of] p1a: Fugitive","|faint|p2a: Ella","|","|win|Void Chrono"],"p1rating":{"entryid":"75443","serverid":"eos","formatid":"monotype","userid":"voidchrono","username":"Void Chrono","w":2,"l":"1","t":"0","gxe":56,"r":"1515.359496048","rd":"117.51415921155","sigma":"0","rptime":"1440061200","rpr":1547.4678444356,"rprd":112.167923428,"rpsigma":"0","acre":1087.5177967504,"lacre":1087.5177967504,"oldacre":"1062.3018900487"},"p2rating":{"entryid":202161,"formatid":"monotype","userid":"gtxpyroar","username":"GTX♅Pyroar","r":1500,"rd":130,"sigma":0,"rpr":1461.0857727272,"rprd":122.69083469167,"rpsigma":0,"rptime":1440061200,"w":0,"l":1,"t":0,"gxe":45.1,"acre":1000,"lacre":1000,"oldacre":1000},"endType":"normal"}