{"seed":[48244,39966,44521,45008],"turns":53,"p1":"SWL Neßki","p2":"Alliance - Contort","p1team":[{"name":"Garchomp","species":"Garchomp","item":"rockyhelmet","ability":"Rough Skin","moves":["stealthrock","earthquake","dragontail","rocktomb"],"nature":"Impish","evs":{"hp":252,"atk":0,"def":164,"spa":0,"spd":0,"spe":92},"ivs":{"hp":31,"atk":31,"def":31,"spa":31,"spd":31,"spe":31}},{"name":"Latios","species":"Latios","item":"choicescarf","ability":"Levitate","moves":["psyshock","icebeam","dracometeor","hiddenpowerfire"],"nature":"Timid","evs":{"hp":0,"atk":0,"def":0,"spa":252,"spd":4,"spe":252},"ivs":{"hp":31,"atk":30,"def":31,"spa":30,"spd":31,"spe":30}},{"name":"PK-Kaiser","species":"latias","item":"latiasite","ability":"Levitate","moves":["thunderwave","energyball","defog","healingwish"],"nature":"Calm","evs":{"hp":244,"atk":0,"def":0,"spa":0,"spd":252,"spe":12},"ivs":{"hp":31,"atk":0,"def":31,"spa":31,"spd":31,"spe":31},"happiness":0},{"name":"Hydreigon","species":"Hydreigon","item":"focussash","ability":"Levitate","moves":["flamethrower","darkpulse","earthpower","tailwind"],"nature":"Modest","evs":{"hp":4,"atk":0,"def":0,"spa":252,"spd":0,"spe":252},"ivs":{"hp":31,"atk":0,"def":31,"spa":31,"spd":31,"spe":31}},{"name":"Kyurem-Black","species":"Kyurem-Black","item":"assaultvest","ability":"Teravolt","moves":["fusionbolt","ironhead","icebeam","earthpower"],"nature":"Lonely","evs":{"hp":0,"atk":252,"def":0,"spa":108,"spd":0,"spe":148},"ivs":{"hp":31,"atk":31,"def":31,"spa":31,"spd":31,"spe":31}},{"name":"Dragonite","species":"Dragonite","item":"weaknesspolicy","ability":"Multiscale","moves":["dragondance","dragonclaw","extremespeed","earthquake"],"nature":"Adamant","evs":{"hp":220,"atk":252,"def":0,"spa":0,"spd":0,"spe":36},"ivs":{"hp":31,"atk":31,"def":31,"spa":31,"spd":31,"spe":31}}],"p2team":[{"name":"Alomomola","species":"Alomomola","item":"leftovers","ability":"Regenerator","moves":["scald","wish","protect","mirrorcoat"],"nature":"Bold","evs":{"hp":104,"atk":0,"def":248,"spa":0,"spd":156,"spe":0},"ivs":{"hp":31,"atk":0,"def":31,"spa":31,"spd":31,"spe":31}},{"name":"Azumarill","species":"Azumarill","item":"leftovers","ability":"Sap Sipper","moves":["toxic","perishsong","protect","scald"],"nature":"Sassy","evs":{"hp":252,"atk":0,"def":216,"spa":0,"spd":40,"spe":0},"ivs":{"hp":31,"atk":0,"def":31,"spa":31,"spd":31,"spe":0}},{"name":"Lanturn","species":"Lanturn","item":"leftovers","ability":"Volt Absorb","moves":["healbell","scald","voltswitch","toxic"],"nature":"Calm","evs":{"hp":40,"atk":0,"def":252,"spa":0,"spd":216,"spe":0},"ivs":{"hp":31,"atk":0,"def":31,"spa":31,"spd":31,"spe":31}},{"name":"Tentacruel","species":"Tentacruel","item":"blacksludge","ability":"Liquid Ooze","moves":["scald","rapidspin","acidspray","toxicspikes"],"nature":"Calm","evs":{"hp":252,"atk":0,"def":0,"spa":0,"spd":252,"spe":4},"ivs":{"hp":31,"atk":0,"def":31,"spa":31,"spd":31,"spe":31}},{"name":"Quagsire","species":"Quagsire","item":"leftovers","ability":"Unaware","moves":["recover","toxic","scald","earthquake"],"nature":"Relaxed","evs":{"hp":252,"atk":0,"def":252,"spa":0,"spd":4,"spe":0},"ivs":{"hp":31,"atk":31,"def":31,"spa":31,"spd":31,"spe":31}},{"name":"Empoleon","species":"Empoleon","item":"leftovers","ability":"Torrent","moves":["scald","toxic","stealthrock","roar"],"nature":"Calm","evs":{"hp":252,"atk":0,"def":0,"spa":0,"spd":252,"spe":4},"ivs":{"hp":31,"atk":0,"def":31,"spa":31,"spd":31,"spe":31}}],"log":["|player|p1|SWL Neßki|swlneki.png","|player|p2|Alliance - Contort|alliancecontort.png","|gametype|singles","|gen|6","|tier|Monotype","|rated","|rule|Baton Pass Clause: Limit one Baton Passer, can't pass Spe and other stats simultaneously","|rule|Swagger Clause: Swagger is banned","|rule|Same Type Clause: Pokémon in a team must share a type","|clearpoke","|poke|p1|Garchomp, M","|poke|p1|Latios, M","|poke|p1|Latias, F","|poke|p1|Hydreigon, M","|poke|p1|Kyurem-Black","|poke|p1|Dragonite, M","|poke|p2|Alomomola, F","|poke|p2|Azumarill, M","|poke|p2|Lanturn, F","|poke|p2|Tentacruel, M","|poke|p2|Quagsire, F","|poke|p2|Empoleon, M","|rule|Sleep Clause Mod: Limit one foe put to sleep","|rule|Species Clause: Limit one of each Pokémon","|rule|OHKO Clause: OHKO moves are banned","|rule|Moody Clause: Moody is banned","|rule|Evasion Moves Clause: Evasion moves are banned","|rule|Endless Battle Clause: Forcing endless battles is banned","|rule|HP Percentage Mod: HP is shown in percentages","|teampreview","|","|start","|switch|p1a: Hydreigon|Hydreigon, M|326/326","|switch|p2a: Azumarill|Azumarill, M|404/404","|turn|1","|","|move|p1a: Hydreigon|Earth Power|p2a: Azumarill","|-damage|p2a: Azumarill|293/404","|move|p2a: Azumarill|Toxic|p1a: Hydreigon","|-status|p1a: Hydreigon|tox","|","|-heal|p2a: Azumarill|318/404|[from] item: Leftovers","|-damage|p1a: Hydreigon|306/326 tox|[from] psn","|turn|2","|","|switch|p1a: Kyurem-Black|Kyurem-Black|391/391","|-ability|p1a: Kyurem-Black|Teravolt","|move|p2a: Azumarill|Toxic|p1a: Kyurem-Black","|-status|p1a: Kyurem-Black|tox","|","|-heal|p2a: Azumarill|343/404|[from] item: Leftovers","|-damage|p1a: Kyurem-Black|367/391 tox|[from] psn","|turn|3","|","|move|p2a: Azumarill|Protect|p2a: Azumarill","|-singleturn|p2a: Azumarill|Protect","|move|p1a: Kyurem-Black|Fusion Bolt|p2a: Azumarill","|-activate|p2a: Azumarill|Protect","|","|-heal|p2a: Azumarill|368/404|[from] item: Leftovers","|-damage|p1a: Kyurem-Black|319/391 tox|[from] psn","|turn|4","|","|switch|p2a: Quagsire|Quagsire, F|394/394","|move|p1a: Kyurem-Black|Earth Power|p2a: Quagsire","|-damage|p2a: Quagsire|258/394","|","|-heal|p2a: Quagsire|282/394|[from] item: Leftovers","|-damage|p1a: Kyurem-Black|247/391 tox|[from] psn","|turn|5","|","|move|p1a: Kyurem-Black|Ice Beam|p2a: Quagsire","|-damage|p2a: Quagsire|87/394","|move|p2a: Quagsire|Recover|p2a: Quagsire","|-heal|p2a: Quagsire|284/394","|","|-heal|p2a: Quagsire|308/394|[from] item: Leftovers","|-damage|p1a: Kyurem-Black|151/391 tox|[from] psn","|turn|6","|","|switch|p1a: Latios|Latios, M|301/301","|move|p2a: Quagsire|Recover|p2a: Quagsire","|-heal|p2a: Quagsire|394/394","|","|turn|7","|","|switch|p1a: PK-Kaiser|Latias, F|362/362","|switch|p2a: Empoleon|Empoleon, M|372/372","|","|turn|8","|","|detailschange|p1a: PK-Kaiser|Latias-Mega, F","|-mega|p1a: PK-Kaiser|Latias|Latiasite","|move|p1a: PK-Kaiser|Thunder Wave|p2a: Empoleon","|-status|p2a: Empoleon|par","|cant|p2a: Empoleon|par","|","|turn|9","|","|switch|p1a: Garchomp|Garchomp, M|420/420","|cant|p2a: Empoleon|par","|","|turn|10","|","|switch|p2a: Alomomola|Alomomola, F|497/497","|move|p1a: Garchomp|Earthquake|p2a: Alomomola","|-damage|p2a: Alomomola|370/497","|","|-heal|p2a: Alomomola|401/497|[from] item: Leftovers","|turn|11","|","|move|p1a: Garchomp|Stealth Rock|p2a: Alomomola","|-sidestart|p2: Alliance - Contort|move: Stealth Rock","|move|p2a: Alomomola|Scald|p1a: Garchomp","|-damage|p1a: Garchomp|365/420","|","|-heal|p2a: Alomomola|432/497|[from] item: Leftovers","|turn|12","|","|switch|p1a: Latios|Latios, M|301/301","|move|p2a: Alomomola|Wish|p2a: Alomomola","|","|-heal|p2a: Alomomola|463/497|[from] item: Leftovers","|turn|13","|","|switch|p2a: Empoleon|Empoleon, M|372/372 par","|-damage|p2a: Empoleon|349/372 par|[from] Stealth Rock","|move|p1a: Latios|Draco Meteor|p2a: Empoleon","|-resisted|p2a: Empoleon","|-damage|p2a: Empoleon|270/372 par","|-unboost|p1a: Latios|spa|2","|","|-heal|p2a: Empoleon|372/372 par|[from] move: Wish|[wisher] Alomomola","|turn|14","|","|switch|p1a: Dragonite|Dragonite, M|378/378","|move|p2a: Empoleon|Stealth Rock|p1a: Dragonite","|-sidestart|p1: SWL Neßki|move: Stealth Rock","|","|turn|15","|","|move|p1a: Dragonite|Earthquake|p2a: Empoleon","|-supereffective|p2a: Empoleon","|-damage|p2a: Empoleon|60/372 par","|cant|p2a: Empoleon|par","|","|-heal|p2a: Empoleon|83/372 par|[from] item: Leftovers","|turn|16","|","|move|p1a: Dragonite|Earthquake|p2a: Empoleon","|-crit|p2a: Empoleon","|-supereffective|p2a: Empoleon","|-damage|p2a: Empoleon|0 fnt","|faint|p2a: Empoleon","|","|","|switch|p2a: Quagsire|Quagsire, F|394/394","|-damage|p2a: Quagsire|370/394|[from] Stealth Rock","|turn|17","|","|switch|p1a: PK-Kaiser|Latias-Mega, F|362/362","|-damage|p1a: PK-Kaiser|317/362|[from] Stealth Rock","|move|p2a: Quagsire|Scald|p1a: PK-Kaiser","|-resisted|p1a: PK-Kaiser","|-damage|p1a: PK-Kaiser|298/362","|-status|p1a: PK-Kaiser|brn","|","|-heal|p2a: Quagsire|394/394|[from] item: Leftovers","|-damage|p1a: PK-Kaiser|253/362 brn|[from] brn","|turn|18","|","|switch|p2a: Azumarill|Azumarill, M|368/404","|-damage|p2a: Azumarill|318/404|[from] Stealth Rock","|move|p1a: PK-Kaiser|Defog|p2a: Azumarill","|-unboost|p2a: Azumarill|evasion|1","|-sideend|p2: Alliance - Contort|Stealth Rock|[from] move: Defog|[of] p2a: Azumarill","|-sideend|p1: SWL Neßki|Stealth Rock|[from] move: Defog|[of] p1a: PK-Kaiser","|","|-heal|p2a: Azumarill|343/404|[from] item: Leftovers","|-damage|p1a: PK-Kaiser|208/362 brn|[from] brn","|turn|19","|","|switch|p1a: Kyurem-Black|Kyurem-Black|151/391 tox","|-ability|p1a: Kyurem-Black|Teravolt","|move|p2a: Azumarill|Toxic|p1a: Kyurem-Black","|-fail|p1a: Kyurem-Black|tox","|","|-heal|p2a: Azumarill|368/404|[from] item: Leftovers","|-damage|p1a: Kyurem-Black|127/391 tox|[from] psn","|turn|20","|","|move|p2a: Azumarill|Protect|p2a: Azumarill","|-singleturn|p2a: Azumarill|Protect","|move|p1a: Kyurem-Black|Ice Beam|p2a: Azumarill","|-activate|p2a: Azumarill|Protect","|","|-heal|p2a: Azumarill|393/404|[from] item: Leftovers","|-damage|p1a: Kyurem-Black|79/391 tox|[from] psn","|turn|21","|","|switch|p1a: PK-Kaiser|Latias-Mega, F|208/362 brn","|switch|p2a: Lanturn|Lanturn, F|401/401","|","|-damage|p1a: PK-Kaiser|163/362 brn|[from] brn","|turn|22","|","|switch|p1a: Hydreigon|Hydreigon, M|306/326 tox","|move|p2a: Lanturn|Volt Switch|p1a: Hydreigon","|-resisted|p1a: Hydreigon","|-damage|p1a: Hydreigon|267/326 tox","|","|switch|p2a: Azumarill|Azumarill, M|393/404","|","|-heal|p2a: Azumarill|404/404|[from] item: Leftovers","|-damage|p1a: Hydreigon|247/326 tox|[from] psn","|turn|23","|","|move|p1a: Hydreigon|Earth Power|p2a: Azumarill","|-damage|p2a: Azumarill|278/404","|move|p2a: Azumarill|Scald|p1a: Hydreigon","|-resisted|p1a: Hydreigon","|-damage|p1a: Hydreigon|215/326 tox","|","|-heal|p2a: Azumarill|303/404|[from] item: Leftovers","|-damage|p1a: Hydreigon|175/326 tox|[from] psn","|turn|24","|","|switch|p1a: Latios|Latios, M|301/301","|move|p2a: Azumarill|Protect|p2a: Azumarill","|-fail|p2a: Azumarill","|","|-heal|p2a: Azumarill|328/404|[from] item: Leftovers","|turn|25","|","|move|p2a: Azumarill|Protect|p2a: Azumarill","|-singleturn|p2a: Azumarill|Protect","|move|p1a: Latios|Psyshock|p2a: Azumarill","|-activate|p2a: Azumarill|Protect","|","|-heal|p2a: Azumarill|353/404|[from] item: Leftovers","|turn|26","|","|move|p1a: Latios|Psyshock|p2a: Azumarill","|-damage|p2a: Azumarill|226/404","|move|p2a: Azumarill|Toxic|p1a: Latios","|-status|p1a: Latios|tox","|","|-heal|p2a: Azumarill|251/404|[from] item: Leftovers","|-damage|p1a: Latios|283/301 tox|[from] psn","|turn|27","|","|switch|p1a: PK-Kaiser|Latias-Mega, F|163/362 brn","|switch|p2a: Alomomola|Alomomola, F|497/497","|","|-damage|p1a: PK-Kaiser|118/362 brn|[from] brn","|turn|28","|","|move|p1a: PK-Kaiser|Energy Ball|p2a: Alomomola","|-supereffective|p2a: Alomomola","|-damage|p2a: Alomomola|233/497","|move|p2a: Alomomola|Mirror Coat|p1a: PK-Kaiser","|-damage|p1a: PK-Kaiser|0 fnt","|faint|p1a: PK-Kaiser","|","|-heal|p2a: Alomomola|264/497|[from] item: Leftovers","|","|switch|p1a: Dragonite|Dragonite, M|378/378","|turn|29","|","|move|p2a: Alomomola|Protect|p2a: Alomomola","|-singleturn|p2a: Alomomola|Protect","|move|p1a: Dragonite|Dragon Dance|p1a: Dragonite","|-boost|p1a: Dragonite|atk|1","|-boost|p1a: Dragonite|spe|1","|","|-heal|p2a: Alomomola|295/497|[from] item: Leftovers","|turn|30","|","|move|p1a: Dragonite|Dragon Claw|p2a: Alomomola","|-damage|p2a: Alomomola|109/497","|move|p2a: Alomomola|Scald|p1a: Dragonite","|-resisted|p1a: Dragonite","|-damage|p1a: Dragonite|367/378","|","|-heal|p2a: Alomomola|140/497|[from] item: Leftovers","|turn|31","|","|switch|p2a: Azumarill|Azumarill, M|251/404","|move|p1a: Dragonite|Dragon Claw|p2a: Azumarill","|-immune|p2a: Azumarill|[msg]","|","|-heal|p2a: Azumarill|276/404|[from] item: Leftovers","|turn|32","|","|move|p1a: Dragonite|Earthquake|p2a: Azumarill","|-damage|p2a: Azumarill|85/404","|move|p2a: Azumarill|Toxic|p1a: Dragonite","|-status|p1a: Dragonite|tox","|","|-heal|p2a: Azumarill|110/404|[from] item: Leftovers","|-damage|p1a: Dragonite|344/378 tox|[from] psn","|turn|33","|","|switch|p2a: Quagsire|Quagsire, F|394/394","|move|p1a: Dragonite|Earthquake|p2a: Quagsire","|-damage|p2a: Quagsire|287/394","|","|-heal|p2a: Quagsire|311/394|[from] item: Leftovers","|-damage|p1a: Dragonite|298/378 tox|[from] psn","|turn|34","|","|switch|p1a: Hydreigon|Hydreigon, M|175/326 tox","|move|p2a: Quagsire|Recover|p2a: Quagsire","|-heal|p2a: Quagsire|394/394","|","|-damage|p1a: Hydreigon|155/326 tox|[from] psn","|turn|35","|","|switch|p2a: Tentacruel|Tentacruel, M|364/364","|move|p1a: Hydreigon|Dark Pulse|p2a: Tentacruel","|-damage|p2a: Tentacruel|261/364","|","|-heal|p2a: Tentacruel|283/364|[from] item: Black Sludge","|-damage|p1a: Hydreigon|115/326 tox|[from] psn","|turn|36","|","|move|p1a: Hydreigon|Earth Power|p2a: Tentacruel","|-supereffective|p2a: Tentacruel","|-damage|p2a: Tentacruel|131/364","|move|p2a: Tentacruel|Acid Spray|p1a: Hydreigon","|-damage|p1a: Hydreigon|75/326 tox","|-unboost|p1a: Hydreigon|spd|2","|","|-heal|p2a: Tentacruel|153/364|[from] item: Black Sludge","|-damage|p1a: Hydreigon|15/326 tox|[from] psn","|turn|37","|","|switch|p1a: Dragonite|Dragonite, M|298/378 tox","|switch|p2a: Lanturn|Lanturn, F|401/401","|","|-damage|p1a: Dragonite|275/378 tox|[from] psn","|turn|38","|","|move|p1a: Dragonite|Earthquake|p2a: Lanturn","|-supereffective|p2a: Lanturn","|-damage|p2a: Lanturn|113/401","|move|p2a: Lanturn|Volt Switch|p1a: Dragonite","|-damage|p1a: Dragonite|205/378 tox","|","|switch|p2a: Quagsire|Quagsire, F|394/394","|","|-damage|p1a: Dragonite|159/378 tox|[from] psn","|turn|39","|","|move|p1a: Dragonite|Dragon Claw|p2a: Quagsire","|-damage|p2a: Quagsire|268/394","|move|p2a: Quagsire|Scald|p1a: Dragonite","|-resisted|p1a: Dragonite","|-damage|p1a: Dragonite|127/378 tox","|","|-heal|p2a: Quagsire|292/394|[from] item: Leftovers","|-damage|p1a: Dragonite|58/378 tox|[from] psn","|turn|40","|","|switch|p1a: Kyurem-Black|Kyurem-Black|79/391 tox","|-ability|p1a: Kyurem-Black|Teravolt","|move|p2a: Quagsire|Recover|p2a: Quagsire","|-heal|p2a: Quagsire|394/394","|","|-damage|p1a: Kyurem-Black|55/391 tox|[from] psn","|turn|41","|","|move|p1a: Kyurem-Black|Ice Beam|p2a: Quagsire","|-damage|p2a: Quagsire|193/394","|move|p2a: Quagsire|Recover|p2a: Quagsire","|-heal|p2a: Quagsire|390/394","|","|-heal|p2a: Quagsire|394/394|[from] item: Leftovers","|-damage|p1a: Kyurem-Black|7/391 tox|[from] psn","|turn|42","|","|move|p1a: Kyurem-Black|Ice Beam|p2a: Quagsire","|-damage|p2a: Quagsire|201/394","|move|p2a: Quagsire|Recover|p2a: Quagsire","|-heal|p2a: Quagsire|394/394","|","|-damage|p1a: Kyurem-Black|0 fnt|[from] psn","|faint|p1a: Kyurem-Black","|","|switch|p1a: Hydreigon|Hydreigon, M|15/326 tox","|turn|43","|","|move|p1a: Hydreigon|Dark Pulse|p2a: Quagsire","|-damage|p2a: Quagsire|172/394","|move|p2a: Quagsire|Recover|p2a: Quagsire","|-heal|p2a: Quagsire|369/394","|","|-heal|p2a: Quagsire|393/394|[from] item: Leftovers","|-damage|p1a: Hydreigon|0 fnt|[from] psn","|faint|p1a: Hydreigon","|","|switch|p1a: Latios|Latios, M|283/301 tox","|turn|44","|","|switch|p2a: Lanturn|Lanturn, F|113/401","|move|p1a: Latios|Psyshock|p2a: Lanturn","|-damage|p2a: Lanturn|0 fnt","|faint|p2a: Lanturn","|","|-damage|p1a: Latios|265/301 tox|[from] psn","|","|switch|p2a: Alomomola|Alomomola, F|305/497","|turn|45","|","|switch|p1a: Dragonite|Dragonite, M|58/378 tox","|move|p2a: Alomomola|Wish|p2a: Alomomola","|","|-heal|p2a: Alomomola|336/497|[from] item: Leftovers","|-damage|p1a: Dragonite|35/378 tox|[from] psn","|turn|46","|","|move|p2a: Alomomola|Protect|p2a: Alomomola","|-singleturn|p2a: Alomomola|Protect","|move|p1a: Dragonite|Dragon Claw|p2a: Alomomola","|-activate|p2a: Alomomola|Protect","|","|-heal|p2a: Alomomola|497/497|[from] move: Wish|[wisher] Alomomola","|-damage|p1a: Dragonite|0 fnt|[from] psn","|faint|p1a: Dragonite","|","|switch|p1a: Latios|Latios, M|265/301 tox","|turn|47","|","|move|p1a: Latios|Psyshock|p2a: Alomomola","|-damage|p2a: Alomomola|367/497","|move|p2a: Alomomola|Wish|p2a: Alomomola","|","|-heal|p2a: Alomomola|398/497|[from] item: Leftovers","|-damage|p1a: Latios|247/301 tox|[from] psn","|turn|48","|","|move|p1a: Latios|Psyshock|p2a: Alomomola","|-damage|p2a: Alomomola|280/497","|move|p2a: Alomomola|Mirror Coat|p1a: Latios","|-damage|p1a: Latios|11/301 tox","|","|-heal|p2a: Alomomola|497/497|[from] move: Wish|[wisher] Alomomola","|-damage|p1a: Latios|0 fnt|[from] psn","|faint|p1a: Latios","|","|switch|p1a: Garchomp|Garchomp, M|365/420","|turn|49","|","|move|p1a: Garchomp|Earthquake|p2a: Alomomola","|-damage|p2a: Alomomola|367/497","|move|p2a: Alomomola|Scald|p1a: Garchomp","|-damage|p1a: Garchomp|311/420","|-status|p1a: Garchomp|brn","|","|-heal|p2a: Alomomola|398/497|[from] item: Leftovers","|-damage|p1a: Garchomp|259/420 brn|[from] brn","|turn|50","|","|move|p1a: Garchomp|Earthquake|p2a: Alomomola","|-crit|p2a: Alomomola","|-damage|p2a: Alomomola|308/497","|move|p2a: Alomomola|Wish|p2a: Alomomola","|","|-heal|p2a: Alomomola|339/497|[from] item: Leftovers","|-damage|p1a: Garchomp|207/420 brn|[from] brn","|turn|51","|","|move|p1a: Garchomp|Earthquake|p2a: Alomomola","|-damage|p2a: Alomomola|273/497","|move|p2a: Alomomola|Scald|p1a: Garchomp","|-damage|p1a: Garchomp|150/420 brn","|","|-heal|p2a: Alomomola|497/497|[from] move: Wish|[wisher] Alomomola","|-damage|p1a: Garchomp|98/420 brn|[from] brn","|turn|52","|","|move|p1a: Garchomp|Earthquake|p2a: Alomomola","|-damage|p2a: Alomomola|432/497","|move|p2a: Alomomola|Wish|p2a: Alomomola","|","|-heal|p2a: Alomomola|463/497|[from] item: Leftovers","|-damage|p1a: Garchomp|46/420 brn|[from] brn","|turn|53","|","|move|p2a: Alomomola|Protect|p2a: Alomomola","|-singleturn|p2a: Alomomola|Protect","|move|p1a: Garchomp|Earthquake|p2a: Alomomola","|-activate|p2a: Alomomola|Protect","|","|-heal|p2a: Alomomola|497/497|[from] move: Wish|[wisher] Alomomola","|-damage|p1a: Garchomp|0 fnt|[from] brn","|faint|p1a: Garchomp","|","|win|Alliance - Contort"],"p1rating":{"entryid":"388","serverid":"eos","formatid":"monotype","userid":"swlneki","username":"SWL Neßki","w":"17","l":6,"t":"0","gxe":66.9,"r":"1633.4747851943","rd":"86.012947461341","sigma":"0","rptime":"1439974800","rpr":1634.5172849053,"rprd":68.980939656353,"rpsigma":"0","acre":1177.716769435,"lacre":1177.716769435,"oldacre":"1204.7149294605"},"p2rating":{"entryid":"124734","serverid":"eos","formatid":"monotype","userid":"alliancecontort","username":"Alliance - Contort","w":9,"l":"1","t":"0","gxe":70.5,"r":"1500","rd":"130","sigma":"0","rptime":"1439974800","rpr":1668.7529116857,"rprd":87.687356670274,"rpsigma":"0","acre":1203.8844536898,"lacre":1203.8844536898,"oldacre":"1176.8862936643"},"endType":"normal"}