{"seed":[20624,33230,26500,63797],"turns":32,"p1":"Crystal★Tempo","p2":"Imp Elegant","p1team":[{"name":"Aggron","species":"Aggron","item":"aggronite","ability":"Heavy Metal","moves":["rest","sleeptalk","heavyslam","curse"],"nature":"Impish","evs":{"hp":248,"atk":40,"def":220,"spa":0,"spd":0,"spe":0},"ivs":{"hp":31,"atk":31,"def":31,"spa":31,"spd":31,"spe":31}},{"name":"Magnezone","species":"Magnezone","item":"choicescarf","ability":"Magnet Pull","moves":["voltswitch","flashcannon","hiddenpowerice","discharge"],"nature":"Timid","evs":{"hp":0,"atk":0,"def":0,"spa":252,"spd":4,"spe":252},"ivs":{"hp":31,"atk":30,"def":30,"spa":31,"spd":31,"spe":31}},{"name":"Klefki","species":"Klefki","item":"lightclay","ability":"Prankster","moves":["spikes","foulplay","lightscreen","reflect"],"nature":"Bold","evs":{"hp":248,"atk":0,"def":252,"spa":0,"spd":8,"spe":0},"ivs":{"hp":31,"atk":31,"def":31,"spa":31,"spd":31,"spe":31}},{"name":"Scizor","species":"Scizor","item":"occaberry","ability":"Technician","moves":["swordsdance","roost","bulletpunch","knockoff"],"nature":"Adamant","evs":{"hp":240,"atk":252,"def":0,"spa":0,"spd":16,"spe":0},"ivs":{"hp":31,"atk":31,"def":31,"spa":31,"spd":31,"spe":31}},{"name":"Heatran","species":"Heatran","item":"lifeorb","ability":"Flash Fire","moves":["earthpower","lavaplume","stealthrock","dragonpulse"],"nature":"Modest","evs":{"hp":0,"atk":0,"def":0,"spa":252,"spd":4,"spe":252},"ivs":{"hp":31,"atk":31,"def":31,"spa":31,"spd":31,"spe":31}},{"name":"Ferrothorn","species":"Ferrothorn","item":"rockyhelmet","ability":"Iron Barbs","moves":["leechseed","protect","thunderwave","powerwhip"],"nature":"Impish","evs":{"hp":248,"atk":8,"def":252,"spa":0,"spd":0,"spe":0},"ivs":{"hp":31,"atk":31,"def":31,"spa":31,"spd":31,"spe":31}}],"p2team":[{"name":"Klefki","species":"Klefki","item":"lightclay","ability":"Prankster","moves":["spikes","thunderwave","lightscreen","reflect"],"nature":"Bold","evs":{"hp":248,"atk":0,"def":252,"spa":0,"spd":8,"spe":0},"gender":"M","shiny":true,"ivs":{"hp":31,"atk":31,"def":31,"spa":31,"spd":31,"spe":31}},{"name":"Azumarill","species":"Azumarill","item":"sitrusberry","ability":"Huge Power","moves":["bellydrum","aquajet","playrough","knockoff"],"nature":"Adamant","evs":{"hp":252,"atk":252,"def":0,"spa":0,"spd":4,"spe":0},"gender":"M","ivs":{"hp":31,"atk":31,"def":31,"spa":31,"spd":31,"spe":31}},{"name":"Sylveon","species":"Sylveon","item":"leftovers","ability":"Pixilate","moves":["calmmind","hypervoice","psyshock","hiddenpowerfire"],"nature":"Modest","evs":{"hp":252,"atk":0,"def":0,"spa":252,"spd":4,"spe":0},"gender":"F","ivs":{"hp":31,"atk":30,"def":31,"spa":30,"spd":31,"spe":30},"shiny":true},{"name":"Togekiss","species":"Togekiss","item":"leftovers","ability":"Serene Grace","moves":["nastyplot","thunderwave","airslash","roost"],"nature":"Calm","evs":{"hp":252,"atk":0,"def":0,"spa":4,"spd":252,"spe":0},"gender":"F","ivs":{"hp":31,"atk":31,"def":31,"spa":31,"spd":31,"spe":31}},{"name":"Gardevoir","species":"Gardevoir","item":"choicescarf","ability":"Trace","moves":["moonblast","shadowball","psychic","focusblast"],"nature":"Timid","evs":{"hp":0,"atk":0,"def":0,"spa":252,"spd":4,"spe":252},"gender":"F","shiny":true,"ivs":{"hp":31,"atk":31,"def":31,"spa":31,"spd":31,"spe":31}},{"name":"Diancie","species":"Diancie","item":"diancite","ability":"Clear Body","moves":["moonblast","diamondstorm","earthpower","protect"],"nature":"Hasty","evs":{"hp":0,"atk":4,"def":0,"spa":252,"spd":0,"spe":252},"shiny":true,"ivs":{"hp":31,"atk":31,"def":31,"spa":31,"spd":31,"spe":31}}],"log":["|player|p1|Crystal★Tempo|1","|player|p2|Imp Elegant|291","|gametype|singles","|gen|6","|tier|Monotype","|rated","|rule|Baton Pass Clause: Limit one Baton Passer, can't pass Spe and other stats simultaneously","|rule|Swagger Clause: Swagger is banned","|rule|Same Type Clause: Pokémon in a team must share a type","|clearpoke","|poke|p1|Aggron, M","|poke|p1|Magnezone","|poke|p1|Klefki, M","|poke|p1|Scizor, F","|poke|p1|Heatran, F","|poke|p1|Ferrothorn, F","|poke|p2|Klefki, M, shiny","|poke|p2|Azumarill, M","|poke|p2|Sylveon, F, shiny","|poke|p2|Togekiss, F","|poke|p2|Gardevoir, F, shiny","|poke|p2|Diancie, shiny","|rule|Sleep Clause Mod: Limit one foe put to sleep","|rule|Species Clause: Limit one of each Pokémon","|rule|OHKO Clause: OHKO moves are banned","|rule|Moody Clause: Moody is banned","|rule|Evasion Moves Clause: Evasion moves are banned","|rule|Endless Battle Clause: Forcing endless battles is banned","|rule|HP Percentage Mod: HP is shown in percentages","|teampreview","|","|start","|switch|p1a: Klefki|Klefki, M|317/317","|switch|p2a: Klefki|Klefki, M, shiny|317/317","|turn|1","|","|move|p2a: Klefki|Thunder Wave|p1a: Klefki","|-status|p1a: Klefki|par","|move|p1a: Klefki|Spikes|p2a: Klefki","|-sidestart|p2: Imp Elegant|Spikes","|","|turn|2","|","|move|p2a: Klefki|Light Screen|p2a: Klefki","|-sidestart|p2: Imp Elegant|move: Light Screen","|move|p1a: Klefki|Spikes|p2a: Klefki","|-sidestart|p2: Imp Elegant|Spikes","|","|turn|3","|","|move|p2a: Klefki|Reflect|p2a: Klefki","|-sidestart|p2: Imp Elegant|Reflect","|move|p1a: Klefki|Spikes|p2a: Klefki","|-sidestart|p2: Imp Elegant|Spikes","|","|turn|4","|","|move|p2a: Klefki|Spikes|p1a: Klefki","|-sidestart|p1: Crystal★Tempo|Spikes","|move|p1a: Klefki|Light Screen|p1a: Klefki","|-sidestart|p1: Crystal★Tempo|move: Light Screen","|","|turn|5","|","|move|p2a: Klefki|Spikes|p1a: Klefki","|-sidestart|p1: Crystal★Tempo|Spikes","|move|p1a: Klefki|Reflect|p1a: Klefki","|-sidestart|p1: Crystal★Tempo|Reflect","|","|turn|6","|","|switch|p1a: Heatran|Heatran, F|323/323","|-damage|p1a: Heatran|270/323|[from] Spikes","|move|p2a: Klefki|Spikes|p1a: Heatran","|-sidestart|p1: Crystal★Tempo|Spikes","|","|turn|7","|","|move|p2a: Klefki|Thunder Wave|p1a: Heatran","|-status|p1a: Heatran|par","|move|p1a: Heatran|Lava Plume|p2a: Klefki","|-supereffective|p2a: Klefki","|-damage|p2a: Klefki|75/317","|-status|p2a: Klefki|brn","|-damage|p1a: Heatran|238/323 par|[from] item: Life Orb","|","|-damage|p2a: Klefki|36/317 brn|[from] brn","|turn|8","|","|switch|p2a: Gardevoir|Gardevoir, F, shiny|277/277","|-damage|p2a: Gardevoir|208/277|[from] Spikes","|-ability|p2a: Gardevoir|Flash Fire|[from] ability: Trace|[of] p1a: Heatran","|cant|p1a: Heatran|par","|","|turn|9","|","|move|p2a: Gardevoir|Focus Blast|p1a: Heatran","|-supereffective|p1a: Heatran","|-damage|p1a: Heatran|113/323 par","|move|p1a: Heatran|Stealth Rock|p2a: Gardevoir","|-sidestart|p2: Imp Elegant|move: Stealth Rock","|","|-sideend|p2: Imp Elegant|move: Light Screen","|turn|10","|","|switch|p1a: Klefki|Klefki, M|317/317 par","|-damage|p1a: Klefki|238/317 par|[from] Spikes","|move|p2a: Gardevoir|Focus Blast|p1a: Klefki","|-damage|p1a: Klefki|165/317 par","|","|-sideend|p2: Imp Elegant|Reflect","|turn|11","|","|switch|p2a: Klefki|Klefki, M, shiny|36/317 brn","|-damage|p2a: Klefki|0 fnt|[from] Spikes","|faint|p2a: Klefki","|cant|p1a: Klefki|par","|","|-sideend|p1: Crystal★Tempo|move: Light Screen","|","|switch|p2a: Togekiss|Togekiss, F|374/374","|-damage|p2a: Togekiss|281/374|[from] Stealth Rock","|turn|12","|","|move|p1a: Klefki|Light Screen|p1a: Klefki","|-sidestart|p1: Crystal★Tempo|move: Light Screen","|move|p2a: Togekiss|Air Slash|p1a: Klefki","|-crit|p1a: Klefki","|-resisted|p1a: Klefki","|-damage|p1a: Klefki|80/317 par","|","|-heal|p2a: Togekiss|304/374|[from] item: Leftovers","|-sideend|p1: Crystal★Tempo|Reflect","|turn|13","|","|move|p2a: Togekiss|Air Slash|p1a: Klefki","|-resisted|p1a: Klefki","|-damage|p1a: Klefki|53/317 par","|cant|p1a: Klefki|flinch","|","|-heal|p2a: Togekiss|327/374|[from] item: Leftovers","|turn|14","|","|move|p2a: Togekiss|Air Slash|p1a: Klefki","|-resisted|p1a: Klefki","|-damage|p1a: Klefki|22/317 par","|cant|p1a: Klefki|flinch","|","|-heal|p2a: Togekiss|350/374|[from] item: Leftovers","|turn|15","|","|move|p1a: Klefki|Reflect|p1a: Klefki","|-sidestart|p1: Crystal★Tempo|Reflect","|move|p2a: Togekiss|Air Slash|p1a: Klefki","|-resisted|p1a: Klefki","|-damage|p1a: Klefki|0 fnt","|faint|p1a: Klefki","|","|-heal|p2a: Togekiss|373/374|[from] item: Leftovers","|","|switch|p1a: Heatran|Heatran, F|113/323 par","|-damage|p1a: Heatran|33/323 par|[from] Spikes","|turn|16","|","|move|p2a: Togekiss|Air Slash|p1a: Heatran","|-crit|p1a: Heatran","|-resisted|p1a: Heatran","|-damage|p1a: Heatran|0 fnt","|faint|p1a: Heatran","|","|-heal|p2a: Togekiss|374/374|[from] item: Leftovers","|","|switch|p1a: Magnezone|Magnezone|281/281","|-damage|p1a: Magnezone|211/281|[from] Spikes","|turn|17","|","|move|p1a: Magnezone|Volt Switch|p2a: Togekiss","|-supereffective|p2a: Togekiss","|-damage|p2a: Togekiss|194/374","|","|switch|p1a: Ferrothorn|Ferrothorn, F|351/351","|-damage|p1a: Ferrothorn|264/351|[from] Spikes","|move|p2a: Togekiss|Air Slash|p1a: Ferrothorn","|-damage|p1a: Ferrothorn|220/351","|","|-heal|p2a: Togekiss|217/374|[from] item: Leftovers","|turn|18","|","|move|p2a: Togekiss|Thunder Wave|p1a: Ferrothorn","|-status|p1a: Ferrothorn|par","|cant|p1a: Ferrothorn|par","|","|-heal|p2a: Togekiss|240/374|[from] item: Leftovers","|turn|19","|","|move|p2a: Togekiss|Air Slash|p1a: Ferrothorn|[miss]","|-miss|p2a: Togekiss|p1a: Ferrothorn","|cant|p1a: Ferrothorn|par","|","|-heal|p2a: Togekiss|263/374|[from] item: Leftovers","|-sideend|p1: Crystal★Tempo|move: Light Screen","|turn|20","|","|move|p2a: Togekiss|Air Slash|p1a: Ferrothorn","|-damage|p1a: Ferrothorn|132/351 par","|cant|p1a: Ferrothorn|par","|","|-heal|p2a: Togekiss|286/374|[from] item: Leftovers","|turn|21","|","|move|p2a: Togekiss|Air Slash|p1a: Ferrothorn","|-damage|p1a: Ferrothorn|36/351 par","|cant|p1a: Ferrothorn|flinch","|","|-heal|p2a: Togekiss|309/374|[from] item: Leftovers","|turn|22","|","|move|p1a: Ferrothorn|Protect|p1a: Ferrothorn","|-singleturn|p1a: Ferrothorn|Protect","|move|p2a: Togekiss|Air Slash|p1a: Ferrothorn","|-activate|p1a: Ferrothorn|Protect","|","|-heal|p2a: Togekiss|332/374|[from] item: Leftovers","|-sideend|p1: Crystal★Tempo|Reflect","|turn|23","|","|move|p2a: Togekiss|Air Slash|p1a: Ferrothorn","|-damage|p1a: Ferrothorn|0 fnt","|faint|p1a: Ferrothorn","|","|-heal|p2a: Togekiss|355/374|[from] item: Leftovers","|","|switch|p1a: Magnezone|Magnezone|211/281","|-damage|p1a: Magnezone|141/281|[from] Spikes","|turn|24","|","|move|p1a: Magnezone|Discharge|p2a: Togekiss","|-crit|p2a: Togekiss","|-supereffective|p2a: Togekiss","|-damage|p2a: Togekiss|59/374","|move|p2a: Togekiss|Air Slash|p1a: Magnezone","|-crit|p1a: Magnezone","|-resisted|p1a: Magnezone","|-damage|p1a: Magnezone|98/281","|","|-heal|p2a: Togekiss|82/374|[from] item: Leftovers","|turn|25","|","|move|p1a: Magnezone|Discharge|p2a: Togekiss","|-supereffective|p2a: Togekiss","|-damage|p2a: Togekiss|0 fnt","|faint|p2a: Togekiss","|","|","|switch|p2a: Diancie|Diancie, shiny|241/241","|-damage|p2a: Diancie|211/241|[from] Stealth Rock","|-damage|p2a: Diancie|151/241|[from] Spikes","|turn|26","|","|detailschange|p2a: Diancie|Diancie-Mega, shiny","|-mega|p2a: Diancie|Diancie|Diancite","|move|p2a: Diancie|Protect|p2a: Diancie","|-singleturn|p2a: Diancie|Protect","|move|p1a: Magnezone|Discharge|p2a: Diancie","|-activate|p2a: Diancie|Protect","|","|turn|27","|","|move|p1a: Magnezone|Discharge|p2a: Diancie","|-damage|p2a: Diancie|30/241","|move|p2a: Diancie|Earth Power|p1a: Magnezone","|-supereffective|p1a: Magnezone","|-damage|p1a: Magnezone|0 fnt","|faint|p1a: Magnezone","|","|","|switch|p1a: Scizor|Scizor, F|341/341","|-damage|p1a: Scizor|256/341|[from] Spikes","|turn|28","|","|move|p1a: Scizor|Bullet Punch|p2a: Diancie","|-supereffective|p2a: Diancie","|-damage|p2a: Diancie|0 fnt","|faint|p2a: Diancie","|","|","|switch|p2a: Azumarill|Azumarill, M|404/404","|-damage|p2a: Azumarill|303/404|[from] Spikes","|-damage|p2a: Azumarill|253/404|[from] Stealth Rock","|turn|29","|","|move|p1a: Scizor|Swords Dance|p1a: Scizor","|-boost|p1a: Scizor|atk|2","|move|p2a: Azumarill|Knock Off|p1a: Scizor","|-damage|p1a: Scizor|120/341","|-enditem|p1a: Scizor|Occa Berry|[from] move: Knock Off|[of] p2a: Azumarill","|","|turn|30","|","|move|p1a: Scizor|Bullet Punch|p2a: Azumarill","|-damage|p2a: Azumarill|0 fnt","|faint|p2a: Azumarill","|","|","|switch|p2a: Gardevoir|Gardevoir, F, shiny|208/277","|-damage|p2a: Gardevoir|139/277|[from] Spikes","|-damage|p2a: Gardevoir|105/277|[from] Stealth Rock","|-ability|p2a: Gardevoir|Technician|[from] ability: Trace|[of] p1a: Scizor","|turn|31","|","|move|p1a: Scizor|Bullet Punch|p2a: Gardevoir","|-supereffective|p2a: Gardevoir","|-damage|p2a: Gardevoir|0 fnt","|faint|p2a: Gardevoir","|","|","|switch|p2a: Sylveon|Sylveon, F, shiny|394/394","|-damage|p2a: Sylveon|296/394|[from] Spikes","|-damage|p2a: Sylveon|247/394|[from] Stealth Rock","|turn|32","|","|move|p1a: Scizor|Bullet Punch|p2a: Sylveon","|-supereffective|p2a: Sylveon","|-damage|p2a: Sylveon|0 fnt","|faint|p2a: Sylveon","|","|win|Crystal★Tempo"],"p1rating":{"entryid":"95965","serverid":"eos","formatid":"monotype","userid":"crystaltempo","username":"Crystal★Tempo","w":2,"l":"2","t":"0","gxe":50,"r":"1500.029275973","rd":"116.84146468108","sigma":"0","rptime":"1440061200","rpr":1500.0245338551,"rprd":106.96069628583,"rpsigma":"0","acre":1056.504460179,"lacre":1056.504460179,"oldacre":"1022.1660277196"},"p2rating":{"entryid":199119,"formatid":"monotype","userid":"impelegant","username":"Imp Elegant","r":1500,"rd":130,"sigma":0,"rpr":1459.3939596676,"rprd":122.6699558747,"rpsigma":0,"rptime":1440061200,"w":0,"l":1,"t":0,"gxe":44.9,"acre":1000,"lacre":1000,"oldacre":1000},"endType":"normal"}