{"seed":[21925,26857,30506,59946],"turns":25,"p1":"Emg_DemZii","p2":"Inferno Sableye","p1team":[{"name":"The Counter","species":"lanturn","item":"leftovers","ability":"Volt Absorb","moves":["thunderwave","healbell","protect","voltswitch"],"nature":"Calm","evs":{"hp":248,"atk":0,"def":0,"spa":8,"spd":252,"spe":0},"shiny":true,"ivs":{"hp":31,"atk":31,"def":31,"spa":31,"spd":31,"spe":31}},{"name":"The Wall","species":"quagsire","item":"leftovers","ability":"Unaware","moves":["scald","toxic","recover","earthquake"],"nature":"Impish","evs":{"hp":252,"atk":4,"def":252,"spa":0,"spd":0,"spe":0},"shiny":true,"ivs":{"hp":31,"atk":31,"def":31,"spa":31,"spd":31,"spe":31}},{"name":"PokeSex;)","species":"tentacruel","item":"blacksludge","ability":"Rain Dish","moves":["rapidspin","sludgebomb","haze","scald"],"nature":"Calm","evs":{"hp":248,"atk":0,"def":0,"spa":8,"spd":252,"spe":0},"shiny":true,"ivs":{"hp":31,"atk":31,"def":31,"spa":31,"spd":31,"spe":31}},{"name":"I Make It Rain","species":"politoed","item":"choicespecs","ability":"Drizzle","moves":["hydropump","hiddenpowergrass","focusblast","hypervoice"],"nature":"Modest","evs":{"hp":248,"atk":0,"def":0,"spa":252,"spd":8,"spe":0},"ivs":{"hp":31,"atk":30,"def":31,"spa":30,"spd":31,"spe":31},"shiny":true},{"name":"Ur Fucked","species":"swampert","item":"swampertite","ability":"Torrent","moves":["earthquake","icebeam","waterfall","hammerarm"],"nature":"Lonely","evs":{"hp":248,"atk":252,"def":0,"spa":8,"spd":0,"spe":0},"shiny":true,"ivs":{"hp":31,"atk":31,"def":31,"spa":31,"spd":31,"spe":31}},{"name":"PowerHouse","species":"azumarill","item":"choiceband","ability":"Sap Sipper","moves":["playrough","aquajet","superpower","knockoff"],"nature":"Adamant","evs":{"hp":248,"atk":252,"def":0,"spa":0,"spd":8,"spe":0},"shiny":true,"ivs":{"hp":31,"atk":31,"def":31,"spa":31,"spd":31,"spe":31}}],"p2team":[{"name":"Sableye","species":"Sableye","item":"sablenite","ability":"Prankster","moves":["calmmind","recover","shadowball","willowisp"],"nature":"Bold","evs":{"hp":252,"atk":0,"def":204,"spa":0,"spd":52,"spe":0},"shiny":true,"ivs":{"hp":31,"atk":31,"def":31,"spa":31,"spd":31,"spe":31}},{"name":"Hoopa-Unbound","species":"Hoopa-Unbound","item":"choicescarf","ability":"Magician","moves":["gunkshot","psychic","hyperspacefury","drainpunch"],"nature":"Lonely","evs":{"hp":0,"atk":252,"def":0,"spa":4,"spd":0,"spe":252},"ivs":{"hp":31,"atk":31,"def":31,"spa":31,"spd":31,"spe":31}},{"name":"Bisharp","species":"Bisharp","item":"lumberry","ability":"Defiant","moves":["swordsdance","ironhead","knockoff","suckerpunch"],"nature":"Adamant","evs":{"hp":0,"atk":252,"def":0,"spa":0,"spd":4,"spe":252},"ivs":{"hp":31,"atk":31,"def":31,"spa":31,"spd":31,"spe":31}},{"name":"Tyranitar","species":"Tyranitar","item":"leftovers","ability":"Sand Stream","moves":["stealthrock","rockslide","earthquake","thunderwave"],"nature":"Impish","evs":{"hp":252,"atk":0,"def":176,"spa":0,"spd":80,"spe":0},"ivs":{"hp":31,"atk":31,"def":31,"spa":31,"spd":31,"spe":31}},{"name":"Weavile","species":"Weavile","item":"lifeorb","ability":"Pressure","moves":["iciclecrash","iceshard","knockoff","lowkick"],"nature":"Jolly","evs":{"hp":0,"atk":252,"def":0,"spa":0,"spd":4,"spe":252},"ivs":{"hp":31,"atk":31,"def":31,"spa":31,"spd":31,"spe":31}},{"name":"Mandibuzz","species":"Mandibuzz","item":"rockyhelmet","ability":"Overcoat","moves":["foulplay","roost","defog","whirlwind"],"nature":"Impish","evs":{"hp":252,"atk":4,"def":172,"spa":0,"spd":80,"spe":0},"ivs":{"hp":31,"atk":31,"def":31,"spa":31,"spd":31,"spe":31}}],"log":["|player|p1|Emg_DemZii|99","|player|p2|Inferno Sableye|infernosableye.png","|gametype|singles","|gen|6","|tier|Monotype","|rated","|rule|Baton Pass Clause: Limit one Baton Passer, can't pass Spe and other stats simultaneously","|rule|Swagger Clause: Swagger is banned","|rule|Same Type Clause: Pokémon in a team must share a type","|clearpoke","|poke|p1|Lanturn, F, shiny","|poke|p1|Quagsire, F, shiny","|poke|p1|Tentacruel, F, shiny","|poke|p1|Politoed, F, shiny","|poke|p1|Swampert, F, shiny","|poke|p1|Azumarill, M, shiny","|poke|p2|Sableye, M, shiny","|poke|p2|Hoopa-Unbound","|poke|p2|Bisharp, F","|poke|p2|Tyranitar, M","|poke|p2|Weavile, M","|poke|p2|Mandibuzz, F","|rule|Sleep Clause Mod: Limit one foe put to sleep","|rule|Species Clause: Limit one of each Pokémon","|rule|OHKO Clause: OHKO moves are banned","|rule|Moody Clause: Moody is banned","|rule|Evasion Moves Clause: Evasion moves are banned","|rule|Endless Battle Clause: Forcing endless battles is banned","|rule|HP Percentage Mod: HP is shown in percentages","|teampreview","|","|start","|switch|p1a: I Make It Rain|Politoed, F, shiny|383/383","|switch|p2a: Sableye|Sableye, M, shiny|304/304","|-weather|RainDance","|turn|1","|","|detailschange|p2a: Sableye|Sableye-Mega, M, shiny","|-mega|p2a: Sableye|Sableye|Sablenite","|move|p2a: Sableye|Will-O-Wisp|p1a: I Make It Rain","|-status|p1a: I Make It Rain|brn","|move|p1a: I Make It Rain|Hydro Pump|p2a: Sableye|[miss]","|-miss|p1a: I Make It Rain|p2a: Sableye","|","|-weather|RainDance|[upkeep]","|-damage|p1a: I Make It Rain|336/383 brn|[from] brn","|turn|2","|","|switch|p2a: Hoopa-Unbound|Hoopa-Unbound|301/301","|move|p1a: I Make It Rain|Hydro Pump|p2a: Hoopa-Unbound|[miss]","|-miss|p1a: I Make It Rain|p2a: Hoopa-Unbound","|","|-weather|RainDance|[upkeep]","|-damage|p1a: I Make It Rain|289/383 brn|[from] brn","|turn|3","|","|switch|p1a: The Wall|Quagsire, F, shiny|394/394","|move|p2a: Hoopa-Unbound|Psychic|p1a: The Wall","|-damage|p1a: The Wall|172/394","|","|-weather|RainDance|[upkeep]","|-heal|p1a: The Wall|196/394|[from] item: Leftovers","|turn|4","|","|switch|p1a: The Counter|Lanturn, F, shiny|453/453","|move|p2a: Hoopa-Unbound|Psychic|p1a: The Counter","|-damage|p1a: The Counter|317/453","|","|-weather|RainDance|[upkeep]","|-heal|p1a: The Counter|345/453|[from] item: Leftovers","|turn|5","|","|switch|p2a: Tyranitar|Tyranitar, M|404/404","|-weather|Sandstorm","|move|p1a: The Counter|Thunder Wave|p2a: Tyranitar","|-status|p2a: Tyranitar|par","|","|-weather|Sandstorm|[upkeep]","|-damage|p1a: The Counter|317/453|[from] sandstorm","|-heal|p1a: The Counter|345/453|[from] item: Leftovers","|turn|6","|","|move|p1a: The Counter|Volt Switch|p2a: Tyranitar","|-damage|p2a: Tyranitar|362/404 par","|","|switch|p1a: I Make It Rain|Politoed, F, shiny|289/383 brn","|-weather|RainDance","|cant|p2a: Tyranitar|par","|","|-weather|RainDance|[upkeep]","|-heal|p2a: Tyranitar|387/404 par|[from] item: Leftovers","|-damage|p1a: I Make It Rain|242/383 brn|[from] brn","|turn|7","|","|switch|p2a: Mandibuzz|Mandibuzz, F|424/424","|move|p1a: I Make It Rain|Hydro Pump|p2a: Mandibuzz","|-damage|p2a: Mandibuzz|79/424","|","|-weather|RainDance|[upkeep]","|-damage|p1a: I Make It Rain|195/383 brn|[from] brn","|turn|8","|","|move|p2a: Mandibuzz|Roost|p2a: Mandibuzz","|-heal|p2a: Mandibuzz|291/424","|move|p1a: I Make It Rain|Hydro Pump|p2a: Mandibuzz","|-damage|p2a: Mandibuzz|0 fnt","|faint|p2a: Mandibuzz","|","|-weather|RainDance|[upkeep]","|-damage|p1a: I Make It Rain|148/383 brn|[from] brn","|","|switch|p2a: Hoopa-Unbound|Hoopa-Unbound|301/301","|turn|9","|","|switch|p1a: The Counter|Lanturn, F, shiny|345/453","|move|p2a: Hoopa-Unbound|Psychic|p1a: The Counter","|-damage|p1a: The Counter|201/453","|","|-weather|RainDance|[upkeep]","|-heal|p1a: The Counter|229/453|[from] item: Leftovers","|turn|10","|","|switch|p2a: Tyranitar|Tyranitar, M|387/404 par","|-weather|Sandstorm","|move|p1a: The Counter|Protect|p1a: The Counter","|-fail|p1a: The Counter","|","|-weather|Sandstorm|[upkeep]","|-damage|p1a: The Counter|201/453|[from] sandstorm","|-heal|p1a: The Counter|229/453|[from] item: Leftovers","|-heal|p2a: Tyranitar|404/404 par|[from] item: Leftovers","|turn|11","|","|switch|p2a: Hoopa-Unbound|Hoopa-Unbound|301/301","|move|p1a: The Counter|Volt Switch|p2a: Hoopa-Unbound","|-damage|p2a: Hoopa-Unbound|249/301","|","|switch|p1a: I Make It Rain|Politoed, F, shiny|148/383 brn","|-weather|RainDance","|","|-weather|RainDance|[upkeep]","|-damage|p1a: I Make It Rain|101/383 brn|[from] brn","|turn|12","|","|switch|p1a: The Counter|Lanturn, F, shiny|229/453","|move|p2a: Hoopa-Unbound|Psychic|p1a: The Counter","|-damage|p1a: The Counter|78/453","|","|-weather|RainDance|[upkeep]","|-heal|p1a: The Counter|106/453|[from] item: Leftovers","|turn|13","|","|move|p2a: Hoopa-Unbound|Psychic|p1a: The Counter","|-damage|p1a: The Counter|0 fnt","|faint|p1a: The Counter","|","|-weather|RainDance|[upkeep]","|","|switch|p1a: PowerHouse|Azumarill, M, shiny|403/403","|turn|14","|","|switch|p2a: Tyranitar|Tyranitar, M|404/404 par","|-weather|Sandstorm","|move|p1a: PowerHouse|Knock Off|p2a: Tyranitar","|-resisted|p2a: Tyranitar","|-damage|p2a: Tyranitar|366/404 par","|-enditem|p2a: Tyranitar|Leftovers|[from] move: Knock Off|[of] p1a: PowerHouse","|","|-weather|Sandstorm|[upkeep]","|-damage|p1a: PowerHouse|378/403|[from] sandstorm","|turn|15","|","|switch|p1a: I Make It Rain|Politoed, F, shiny|101/383 brn","|-weather|RainDance","|move|p2a: Tyranitar|Stealth Rock|p1a: I Make It Rain","|-sidestart|p1: Emg_DemZii|move: Stealth Rock","|","|-weather|RainDance|[upkeep]","|-damage|p1a: I Make It Rain|54/383 brn|[from] brn","|turn|16","|","|move|p1a: I Make It Rain|Hydro Pump|p2a: Tyranitar","|-supereffective|p2a: Tyranitar","|-damage|p2a: Tyranitar|0 fnt","|faint|p2a: Tyranitar","|","|-weather|RainDance|[upkeep]","|-damage|p1a: I Make It Rain|7/383 brn|[from] brn","|","|switch|p2a: Hoopa-Unbound|Hoopa-Unbound|249/301","|turn|17","|","|switch|p1a: PowerHouse|Azumarill, M, shiny|378/403","|-damage|p1a: PowerHouse|328/403|[from] Stealth Rock","|move|p2a: Hoopa-Unbound|Psychic|p1a: PowerHouse","|-damage|p1a: PowerHouse|115/403","|","|-weather|RainDance|[upkeep]","|turn|18","|","|move|p2a: Hoopa-Unbound|Psychic|p1a: PowerHouse","|-damage|p1a: PowerHouse|0 fnt","|faint|p1a: PowerHouse","|","|-weather|RainDance|[upkeep]","|","|switch|p1a: PokeSex;)|Tentacruel, F, shiny|363/363","|-damage|p1a: PokeSex;)|318/363|[from] Stealth Rock","|turn|19","|","|move|p2a: Hoopa-Unbound|Psychic|p1a: PokeSex;)","|-supereffective|p1a: PokeSex;)","|-damage|p1a: PokeSex;)|118/363","|move|p1a: PokeSex;)|Rapid Spin|p2a: Hoopa-Unbound","|-damage|p2a: Hoopa-Unbound|230/301","|-sideend|p1: Emg_DemZii|Stealth Rock|[from] move: Rapid Spin|[of] p1a: PokeSex;)","|","|-weather|none","|-heal|p1a: PokeSex;)|140/363|[from] item: Black Sludge","|turn|20","|","|move|p2a: Hoopa-Unbound|Psychic|p1a: PokeSex;)","|-supereffective|p1a: PokeSex;)","|-damage|p1a: PokeSex;)|0 fnt","|faint|p1a: PokeSex;)","|","|","|switch|p1a: The Wall|Quagsire, F, shiny|196/394","|turn|21","|","|move|p2a: Hoopa-Unbound|Psychic|p1a: The Wall","|-damage|p1a: The Wall|0 fnt","|faint|p1a: The Wall","|","|","|switch|p1a: I Make It Rain|Politoed, F, shiny|7/383 brn","|-weather|RainDance","|turn|22","|","|move|p2a: Hoopa-Unbound|Psychic|p1a: I Make It Rain","|-damage|p1a: I Make It Rain|0 fnt","|faint|p1a: I Make It Rain","|","|-weather|RainDance|[upkeep]","|","|switch|p1a: Ur Fucked|Swampert, F, shiny|403/403","|turn|23","|","|detailschange|p1a: Ur Fucked|Swampert-Mega, F, shiny","|-mega|p1a: Ur Fucked|Swampert|Swampertite","|move|p2a: Hoopa-Unbound|Psychic|p1a: Ur Fucked","|-damage|p1a: Ur Fucked|238/403","|move|p1a: Ur Fucked|Waterfall|p2a: Hoopa-Unbound","|-damage|p2a: Hoopa-Unbound|0 fnt","|faint|p2a: Hoopa-Unbound","|","|-weather|RainDance|[upkeep]","|","|switch|p2a: Bisharp|Bisharp, F|271/271","|turn|24","|","|move|p2a: Bisharp|Sucker Punch|p1a: Ur Fucked","|-damage|p1a: Ur Fucked|73/403","|move|p1a: Ur Fucked|Hammer Arm|p2a: Bisharp|[miss]","|-miss|p1a: Ur Fucked|p2a: Bisharp","|","|-weather|RainDance|[upkeep]","|turn|25","|","|move|p2a: Bisharp|Sucker Punch|p1a: Ur Fucked","|-damage|p1a: Ur Fucked|0 fnt","|faint|p1a: Ur Fucked","|","|win|Inferno Sableye"],"p1rating":{"entryid":"62993","serverid":"eos","formatid":"monotype","userid":"emgdemzii","username":"Emg_DemZii","w":"3","l":3,"t":"0","gxe":49.4,"r":"1500","rd":"116.77753930647","sigma":"0","rptime":"1439974800","rpr":1495.0707710875,"rprd":98.797316201045,"rpsigma":"0","acre":1072.4691049165,"lacre":1072.4691049165,"oldacre":"1085.6621957479"},"p2rating":{"entryid":"83803","serverid":"eos","formatid":"monotype","userid":"infernosableye","username":"Inferno Sableye","w":14,"l":"4","t":"0","gxe":69.1,"r":"1459.8393856612","rd":"122.8583080769","sigma":"0","rptime":"1439974800","rpr":1654.6409431524,"rprd":73.404501534911,"rpsigma":"0","acre":1256.7415554204,"lacre":1256.7415554204,"oldacre":"1242.3066778992"},"endType":"normal"}