{"seed":[35415,50973,41871,55731],"turns":33,"p1":"Im Slash","p2":"LTIL-maz","p1team":[{"name":"Diggersby","species":"Diggersby","item":"choicescarf","ability":"Huge Power","moves":["quickattack","earthquake","frustration","firepunch"],"nature":"Adamant","evs":{"hp":4,"atk":252,"def":0,"spa":0,"spd":0,"spe":252},"happiness":0,"ivs":{"hp":31,"atk":31,"def":31,"spa":31,"spd":31,"spe":31}},{"name":"Camerupt","species":"Camerupt","item":"cameruptite","ability":"Magma Armor","moves":["flamethrower","earthpower","ancientpower","willowisp"],"nature":"Modest","evs":{"hp":248,"atk":0,"def":0,"spa":252,"spd":8,"spe":0},"ivs":{"hp":31,"atk":31,"def":31,"spa":31,"spd":31,"spe":31}},{"name":"Garchomp","species":"Garchomp","item":"muscleband","ability":"Rough Skin","moves":["outrage","swordsdance","earthquake","substitute"],"nature":"Naive","evs":{"hp":0,"atk":252,"def":0,"spa":4,"spd":0,"spe":252},"ivs":{"hp":31,"atk":31,"def":31,"spa":31,"spd":31,"spe":31}},{"name":"Gastrodon","species":"Gastrodon","item":"leftovers","ability":"Storm Drain","moves":["scald","recover","toxic","icebeam"],"nature":"Calm","evs":{"hp":252,"atk":0,"def":0,"spa":4,"spd":252,"spe":0},"ivs":{"hp":31,"atk":31,"def":31,"spa":31,"spd":31,"spe":31}},{"name":"Mamoswine","species":"Mamoswine","item":"lifeorb","ability":"Thick Fat","moves":["iciclecrash","iceshard","earthquake","knockoff"],"nature":"Jolly","evs":{"hp":0,"atk":252,"def":0,"spa":0,"spd":8,"spe":248},"ivs":{"hp":31,"atk":31,"def":31,"spa":31,"spd":31,"spe":31}},{"name":"Landorus-Therian","species":"Landorus-Therian","item":"leftovers","ability":"Intimidate","moves":["stealthrock","uturn","earthquake","rockslide"],"nature":"Impish","evs":{"hp":252,"atk":4,"def":252,"spa":0,"spd":0,"spe":0},"ivs":{"hp":31,"atk":31,"def":31,"spa":31,"spd":31,"spe":31}}],"p2team":[{"name":"Gaia","species":"golurk","item":"assaultvest","ability":"Iron Fist","moves":["drainpunch","earthquake","icepunch","shadowpunch"],"nature":"Adamant","evs":{"hp":248,"atk":252,"def":0,"spa":0,"spd":8,"spe":0},"ivs":{"hp":31,"atk":31,"def":31,"spa":31,"spd":31,"spe":31}},{"name":"Geist","species":"gengar","item":"choicescarf","ability":"Levitate","moves":["shadowball","sludgebomb","thunderbolt","dazzlinggleam"],"nature":"Timid","evs":{"hp":0,"atk":0,"def":0,"spa":252,"spd":4,"spe":252},"gender":"M","ivs":{"hp":31,"atk":31,"def":31,"spa":31,"spd":31,"spe":31}},{"name":"Yandere","species":"sableye","item":"sablenite","ability":"Prankster","moves":["calmmind","willowisp","shadowball","recover"],"nature":"Bold","evs":{"hp":252,"atk":0,"def":252,"spa":0,"spd":4,"spe":0},"gender":"F","ivs":{"hp":31,"atk":31,"def":31,"spa":31,"spd":31,"spe":31}},{"name":"Lumiere","species":"chandelure","item":"choicespecs","ability":"Flame Body","moves":["flamethrower","shadowball","psychic","energyball"],"nature":"Modest","evs":{"hp":248,"atk":0,"def":0,"spa":252,"spd":8,"spe":0},"gender":"M","ivs":{"hp":31,"atk":31,"def":31,"spa":31,"spd":31,"spe":31}},{"name":"Hoopa","species":"Hoopa","item":"lifeorb","ability":"Magician","moves":["darkpulse","hyperspacehole","shadowball","focusblast"],"nature":"Naive","evs":{"hp":4,"atk":0,"def":0,"spa":252,"spd":0,"spe":252},"ivs":{"hp":31,"atk":31,"def":31,"spa":31,"spd":31,"spe":0}},{"name":"Masamune","species":"aegislash","item":"weaknesspolicy","ability":"Stance Change","moves":["kingsshield","shadowsneak","ironhead","sacredsword"],"nature":"Adamant","evs":{"hp":248,"atk":252,"def":0,"spa":0,"spd":8,"spe":0},"gender":"M","ivs":{"hp":31,"atk":31,"def":31,"spa":31,"spd":31,"spe":31}}],"log":["|player|p1|Im Slash|144","|player|p2|LTIL-maz|144","|gametype|singles","|gen|6","|tier|Monotype","|rated","|rule|Baton Pass Clause: Limit one Baton Passer, can't pass Spe and other stats simultaneously","|rule|Swagger Clause: Swagger is banned","|rule|Same Type Clause: Pokémon in a team must share a type","|clearpoke","|poke|p1|Diggersby, M","|poke|p1|Camerupt, F","|poke|p1|Garchomp, F","|poke|p1|Gastrodon, M","|poke|p1|Mamoswine, M","|poke|p1|Landorus-Therian, M","|poke|p2|Golurk","|poke|p2|Gengar, M","|poke|p2|Sableye, F","|poke|p2|Chandelure, M","|poke|p2|Hoopa","|poke|p2|Aegislash, M","|rule|Sleep Clause Mod: Limit one foe put to sleep","|rule|Species Clause: Limit one of each Pokémon","|rule|OHKO Clause: OHKO moves are banned","|rule|Moody Clause: Moody is banned","|rule|Evasion Moves Clause: Evasion moves are banned","|rule|Endless Battle Clause: Forcing endless battles is banned","|rule|HP Percentage Mod: HP is shown in percentages","|teampreview","|","|start","|switch|p1a: Mamoswine|Mamoswine, M|361/361","|switch|p2a: Lumiere|Chandelure, M|323/323","|turn|1","|","|move|p1a: Mamoswine|Knock Off|p2a: Lumiere","|-supereffective|p2a: Lumiere","|-damage|p2a: Lumiere|8/323","|-enditem|p2a: Lumiere|Choice Specs|[from] move: Knock Off|[of] p1a: Mamoswine","|-damage|p1a: Mamoswine|325/361|[from] item: Life Orb","|move|p2a: Lumiere|Energy Ball|p1a: Mamoswine","|-supereffective|p1a: Mamoswine","|-damage|p1a: Mamoswine|0 fnt","|faint|p1a: Mamoswine","|","|","|switch|p1a: Landorus-Therian|Landorus-Therian, M|382/382","|-ability|p1a: Landorus-Therian|Intimidate","|-unboost|p2a: Lumiere|atk|1","|turn|2","|","|move|p1a: Landorus-Therian|U-turn|p2a: Lumiere","|-resisted|p2a: Lumiere","|-damage|p2a: Lumiere|0 fnt","|faint|p2a: Lumiere","|","|switch|p1a: Camerupt|Camerupt, F|343/343","|","|","|switch|p2a: Gaia|Golurk|381/381","|turn|3","|","|switch|p1a: Landorus-Therian|Landorus-Therian, M|382/382","|-ability|p1a: Landorus-Therian|Intimidate","|-unboost|p2a: Gaia|atk|1","|move|p2a: Gaia|Earthquake|p1a: Landorus-Therian","|-immune|p1a: Landorus-Therian|[msg]","|","|turn|4","|","|move|p1a: Landorus-Therian|Stealth Rock|p2a: Gaia","|-sidestart|p2: LTIL-maz|move: Stealth Rock","|move|p2a: Gaia|Ice Punch|p1a: Landorus-Therian","|-supereffective|p1a: Landorus-Therian","|-damage|p1a: Landorus-Therian|158/382","|","|-heal|p1a: Landorus-Therian|181/382|[from] item: Leftovers","|turn|5","|","|move|p1a: Landorus-Therian|U-turn|p2a: Gaia","|-resisted|p2a: Gaia","|-damage|p2a: Gaia|334/381","|","|switch|p1a: Camerupt|Camerupt, F|343/343","|move|p2a: Gaia|Ice Punch|p1a: Camerupt","|-damage|p1a: Camerupt|232/343","|","|turn|6","|","|detailschange|p1a: Camerupt|Camerupt-Mega, F","|-mega|p1a: Camerupt|Camerupt|Cameruptite","|move|p2a: Gaia|Drain Punch|p1a: Camerupt","|-damage|p1a: Camerupt|153/343","|-heal|p2a: Gaia|374/381|[from] drain|[of] p1a: Camerupt","|move|p1a: Camerupt|Will-O-Wisp|p2a: Gaia","|-status|p2a: Gaia|brn","|","|-damage|p2a: Gaia|327/381 brn|[from] brn","|turn|7","|","|move|p2a: Gaia|Earthquake|p1a: Camerupt","|-supereffective|p1a: Camerupt","|-damage|p1a: Camerupt|21/343","|move|p1a: Camerupt|Flamethrower|p2a: Gaia","|-damage|p2a: Gaia|131/381 brn","|","|-damage|p2a: Gaia|84/381 brn|[from] brn","|turn|8","|","|move|p2a: Gaia|Earthquake|p1a: Camerupt","|-supereffective|p1a: Camerupt","|-damage|p1a: Camerupt|0 fnt","|faint|p1a: Camerupt","|","|-damage|p2a: Gaia|37/381 brn|[from] brn","|","|switch|p1a: Garchomp|Garchomp, F|357/357","|turn|9","|","|move|p1a: Garchomp|Substitute|p1a: Garchomp","|-start|p1a: Garchomp|Substitute","|-damage|p1a: Garchomp|268/357","|move|p2a: Gaia|Ice Punch|p1a: Garchomp","|-supereffective|p1a: Garchomp","|-end|p1a: Garchomp|Substitute","|","|-damage|p2a: Gaia|0 fnt|[from] brn","|faint|p2a: Gaia","|","|switch|p2a: Geist|Gengar, M|261/261","|-damage|p2a: Geist|229/261|[from] Stealth Rock","|turn|10","|","|switch|p1a: Gastrodon|Gastrodon, M|426/426","|move|p2a: Geist|Dazzling Gleam|p1a: Gastrodon","|-damage|p1a: Gastrodon|345/426","|","|-heal|p1a: Gastrodon|371/426|[from] item: Leftovers","|turn|11","|","|switch|p2a: Masamune|Aegislash, M|323/323","|-damage|p2a: Masamune|303/323|[from] Stealth Rock","|move|p1a: Gastrodon|Scald|p2a: Masamune","|-damage|p2a: Masamune|245/323","|","|-heal|p1a: Gastrodon|397/426|[from] item: Leftovers","|turn|12","|","|-formechange|p2a: Masamune|Aegislash-Blade","|move|p2a: Masamune|Iron Head|p1a: Gastrodon","|-resisted|p1a: Gastrodon","|-damage|p1a: Gastrodon|276/426","|move|p1a: Gastrodon|Scald|p2a: Masamune","|-damage|p2a: Masamune|94/323","|","|-heal|p1a: Gastrodon|302/426|[from] item: Leftovers","|turn|13","|","|switch|p1a: Landorus-Therian|Landorus-Therian, M|181/382","|-ability|p1a: Landorus-Therian|Intimidate","|-unboost|p2a: Masamune|atk|1","|move|p2a: Masamune|Iron Head|p1a: Landorus-Therian","|-damage|p1a: Landorus-Therian|85/382","|","|-heal|p1a: Landorus-Therian|108/382|[from] item: Leftovers","|turn|14","|","|-formechange|p2a: Masamune|Aegislash","|move|p2a: Masamune|King's Shield|p2a: Masamune","|-singleturn|p2a: Masamune|Protect","|move|p1a: Landorus-Therian|Earthquake|p2a: Masamune","|-activate|p2a: Masamune|Protect","|","|-heal|p1a: Landorus-Therian|131/382|[from] item: Leftovers","|turn|15","|","|switch|p1a: Gastrodon|Gastrodon, M|302/426","|-formechange|p2a: Masamune|Aegislash-Blade","|move|p2a: Masamune|Shadow Sneak|p1a: Gastrodon","|-damage|p1a: Gastrodon|226/426","|","|-heal|p1a: Gastrodon|252/426|[from] item: Leftovers","|turn|16","|","|move|p2a: Masamune|Sacred Sword|p1a: Gastrodon","|-damage|p1a: Gastrodon|132/426","|move|p1a: Gastrodon|Recover|p1a: Gastrodon","|-heal|p1a: Gastrodon|345/426","|","|-heal|p1a: Gastrodon|371/426|[from] item: Leftovers","|turn|17","|","|move|p2a: Masamune|Sacred Sword|p1a: Gastrodon","|-damage|p1a: Gastrodon|241/426","|move|p1a: Gastrodon|Scald|p2a: Masamune","|-damage|p2a: Masamune|0 fnt","|faint|p2a: Masamune","|","|-heal|p1a: Gastrodon|267/426|[from] item: Leftovers","|","|switch|p2a: Hoopa|Hoopa|302/302","|-damage|p2a: Hoopa|265/302|[from] Stealth Rock","|turn|18","|","|move|p2a: Hoopa|Hyperspace Hole|p1a: Gastrodon","|-damage|p1a: Gastrodon|98/426","|-damage|p2a: Hoopa|235/302|[from] item: Life Orb","|move|p1a: Gastrodon|Recover|p1a: Gastrodon","|-heal|p1a: Gastrodon|311/426","|","|-heal|p1a: Gastrodon|337/426|[from] item: Leftovers","|turn|19","|","|move|p2a: Hoopa|Hyperspace Hole|p1a: Gastrodon","|-damage|p1a: Gastrodon|154/426","|-damage|p2a: Hoopa|205/302|[from] item: Life Orb","|move|p1a: Gastrodon|Recover|p1a: Gastrodon","|-heal|p1a: Gastrodon|367/426","|","|-heal|p1a: Gastrodon|393/426|[from] item: Leftovers","|turn|20","|","|move|p2a: Hoopa|Focus Blast|p1a: Gastrodon","|-damage|p1a: Gastrodon|218/426","|-damage|p2a: Hoopa|175/302|[from] item: Life Orb","|move|p1a: Gastrodon|Recover|p1a: Gastrodon","|-heal|p1a: Gastrodon|426/426","|","|turn|21","|","|move|p2a: Hoopa|Dark Pulse|p1a: Gastrodon","|-damage|p1a: Gastrodon|321/426","|-damage|p2a: Hoopa|145/302|[from] item: Life Orb","|move|p1a: Gastrodon|Scald|p2a: Hoopa","|-damage|p2a: Hoopa|70/302","|","|-heal|p1a: Gastrodon|347/426|[from] item: Leftovers","|turn|22","|","|move|p2a: Hoopa|Shadow Ball|p1a: Gastrodon","|-damage|p1a: Gastrodon|174/426","|-damage|p2a: Hoopa|40/302|[from] item: Life Orb","|move|p1a: Gastrodon|Recover|p1a: Gastrodon","|-heal|p1a: Gastrodon|387/426","|","|-heal|p1a: Gastrodon|413/426|[from] item: Leftovers","|turn|23","|","|move|p2a: Hoopa|Dark Pulse|p1a: Gastrodon","|-damage|p1a: Gastrodon|308/426","|-damage|p2a: Hoopa|10/302|[from] item: Life Orb","|move|p1a: Gastrodon|Recover|p1a: Gastrodon","|-heal|p1a: Gastrodon|426/426","|","|turn|24","|","|move|p2a: Hoopa|Dark Pulse|p1a: Gastrodon","|-damage|p1a: Gastrodon|313/426","|-damage|p2a: Hoopa|0 fnt|[from] item: Life Orb","|faint|p2a: Hoopa","|move|p1a: Gastrodon|Recover|p1a: Gastrodon","|-heal|p1a: Gastrodon|426/426","|","|","|switch|p2a: Yandere|Sableye, F|304/304","|-damage|p2a: Yandere|266/304|[from] Stealth Rock","|turn|25","|","|move|p2a: Yandere|Calm Mind|p2a: Yandere","|-boost|p2a: Yandere|spa|1","|-boost|p2a: Yandere|spd|1","|move|p1a: Gastrodon|Scald|p2a: Yandere","|-damage|p2a: Yandere|190/304","|","|turn|26","|","|move|p2a: Yandere|Calm Mind|p2a: Yandere","|-boost|p2a: Yandere|spa|1","|-boost|p2a: Yandere|spd|1","|move|p1a: Gastrodon|Toxic|p2a: Yandere","|-status|p2a: Yandere|tox","|","|-damage|p2a: Yandere|171/304 tox|[from] psn","|turn|27","|","|detailschange|p2a: Yandere|Sableye-Mega, F","|-mega|p2a: Yandere|Sableye|Sablenite","|move|p2a: Yandere|Shadow Ball|p1a: Gastrodon","|-crit|p1a: Gastrodon","|-damage|p1a: Gastrodon|221/426","|move|p1a: Gastrodon|Scald|p2a: Yandere","|-damage|p2a: Yandere|129/304 tox","|","|-heal|p1a: Gastrodon|247/426|[from] item: Leftovers","|-damage|p2a: Yandere|91/304 tox|[from] psn","|turn|28","|","|switch|p1a: Diggersby|Diggersby, M|312/312","|move|p2a: Yandere|Recover|p2a: Yandere","|-heal|p2a: Yandere|243/304 tox","|","|-damage|p2a: Yandere|186/304 tox|[from] psn","|turn|29","|","|move|p1a: Diggersby|Earthquake|p2a: Yandere","|-damage|p2a: Yandere|50/304 tox","|move|p2a: Yandere|Shadow Ball|p1a: Diggersby","|-immune|p1a: Diggersby|[msg]","|","|-damage|p2a: Yandere|0 fnt|[from] psn","|faint|p2a: Yandere","|","|switch|p2a: Geist|Gengar, M|229/261","|-damage|p2a: Geist|197/261|[from] Stealth Rock","|turn|30","|","|switch|p1a: Landorus-Therian|Landorus-Therian, M|131/382","|-ability|p1a: Landorus-Therian|Intimidate","|-unboost|p2a: Geist|atk|1","|move|p2a: Geist|Sludge Bomb|p1a: Landorus-Therian","|-resisted|p1a: Landorus-Therian","|-damage|p1a: Landorus-Therian|33/382","|","|-heal|p1a: Landorus-Therian|56/382|[from] item: Leftovers","|turn|31","|","|move|p2a: Geist|Sludge Bomb|p1a: Landorus-Therian","|-resisted|p1a: Landorus-Therian","|-damage|p1a: Landorus-Therian|0 fnt","|faint|p1a: Landorus-Therian","|","|","|switch|p1a: Diggersby|Diggersby, M|312/312","|turn|32","|","|move|p2a: Geist|Sludge Bomb|p1a: Diggersby","|-resisted|p1a: Diggersby","|-damage|p1a: Diggersby|207/312","|move|p1a: Diggersby|Fire Punch|p2a: Geist","|-damage|p2a: Geist|22/261","|","|turn|33","|","|move|p2a: Geist|Sludge Bomb|p1a: Diggersby","|-crit|p1a: Diggersby","|-resisted|p1a: Diggersby","|-damage|p1a: Diggersby|70/312","|-status|p1a: Diggersby|psn","|move|p1a: Diggersby|Fire Punch|p2a: Geist","|-damage|p2a: Geist|0 fnt","|faint|p2a: Geist","|","|win|Im Slash"],"p1rating":{"entryid":"75487","serverid":"eos","formatid":"monotype","userid":"imslash","username":"Im Slash","w":6,"l":"2","t":"0","gxe":60.3,"r":"1549.42060979","rd":"107.32893641527","sigma":"0","rptime":"1440061200","rpr":1581.1877490114,"rprd":93.480421130411,"rpsigma":"0","acre":1106.0701336131,"lacre":1106.0701336131,"oldacre":"1085.4394349764"},"p2rating":{"entryid":"165531","serverid":"eos","formatid":"monotype","userid":"ltilmaz","username":"LTIL-maz","w":"0","l":2,"t":"0","gxe":41,"r":"1455.2008920346","rd":"122.83141802352","sigma":"0","rptime":"1440061200","rpr":1427.343889663,"rprd":116.85377810729,"rpsigma":"0","acre":1000,"lacre":1000,"oldacre":"1000"},"endType":"normal"}