{"seed":[13302,7217,21518,49962],"turns":24,"p1":"key7","p2":"Rain Zeref","p1team":[{"name":"Aggron","species":"Aggron","item":"lifeorb","ability":"Rock Head","moves":["rockpolish","headsmash","ironhead","earthquake"],"nature":"Adamant","evs":{"hp":0,"atk":252,"def":0,"spa":0,"spd":4,"spe":252},"ivs":{"hp":31,"atk":31,"def":31,"spa":31,"spd":31,"spe":31}},{"name":"Scizor","species":"Scizor","item":"scizorite","ability":"Technician","moves":["swordsdance","xscissor","bulletpunch","roost"],"nature":"Adamant","evs":{"hp":248,"atk":252,"def":0,"spa":0,"spd":8,"spe":0},"ivs":{"hp":31,"atk":31,"def":31,"spa":31,"spd":31,"spe":31}},{"name":"Lucario","species":"Lucario","item":"focussash","ability":"Inner Focus","moves":["nastyplot","aurasphere","flashcannon","vacuumwave"],"nature":"Timid","evs":{"hp":0,"atk":0,"def":0,"spa":252,"spd":4,"spe":252},"ivs":{"hp":31,"atk":31,"def":31,"spa":31,"spd":31,"spe":31}},{"name":"Heatran","species":"Heatran","item":"airballoon","ability":"Flash Fire","moves":["fireblast","flashcannon","earthpower","protect"],"nature":"Modest","evs":{"hp":240,"atk":0,"def":0,"spa":252,"spd":8,"spe":8},"ivs":{"hp":31,"atk":31,"def":31,"spa":31,"spd":31,"spe":31}},{"name":"Skarmory","species":"Skarmory","item":"leftovers","ability":"Sturdy","moves":["spikes","toxic","protect","bravebird"],"nature":"Impish","evs":{"hp":252,"atk":0,"def":232,"spa":0,"spd":0,"spe":24},"ivs":{"hp":31,"atk":31,"def":31,"spa":31,"spd":31,"spe":31}},{"name":"Registeel","species":"Registeel","item":"leftovers","ability":"Clear Body","moves":["stealthrock","protect","toxic","seismictoss"],"nature":"Calm","evs":{"hp":252,"atk":0,"def":4,"spa":0,"spd":252,"spe":0},"ivs":{"hp":31,"atk":31,"def":31,"spa":31,"spd":31,"spe":31}}],"p2team":[{"name":"DEEZ NUTS!","species":"bisharp","item":"choicescarf","ability":"Defiant","moves":["brickbreak","suckerpunch","knockoff","ironhead"],"nature":"Jolly","evs":{"hp":0,"atk":252,"def":0,"spa":0,"spd":4,"spe":252},"gender":"M","shiny":true,"ivs":{"hp":31,"atk":31,"def":31,"spa":31,"spd":31,"spe":31}},{"name":"DEEZ NUTS!!","species":"weavile","item":"choicescarf","ability":"Pressure","moves":["iceshard","iciclecrash","knockoff","brickbreak"],"nature":"Adamant","evs":{"hp":0,"atk":252,"def":0,"spa":0,"spd":4,"spe":252},"gender":"F","ivs":{"hp":31,"atk":31,"def":31,"spa":31,"spd":31,"spe":31}},{"name":"DEEZ NUTS!!!","species":"mandibuzz","item":"leftovers","ability":"Overcoat","moves":["toxic","roost","foulplay","whirlwind"],"nature":"Bold","evs":{"hp":252,"atk":0,"def":252,"spa":0,"spd":4,"spe":0},"shiny":true,"ivs":{"hp":31,"atk":31,"def":31,"spa":31,"spd":31,"spe":31}},{"name":"DEEZ NUTS!!!!","species":"zoroark","item":"choicespecs","ability":"Illusion","moves":["darkpulse","flamethrower","trick","extrasensory"],"nature":"Timid","evs":{"hp":0,"atk":0,"def":0,"spa":252,"spd":4,"spe":252},"gender":"F","shiny":true,"ivs":{"hp":31,"atk":31,"def":31,"spa":31,"spd":31,"spe":31}},{"name":"DEEZ NUTS!!!!!","species":"absol","item":"absolite","ability":"Super Luck","moves":["darkpulse","thunderbolt","flamethrower","playrough"],"nature":"Timid","evs":{"hp":0,"atk":0,"def":0,"spa":252,"spd":4,"spe":252},"gender":"F","shiny":true,"ivs":{"hp":31,"atk":31,"def":31,"spa":31,"spd":31,"spe":31}},{"name":"DEEZ NUTS!!!!!!","species":"hydreigon","item":"choicescarf","ability":"Levitate","moves":["dracometeor","flamethrower","flashcannon","darkpulse"],"nature":"Timid","evs":{"hp":0,"atk":0,"def":0,"spa":252,"spd":4,"spe":252},"gender":"M","shiny":true,"ivs":{"hp":31,"atk":31,"def":31,"spa":31,"spd":31,"spe":31}}],"log":["|player|p1|key7|key7.png","|player|p2|Rain Zeref|rainzeref.png","|gametype|singles","|gen|6","|tier|Monotype","|rated","|rule|Baton Pass Clause: Limit one Baton Passer, can't pass Spe and other stats simultaneously","|rule|Swagger Clause: Swagger is banned","|rule|Same Type Clause: Pokémon in a team must share a type","|clearpoke","|poke|p1|Aggron, F","|poke|p1|Scizor, F","|poke|p1|Lucario, M","|poke|p1|Heatran, F","|poke|p1|Skarmory, F","|poke|p1|Registeel","|poke|p2|Bisharp, M, shiny","|poke|p2|Weavile, F","|poke|p2|Mandibuzz, F, shiny","|poke|p2|Zoroark, F, shiny","|poke|p2|Absol, F, shiny","|poke|p2|Hydreigon, M, shiny","|rule|Sleep Clause Mod: Limit one foe put to sleep","|rule|Species Clause: Limit one of each Pokémon","|rule|OHKO Clause: OHKO moves are banned","|rule|Moody Clause: Moody is banned","|rule|Evasion Moves Clause: Evasion moves are banned","|rule|Endless Battle Clause: Forcing endless battles is banned","|rule|HP Percentage Mod: HP is shown in percentages","|teampreview","|","|start","|switch|p1a: Registeel|Registeel|364/364","|switch|p2a: DEEZ NUTS!!!|Mandibuzz, F, shiny|424/424","|turn|1","|","|move|p1a: Registeel|Toxic|p2a: DEEZ NUTS!!!","|-status|p2a: DEEZ NUTS!!!|tox","|move|p2a: DEEZ NUTS!!!|Whirlwind|p1a: Registeel","|drag|p1a: Scizor|Scizor, F|343/343","|","|-damage|p2a: DEEZ NUTS!!!|398/424 tox|[from] psn","|turn|2","|","|switch|p1a: Registeel|Registeel|364/364","|move|p2a: DEEZ NUTS!!!|Foul Play|p1a: Registeel","|-damage|p1a: Registeel|307/364","|","|-heal|p2a: DEEZ NUTS!!!|424/424 tox|[from] item: Leftovers","|-heal|p1a: Registeel|329/364|[from] item: Leftovers","|-damage|p2a: DEEZ NUTS!!!|372/424 tox|[from] psn","|turn|3","|","|switch|p2a: DEEZ NUTS!!!!!|Absol, F, shiny|261/261","|move|p1a: Registeel|Stealth Rock|p2a: DEEZ NUTS!!!!!","|-sidestart|p2: Rain Zeref|move: Stealth Rock","|","|-heal|p1a: Registeel|351/364|[from] item: Leftovers","|turn|4","|","|move|p2a: DEEZ NUTS!!!!!|Trick|p1a: Registeel","|-activate|p2a: DEEZ NUTS!!!!!|move: Trick|[of] p1a: Registeel","|-item|p1a: Registeel|Choice Specs|[from] move: Trick","|-item|p2a: DEEZ NUTS!!!!!|Leftovers|[from] move: Trick","|move|p1a: Registeel|Seismic Toss|p2a: DEEZ NUTS!!!!!","|replace|p2a: DEEZ NUTS!!!!|Zoroark, F, shiny|261/261","|-damage|p2a: DEEZ NUTS!!!!|161/261","|","|-heal|p2a: DEEZ NUTS!!!!|177/261|[from] item: Leftovers","|turn|5","|","|move|p2a: DEEZ NUTS!!!!|Flamethrower|p1a: Registeel","|-supereffective|p1a: Registeel","|-damage|p1a: Registeel|243/364","|move|p1a: Registeel|Seismic Toss|p2a: DEEZ NUTS!!!!","|-damage|p2a: DEEZ NUTS!!!!|77/261","|","|-heal|p2a: DEEZ NUTS!!!!|93/261|[from] item: Leftovers","|turn|6","|","|move|p2a: DEEZ NUTS!!!!|Dark Pulse|p1a: Registeel","|-damage|p1a: Registeel|168/364","|move|p1a: Registeel|Seismic Toss|p2a: DEEZ NUTS!!!!","|-damage|p2a: DEEZ NUTS!!!!|0 fnt","|faint|p2a: DEEZ NUTS!!!!","|","|","|switch|p2a: DEEZ NUTS!!!!!|Absol, F, shiny|271/271","|-damage|p2a: DEEZ NUTS!!!!!|238/271|[from] Stealth Rock","|turn|7","|","|detailschange|p2a: DEEZ NUTS!!!!!|Absol-Mega, F, shiny","|-mega|p2a: DEEZ NUTS!!!!!|Absol|Absolite","|move|p2a: DEEZ NUTS!!!!!|Flamethrower|p1a: Registeel","|-supereffective|p1a: Registeel","|-damage|p1a: Registeel|62/364","|-status|p1a: Registeel|brn","|move|p1a: Registeel|Seismic Toss|p2a: DEEZ NUTS!!!!!","|-damage|p2a: DEEZ NUTS!!!!!|138/271","|","|-damage|p1a: Registeel|17/364 brn|[from] brn","|turn|8","|","|move|p2a: DEEZ NUTS!!!!!|Flamethrower|p1a: Registeel","|-supereffective|p1a: Registeel","|-damage|p1a: Registeel|0 fnt","|faint|p1a: Registeel","|","|","|switch|p1a: Skarmory|Skarmory, F|334/334","|turn|9","|","|switch|p1a: Heatran|Heatran, F|383/383","|-item|p1a: Heatran|Air Balloon","|move|p2a: DEEZ NUTS!!!!!|Thunderbolt|p1a: Heatran","|-damage|p1a: Heatran|285/383","|-enditem|p1a: Heatran|Air Balloon","|","|turn|10","|","|move|p2a: DEEZ NUTS!!!!!|Dark Pulse|p1a: Heatran","|-damage|p1a: Heatran|155/383","|move|p1a: Heatran|Flash Cannon|p2a: DEEZ NUTS!!!!!","|-damage|p2a: DEEZ NUTS!!!!!|0 fnt","|faint|p2a: DEEZ NUTS!!!!!","|","|","|switch|p2a: DEEZ NUTS!!|Weavile, F|281/281","|-damage|p2a: DEEZ NUTS!!|211/281|[from] Stealth Rock","|-ability|p2a: DEEZ NUTS!!|Pressure","|turn|11","|","|move|p2a: DEEZ NUTS!!|Brick Break|p1a: Heatran","|-supereffective|p1a: Heatran","|-damage|p1a: Heatran|0 fnt","|faint|p1a: Heatran","|","|","|switch|p1a: Skarmory|Skarmory, F|334/334","|turn|12","|","|switch|p2a: DEEZ NUTS!!!!!!|Hydreigon, M, shiny|325/325","|-damage|p2a: DEEZ NUTS!!!!!!|285/325|[from] Stealth Rock","|move|p1a: Skarmory|Toxic|p2a: DEEZ NUTS!!!!!!","|-status|p2a: DEEZ NUTS!!!!!!|tox","|","|-damage|p2a: DEEZ NUTS!!!!!!|265/325 tox|[from] psn","|turn|13","|","|move|p1a: Skarmory|Protect|p1a: Skarmory","|-singleturn|p1a: Skarmory|Protect","|move|p2a: DEEZ NUTS!!!!!!|Flamethrower|p1a: Skarmory","|-activate|p1a: Skarmory|Protect","|","|-damage|p2a: DEEZ NUTS!!!!!!|225/325 tox|[from] psn","|turn|14","|","|move|p2a: DEEZ NUTS!!!!!!|Flamethrower|p1a: Skarmory","|-supereffective|p1a: Skarmory","|-damage|p1a: Skarmory|42/334","|move|p1a: Skarmory|Spikes|p2a: DEEZ NUTS!!!!!!","|-sidestart|p2: Rain Zeref|Spikes","|","|-heal|p1a: Skarmory|62/334|[from] item: Leftovers","|-damage|p2a: DEEZ NUTS!!!!!!|165/325 tox|[from] psn","|turn|15","|","|switch|p2a: DEEZ NUTS!!!|Mandibuzz, F, shiny|372/424 tox","|-damage|p2a: DEEZ NUTS!!!|266/424 tox|[from] Stealth Rock","|move|p1a: Skarmory|Protect|p1a: Skarmory","|-fail|p1a: Skarmory","|","|-heal|p2a: DEEZ NUTS!!!|292/424 tox|[from] item: Leftovers","|-heal|p1a: Skarmory|82/334|[from] item: Leftovers","|-damage|p2a: DEEZ NUTS!!!|266/424 tox|[from] psn","|turn|16","|","|move|p2a: DEEZ NUTS!!!|Roost|p2a: DEEZ NUTS!!!","|-heal|p2a: DEEZ NUTS!!!|424/424 tox","|move|p1a: Skarmory|Spikes|p2a: DEEZ NUTS!!!","|-sidestart|p2: Rain Zeref|Spikes","|","|-heal|p1a: Skarmory|102/334|[from] item: Leftovers","|-damage|p2a: DEEZ NUTS!!!|372/424 tox|[from] psn","|turn|17","|player|p2","|player|p2|Rain Zeref|rainzeref.png","|","|move|p2a: DEEZ NUTS!!!|Foul Play|p1a: Skarmory","|-damage|p1a: Skarmory|50/334","|move|p1a: Skarmory|Spikes|p2a: DEEZ NUTS!!!","|-sidestart|p2: Rain Zeref|Spikes","|","|-heal|p2a: DEEZ NUTS!!!|398/424 tox|[from] item: Leftovers","|-heal|p1a: Skarmory|70/334|[from] item: Leftovers","|-damage|p2a: DEEZ NUTS!!!|320/424 tox|[from] psn","|turn|18","|","|move|p1a: Skarmory|Protect|p1a: Skarmory","|-singleturn|p1a: Skarmory|Protect","|move|p2a: DEEZ NUTS!!!|Whirlwind|p1a: Skarmory","|drag|p1a: Scizor|Scizor, F|343/343","|","|-heal|p2a: DEEZ NUTS!!!|346/424 tox|[from] item: Leftovers","|-damage|p2a: DEEZ NUTS!!!|242/424 tox|[from] psn","|turn|19","|","|switch|p1a: Skarmory|Skarmory, F|70/334","|move|p2a: DEEZ NUTS!!!|Foul Play|p1a: Skarmory","|-damage|p1a: Skarmory|13/334","|","|-heal|p2a: DEEZ NUTS!!!|268/424 tox|[from] item: Leftovers","|-heal|p1a: Skarmory|33/334|[from] item: Leftovers","|-damage|p2a: DEEZ NUTS!!!|138/424 tox|[from] psn","|turn|20","|","|move|p1a: Skarmory|Protect|p1a: Skarmory","|-singleturn|p1a: Skarmory|Protect","|move|p2a: DEEZ NUTS!!!|Foul Play|p1a: Skarmory","|-activate|p1a: Skarmory|Protect","|","|-heal|p2a: DEEZ NUTS!!!|164/424 tox|[from] item: Leftovers","|-heal|p1a: Skarmory|53/334|[from] item: Leftovers","|-damage|p2a: DEEZ NUTS!!!|8/424 tox|[from] psn","|turn|21","|","|move|p1a: Skarmory|Protect|p1a: Skarmory","|-fail|p1a: Skarmory","|move|p2a: DEEZ NUTS!!!|Foul Play|p1a: Skarmory","|-damage|p1a: Skarmory|0 fnt","|faint|p1a: Skarmory","|","|-heal|p2a: DEEZ NUTS!!!|34/424 tox|[from] item: Leftovers","|-damage|p2a: DEEZ NUTS!!!|0 fnt|[from] psn","|faint|p2a: DEEZ NUTS!!!","|","|switch|p2a: DEEZ NUTS!!!!!!|Hydreigon, M, shiny|165/325 tox","|switch|p1a: Scizor|Scizor, F|343/343","|-damage|p2a: DEEZ NUTS!!!!!!|125/325 tox|[from] Stealth Rock","|turn|22","|","|detailschange|p1a: Scizor|Scizor-Mega, F","|-mega|p1a: Scizor|Scizor|Scizorite","|move|p1a: Scizor|Bullet Punch|p2a: DEEZ NUTS!!!!!!","|-damage|p2a: DEEZ NUTS!!!!!!|0 fnt","|faint|p2a: DEEZ NUTS!!!!!!","|","|","|switch|p2a: DEEZ NUTS!|Bisharp, M, shiny|271/271","|-damage|p2a: DEEZ NUTS!|255/271|[from] Stealth Rock","|-damage|p2a: DEEZ NUTS!|188/271|[from] Spikes","|turn|23","|","|move|p2a: DEEZ NUTS!|Sucker Punch|p1a: Scizor","|-damage|p1a: Scizor|238/343","|move|p1a: Scizor|X-Scissor|p2a: DEEZ NUTS!","|-crit|p2a: DEEZ NUTS!","|-damage|p2a: DEEZ NUTS!|0 fnt","|faint|p2a: DEEZ NUTS!","|","|","|switch|p2a: DEEZ NUTS!!|Weavile, F|211/281","|-damage|p2a: DEEZ NUTS!!|141/281|[from] Spikes","|-damage|p2a: DEEZ NUTS!!|71/281|[from] Stealth Rock","|-ability|p2a: DEEZ NUTS!!|Pressure","|turn|24","|","|move|p2a: DEEZ NUTS!!|Ice Shard|p1a: Scizor","|-resisted|p1a: Scizor","|-damage|p1a: Scizor|212/343","|move|p1a: Scizor|Bullet Punch|p2a: DEEZ NUTS!!","|-supereffective|p2a: DEEZ NUTS!!","|-damage|p2a: DEEZ NUTS!!|0 fnt","|faint|p2a: DEEZ NUTS!!","|","|win|key7"],"p1rating":{"entryid":"188976","serverid":"eos","formatid":"monotype","userid":"key7","username":"key7","w":11,"l":"7","t":"0","gxe":61.6,"r":"1500","rd":"130","sigma":"0","rptime":"1440061200","rpr":1590.6707249789,"rprd":74.105610794996,"rpsigma":"0","acre":1150.2372400636,"lacre":1150.2372400636,"oldacre":"1128.264084627"},"p2rating":{"entryid":"191502","serverid":"eos","formatid":"monotype","userid":"rainzeref","username":"Rain Zeref","w":"2","l":6,"t":"0","gxe":40.2,"r":"1500","rd":"130","sigma":"0","rptime":"1440061200","rpr":1422.3690811295,"rprd":93.567424344711,"rpsigma":"0","acre":1065.8651006977,"lacre":1065.8651006977,"oldacre":"1085.9913738099"},"endType":"normal"}