{"seed":[64318,32485,56786,28147],"turns":38,"p1":"Jake1079","p2":"Seven Swell","p1team":[{"name":"Aggron","species":"Aggron","item":"aggronite","ability":"Sturdy","moves":["autotomize","ironhead","earthquake","firepunch"],"nature":"Adamant","evs":{"hp":0,"atk":252,"def":0,"spa":0,"spd":0,"spe":252},"ivs":{"hp":31,"atk":31,"def":31,"spa":31,"spd":31,"spe":31}},{"name":"Jirachi","species":"Jirachi","item":"leftovers","ability":"Serene Grace","moves":["ironhead","thunderwave","meteormash","firepunch"],"nature":"Adamant","evs":{"hp":224,"atk":252,"def":0,"spa":0,"spd":0,"spe":32},"ivs":{"hp":31,"atk":31,"def":31,"spa":31,"spd":31,"spe":31}},{"name":"Bronzong","species":"Bronzong","item":"lightclay","ability":"Heatproof","moves":["explosion","reflect","lightscreen","stealthrock"],"nature":"Careful","evs":{"hp":248,"atk":8,"def":0,"spa":0,"spd":252,"spe":0},"ivs":{"hp":31,"atk":31,"def":31,"spa":31,"spd":31,"spe":31}},{"name":"Heatran","species":"Heatran","item":"airballoon","ability":"Flash Fire","moves":["earthpower","flashcannon","flamethrower","roar"],"nature":"Modest","evs":{"hp":248,"atk":0,"def":0,"spa":252,"spd":8,"spe":0},"ivs":{"hp":31,"atk":31,"def":31,"spa":31,"spd":31,"spe":31}},{"name":"Scizor","species":"Scizor","item":"occaberry","ability":"Technician","moves":["bulletpunch","bugbite","swordsdance","roost"],"nature":"Adamant","evs":{"hp":248,"atk":252,"def":0,"spa":0,"spd":8,"spe":0},"ivs":{"hp":31,"atk":31,"def":31,"spa":31,"spd":31,"spe":31}},{"name":"Magnezone","species":"Magnezone","item":"choicescarf","ability":"Sturdy","moves":["flashcannon","thunderbolt","hiddenpowerfire","voltswitch"],"nature":"Timid","evs":{"hp":0,"atk":0,"def":0,"spa":252,"spd":4,"spe":252},"ivs":{"hp":31,"atk":30,"def":31,"spa":30,"spd":31,"spe":30}}],"p2team":[{"name":"Mew","species":"Mew","item":"leftovers","ability":"Synchronize","moves":["roost","toxic","healbell","aurasphere"],"nature":"Calm","evs":{"hp":252,"atk":0,"def":0,"spa":4,"spd":252,"spe":0},"ivs":{"hp":31,"atk":0,"def":31,"spa":31,"spd":31,"spe":31}},{"name":"Slowbro","species":"Slowbro","item":"rockyhelmet","ability":"Regenerator","moves":["scald","yawn","flamethrower","slackoff"],"nature":"Bold","evs":{"hp":252,"atk":0,"def":252,"spa":4,"spd":0,"spe":0},"ivs":{"hp":31,"atk":0,"def":31,"spa":31,"spd":31,"spe":31}},{"name":"Deoxys-Speed","species":"Deoxys-Speed","item":"focussash","ability":"Pressure","moves":["stealthrock","thunderbolt","thunderwave","icebeam"],"nature":"Timid","evs":{"hp":252,"atk":0,"def":0,"spa":44,"spd":0,"spe":212},"ivs":{"hp":31,"atk":0,"def":31,"spa":31,"spd":31,"spe":31}},{"name":"Latias","species":"Latias","item":"leftovers","ability":"Levitate","moves":["dracometeor","psyshock","roost","defog"],"nature":"Timid","evs":{"hp":252,"atk":0,"def":0,"spa":4,"spd":0,"spe":252},"ivs":{"hp":31,"atk":0,"def":31,"spa":31,"spd":31,"spe":31}},{"name":"Hoopa-Unbound","species":"Hoopa-Unbound","item":"focussash","ability":"Magician","moves":["hyperspacefury","drainpunch","firepunch","gunkshot"],"nature":"Adamant","evs":{"hp":0,"atk":252,"def":0,"spa":0,"spd":4,"spe":252},"ivs":{"hp":31,"atk":31,"def":31,"spa":31,"spd":31,"spe":31}},{"name":"Gardevoir","species":"Gardevoir","item":"gardevoirite","ability":"Trace","moves":["hypervoice","psyshock","shadowball","taunt"],"nature":"Timid","evs":{"hp":0,"atk":0,"def":0,"spa":252,"spd":4,"spe":252},"ivs":{"hp":31,"atk":0,"def":31,"spa":31,"spd":31,"spe":31}}],"log":["|player|p1|Jake1079|281","|player|p2|Seven Swell|sevenswell.png","|gametype|singles","|gen|6","|tier|Monotype","|rated","|rule|Baton Pass Clause: Limit one Baton Passer, can't pass Spe and other stats simultaneously","|rule|Swagger Clause: Swagger is banned","|rule|Same Type Clause: Pokémon in a team must share a type","|clearpoke","|poke|p1|Aggron, M","|poke|p1|Jirachi","|poke|p1|Bronzong","|poke|p1|Heatran, M","|poke|p1|Scizor, F","|poke|p1|Magnezone","|poke|p2|Mew","|poke|p2|Slowbro, F","|poke|p2|Deoxys-Speed","|poke|p2|Latias, F","|poke|p2|Hoopa-Unbound","|poke|p2|Gardevoir, M","|rule|Sleep Clause Mod: Limit one foe put to sleep","|rule|Species Clause: Limit one of each Pokémon","|rule|OHKO Clause: OHKO moves are banned","|rule|Moody Clause: Moody is banned","|rule|Evasion Moves Clause: Evasion moves are banned","|rule|Endless Battle Clause: Forcing endless battles is banned","|rule|HP Percentage Mod: HP is shown in percentages","|teampreview","|","|start","|switch|p1a: Aggron|Aggron, M|281/281","|switch|p2a: Slowbro|Slowbro, F|394/394","|turn|1","|","|switch|p1a: Bronzong|Bronzong|337/337","|move|p2a: Slowbro|Scald|p1a: Bronzong","|-damage|p1a: Bronzong|274/337","|","|turn|2","|","|move|p1a: Bronzong|Light Screen|p1a: Bronzong","|-sidestart|p1: Jake1079|move: Light Screen","|move|p2a: Slowbro|Scald|p1a: Bronzong","|-damage|p1a: Bronzong|243/337","|","|turn|3","|","|move|p1a: Bronzong|Stealth Rock|p2a: Slowbro","|-sidestart|p2: Seven Swell|move: Stealth Rock","|move|p2a: Slowbro|Scald|p1a: Bronzong","|-damage|p1a: Bronzong|213/337","|-status|p1a: Bronzong|brn","|","|-damage|p1a: Bronzong|192/337 brn|[from] brn","|turn|4","|","|move|p1a: Bronzong|Reflect|p1a: Bronzong","|-sidestart|p1: Jake1079|Reflect","|move|p2a: Slowbro|Flamethrower|p1a: Bronzong","|-crit|p1a: Bronzong","|-supereffective|p1a: Bronzong","|-damage|p1a: Bronzong|120/337 brn","|","|-damage|p1a: Bronzong|99/337 brn|[from] brn","|turn|5","|","|move|p1a: Bronzong|Explosion|p2a: Slowbro","|-damage|p2a: Slowbro|330/394","|faint|p1a: Bronzong","|move|p2a: Slowbro|Yawn|p1: Bronzong|[notarget]","|-notarget","|","|","|switch|p1a: Magnezone|Magnezone|281/281","|turn|6","|","|switch|p2a: Latias|Latias, F|364/364","|-damage|p2a: Latias|319/364|[from] Stealth Rock","|move|p1a: Magnezone|Thunderbolt|p2a: Latias","|-resisted|p2a: Latias","|-damage|p2a: Latias|254/364","|","|-heal|p2a: Latias|276/364|[from] item: Leftovers","|turn|7","|","|switch|p1a: Jirachi|Jirachi|397/397","|move|p2a: Latias|Defog|p1a: Jirachi","|-unboost|p1a: Jirachi|evasion|1","|-sideend|p1: Jake1079|Reflect","|-sideend|p1: Jake1079|move: Light Screen","|-sideend|p2: Seven Swell|Stealth Rock|[from] move: Defog|[of] p2a: Latias","|","|-heal|p2a: Latias|298/364|[from] item: Leftovers","|turn|8","|","|switch|p2a: Slowbro|Slowbro, F|394/394","|move|p1a: Jirachi|Thunder Wave|p2a: Slowbro","|-status|p2a: Slowbro|par","|","|turn|9","|","|move|p1a: Jirachi|Meteor Mash|p2a: Slowbro","|-resisted|p2a: Slowbro","|-damage|p2a: Slowbro|349/394 par","|-damage|p1a: Jirachi|331/397|[from] item: Rocky Helmet|[of] p2a: Slowbro","|move|p2a: Slowbro|Flamethrower|p1a: Jirachi","|-supereffective|p1a: Jirachi","|-damage|p1a: Jirachi|179/397","|","|-heal|p1a: Jirachi|203/397|[from] item: Leftovers","|turn|10","|","|move|p1a: Jirachi|Meteor Mash|p2a: Slowbro","|-resisted|p2a: Slowbro","|-damage|p2a: Slowbro|296/394 par","|-damage|p1a: Jirachi|137/397|[from] item: Rocky Helmet|[of] p2a: Slowbro","|cant|p2a: Slowbro|par","|","|-heal|p1a: Jirachi|161/397|[from] item: Leftovers","|turn|11","|","|move|p1a: Jirachi|Iron Head|p2a: Slowbro","|-resisted|p2a: Slowbro","|-damage|p2a: Slowbro|255/394 par","|-damage|p1a: Jirachi|95/397|[from] item: Rocky Helmet|[of] p2a: Slowbro","|cant|p2a: Slowbro|par","|","|-heal|p1a: Jirachi|119/397|[from] item: Leftovers","|turn|12","|","|switch|p1a: Magnezone|Magnezone|281/281","|cant|p2a: Slowbro|par","|","|turn|13","|","|switch|p2a: Latias|Latias, F|298/364","|move|p1a: Magnezone|Flash Cannon|p2a: Latias","|-damage|p2a: Latias|189/364","|-unboost|p2a: Latias|spd|1","|","|-heal|p2a: Latias|211/364|[from] item: Leftovers","|turn|14","|","|switch|p2a: Mew|Mew|404/404","|move|p1a: Magnezone|Flash Cannon|p2a: Mew","|-damage|p2a: Mew|305/404","|","|-heal|p2a: Mew|330/404|[from] item: Leftovers","|turn|15","|","|switch|p1a: Aggron|Aggron, M|281/281","|move|p2a: Mew|Aura Sphere|p1a: Aggron","|-supereffective|p1a: Aggron","|-ability|p1a: Aggron|Sturdy","|-damage|p1a: Aggron|1/281","|","|-heal|p2a: Mew|355/404|[from] item: Leftovers","|turn|16","|","|detailschange|p1a: Aggron|Aggron-Mega, M","|-mega|p1a: Aggron|Aggron|Aggronite","|move|p2a: Mew|Aura Sphere|p1a: Aggron","|-crit|p1a: Aggron","|-supereffective|p1a: Aggron","|-damage|p1a: Aggron|0 fnt","|faint|p1a: Aggron","|","|-heal|p2a: Mew|380/404|[from] item: Leftovers","|","|switch|p1a: Scizor|Scizor, F|343/343","|turn|17","|","|switch|p2a: Deoxys-Speed|Deoxys-Speed|304/304","|-ability|p2a: Deoxys-Speed|Pressure","|move|p1a: Scizor|Swords Dance|p1a: Scizor","|-boost|p1a: Scizor|atk|2","|","|turn|18","|","|move|p1a: Scizor|Bullet Punch|p2a: Deoxys-Speed","|-damage|p2a: Deoxys-Speed|45/304","|move|p2a: Deoxys-Speed|Stealth Rock|p1a: Scizor","|-sidestart|p1: Jake1079|move: Stealth Rock","|","|turn|19","|","|move|p1a: Scizor|Bullet Punch|p2a: Deoxys-Speed","|-damage|p2a: Deoxys-Speed|0 fnt","|faint|p2a: Deoxys-Speed","|","|","|switch|p2a: Hoopa-Unbound|Hoopa-Unbound|301/301","|turn|20","|","|move|p2a: Hoopa-Unbound|Fire Punch|p1a: Scizor","|-supereffective|p1a: Scizor","|-enditem|p1a: Scizor|Occa Berry|[eat]","|-damage|p1a: Scizor|109/343","|move|p1a: Scizor|Bug Bite|p2a: Hoopa-Unbound","|-supereffective|p2a: Hoopa-Unbound","|-enditem|p2a: Hoopa-Unbound|Focus Sash","|-damage|p2a: Hoopa-Unbound|1/301","|","|turn|21","|","|switch|p2a: Slowbro|Slowbro, F|386/394 par","|move|p1a: Scizor|Bullet Punch|p2a: Slowbro","|-resisted|p2a: Slowbro","|-damage|p2a: Slowbro|305/394 par","|-damage|p1a: Scizor|52/343|[from] item: Rocky Helmet|[of] p2a: Slowbro","|","|turn|22","|","|switch|p2a: Latias|Latias, F|211/364","|move|p1a: Scizor|Roost|p1a: Scizor","|-heal|p1a: Scizor|224/343","|","|-heal|p2a: Latias|233/364|[from] item: Leftovers","|turn|23","|","|move|p1a: Scizor|Bullet Punch|p2a: Latias","|-damage|p2a: Latias|0 fnt","|faint|p2a: Latias","|","|","|switch|p2a: Slowbro|Slowbro, F|394/394 par","|turn|24","|","|move|p1a: Scizor|Swords Dance|p1a: Scizor","|-boost|p1a: Scizor|atk|2","|move|p2a: Slowbro|Flamethrower|p1a: Scizor","|-crit|p1a: Scizor","|-supereffective|p1a: Scizor","|-damage|p1a: Scizor|0 fnt","|faint|p1a: Scizor","|","|","|switch|p1a: Magnezone|Magnezone|281/281","|-damage|p1a: Magnezone|264/281|[from] Stealth Rock","|turn|25","|","|switch|p2a: Mew|Mew|380/404","|move|p1a: Magnezone|Thunderbolt|p2a: Mew","|-damage|p2a: Mew|259/404","|","|-heal|p2a: Mew|284/404|[from] item: Leftovers","|turn|26","|","|switch|p1a: Jirachi|Jirachi|119/397","|-damage|p1a: Jirachi|95/397|[from] Stealth Rock","|move|p2a: Mew|Aura Sphere|p1a: Jirachi","|-damage|p1a: Jirachi|30/397","|","|-heal|p1a: Jirachi|54/397|[from] item: Leftovers","|-heal|p2a: Mew|309/404|[from] item: Leftovers","|turn|27","|","|move|p1a: Jirachi|Thunder Wave|p2a: Mew","|-status|p2a: Mew|par","|-status|p1a: Jirachi|par","|cant|p2a: Mew|par","|","|-heal|p1a: Jirachi|78/397 par|[from] item: Leftovers","|-heal|p2a: Mew|334/404 par|[from] item: Leftovers","|turn|28","|","|move|p1a: Jirachi|Meteor Mash|p2a: Mew","|-damage|p2a: Mew|199/404 par","|move|p2a: Mew|Heal Bell|p2a: Mew","|-cureteam|p2a: Mew|[from] move: HealBell","|","|-heal|p2a: Mew|224/404|[from] item: Leftovers","|-heal|p1a: Jirachi|102/397 par|[from] item: Leftovers","|turn|29","|","|move|p2a: Mew|Roost|p2a: Mew","|-heal|p2a: Mew|404/404","|move|p1a: Jirachi|Meteor Mash|p2a: Mew","|-damage|p2a: Mew|263/404","|","|-heal|p2a: Mew|288/404|[from] item: Leftovers","|-heal|p1a: Jirachi|126/397 par|[from] item: Leftovers","|turn|30","|","|switch|p2a: Slowbro|Slowbro, F|394/394","|cant|p1a: Jirachi|par","|","|-heal|p1a: Jirachi|150/397 par|[from] item: Leftovers","|turn|31","|","|switch|p1a: Heatran|Heatran, M|385/385","|-damage|p1a: Heatran|337/385|[from] Stealth Rock","|-item|p1a: Heatran|Air Balloon","|move|p2a: Slowbro|Flamethrower|p1a: Heatran","|-start|p1a: Heatran|ability: Flash Fire","|","|turn|32","|","|move|p2a: Slowbro|Scald|p1a: Heatran","|-supereffective|p1a: Heatran","|-damage|p1a: Heatran|173/385","|-enditem|p1a: Heatran|Air Balloon","|move|p1a: Heatran|Roar|p2a: Slowbro","|drag|p2a: Mew|Mew|288/404","|","|-heal|p2a: Mew|313/404|[from] item: Leftovers","|turn|33","|","|move|p2a: Mew|Aura Sphere|p1a: Heatran","|-supereffective|p1a: Heatran","|-damage|p1a: Heatran|53/385","|move|p1a: Heatran|Flamethrower|p2a: Mew","|-damage|p2a: Mew|121/404","|","|-heal|p2a: Mew|146/404|[from] item: Leftovers","|turn|34","|","|switch|p2a: Gardevoir|Gardevoir, M|277/277","|-ability|p2a: Gardevoir|Flash Fire|[from] ability: Trace|[of] p1a: Heatran","|move|p1a: Heatran|Flamethrower|p2a: Gardevoir","|-start|p2a: Gardevoir|ability: Flash Fire","|","|turn|35","|","|detailschange|p2a: Gardevoir|Gardevoir-Mega, M","|-mega|p2a: Gardevoir|Gardevoir|Gardevoirite","|-end|p2a: Gardevoir|ability: Flash Fire|[silent]","|move|p2a: Gardevoir|Shadow Ball|p1a: Heatran","|-damage|p1a: Heatran|0 fnt","|faint|p1a: Heatran","|","|","|switch|p1a: Jirachi|Jirachi|150/397 par","|-damage|p1a: Jirachi|126/397 par|[from] Stealth Rock","|turn|36","|","|move|p2a: Gardevoir|Shadow Ball|p1a: Jirachi","|-supereffective|p1a: Jirachi","|-damage|p1a: Jirachi|0 fnt","|faint|p1a: Jirachi","|","|","|switch|p1a: Magnezone|Magnezone|264/281","|-damage|p1a: Magnezone|247/281|[from] Stealth Rock","|turn|37","|","|move|p1a: Magnezone|Thunderbolt|p2a: Gardevoir","|-damage|p2a: Gardevoir|160/277","|move|p2a: Gardevoir|Shadow Ball|p1a: Magnezone","|-damage|p1a: Magnezone|120/281","|-unboost|p1a: Magnezone|spd|1","|","|turn|38","|","|move|p1a: Magnezone|Thunderbolt|p2a: Gardevoir","|-damage|p2a: Gardevoir|43/277","|move|p2a: Gardevoir|Shadow Ball|p1a: Magnezone","|-crit|p1a: Magnezone","|-damage|p1a: Magnezone|0 fnt","|faint|p1a: Magnezone","|","|win|Seven Swell"],"p1rating":{"entryid":"56288","serverid":"eos","formatid":"monotype","userid":"jake1079","username":"Jake1079","w":"11","l":12,"t":"0","gxe":50.1,"r":"1411.3200973936","rd":"86.629041931481","sigma":"0","rptime":"1440061200","rpr":1500.7285997604,"rprd":68.509121621224,"rpsigma":"0","acre":1125.4784065362,"lacre":1125.4784065362,"oldacre":"1148.9232922693"},"p2rating":{"entryid":"86214","serverid":"eos","formatid":"monotype","userid":"sevenswell","username":"Seven Swell","w":21,"l":"7","t":"0","gxe":67.7,"r":"1657.3392056267","rd":"80.221831851584","sigma":"0","rptime":"1440061200","rpr":1641.1261175492,"rprd":64.483221068051,"rpsigma":"0","acre":1194.0081996576,"lacre":1194.0081996576,"oldacre":"1170.5633139245"},"endType":"normal"}