{"seed":[64994,5606,23792,52491],"turns":27,"p1":"key7","p2":"Adviser♕Dooms","p1team":[{"name":"Aggron","species":"Aggron","item":"lifeorb","ability":"Rock Head","moves":["rockpolish","headsmash","ironhead","earthquake"],"nature":"Adamant","evs":{"hp":0,"atk":252,"def":0,"spa":0,"spd":4,"spe":252},"ivs":{"hp":31,"atk":31,"def":31,"spa":31,"spd":31,"spe":31}},{"name":"Scizor","species":"Scizor","item":"scizorite","ability":"Technician","moves":["swordsdance","xscissor","bulletpunch","roost"],"nature":"Adamant","evs":{"hp":248,"atk":252,"def":0,"spa":0,"spd":8,"spe":0},"ivs":{"hp":31,"atk":31,"def":31,"spa":31,"spd":31,"spe":31}},{"name":"Lucario","species":"Lucario","item":"focussash","ability":"Inner Focus","moves":["nastyplot","aurasphere","flashcannon","vacuumwave"],"nature":"Timid","evs":{"hp":0,"atk":0,"def":0,"spa":252,"spd":4,"spe":252},"ivs":{"hp":31,"atk":31,"def":31,"spa":31,"spd":31,"spe":31}},{"name":"Heatran","species":"Heatran","item":"airballoon","ability":"Flash Fire","moves":["fireblast","flashcannon","earthpower","protect"],"nature":"Modest","evs":{"hp":240,"atk":0,"def":0,"spa":252,"spd":8,"spe":8},"ivs":{"hp":31,"atk":31,"def":31,"spa":31,"spd":31,"spe":31}},{"name":"Skarmory","species":"Skarmory","item":"leftovers","ability":"Sturdy","moves":["spikes","toxic","protect","bravebird"],"nature":"Impish","evs":{"hp":252,"atk":0,"def":232,"spa":0,"spd":0,"spe":24},"ivs":{"hp":31,"atk":31,"def":31,"spa":31,"spd":31,"spe":31}},{"name":"Registeel","species":"Registeel","item":"leftovers","ability":"Clear Body","moves":["stealthrock","protect","toxic","seismictoss"],"nature":"Calm","evs":{"hp":252,"atk":0,"def":4,"spa":0,"spd":252,"spe":0},"ivs":{"hp":31,"atk":31,"def":31,"spa":31,"spd":31,"spe":31}}],"p2team":[{"name":"Ludicolo","species":"Ludicolo","item":"lifeorb","ability":"Swift Swim","moves":["gigadrain","scald","focusblast","icebeam"],"nature":"Modest","evs":{"hp":0,"atk":0,"def":0,"spa":252,"spd":4,"spe":252},"gender":"M","ivs":{"hp":31,"atk":0,"def":31,"spa":31,"spd":31,"spe":31},"shiny":true},{"name":"Swampert","species":"Swampert","item":"swampertite","ability":"Torrent","moves":["earthquake","waterfall","icepunch","raindance"],"nature":"Adamant","evs":{"hp":0,"atk":252,"def":0,"spa":0,"spd":4,"spe":252},"gender":"M","shiny":true,"ivs":{"hp":31,"atk":31,"def":31,"spa":31,"spd":31,"spe":31}},{"name":"Manaphy","species":"Manaphy","item":"leftovers","ability":"Hydration","moves":["tailglow","psychic","scald","icebeam"],"nature":"Timid","evs":{"hp":0,"atk":0,"def":0,"spa":252,"spd":4,"spe":252},"ivs":{"hp":31,"atk":0,"def":31,"spa":31,"spd":31,"spe":31},"shiny":true},{"name":"Azumarill","species":"Azumarill","item":"choiceband","ability":"Huge Power","moves":["waterfall","aquajet","playrough","knockoff"],"nature":"Adamant","evs":{"hp":236,"atk":252,"def":12,"spa":0,"spd":8,"spe":0},"gender":"M","shiny":true,"ivs":{"hp":31,"atk":31,"def":31,"spa":31,"spd":31,"spe":31}},{"name":"Jellicent","species":"Jellicent","item":"leftovers","ability":"Cursed Body","moves":["hex","willowisp","taunt","recover"],"nature":"Calm","evs":{"hp":252,"atk":0,"def":0,"spa":0,"spd":212,"spe":44},"gender":"M","ivs":{"hp":31,"atk":0,"def":31,"spa":31,"spd":31,"spe":31},"shiny":true},{"name":"Pelipper","species":"Pelipper","item":"leftovers","ability":"Rain Dish","moves":["stockpile","toxic","swallow","spitup"],"nature":"Sassy","evs":{"hp":244,"atk":0,"def":56,"spa":0,"spd":208,"spe":0},"gender":"M","shiny":true,"ivs":{"hp":31,"atk":31,"def":31,"spa":31,"spd":31,"spe":31}}],"log":["|player|p1|key7|key7.png","|player|p2|Adviser♕Dooms|154","|gametype|singles","|gen|6","|tier|Monotype","|rated","|rule|Baton Pass Clause: Limit one Baton Passer, can't pass Spe and other stats simultaneously","|rule|Swagger Clause: Swagger is banned","|rule|Same Type Clause: Pokémon in a team must share a type","|clearpoke","|poke|p1|Aggron, F","|poke|p1|Scizor, F","|poke|p1|Lucario, F","|poke|p1|Heatran, M","|poke|p1|Skarmory, M","|poke|p1|Registeel","|poke|p2|Ludicolo, M, shiny","|poke|p2|Swampert, M, shiny","|poke|p2|Manaphy, shiny","|poke|p2|Azumarill, M, shiny","|poke|p2|Jellicent, M, shiny","|poke|p2|Pelipper, M, shiny","|rule|Sleep Clause Mod: Limit one foe put to sleep","|rule|Species Clause: Limit one of each Pokémon","|rule|OHKO Clause: OHKO moves are banned","|rule|Moody Clause: Moody is banned","|rule|Evasion Moves Clause: Evasion moves are banned","|rule|Endless Battle Clause: Forcing endless battles is banned","|rule|HP Percentage Mod: HP is shown in percentages","|teampreview","|","|start","|switch|p1a: Registeel|Registeel|364/364","|switch|p2a: Jellicent|Jellicent, M, shiny|404/404","|turn|1","|","|move|p2a: Jellicent|Will-O-Wisp|p1a: Registeel","|-status|p1a: Registeel|brn","|move|p1a: Registeel|Toxic|p2a: Jellicent","|-status|p2a: Jellicent|tox","|","|-damage|p2a: Jellicent|379/404 tox|[from] psn","|-damage|p1a: Registeel|319/364 brn|[from] brn","|turn|2","|","|move|p2a: Jellicent|Hex|p1a: Registeel","|-damage|p1a: Registeel|246/364 brn","|move|p1a: Registeel|Stealth Rock|p2a: Jellicent","|-sidestart|p2: Adviser♕Dooms|move: Stealth Rock","|","|-heal|p2a: Jellicent|404/404 tox|[from] item: Leftovers","|-heal|p1a: Registeel|268/364 brn|[from] item: Leftovers","|-damage|p2a: Jellicent|354/404 tox|[from] psn","|-damage|p1a: Registeel|223/364 brn|[from] brn","|turn|3","|","|switch|p2a: Pelipper|Pelipper, M, shiny|322/322","|-damage|p2a: Pelipper|242/322|[from] Stealth Rock","|move|p1a: Registeel|Protect|p1a: Registeel","|-fail|p1a: Registeel","|","|-heal|p2a: Pelipper|262/322|[from] item: Leftovers","|-heal|p1a: Registeel|245/364 brn|[from] item: Leftovers","|-damage|p1a: Registeel|200/364 brn|[from] brn","|turn|4","|","|move|p2a: Pelipper|Stockpile|p2a: Pelipper","|-start|p2a: Pelipper|stockpile1","|-boost|p2a: Pelipper|def|1","|-boost|p2a: Pelipper|spd|1","|move|p1a: Registeel|Toxic|p2a: Pelipper|[miss]","|-miss|p1a: Registeel|p2a: Pelipper","|","|-heal|p2a: Pelipper|282/322|[from] item: Leftovers","|-heal|p1a: Registeel|222/364 brn|[from] item: Leftovers","|-damage|p1a: Registeel|177/364 brn|[from] brn","|turn|5","|","|move|p2a: Pelipper|Stockpile|p2a: Pelipper","|-start|p2a: Pelipper|stockpile2","|-boost|p2a: Pelipper|def|1","|-boost|p2a: Pelipper|spd|1","|move|p1a: Registeel|Toxic|p2a: Pelipper","|-status|p2a: Pelipper|tox","|","|-heal|p2a: Pelipper|302/322 tox|[from] item: Leftovers","|-heal|p1a: Registeel|199/364 brn|[from] item: Leftovers","|-damage|p2a: Pelipper|282/322 tox|[from] psn","|-damage|p1a: Registeel|154/364 brn|[from] brn","|turn|6","|","|move|p2a: Pelipper|Spit Up|p1a: Registeel","|-resisted|p1a: Registeel","|-damage|p1a: Registeel|116/364 brn","|-unboost|p2a: Pelipper|def|2","|-unboost|p2a: Pelipper|spd|2","|-end|p2a: Pelipper|Stockpile","|move|p1a: Registeel|Seismic Toss|p2a: Pelipper","|-damage|p2a: Pelipper|182/322 tox","|","|-heal|p2a: Pelipper|202/322 tox|[from] item: Leftovers","|-heal|p1a: Registeel|138/364 brn|[from] item: Leftovers","|-damage|p2a: Pelipper|162/322 tox|[from] psn","|-damage|p1a: Registeel|93/364 brn|[from] brn","|turn|7","|","|move|p2a: Pelipper|Stockpile|p2a: Pelipper","|-start|p2a: Pelipper|stockpile1","|-boost|p2a: Pelipper|def|1","|-boost|p2a: Pelipper|spd|1","|move|p1a: Registeel|Seismic Toss|p2a: Pelipper","|-damage|p2a: Pelipper|62/322 tox","|","|-heal|p2a: Pelipper|82/322 tox|[from] item: Leftovers","|-heal|p1a: Registeel|115/364 brn|[from] item: Leftovers","|-damage|p2a: Pelipper|22/322 tox|[from] psn","|-damage|p1a: Registeel|70/364 brn|[from] brn","|turn|8","|","|move|p1a: Registeel|Protect|p1a: Registeel","|-singleturn|p1a: Registeel|Protect","|move|p2a: Pelipper|Swallow|p2a: Pelipper","|-heal|p2a: Pelipper|102/322 tox","|-unboost|p2a: Pelipper|def|1","|-unboost|p2a: Pelipper|spd|1","|-end|p2a: Pelipper|Stockpile","|","|-heal|p2a: Pelipper|122/322 tox|[from] item: Leftovers","|-heal|p1a: Registeel|92/364 brn|[from] item: Leftovers","|-damage|p2a: Pelipper|42/322 tox|[from] psn","|-damage|p1a: Registeel|47/364 brn|[from] brn","|turn|9","|","|move|p1a: Registeel|Protect|p1a: Registeel","|-fail|p1a: Registeel","|move|p2a: Pelipper|Swallow|p2a: Pelipper","|-fail|p2a: Pelipper","|","|-heal|p2a: Pelipper|62/322 tox|[from] item: Leftovers","|-heal|p1a: Registeel|69/364 brn|[from] item: Leftovers","|-damage|p2a: Pelipper|0 fnt|[from] psn","|-damage|p1a: Registeel|24/364 brn|[from] brn","|faint|p2a: Pelipper","|","|switch|p2a: Jellicent|Jellicent, M, shiny|354/404 tox","|-damage|p2a: Jellicent|304/404 tox|[from] Stealth Rock","|turn|10","|","|move|p1a: Registeel|Protect|p1a: Registeel","|-singleturn|p1a: Registeel|Protect","|move|p2a: Jellicent|Hex|p1a: Registeel","|-activate|p1a: Registeel|Protect","|","|-heal|p2a: Jellicent|329/404 tox|[from] item: Leftovers","|-heal|p1a: Registeel|46/364 brn|[from] item: Leftovers","|-damage|p2a: Jellicent|304/404 tox|[from] psn","|-damage|p1a: Registeel|1/364 brn|[from] brn","|turn|11","|","|move|p1a: Registeel|Protect|p1a: Registeel","|-fail|p1a: Registeel","|move|p2a: Jellicent|Hex|p1a: Registeel","|-damage|p1a: Registeel|0 fnt","|faint|p1a: Registeel","|","|-heal|p2a: Jellicent|329/404 tox|[from] item: Leftovers","|-damage|p2a: Jellicent|279/404 tox|[from] psn","|","|switch|p1a: Skarmory|Skarmory, M|334/334","|turn|12","|","|move|p1a: Skarmory|Spikes|p2a: Jellicent","|-sidestart|p2: Adviser♕Dooms|Spikes","|move|p2a: Jellicent|Taunt|p1a: Skarmory","|-start|p1a: Skarmory|move: Taunt","|","|-heal|p2a: Jellicent|304/404 tox|[from] item: Leftovers","|-damage|p2a: Jellicent|229/404 tox|[from] psn","|turn|13","|","|move|p1a: Skarmory|Brave Bird|p2a: Jellicent","|-crit|p2a: Jellicent","|-damage|p2a: Jellicent|9/404 tox","|-damage|p1a: Skarmory|261/334|[from] recoil|[of] p2a: Jellicent","|move|p2a: Jellicent|Will-O-Wisp|p1a: Skarmory|[miss]","|-miss|p2a: Jellicent|p1a: Skarmory","|","|-heal|p1a: Skarmory|281/334|[from] item: Leftovers","|-heal|p2a: Jellicent|34/404 tox|[from] item: Leftovers","|-damage|p2a: Jellicent|0 fnt|[from] psn","|faint|p2a: Jellicent","|","|switch|p2a: Swampert|Swampert, M, shiny|341/341","|-damage|p2a: Swampert|320/341|[from] Stealth Rock","|-damage|p2a: Swampert|278/341|[from] Spikes","|turn|14","|","|detailschange|p2a: Swampert|Swampert-Mega, M, shiny","|-mega|p2a: Swampert|Swampert|Swampertite","|move|p2a: Swampert|Rain Dance|p2a: Swampert","|-weather|RainDance","|move|p1a: Skarmory|Brave Bird|p2a: Swampert","|-damage|p2a: Swampert|169/341","|-damage|p1a: Skarmory|245/334|[from] recoil|[of] p2a: Swampert","|","|-weather|RainDance|[upkeep]","|-heal|p1a: Skarmory|265/334|[from] item: Leftovers","|turn|15","|","|move|p2a: Swampert|Waterfall|p1a: Skarmory","|-damage|p1a: Skarmory|114/334","|move|p1a: Skarmory|Brave Bird|p2a: Swampert","|-damage|p2a: Swampert|57/341","|-damage|p1a: Skarmory|77/334|[from] recoil|[of] p2a: Swampert","|","|-weather|RainDance|[upkeep]","|-heal|p1a: Skarmory|97/334|[from] item: Leftovers","|-end|p1a: Skarmory|move: Taunt","|turn|16","|","|move|p2a: Swampert|Waterfall|p1a: Skarmory","|-damage|p1a: Skarmory|0 fnt","|faint|p1a: Skarmory","|","|-weather|RainDance|[upkeep]","|","|switch|p1a: Heatran|Heatran, M|383/383","|-item|p1a: Heatran|Air Balloon","|turn|17","|","|move|p1a: Heatran|Protect|p1a: Heatran","|-singleturn|p1a: Heatran|Protect","|move|p2a: Swampert|Waterfall|p1a: Heatran","|-activate|p1a: Heatran|Protect","|","|-weather|RainDance|[upkeep]","|turn|18","|","|switch|p1a: Aggron|Aggron, F|281/281","|move|p2a: Swampert|Waterfall|p1a: Aggron","|-supereffective|p1a: Aggron","|-damage|p1a: Aggron|0 fnt","|faint|p1a: Aggron","|","|-weather|none","|","|switch|p1a: Scizor|Scizor, F|343/343","|turn|19","|","|detailschange|p1a: Scizor|Scizor-Mega, F","|-mega|p1a: Scizor|Scizor|Scizorite","|move|p2a: Swampert|Waterfall|p1a: Scizor","|-crit|p1a: Scizor","|-damage|p1a: Scizor|148/343","|move|p1a: Scizor|Swords Dance|p1a: Scizor","|-boost|p1a: Scizor|atk|2","|","|turn|20","|","|move|p2a: Swampert|Waterfall|p1a: Scizor","|-damage|p1a: Scizor|18/343","|move|p1a: Scizor|Roost|p1a: Scizor","|-heal|p1a: Scizor|190/343","|","|turn|21","|","|move|p1a: Scizor|Bullet Punch|p2a: Swampert","|-resisted|p2a: Swampert","|-damage|p2a: Swampert|0 fnt","|faint|p2a: Swampert","|","|","|switch|p2a: Ludicolo|Ludicolo, M, shiny|301/301","|-damage|p2a: Ludicolo|264/301|[from] Stealth Rock","|-damage|p2a: Ludicolo|227/301|[from] Spikes","|turn|22","|","|move|p2a: Ludicolo|Focus Blast|p1a: Scizor","|-damage|p1a: Scizor|34/343","|-damage|p2a: Ludicolo|197/301|[from] item: Life Orb","|move|p1a: Scizor|X-Scissor|p2a: Ludicolo","|-supereffective|p2a: Ludicolo","|-damage|p2a: Ludicolo|0 fnt","|faint|p2a: Ludicolo","|","|","|switch|p2a: Azumarill|Azumarill, M, shiny|400/400","|-damage|p2a: Azumarill|350/400|[from] Spikes","|-damage|p2a: Azumarill|300/400|[from] Stealth Rock","|turn|23","|","|move|p1a: Scizor|Bullet Punch|p2a: Azumarill","|-damage|p2a: Azumarill|9/400","|move|p2a: Azumarill|Aqua Jet|p1a: Scizor","|-damage|p1a: Scizor|0 fnt","|faint|p1a: Scizor","|","|","|switch|p1a: Lucario|Lucario, F|281/281","|turn|24","|","|move|p1a: Lucario|Vacuum Wave|p2a: Azumarill","|-resisted|p2a: Azumarill","|-damage|p2a: Azumarill|0 fnt","|faint|p2a: Azumarill","|","|","|switch|p2a: Manaphy|Manaphy, shiny|341/341","|-damage|p2a: Manaphy|299/341|[from] Stealth Rock","|-damage|p2a: Manaphy|257/341|[from] Spikes","|turn|25","|","|move|p2a: Manaphy|Scald|p1a: Lucario","|-damage|p1a: Lucario|119/281","|move|p1a: Lucario|Aura Sphere|p2a: Manaphy","|-damage|p2a: Manaphy|122/341","|","|-heal|p2a: Manaphy|143/341|[from] item: Leftovers","|turn|26","|","|move|p1a: Lucario|Vacuum Wave|p2a: Manaphy","|-damage|p2a: Manaphy|76/341","|move|p2a: Manaphy|Scald|p1a: Lucario","|-damage|p1a: Lucario|0 fnt","|faint|p1a: Lucario","|","|-heal|p2a: Manaphy|97/341|[from] item: Leftovers","|","|switch|p1a: Heatran|Heatran, M|383/383","|-item|p1a: Heatran|Air Balloon","|turn|27","|","|move|p2a: Manaphy|Scald|p1a: Heatran","|-supereffective|p1a: Heatran","|-damage|p1a: Heatran|149/383","|-enditem|p1a: Heatran|Air Balloon","|move|p1a: Heatran|Earth Power|p2a: Manaphy","|-damage|p2a: Manaphy|0 fnt","|faint|p2a: Manaphy","|","|win|key7"],"p1rating":{"entryid":"188976","serverid":"eos","formatid":"monotype","userid":"key7","username":"key7","w":2,"l":"1","t":"0","gxe":54.6,"r":"1500","rd":"130","sigma":"0","rptime":"1440061200","rpr":1536.8378705642,"rprd":112.27584734525,"rpsigma":"0","acre":1072.7578806609,"lacre":1072.7578806609,"oldacre":"1033.1527780464"},"p2rating":{"entryid":"117867","serverid":"eos","formatid":"monotype","userid":"adviserdooms","username":"Adviser♕Dooms","w":"4","l":6,"t":"0","gxe":43.1,"r":"1381.2404051028","rd":"111.80864253111","sigma":"0","rptime":"1440061200","rpr":1446.3286769639,"rprd":88.986220780072,"rpsigma":"0","acre":1054.1477830261,"lacre":1054.1477830261,"oldacre":"1078.8236565436"},"endType":"normal"}