{"seed":[25247,35908,7491,53887],"turns":27,"p1":"Im Slash","p2":"Shining Yin","p1team":[{"name":"Meloetta","species":"Meloetta","item":"choicespecs","ability":"Serene Grace","moves":["hypervoice","thunderbolt","shadowball","psyshock"],"nature":"Modest","evs":{"hp":248,"atk":0,"def":0,"spa":252,"spd":8,"spe":0},"ivs":{"hp":31,"atk":31,"def":31,"spa":31,"spd":31,"spe":31}},{"name":"Latias","species":"Latias","item":"lifeorb","ability":"Levitate","moves":["dracometeor","healingwish","psyshock","defog"],"nature":"Timid","evs":{"hp":0,"atk":0,"def":0,"spa":252,"spd":4,"spe":252},"ivs":{"hp":31,"atk":31,"def":31,"spa":31,"spd":31,"spe":31}},{"name":"Slowbro","species":"Slowbro","item":"rockyhelmet","ability":"Regenerator","moves":["scald","icebeam","slackoff","thunderwave"],"nature":"Bold","evs":{"hp":248,"atk":0,"def":252,"spa":8,"spd":0,"spe":0},"ivs":{"hp":31,"atk":31,"def":31,"spa":31,"spd":31,"spe":31}},{"name":"Metagross","species":"Metagross","item":"assaultvest","ability":"Clear Body","moves":["earthquake","meteormash","bulletpunch","zenheadbutt"],"nature":"Adamant","evs":{"hp":248,"atk":252,"def":0,"spa":0,"spd":8,"spe":0},"shiny":true,"ivs":{"hp":31,"atk":31,"def":31,"spa":31,"spd":31,"spe":31}},{"name":"Victini","species":"Victini","item":"choicescarf","ability":"Victory Star","moves":["brickbreak","vcreate","uturn","boltstrike"],"nature":"Hasty","evs":{"hp":0,"atk":252,"def":0,"spa":4,"spd":0,"spe":252},"ivs":{"hp":31,"atk":31,"def":31,"spa":31,"spd":31,"spe":31}},{"name":"Gardevoir","species":"Gardevoir","item":"gardevoirite","ability":"Trace","moves":["hypervoice","psyshock","calmmind","focusblast"],"nature":"Timid","evs":{"hp":0,"atk":0,"def":0,"spa":252,"spd":0,"spe":252},"ivs":{"hp":31,"atk":31,"def":31,"spa":31,"spd":31,"spe":31}}],"p2team":[{"name":"Infernape","species":"Infernape","item":"focussash","ability":"Blaze","moves":["overheat","closecombat","stealthrock","taunt"],"nature":"Naive","evs":{"hp":0,"atk":168,"def":0,"spa":88,"spd":0,"spe":252},"ivs":{"hp":31,"atk":31,"def":31,"spa":31,"spd":31,"spe":31}},{"name":"Charizard","species":"Charizard","item":"charizarditey","ability":"Blaze","moves":["fireblast","defog","solarbeam","roost"],"nature":"Modest","evs":{"hp":0,"atk":0,"def":0,"spa":252,"spd":4,"spe":252},"ivs":{"hp":31,"atk":31,"def":31,"spa":31,"spd":31,"spe":31}},{"name":"Darmanitan","species":"Darmanitan","item":"choicescarf","ability":"Sheer Force","moves":["flareblitz","superpower","uturn","rockslide"],"nature":"Jolly","evs":{"hp":0,"atk":252,"def":0,"spa":0,"spd":4,"spe":252},"ivs":{"hp":31,"atk":31,"def":31,"spa":31,"spd":31,"spe":31}},{"name":"Fletchinder","species":"Fletchinder","item":"","ability":"Gale Wings","moves":["acrobatics","swordsdance","willowisp","tailwind"],"nature":"Adamant","evs":{"hp":0,"atk":252,"def":4,"spa":0,"spd":0,"spe":252},"shiny":true,"ivs":{"hp":31,"atk":31,"def":31,"spa":31,"spd":31,"spe":31}},{"name":"Rotom-Heat","species":"Rotom-Heat","item":"choicespecs","ability":"Levitate","moves":["discharge","voltswitch","overheat","trick"],"nature":"Modest","evs":{"hp":0,"atk":0,"def":0,"spa":252,"spd":4,"spe":252},"ivs":{"hp":31,"atk":31,"def":31,"spa":31,"spd":31,"spe":31}},{"name":"Victini","species":"Victini","item":"choicescarf","ability":"Victory Star","moves":["vcreate","boltstrike","uturn","zenheadbutt"],"nature":"Jolly","evs":{"hp":0,"atk":252,"def":0,"spa":0,"spd":4,"spe":252},"ivs":{"hp":31,"atk":31,"def":31,"spa":31,"spd":31,"spe":31}}],"log":["|player|p1|Im Slash|144","|player|p2|Shining Yin|277","|gametype|singles","|gen|6","|tier|Monotype","|rated","|rule|Baton Pass Clause: Limit one Baton Passer, can't pass Spe and other stats simultaneously","|rule|Swagger Clause: Swagger is banned","|rule|Same Type Clause: Pokémon in a team must share a type","|clearpoke","|poke|p1|Meloetta","|poke|p1|Latias, F","|poke|p1|Slowbro, M","|poke|p1|Metagross, shiny","|poke|p1|Victini","|poke|p1|Gardevoir, M","|poke|p2|Infernape, F","|poke|p2|Charizard, M","|poke|p2|Darmanitan, M","|poke|p2|Fletchinder, F, shiny","|poke|p2|Rotom-Heat","|poke|p2|Victini","|rule|Sleep Clause Mod: Limit one foe put to sleep","|rule|Species Clause: Limit one of each Pokémon","|rule|OHKO Clause: OHKO moves are banned","|rule|Moody Clause: Moody is banned","|rule|Evasion Moves Clause: Evasion moves are banned","|rule|Endless Battle Clause: Forcing endless battles is banned","|rule|HP Percentage Mod: HP is shown in percentages","|teampreview","|","|start","|switch|p1a: Slowbro|Slowbro, M|393/393","|switch|p2a: Victini|Victini|341/341","|turn|1","|","|move|p2a: Victini|Bolt Strike|p1a: Slowbro","|-supereffective|p1a: Slowbro","|-damage|p1a: Slowbro|223/393","|-damage|p2a: Victini|285/341|[from] item: Rocky Helmet|[of] p1a: Slowbro","|move|p1a: Slowbro|Scald|p2a: Victini","|-supereffective|p2a: Victini","|-damage|p2a: Victini|87/341","|","|turn|2","|","|switch|p2a: Infernape|Infernape, F|293/293","|move|p1a: Slowbro|Scald|p2a: Infernape","|-supereffective|p2a: Infernape","|-damage|p2a: Infernape|5/293","|","|turn|3","|","|switch|p1a: Metagross|Metagross, shiny|363/363","|move|p2a: Infernape|Stealth Rock|p1a: Metagross","|-sidestart|p1: Im Slash|move: Stealth Rock","|","|turn|4","|","|move|p1a: Metagross|Bullet Punch|p2a: Infernape","|-resisted|p2a: Infernape","|-damage|p2a: Infernape|0 fnt","|faint|p2a: Infernape","|","|","|switch|p2a: Charizard|Charizard, M|297/297","|turn|5","|","|detailschange|p2a: Charizard|Charizard-Mega-Y, M","|-mega|p2a: Charizard|Charizard|Charizardite Y","|-weather|SunnyDay","|move|p2a: Charizard|Fire Blast|p1a: Metagross","|-supereffective|p1a: Metagross","|-damage|p1a: Metagross|0 fnt","|faint|p1a: Metagross","|","|-weather|SunnyDay|[upkeep]","|","|switch|p1a: Latias|Latias, F|301/301","|-damage|p1a: Latias|264/301|[from] Stealth Rock","|turn|6","|","|switch|p2a: Fletchinder|Fletchinder, F, shiny|265/265","|move|p1a: Latias|Defog|p2a: Fletchinder","|-unboost|p2a: Fletchinder|evasion|1","|-sideend|p1: Im Slash|Stealth Rock|[from] move: Defog|[of] p1a: Latias","|","|-weather|SunnyDay|[upkeep]","|turn|7","|","|switch|p1a: Slowbro|Slowbro, M|354/393","|move|p2a: Fletchinder|Acrobatics|p1a: Slowbro","|-damage|p1a: Slowbro|249/393","|-damage|p2a: Fletchinder|221/265|[from] item: Rocky Helmet|[of] p1a: Slowbro","|","|-weather|SunnyDay|[upkeep]","|turn|8","|","|switch|p2a: Rotom-Heat|Rotom-Heat|241/241","|move|p1a: Slowbro|Thunder Wave|p2a: Rotom-Heat","|-immune|p2a: Rotom-Heat|[msg]","|","|-weather|SunnyDay|[upkeep]","|turn|9","|","|switch|p1a: Victini|Victini|341/341","|move|p2a: Rotom-Heat|Volt Switch|p1a: Victini","|-damage|p1a: Victini|172/341","|","|switch|p2a: Fletchinder|Fletchinder, F, shiny|221/265","|","|-weather|none","|turn|10","|","|switch|p2a: Rotom-Heat|Rotom-Heat|241/241","|move|p1a: Victini|Bolt Strike|p2a: Rotom-Heat","|-resisted|p2a: Rotom-Heat","|-damage|p2a: Rotom-Heat|177/241","|","|turn|11","|","|switch|p1a: Latias|Latias, F|264/301","|move|p2a: Rotom-Heat|Volt Switch|p1a: Latias","|-resisted|p1a: Latias","|-damage|p1a: Latias|188/301","|","|switch|p2a: Darmanitan|Darmanitan, M|351/351","|","|turn|12","|","|switch|p1a: Slowbro|Slowbro, M|380/393","|move|p2a: Darmanitan|U-turn|p1a: Slowbro","|-supereffective|p1a: Slowbro","|-damage|p1a: Slowbro|258/393","|-damage|p2a: Darmanitan|293/351|[from] item: Rocky Helmet|[of] p1a: Slowbro","|","|switch|p2a: Rotom-Heat|Rotom-Heat|177/241","|","|turn|13","|","|switch|p1a: Meloetta|Meloetta|403/403","|move|p2a: Rotom-Heat|Volt Switch|p1a: Meloetta","|-damage|p1a: Meloetta|253/403","|","|switch|p2a: Darmanitan|Darmanitan, M|293/351","|","|turn|14","|","|move|p2a: Darmanitan|Flare Blitz|p1a: Meloetta","|-damage|p1a: Meloetta|0 fnt","|-damage|p2a: Darmanitan|210/351|[from] recoil|[of] p1a: Meloetta","|faint|p1a: Meloetta","|","|","|switch|p1a: Gardevoir|Gardevoir, M|277/277","|-ability|p1a: Gardevoir|Sheer Force|[from] ability: Trace|[of] p2a: Darmanitan","|turn|15","|","|switch|p1a: Slowbro|Slowbro, M|389/393","|move|p2a: Darmanitan|Flare Blitz|p1a: Slowbro","|-resisted|p1a: Slowbro","|-damage|p1a: Slowbro|292/393","|-damage|p2a: Darmanitan|152/351|[from] item: Rocky Helmet|[of] p1a: Slowbro","|-damage|p2a: Darmanitan|120/351|[from] recoil|[of] p1a: Slowbro","|","|turn|16","|","|switch|p2a: Charizard|Charizard-Mega-Y, M|297/297","|-weather|SunnyDay","|move|p1a: Slowbro|Scald|p2a: Charizard","|-supereffective|p2a: Charizard","|-damage|p2a: Charizard|217/297","|","|-weather|SunnyDay|[upkeep]","|turn|17","|","|switch|p1a: Latias|Latias, F|188/301","|move|p2a: Charizard|Solar Beam|p1a: Latias|[still]","|-prepare|p2a: Charizard|Solar Beam|p1a: Latias","|-anim|p2a: Charizard|Solar Beam|p1a: Latias","|-crit|p1a: Latias","|-resisted|p1a: Latias","|-damage|p1a: Latias|71/301","|","|-weather|SunnyDay|[upkeep]","|turn|18","|","|switch|p2a: Fletchinder|Fletchinder, F, shiny|221/265","|move|p1a: Latias|Draco Meteor|p2a: Fletchinder","|-damage|p2a: Fletchinder|0 fnt","|-unboost|p1a: Latias|spa|2","|-damage|p1a: Latias|41/301|[from] item: Life Orb","|faint|p2a: Fletchinder","|","|-weather|SunnyDay|[upkeep]","|","|switch|p2a: Darmanitan|Darmanitan, M|120/351","|turn|19","|","|switch|p1a: Slowbro|Slowbro, M|393/393","|move|p2a: Darmanitan|U-turn|p1a: Slowbro","|-supereffective|p1a: Slowbro","|-damage|p1a: Slowbro|283/393","|-damage|p2a: Darmanitan|62/351|[from] item: Rocky Helmet|[of] p1a: Slowbro","|","|switch|p2a: Rotom-Heat|Rotom-Heat|177/241","|","|-weather|SunnyDay|[upkeep]","|turn|20","|","|switch|p1a: Gardevoir|Gardevoir, M|277/277","|-ability|p1a: Gardevoir|Levitate|[from] ability: Trace|[of] p2a: Rotom-Heat","|move|p2a: Rotom-Heat|Volt Switch|p1a: Gardevoir","|-damage|p1a: Gardevoir|123/277","|","|switch|p2a: Darmanitan|Darmanitan, M|62/351","|","|-weather|none","|turn|21","|","|switch|p2a: Charizard|Charizard-Mega-Y, M|217/297","|-weather|SunnyDay","|switch|p1a: Slowbro|Slowbro, M|393/393","|","|-weather|SunnyDay|[upkeep]","|turn|22","|","|switch|p1a: Victini|Victini|172/341","|move|p2a: Charizard|Fire Blast|p1a: Victini","|-resisted|p1a: Victini","|-damage|p1a: Victini|0 fnt","|faint|p1a: Victini","|","|-weather|SunnyDay|[upkeep]","|","|switch|p1a: Latias|Latias, F|41/301","|turn|23","|","|move|p1a: Latias|Draco Meteor|p2a: Charizard|[miss]","|-miss|p1a: Latias|p2a: Charizard","|move|p2a: Charizard|Roost|p2a: Charizard","|-heal|p2a: Charizard|297/297","|","|-weather|SunnyDay|[upkeep]","|turn|24","|","|move|p1a: Latias|Psyshock|p2a: Charizard","|-damage|p2a: Charizard|102/297","|-damage|p1a: Latias|11/301|[from] item: Life Orb","|move|p2a: Charizard|Fire Blast|p1a: Latias","|-resisted|p1a: Latias","|-damage|p1a: Latias|0 fnt","|faint|p1a: Latias","|","|-weather|SunnyDay|[upkeep]","|","|switch|p1a: Gardevoir|Gardevoir, M|123/277","|-ability|p1a: Gardevoir|Drought|[from] ability: Trace|[of] p2a: Charizard","|turn|25","|","|detailschange|p1a: Gardevoir|Gardevoir-Mega, M","|-mega|p1a: Gardevoir|Gardevoir|Gardevoirite","|move|p2a: Charizard|Solar Beam|p1a: Gardevoir|[still]","|-prepare|p2a: Charizard|Solar Beam|p1a: Gardevoir","|-anim|p2a: Charizard|Solar Beam|p1a: Gardevoir","|-damage|p1a: Gardevoir|0 fnt","|faint|p1a: Gardevoir","|","|-weather|none","|","|switch|p1a: Slowbro|Slowbro, M|393/393","|turn|26","|","|switch|p2a: Darmanitan|Darmanitan, M|62/351","|move|p1a: Slowbro|Scald|p2a: Darmanitan","|-supereffective|p2a: Darmanitan","|-damage|p2a: Darmanitan|0 fnt","|faint|p2a: Darmanitan","|","|","|switch|p2a: Charizard|Charizard-Mega-Y, M|102/297","|-weather|SunnyDay","|turn|27","|","|move|p2a: Charizard|Solar Beam|p1a: Slowbro|[still]","|-prepare|p2a: Charizard|Solar Beam|p1a: Slowbro","|-anim|p2a: Charizard|Solar Beam|p1a: Slowbro","|-supereffective|p1a: Slowbro","|-damage|p1a: Slowbro|0 fnt","|faint|p1a: Slowbro","|","|win|Shining Yin"],"p1rating":{"entryid":"75487","serverid":"eos","formatid":"monotype","userid":"imslash","username":"Im Slash","w":"8","l":3,"t":"0","gxe":61.9,"r":"1549.42060979","rd":"107.32893641527","sigma":"0","rptime":"1440061200","rpr":1594.111505639,"rprd":85.811018308955,"rpsigma":"0","acre":1126.6524823975,"lacre":1126.6524823975,"oldacre":"1145.6290768087"},"p2rating":{"entryid":"71235","serverid":"eos","formatid":"monotype","userid":"shiningyin","username":"Shining Yin","w":20,"l":"5","t":"0","gxe":68.3,"r":"1639.9413624913","rd":"81.966817467197","sigma":"0","rptime":"1440061200","rpr":1646.6990615431,"rprd":67.761201794529,"rpsigma":"0","acre":1249.9941493082,"lacre":1249.9941493082,"oldacre":"1231.017554897"},"endType":"normal"}