{"seed":[63179,56058,37769,8951],"turns":19,"p1":"Guard Wulf","p2":"inferno sasuke","p1team":[{"name":"Cobalion","species":"Cobalion","item":"leftovers","ability":"Justified","moves":["stealthrock","voltswitch","flashcannon","thunderwave"],"nature":"Bold","evs":{"hp":200,"atk":0,"def":252,"spa":8,"spd":0,"spe":48},"ivs":{"hp":31,"atk":31,"def":31,"spa":31,"spd":31,"spe":31}},{"name":"Gallade","species":"Gallade","item":"galladite","ability":"Justified","moves":["icepunch","closecombat","swordsdance","psychocut"],"nature":"Jolly","evs":{"hp":0,"atk":252,"def":0,"spa":0,"spd":4,"spe":252},"ivs":{"hp":31,"atk":31,"def":31,"spa":31,"spd":31,"spe":31}},{"name":"Scrafty","species":"Scrafty","item":"leftovers","ability":"Shed Skin","moves":["crunch","dragondance","poisonjab","drainpunch"],"nature":"Jolly","evs":{"hp":0,"atk":208,"def":0,"spa":0,"spd":48,"spe":252},"ivs":{"hp":31,"atk":31,"def":31,"spa":31,"spd":31,"spe":31}},{"name":"Keldeo","species":"Keldeo","item":"choicespecs","ability":"Justified","moves":["surf","hydropump","secretsword","icywind"],"nature":"Timid","evs":{"hp":0,"atk":0,"def":0,"spa":252,"spd":4,"spe":252},"ivs":{"hp":31,"atk":31,"def":31,"spa":31,"spd":31,"spe":31}},{"name":"Terrakion","species":"Terrakion","item":"choicescarf","ability":"Justified","moves":["earthquake","stoneedge","poisonjab","closecombat"],"nature":"Jolly","evs":{"hp":0,"atk":252,"def":0,"spa":0,"spd":4,"spe":252},"ivs":{"hp":31,"atk":31,"def":31,"spa":31,"spd":31,"spe":31}},{"name":"Hawlucha","species":"Hawlucha","item":"powerherb","ability":"Unburden","moves":["swordsdance","skyattack","acrobatics","highjumpkick"],"nature":"Jolly","evs":{"hp":0,"atk":252,"def":0,"spa":0,"spd":4,"spe":252},"ivs":{"hp":31,"atk":31,"def":31,"spa":31,"spd":31,"spe":31}}],"p2team":[{"name":"lazy ass bubba","species":"hippowdon","item":"leftovers","ability":"Sand Stream","moves":["stealthrock","earthquake","whirlwind","slackoff"],"nature":"Careful","evs":{"hp":248,"atk":8,"def":0,"spa":0,"spd":252,"spe":0},"gender":"F","shiny":true,"ivs":{"hp":31,"atk":31,"def":31,"spa":31,"spd":31,"spe":31}},{"name":"wet and wild","species":"seismitoad","item":"assaultvest","ability":"Water Absorb","moves":["scald","earthpower","grassknot","sludgewave"],"nature":"Modest","evs":{"hp":100,"atk":0,"def":0,"spa":252,"spd":0,"spe":156},"gender":"M","shiny":true,"ivs":{"hp":31,"atk":31,"def":31,"spa":31,"spd":31,"spe":31}},{"name":"tuskonoir","species":"mamoswine","item":"lifeorb","ability":"Thick Fat","moves":["earthquake","iciclespear","iceshard","freezedry"],"nature":"Lonely","evs":{"hp":0,"atk":216,"def":0,"spa":40,"spd":0,"spe":252},"gender":"F","shiny":true,"ivs":{"hp":31,"atk":31,"def":31,"spa":31,"spd":31,"spe":31}},{"name":"implosion","species":"camerupt","item":"cameruptite","ability":"Magma Armor","moves":["fireblast","earthpower","rockslide","willowisp"],"nature":"Rash","evs":{"hp":168,"atk":0,"def":0,"spa":252,"spd":0,"spe":88},"gender":"M","shiny":true,"ivs":{"hp":31,"atk":31,"def":31,"spa":31,"spd":31,"spe":31}},{"name":"jaws of life","species":"excadrill","item":"choiceband","ability":"Sand Rush","moves":["earthquake","ironhead","rockslide","rapidspin"],"nature":"Jolly","evs":{"hp":0,"atk":252,"def":0,"spa":0,"spd":4,"spe":252},"gender":"M","shiny":true,"ivs":{"hp":31,"atk":31,"def":31,"spa":31,"spd":31,"spe":31}},{"name":"Landorus-Therian","species":"Landorus-Therian","item":"leftovers","ability":"Intimidate","moves":["swordsdance","rockpolish","earthquake","knockoff"],"nature":"Adamant","evs":{"hp":192,"atk":252,"def":4,"spa":0,"spd":0,"spe":60},"shiny":true,"ivs":{"hp":31,"atk":31,"def":31,"spa":31,"spd":31,"spe":31}}],"log":["|player|p1|Guard Wulf|143","|player|p2|inferno sasuke|infernosasuke.png","|gametype|singles","|gen|6","|tier|Monotype","|rated","|rule|Baton Pass Clause: Limit one Baton Passer, can't pass Spe and other stats simultaneously","|rule|Swagger Clause: Swagger is banned","|rule|Same Type Clause: Pokémon in a team must share a type","|clearpoke","|poke|p1|Cobalion","|poke|p1|Gallade, M","|poke|p1|Scrafty, F","|poke|p1|Keldeo","|poke|p1|Terrakion","|poke|p1|Hawlucha, M","|poke|p2|Hippowdon, F, shiny","|poke|p2|Seismitoad, M, shiny","|poke|p2|Mamoswine, F, shiny","|poke|p2|Camerupt, M, shiny","|poke|p2|Excadrill, M, shiny","|poke|p2|Landorus-Therian, M, shiny","|rule|Sleep Clause Mod: Limit one foe put to sleep","|rule|Species Clause: Limit one of each Pokémon","|rule|OHKO Clause: OHKO moves are banned","|rule|Moody Clause: Moody is banned","|rule|Evasion Moves Clause: Evasion moves are banned","|rule|Endless Battle Clause: Forcing endless battles is banned","|rule|HP Percentage Mod: HP is shown in percentages","|teampreview","|","|start","|switch|p1a: Keldeo|Keldeo|323/323","|switch|p2a: wet and wild|Seismitoad, M, shiny|376/376","|turn|1","|","|move|p1a: Keldeo|Secret Sword|p2a: wet and wild","|-damage|p2a: wet and wild|73/376","|move|p2a: wet and wild|Grass Knot|p1a: Keldeo","|-supereffective|p1a: Keldeo","|-damage|p1a: Keldeo|193/323","|","|turn|2","|","|switch|p2a: Landorus-Therian|Landorus-Therian, M, shiny|367/367","|-ability|p2a: Landorus-Therian|Intimidate","|-unboost|p1a: Keldeo|atk|1","|move|p1a: Keldeo|Secret Sword|p2a: Landorus-Therian","|-resisted|p2a: Landorus-Therian","|-damage|p2a: Landorus-Therian|240/367","|","|-heal|p2a: Landorus-Therian|262/367|[from] item: Leftovers","|turn|3","|","|switch|p1a: Hawlucha|Hawlucha, M|297/297","|move|p2a: Landorus-Therian|Earthquake|p1a: Hawlucha","|-immune|p1a: Hawlucha|[msg]","|","|-heal|p2a: Landorus-Therian|284/367|[from] item: Leftovers","|turn|4","|","|move|p1a: Hawlucha|Sky Attack|p2a: Landorus-Therian|[still]","|-prepare|p1a: Hawlucha|Sky Attack|p2a: Landorus-Therian","|-enditem|p1a: Hawlucha|Power Herb","|-anim|p1a: Hawlucha|Sky Attack|p2a: Landorus-Therian","|-damage|p2a: Landorus-Therian|58/367","|move|p2a: Landorus-Therian|Knock Off|p1a: Hawlucha","|-resisted|p1a: Hawlucha","|-damage|p1a: Hawlucha|244/297","|","|-heal|p2a: Landorus-Therian|80/367|[from] item: Leftovers","|turn|5","|","|switch|p2a: implosion|Camerupt, M, shiny|323/323","|move|p1a: Hawlucha|Acrobatics|p2a: implosion","|-damage|p2a: implosion|103/323","|","|turn|6","|","|detailschange|p2a: implosion|Camerupt-Mega, M, shiny","|-mega|p2a: implosion|Camerupt|Cameruptite","|move|p1a: Hawlucha|Acrobatics|p2a: implosion","|-damage|p2a: implosion|0 fnt","|faint|p2a: implosion","|","|","|switch|p2a: tuskonoir|Mamoswine, F, shiny|361/361","|turn|7","|","|move|p2a: tuskonoir|Ice Shard|p1a: Hawlucha","|-supereffective|p1a: Hawlucha","|-damage|p1a: Hawlucha|0 fnt","|-damage|p2a: tuskonoir|325/361|[from] item: Life Orb","|faint|p1a: Hawlucha","|","|","|switch|p1a: Gallade|Gallade, M|277/277","|turn|8","|","|detailschange|p1a: Gallade|Gallade-Mega, M","|-mega|p1a: Gallade|Gallade|Galladite","|move|p2a: tuskonoir|Ice Shard|p1a: Gallade","|-damage|p1a: Gallade|180/277","|-damage|p2a: tuskonoir|289/361|[from] item: Life Orb","|move|p1a: Gallade|Close Combat|p2a: tuskonoir","|-supereffective|p2a: tuskonoir","|-damage|p2a: tuskonoir|0 fnt","|-unboost|p1a: Gallade|def|1","|-unboost|p1a: Gallade|spd|1","|faint|p2a: tuskonoir","|","|","|switch|p2a: lazy ass bubba|Hippowdon, F, shiny|419/419","|-weather|Sandstorm","|turn|9","|","|move|p1a: Gallade|Swords Dance|p1a: Gallade","|-boost|p1a: Gallade|atk|2","|move|p2a: lazy ass bubba|Earthquake|p1a: Gallade","|-damage|p1a: Gallade|0 fnt","|faint|p1a: Gallade","|","|-weather|Sandstorm|[upkeep]","|","|switch|p1a: Keldeo|Keldeo|193/323","|turn|10","|","|move|p1a: Keldeo|Icy Wind|p2a: lazy ass bubba","|-crit|p2a: lazy ass bubba","|-supereffective|p2a: lazy ass bubba","|-damage|p2a: lazy ass bubba|167/419","|-unboost|p2a: lazy ass bubba|spe|1","|move|p2a: lazy ass bubba|Earthquake|p1a: Keldeo","|-damage|p1a: Keldeo|58/323","|","|-weather|Sandstorm|[upkeep]","|-damage|p1a: Keldeo|38/323|[from] sandstorm","|-heal|p2a: lazy ass bubba|193/419|[from] item: Leftovers","|turn|11","|","|move|p1a: Keldeo|Icy Wind|p2a: lazy ass bubba","|-supereffective|p2a: lazy ass bubba","|-damage|p2a: lazy ass bubba|31/419","|-unboost|p2a: lazy ass bubba|spe|1","|move|p2a: lazy ass bubba|Slack Off|p2a: lazy ass bubba","|-heal|p2a: lazy ass bubba|241/419","|","|-weather|Sandstorm|[upkeep]","|-damage|p1a: Keldeo|18/323|[from] sandstorm","|-heal|p2a: lazy ass bubba|267/419|[from] item: Leftovers","|turn|12","|","|move|p1a: Keldeo|Icy Wind|p2a: lazy ass bubba","|-crit|p2a: lazy ass bubba","|-supereffective|p2a: lazy ass bubba","|-damage|p2a: lazy ass bubba|0 fnt","|faint|p2a: lazy ass bubba","|","|-weather|Sandstorm|[upkeep]","|-damage|p1a: Keldeo|0 fnt|[from] sandstorm","|faint|p1a: Keldeo","|","|switch|p1a: Scrafty|Scrafty, F|271/271","|switch|p2a: Landorus-Therian|Landorus-Therian, M, shiny|80/367","|-ability|p2a: Landorus-Therian|Intimidate","|-unboost|p1a: Scrafty|atk|1","|turn|13","|","|switch|p1a: Cobalion|Cobalion|373/373","|move|p2a: Landorus-Therian|Earthquake|p1a: Cobalion","|-supereffective|p1a: Cobalion","|-damage|p1a: Cobalion|101/373","|","|-weather|none","|-heal|p1a: Cobalion|124/373|[from] item: Leftovers","|-heal|p2a: Landorus-Therian|102/367|[from] item: Leftovers","|turn|14","|","|move|p1a: Cobalion|Stealth Rock|p2a: Landorus-Therian","|-sidestart|p2: inferno sasuke|move: Stealth Rock","|move|p2a: Landorus-Therian|Earthquake|p1a: Cobalion","|-supereffective|p1a: Cobalion","|-damage|p1a: Cobalion|0 fnt","|faint|p1a: Cobalion","|","|-heal|p2a: Landorus-Therian|124/367|[from] item: Leftovers","|","|switch|p1a: Terrakion|Terrakion|323/323","|turn|15","|","|move|p1a: Terrakion|Stone Edge|p2a: Landorus-Therian","|-damage|p2a: Landorus-Therian|0 fnt","|faint|p2a: Landorus-Therian","|","|","|switch|p2a: wet and wild|Seismitoad, M, shiny|73/376","|-damage|p2a: wet and wild|50/376|[from] Stealth Rock","|turn|16","|","|switch|p1a: Scrafty|Scrafty, F|271/271","|move|p2a: wet and wild|Scald|p1a: Scrafty","|-damage|p1a: Scrafty|169/271","|","|-heal|p1a: Scrafty|185/271|[from] item: Leftovers","|turn|17","|","|move|p1a: Scrafty|Dragon Dance|p1a: Scrafty","|-boost|p1a: Scrafty|atk|1","|-boost|p1a: Scrafty|spe|1","|move|p2a: wet and wild|Earth Power|p1a: Scrafty","|-damage|p1a: Scrafty|67/271","|-unboost|p1a: Scrafty|spd|1","|","|-heal|p1a: Scrafty|83/271|[from] item: Leftovers","|turn|18","|","|move|p1a: Scrafty|Crunch|p2a: wet and wild","|-damage|p2a: wet and wild|0 fnt","|faint|p2a: wet and wild","|","|-heal|p1a: Scrafty|99/271|[from] item: Leftovers","|","|switch|p2a: jaws of life|Excadrill, M, shiny|361/361","|-damage|p2a: jaws of life|350/361|[from] Stealth Rock","|turn|19","|","|move|p1a: Scrafty|Drain Punch|p2a: jaws of life","|-supereffective|p2a: jaws of life","|-damage|p2a: jaws of life|0 fnt","|-heal|p1a: Scrafty|271/271|[from] drain|[of] p2a: jaws of life","|faint|p2a: jaws of life","|","|win|Guard Wulf"],"p1rating":{"entryid":"152473","serverid":"eos","formatid":"monotype","userid":"guardwulf","username":"Guard Wulf","w":9,"l":"5","t":"0","gxe":56.6,"r":"1530.0091417388","rd":"83.32711138282","sigma":"0","rptime":"1440061200","rpr":1551.2238877522,"rprd":79.877965650007,"rpsigma":"0","acre":1113.747032055,"lacre":1113.747032055,"oldacre":"1094.8386680818"},"p2rating":{"entryid":"45674","serverid":"eos","formatid":"monotype","userid":"infernosasuke","username":"Inferno Sasuke","w":"2","l":10,"t":"0","gxe":31.9,"r":"1364.2441066198","rd":"85.565669206916","sigma":"0","rptime":"1440061200","rpr":1353.1655629014,"rprd":83.656952085372,"rpsigma":"0","acre":1000,"lacre":1000,"oldacre":"1000"},"endType":"normal"}