{"seed":[49622,62195,43294,43547],"turns":20,"p1":"Emg_DemZii","p2":"Crystal Umaan","p1team":[{"name":"The Counter","species":"lanturn","item":"leftovers","ability":"Volt Absorb","moves":["thunderwave","healbell","scald","voltswitch"],"nature":"Calm","evs":{"hp":248,"atk":0,"def":0,"spa":0,"spd":252,"spe":0},"shiny":true,"ivs":{"hp":31,"atk":31,"def":31,"spa":31,"spd":31,"spe":31}},{"name":"The Wall","species":"quagsire","item":"leftovers","ability":"Unaware","moves":["scald","toxic","recover","earthquake"],"nature":"Impish","evs":{"hp":252,"atk":4,"def":252,"spa":0,"spd":0,"spe":0},"shiny":true,"ivs":{"hp":31,"atk":31,"def":31,"spa":31,"spd":31,"spe":31}},{"name":"PokeSex;)","species":"tentacruel","item":"blacksludge","ability":"Rain Dish","moves":["rapidspin","sludgebomb","icebeam","scald"],"nature":"Timid","evs":{"hp":0,"atk":0,"def":0,"spa":252,"spd":4,"spe":252},"shiny":true,"ivs":{"hp":31,"atk":31,"def":31,"spa":31,"spd":31,"spe":31}},{"name":"Rainbow Dash","species":"keldeoresolute","item":"choicescarf","ability":"Justified","moves":["hydropump","focusblast","secretsword","hiddenpowerfire"],"nature":"Timid","evs":{"hp":0,"atk":0,"def":0,"spa":252,"spd":4,"spe":252},"ivs":{"hp":31,"atk":30,"def":31,"spa":30,"spd":31,"spe":30},"shiny":true},{"name":"Ur Fucked","species":"swampert","item":"swampertite","ability":"Torrent","moves":["earthquake","raindance","waterfall","hammerarm"],"nature":"Lonely","evs":{"hp":0,"atk":0,"def":0,"spa":0,"spd":252,"spe":0},"shiny":true,"ivs":{"hp":31,"atk":31,"def":31,"spa":31,"spd":31,"spe":31}},{"name":"PowerHouse","species":"azumarill","item":"choiceband","ability":"Sap Sipper","moves":["playrough","aquajet","superpower","knockoff"],"nature":"Adamant","evs":{"hp":248,"atk":252,"def":0,"spa":0,"spd":8,"spe":0},"shiny":true,"ivs":{"hp":31,"atk":31,"def":31,"spa":31,"spd":31,"spe":31}}],"p2team":[{"name":"Danson","species":"flygon","item":"lifeorb","ability":"Levitate","moves":["uturn","dragonclaw","earthquake","defog"],"nature":"Jolly","evs":{"hp":0,"atk":252,"def":0,"spa":0,"spd":4,"spe":252},"gender":"M","ivs":{"hp":31,"atk":31,"def":31,"spa":31,"spd":31,"spe":31}},{"name":"Maj","species":"dragonite","item":"lumberry","ability":"Multiscale","moves":["outrage","extremespeed","ironhead","dragondance"],"nature":"Adamant","evs":{"hp":0,"atk":252,"def":0,"spa":0,"spd":4,"spe":252},"gender":"F","ivs":{"hp":31,"atk":31,"def":31,"spa":31,"spd":31,"spe":31}},{"name":"Nom","species":"garchomp","item":"focussash","ability":"Rough Skin","moves":["dragonclaw","earthquake","ironhead","stealthrock"],"nature":"Jolly","evs":{"hp":0,"atk":252,"def":0,"spa":0,"spd":4,"spe":252},"gender":"F","ivs":{"hp":31,"atk":31,"def":31,"spa":31,"spd":31,"spe":31}},{"name":"Jiggles","species":"goodra","item":"assaultvest","ability":"Gooey","moves":["dragonpulse","flamethrower","thunderbolt","sludgewave"],"nature":"Modest","evs":{"hp":248,"atk":0,"def":0,"spa":252,"spd":8,"spe":0},"gender":"F","ivs":{"hp":31,"atk":31,"def":31,"spa":31,"spd":31,"spe":31}},{"name":"Mickey","species":"noivern","item":"lifeorb","ability":"Infiltrator","moves":["focusblast","dragonpulse","hurricane","flamethrower"],"nature":"Timid","evs":{"hp":0,"atk":0,"def":0,"spa":252,"spd":4,"spe":252},"gender":"M","shiny":true,"ivs":{"hp":31,"atk":31,"def":31,"spa":31,"spd":31,"spe":31}},{"name":"Haxing N00b","species":"haxorus","item":"focussash","ability":"Mold Breaker","moves":["dragondance","dragonclaw","earthquake","poisonjab"],"nature":"Adamant","evs":{"hp":0,"atk":252,"def":0,"spa":0,"spd":36,"spe":220},"shiny":true,"ivs":{"hp":31,"atk":31,"def":31,"spa":31,"spd":31,"spe":31}}],"log":["|player|p1|Emg_DemZii|99","|player|p2|Crystal Umaan|105","|gametype|singles","|gen|6","|tier|Monotype","|rated","|rule|Baton Pass Clause: Limit one Baton Passer, can't pass Spe and other stats simultaneously","|rule|Swagger Clause: Swagger is banned","|rule|Same Type Clause: Pokémon in a team must share a type","|clearpoke","|poke|p1|Lanturn, M, shiny","|poke|p1|Quagsire, F, shiny","|poke|p1|Tentacruel, F, shiny","|poke|p1|Keldeo-Resolute, shiny","|poke|p1|Swampert, M, shiny","|poke|p1|Azumarill, F, shiny","|poke|p2|Flygon, M","|poke|p2|Dragonite, F","|poke|p2|Garchomp, F","|poke|p2|Goodra, F","|poke|p2|Noivern, M, shiny","|poke|p2|Haxorus, F, shiny","|rule|Sleep Clause Mod: Limit one foe put to sleep","|rule|Species Clause: Limit one of each Pokémon","|rule|OHKO Clause: OHKO moves are banned","|rule|Moody Clause: Moody is banned","|rule|Evasion Moves Clause: Evasion moves are banned","|rule|Endless Battle Clause: Forcing endless battles is banned","|rule|HP Percentage Mod: HP is shown in percentages","|teampreview","|","|start","|switch|p1a: Ur Fucked|Swampert, M, shiny|341/341","|switch|p2a: Haxing N00b|Haxorus, F, shiny|293/293","|-ability|p2a: Haxing N00b|Mold Breaker","|turn|1","|","|detailschange|p1a: Ur Fucked|Swampert-Mega, M, shiny","|-mega|p1a: Ur Fucked|Swampert|Swampertite","|move|p2a: Haxing N00b|Dragon Claw|p1a: Ur Fucked","|-damage|p1a: Ur Fucked|173/341","|move|p1a: Ur Fucked|Rain Dance|p1a: Ur Fucked","|-weather|RainDance","|","|-weather|RainDance|[upkeep]","|turn|2","|","|move|p1a: Ur Fucked|Waterfall|p2a: Haxing N00b","|-resisted|p2a: Haxing N00b","|-damage|p2a: Haxing N00b|183/293","|move|p2a: Haxing N00b|Dragon Claw|p1a: Ur Fucked","|-damage|p1a: Ur Fucked|0 fnt","|faint|p1a: Ur Fucked","|","|-weather|RainDance|[upkeep]","|","|switch|p1a: PowerHouse|Azumarill, F, shiny|403/403","|turn|3","|","|move|p2a: Haxing N00b|Poison Jab|p1a: PowerHouse","|-supereffective|p1a: PowerHouse","|-damage|p1a: PowerHouse|137/403","|move|p1a: PowerHouse|Play Rough|p2a: Haxing N00b","|-supereffective|p2a: Haxing N00b","|-damage|p2a: Haxing N00b|0 fnt","|faint|p2a: Haxing N00b","|","|-weather|RainDance|[upkeep]","|","|switch|p2a: Nom|Garchomp, F|357/357","|turn|4","|","|switch|p1a: The Wall|Quagsire, F, shiny|394/394","|move|p2a: Nom|Iron Head|p1a: The Wall","|-resisted|p1a: The Wall","|-damage|p1a: The Wall|353/394","|","|-weather|RainDance|[upkeep]","|-heal|p1a: The Wall|377/394|[from] item: Leftovers","|turn|5","|","|move|p2a: Nom|Stealth Rock|p1a: The Wall","|-sidestart|p1: Emg_DemZii|move: Stealth Rock","|move|p1a: The Wall|Toxic|p2a: Nom","|-status|p2a: Nom|tox","|","|-weather|none","|-heal|p1a: The Wall|394/394|[from] item: Leftovers","|-damage|p2a: Nom|335/357 tox|[from] psn","|turn|6","|","|move|p2a: Nom|Earthquake|p1a: The Wall","|-damage|p1a: The Wall|244/394","|move|p1a: The Wall|Scald|p2a: Nom","|-damage|p2a: Nom|263/357 tox","|","|-heal|p1a: The Wall|268/394|[from] item: Leftovers","|-damage|p2a: Nom|219/357 tox|[from] psn","|turn|7","|","|move|p2a: Nom|Earthquake|p1a: The Wall","|-damage|p1a: The Wall|130/394","|move|p1a: The Wall|Earthquake|p2a: Nom","|-damage|p2a: Nom|116/357 tox","|","|-heal|p1a: The Wall|154/394|[from] item: Leftovers","|-damage|p2a: Nom|50/357 tox|[from] psn","|turn|8","|","|move|p2a: Nom|Earthquake|p1a: The Wall","|-damage|p1a: The Wall|12/394","|move|p1a: The Wall|Recover|p1a: The Wall","|-heal|p1a: The Wall|209/394","|","|-heal|p1a: The Wall|233/394|[from] item: Leftovers","|-damage|p2a: Nom|0 fnt|[from] psn","|faint|p2a: Nom","|","|switch|p2a: Mickey|Noivern, M, shiny|311/311","|turn|9","|","|switch|p1a: The Counter|Lanturn, M, shiny|453/453","|-damage|p1a: The Counter|397/453|[from] Stealth Rock","|move|p2a: Mickey|Hurricane|p1a: The Counter","|-resisted|p1a: The Counter","|-damage|p1a: The Counter|309/453","|-start|p1a: The Counter|confusion","|-damage|p2a: Mickey|280/311|[from] item: Life Orb","|","|-heal|p1a: The Counter|337/453|[from] item: Leftovers","|turn|10","|","|move|p2a: Mickey|Dragon Pulse|p1a: The Counter","|-damage|p1a: The Counter|188/453","|-damage|p2a: Mickey|249/311|[from] item: Life Orb","|-activate|p1a: The Counter|confusion","|-damage|p1a: The Counter|156/453|[from] confusion","|","|-heal|p1a: The Counter|184/453|[from] item: Leftovers","|turn|11","|","|move|p2a: Mickey|Dragon Pulse|p1a: The Counter","|-damage|p1a: The Counter|58/453","|-damage|p2a: Mickey|218/311|[from] item: Life Orb","|-activate|p1a: The Counter|confusion","|-damage|p1a: The Counter|28/453|[from] confusion","|","|-heal|p1a: The Counter|56/453|[from] item: Leftovers","|turn|12","|","|move|p2a: Mickey|Dragon Pulse|p1a: The Counter","|-crit|p1a: The Counter","|-damage|p1a: The Counter|0 fnt","|-damage|p2a: Mickey|187/311|[from] item: Life Orb","|faint|p1a: The Counter","|","|","|switch|p1a: Rainbow Dash|Keldeo-Resolute, shiny|323/323","|-damage|p1a: Rainbow Dash|303/323|[from] Stealth Rock","|turn|13","|","|move|p1a: Rainbow Dash|Hydro Pump|p2a: Mickey|[miss]","|-miss|p1a: Rainbow Dash|p2a: Mickey","|move|p2a: Mickey|Hurricane|p1a: Rainbow Dash","|-supereffective|p1a: Rainbow Dash","|-damage|p1a: Rainbow Dash|0 fnt","|-damage|p2a: Mickey|156/311|[from] item: Life Orb","|faint|p1a: Rainbow Dash","|","|","|switch|p1a: PokeSex;)|Tentacruel, F, shiny|301/301","|-damage|p1a: PokeSex;)|264/301|[from] Stealth Rock","|turn|14","|","|move|p2a: Mickey|Hurricane|p1a: PokeSex;)|[miss]","|-miss|p2a: Mickey|p1a: PokeSex;)","|move|p1a: PokeSex;)|Ice Beam|p2a: Mickey","|-supereffective|p2a: Mickey","|-damage|p2a: Mickey|0 fnt","|faint|p2a: Mickey","|","|-heal|p1a: PokeSex;)|282/301|[from] item: Black Sludge","|","|switch|p2a: Jiggles|Goodra, F|383/383","|turn|15","|","|move|p1a: PokeSex;)|Ice Beam|p2a: Jiggles","|-supereffective|p2a: Jiggles","|-damage|p2a: Jiggles|307/383","|move|p2a: Jiggles|Thunderbolt|p1a: PokeSex;)","|-supereffective|p1a: PokeSex;)","|-damage|p1a: PokeSex;)|116/301","|","|-heal|p1a: PokeSex;)|134/301|[from] item: Black Sludge","|turn|16","|","|move|p1a: PokeSex;)|Rapid Spin|p2a: Jiggles","|-damage|p2a: Jiggles|293/383","|-unboost|p1a: PokeSex;)|spe|1","|-sideend|p1: Emg_DemZii|Stealth Rock|[from] move: Rapid Spin|[of] p1a: PokeSex;)","|move|p2a: Jiggles|Thunderbolt|p1a: PokeSex;)","|-supereffective|p1a: PokeSex;)","|-damage|p1a: PokeSex;)|0 fnt","|faint|p1a: PokeSex;)","|","|","|switch|p1a: The Wall|Quagsire, F, shiny|233/394","|turn|17","|","|move|p2a: Jiggles|Dragon Pulse|p1a: The Wall","|-damage|p1a: The Wall|5/394","|move|p1a: The Wall|Recover|p1a: The Wall","|-heal|p1a: The Wall|202/394","|","|-heal|p1a: The Wall|226/394|[from] item: Leftovers","|turn|18","|","|move|p2a: Jiggles|Dragon Pulse|p1a: The Wall","|-damage|p1a: The Wall|6/394","|move|p1a: The Wall|Scald|p2a: Jiggles","|-resisted|p2a: Jiggles","|-damage|p2a: Jiggles|280/383","|-status|p2a: Jiggles|brn","|","|-heal|p1a: The Wall|30/394|[from] item: Leftovers","|-damage|p2a: Jiggles|233/383 brn|[from] brn","|turn|19","|","|move|p2a: Jiggles|Dragon Pulse|p1a: The Wall","|-damage|p1a: The Wall|0 fnt","|faint|p1a: The Wall","|","|-damage|p2a: Jiggles|186/383 brn|[from] brn","|","|switch|p1a: PowerHouse|Azumarill, F, shiny|137/403","|turn|20","|","|move|p2a: Jiggles|Sludge Wave|p1a: PowerHouse","|-supereffective|p1a: PowerHouse","|-damage|p1a: PowerHouse|0 fnt","|faint|p1a: PowerHouse","|","|win|Crystal Umaan"],"p1rating":{"entryid":"62993","serverid":"eos","formatid":"monotype","userid":"emgdemzii","username":"Emg_DemZii","w":"3","l":4,"t":"0","gxe":45.1,"r":"1500","rd":"116.77753930647","sigma":"0","rptime":"1439974800","rpr":1461.6846181476,"rprd":95.648468220519,"rpsigma":"0","acre":1047.6780593699,"lacre":1047.6780593699,"oldacre":"1072.4691049165"},"p2rating":{"entryid":"3483","serverid":"eos","formatid":"monotype","userid":"crystalumaan","username":"Crystal Umaan","w":3,"l":"8","t":"0","gxe":37.8,"r":"1376.9439352991","rd":"87.906521982998","sigma":"0","rptime":"1439974800","rpr":1403.1577805107,"rprd":85.767279003713,"rpsigma":"0","acre":1052.7870129203,"lacre":1052.7870129203,"oldacre":"1006.4158297331"},"endType":"normal"}