{"seed":[65354,33730,432,39021],"turns":20,"p1":"Rain ☆ Delta","p2":"SL~Kingdra","p1team":[{"name":"Kyurem-Black","species":"Kyurem-Black","item":"choicescarf","ability":"Teravolt","moves":["outrage","fusionbolt","earthpower","icebeam"],"nature":"Naive","evs":{"hp":0,"atk":252,"def":0,"spa":4,"spd":0,"spe":252},"ivs":{"hp":31,"atk":31,"def":31,"spa":31,"spd":31,"spe":31}},{"name":"Avalugg","species":"Avalugg","item":"rockyhelmet","ability":"Sturdy","moves":["rapidspin","avalanche","gyroball","recover"],"nature":"Relaxed","evs":{"hp":252,"atk":4,"def":252,"spa":0,"spd":0,"spe":0},"gender":"F","ivs":{"hp":31,"atk":31,"def":31,"spa":31,"spd":31,"spe":0},"shiny":true},{"name":"Weavile","species":"Weavile","item":"lifeorb","ability":"Pressure","moves":["iceshard","foulplay","lowkick","swordsdance"],"nature":"Jolly","evs":{"hp":0,"atk":252,"def":0,"spa":0,"spd":4,"spe":252},"gender":"F","ivs":{"hp":31,"atk":31,"def":31,"spa":31,"spd":31,"spe":31}},{"name":"Froslass","species":"Froslass","item":"focussash","ability":"Cursed Body","moves":["spikes","thunderwave","destinybond","psychic"],"nature":"Timid","evs":{"hp":0,"atk":0,"def":0,"spa":252,"spd":0,"spe":252},"shiny":true,"ivs":{"hp":31,"atk":31,"def":31,"spa":31,"spd":31,"spe":31}},{"name":"Abomasnow","species":"Abomasnow","item":"abomasite","ability":"Soundproof","moves":["swordsdance","iceshard","seedbomb","synthesis"],"nature":"Adamant","evs":{"hp":136,"atk":252,"def":0,"spa":0,"spd":120,"spe":0},"gender":"M","shiny":true,"ivs":{"hp":31,"atk":31,"def":31,"spa":31,"spd":31,"spe":31}},{"name":"Walrein","species":"Walrein","item":"choicespecs","ability":"Thick Fat","moves":["surf","frostbreath","hiddenpowerfire","signalbeam"],"nature":"Modest","evs":{"hp":248,"atk":0,"def":0,"spa":252,"spd":8,"spe":0},"gender":"M","ivs":{"hp":31,"atk":30,"def":31,"spa":30,"spd":31,"spe":30}}],"p2team":[{"name":"Chesnaught","species":"Chesnaught","item":"leftovers","ability":"Bulletproof","moves":["spikes","leechseed","spikyshield","drainpunch"],"nature":"Impish","evs":{"hp":252,"atk":0,"def":252,"spa":0,"spd":4,"spe":0},"ivs":{"hp":31,"atk":31,"def":31,"spa":31,"spd":31,"spe":31}},{"name":"Infernape","species":"Infernape","item":"focussash","ability":"Iron Fist","moves":["stealthrock","closecombat","firepunch","machpunch"],"nature":"Jolly","evs":{"hp":4,"atk":252,"def":0,"spa":0,"spd":0,"spe":252},"ivs":{"hp":31,"atk":31,"def":31,"spa":31,"spd":31,"spe":31}},{"name":"Medicham","species":"Medicham","item":"medichamite","ability":"Pure Power","moves":["fakeout","bulletpunch","zenheadbutt","highjumpkick"],"nature":"Jolly","evs":{"hp":4,"atk":252,"def":0,"spa":0,"spd":0,"spe":252},"ivs":{"hp":31,"atk":31,"def":31,"spa":31,"spd":31,"spe":31}},{"name":"Terrakion","species":"Terrakion","item":"choicescarf","ability":"Justified","moves":["ironhead","stoneedge","closecombat","earthquake"],"nature":"Adamant","evs":{"hp":4,"atk":252,"def":0,"spa":0,"spd":0,"spe":252},"ivs":{"hp":31,"atk":31,"def":31,"spa":31,"spd":31,"spe":31}},{"name":"Keldeo-Resolute","species":"Keldeo-Resolute","item":"choicespecs","ability":"Justified","moves":["secretsword","scald","icywind","hydropump"],"nature":"Timid","evs":{"hp":4,"atk":0,"def":0,"spa":252,"spd":0,"spe":252},"ivs":{"hp":31,"atk":31,"def":31,"spa":31,"spd":31,"spe":31}},{"name":"Hawlucha","species":"Hawlucha","item":"powerherb","ability":"Unburden","moves":["acrobatics","skyattack","drainpunch","swordsdance"],"nature":"Adamant","evs":{"hp":0,"atk":252,"def":0,"spa":0,"spd":0,"spe":252},"ivs":{"hp":31,"atk":31,"def":31,"spa":31,"spd":31,"spe":31}}],"log":["|player|p1|Rain ☆ Delta|raindelta.png","|player|p2|SL~Kingdra|99","|gametype|singles","|gen|6","|tier|Monotype","|rated","|rule|Baton Pass Clause: Limit one Baton Passer, can't pass Spe and other stats simultaneously","|rule|Swagger Clause: Swagger is banned","|rule|Same Type Clause: Pokémon in a team must share a type","|clearpoke","|poke|p1|Kyurem-Black","|poke|p1|Avalugg, F, shiny","|poke|p1|Weavile, F","|poke|p1|Froslass, F, shiny","|poke|p1|Abomasnow, M, shiny","|poke|p1|Walrein, M","|poke|p2|Chesnaught, F","|poke|p2|Infernape, F","|poke|p2|Medicham, M","|poke|p2|Terrakion","|poke|p2|Keldeo-Resolute","|poke|p2|Hawlucha, M","|rule|Sleep Clause Mod: Limit one foe put to sleep","|rule|Species Clause: Limit one of each Pokémon","|rule|OHKO Clause: OHKO moves are banned","|rule|Moody Clause: Moody is banned","|rule|Evasion Moves Clause: Evasion moves are banned","|rule|Endless Battle Clause: Forcing endless battles is banned","|rule|HP Percentage Mod: HP is shown in percentages","|teampreview","|","|start","|switch|p1a: Froslass|Froslass, F, shiny|281/281","|switch|p2a: Infernape|Infernape, F|294/294","|turn|1","|","|move|p1a: Froslass|Psychic|p2a: Infernape","|-supereffective|p2a: Infernape","|-damage|p2a: Infernape|102/294","|move|p2a: Infernape|Stealth Rock|p1a: Froslass","|-sidestart|p1: Rain ☆ Delta|move: Stealth Rock","|","|turn|2","|","|move|p1a: Froslass|Psychic|p2a: Infernape","|-supereffective|p2a: Infernape","|-damage|p2a: Infernape|0 fnt","|faint|p2a: Infernape","|","|","|switch|p2a: Terrakion|Terrakion|324/324","|turn|3","|","|move|p2a: Terrakion|Earthquake|p1a: Froslass","|-damage|p1a: Froslass|117/281","|move|p1a: Froslass|Thunder Wave|p2a: Terrakion","|-status|p2a: Terrakion|par","|","|turn|4","|","|move|p1a: Froslass|Psychic|p2a: Terrakion","|-supereffective|p2a: Terrakion","|-damage|p2a: Terrakion|164/324 par","|-unboost|p2a: Terrakion|spd|1","|move|p2a: Terrakion|Earthquake|p1a: Froslass","|-damage|p1a: Froslass|0 fnt","|faint|p1a: Froslass","|","|","|switch|p1a: Avalugg|Avalugg, F, shiny|394/394","|-damage|p1a: Avalugg|296/394|[from] Stealth Rock","|turn|5","|","|move|p2a: Terrakion|Earthquake|p1a: Avalugg","|-damage|p1a: Avalugg|232/394","|move|p1a: Avalugg|Gyro Ball|p2a: Terrakion","|-supereffective|p2a: Terrakion","|-damage|p2a: Terrakion|66/324 par","|","|turn|6","|","|move|p2a: Terrakion|Earthquake|p1a: Avalugg","|-damage|p1a: Avalugg|166/394","|move|p1a: Avalugg|Recover|p1a: Avalugg","|-heal|p1a: Avalugg|363/394","|","|turn|7","|","|cant|p2a: Terrakion|par","|move|p1a: Avalugg|Gyro Ball|p2a: Terrakion","|-supereffective|p2a: Terrakion","|-damage|p2a: Terrakion|0 fnt","|faint|p2a: Terrakion","|","|","|switch|p2a: Chesnaught|Chesnaught, F|380/380","|turn|8","|","|move|p2a: Chesnaught|Leech Seed|p1a: Avalugg","|-start|p1a: Avalugg|move: Leech Seed","|move|p1a: Avalugg|Rapid Spin|p2a: Chesnaught","|-damage|p2a: Chesnaught|367/380","|-end|p1a: Avalugg|Leech Seed|[from] move: Rapid Spin|[of] p1a: Avalugg","|-sideend|p1: Rain ☆ Delta|Stealth Rock|[from] move: Rapid Spin|[of] p1a: Avalugg","|","|-heal|p2a: Chesnaught|380/380|[from] item: Leftovers","|turn|9","|","|switch|p1a: Abomasnow|Abomasnow, M, shiny|355/355","|move|p2a: Chesnaught|Leech Seed|p1a: Abomasnow","|-immune|p1a: Abomasnow|[msg]","|","|turn|10","|","|detailschange|p1a: Abomasnow|Abomasnow-Mega, M, shiny","|-mega|p1a: Abomasnow|Abomasnow|Abomasite","|-weather|Hail","|move|p1a: Abomasnow|Ice Shard|p2a: Chesnaught","|-supereffective|p2a: Chesnaught","|-damage|p2a: Chesnaught|288/380","|move|p2a: Chesnaught|Drain Punch|p1a: Abomasnow","|-supereffective|p1a: Abomasnow","|-damage|p1a: Abomasnow|175/355","|-heal|p2a: Chesnaught|378/380|[from] drain|[of] p1a: Abomasnow","|","|-weather|Hail|[upkeep]","|-damage|p2a: Chesnaught|355/380|[from] hail","|-heal|p2a: Chesnaught|378/380|[from] item: Leftovers","|turn|11","|","|move|p2a: Chesnaught|Spiky Shield|p2a: Chesnaught","|-singleturn|p2a: Chesnaught|move: Protect","|move|p1a: Abomasnow|Synthesis|p1a: Abomasnow","|-heal|p1a: Abomasnow|264/355","|","|-weather|Hail|[upkeep]","|-damage|p2a: Chesnaught|355/380|[from] hail","|-heal|p2a: Chesnaught|378/380|[from] item: Leftovers","|turn|12","|","|move|p2a: Chesnaught|Drain Punch|p1a: Abomasnow","|-supereffective|p1a: Abomasnow","|-damage|p1a: Abomasnow|96/355","|-heal|p2a: Chesnaught|380/380|[from] drain|[of] p1a: Abomasnow","|move|p1a: Abomasnow|Swords Dance|p1a: Abomasnow","|-boost|p1a: Abomasnow|atk|2","|","|-weather|Hail|[upkeep]","|-damage|p2a: Chesnaught|357/380|[from] hail","|-heal|p2a: Chesnaught|380/380|[from] item: Leftovers","|turn|13","|","|move|p1a: Abomasnow|Ice Shard|p2a: Chesnaught","|-supereffective|p2a: Chesnaught","|-damage|p2a: Chesnaught|180/380","|move|p2a: Chesnaught|Drain Punch|p1a: Abomasnow","|-crit|p1a: Abomasnow","|-supereffective|p1a: Abomasnow","|-damage|p1a: Abomasnow|0 fnt","|-heal|p2a: Chesnaught|228/380|[from] drain|[of] p1a: Abomasnow","|faint|p1a: Abomasnow","|","|-weather|Hail|[upkeep]","|-damage|p2a: Chesnaught|205/380|[from] hail","|-heal|p2a: Chesnaught|228/380|[from] item: Leftovers","|","|switch|p1a: Kyurem-Black|Kyurem-Black|391/391","|-ability|p1a: Kyurem-Black|Teravolt","|turn|14","|","|move|p1a: Kyurem-Black|Ice Beam|p2a: Chesnaught","|-supereffective|p2a: Chesnaught","|-damage|p2a: Chesnaught|0 fnt","|faint|p2a: Chesnaught","|","|-weather|none","|","|switch|p2a: Medicham|Medicham, M|262/262","|turn|15","|","|switch|p1a: Avalugg|Avalugg, F, shiny|363/394","|detailschange|p2a: Medicham|Medicham-Mega, M","|-mega|p2a: Medicham|Medicham|Medichamite","|move|p2a: Medicham|Fake Out|p1a: Avalugg","|-damage|p1a: Avalugg|327/394","|-damage|p2a: Medicham|219/262|[from] item: Rocky Helmet|[of] p1a: Avalugg","|","|turn|16","|","|move|p2a: Medicham|High Jump Kick|p1a: Avalugg","|-supereffective|p1a: Avalugg","|-damage|p1a: Avalugg|0 fnt","|-damage|p2a: Medicham|176/262|[from] item: Rocky Helmet|[of] p1a: Avalugg","|faint|p1a: Avalugg","|","|","|switch|p1a: Kyurem-Black|Kyurem-Black|391/391","|-ability|p1a: Kyurem-Black|Teravolt","|turn|17","|","|move|p1a: Kyurem-Black|Outrage|p2a: Medicham","|-damage|p2a: Medicham|0 fnt","|faint|p2a: Medicham","|","|","|switch|p2a: Keldeo-Resolute|Keldeo-Resolute|324/324","|turn|18","|","|move|p1a: Kyurem-Black|Outrage|p2a: Keldeo-Resolute|[from]lockedmove","|-damage|p2a: Keldeo-Resolute|50/324","|move|p2a: Keldeo-Resolute|Secret Sword|p1a: Kyurem-Black","|-supereffective|p1a: Kyurem-Black","|-damage|p1a: Kyurem-Black|0 fnt","|faint|p1a: Kyurem-Black","|","|","|switch|p1a: Walrein|Walrein, M|423/423","|turn|19","|","|move|p2a: Keldeo-Resolute|Secret Sword|p1a: Walrein","|-supereffective|p1a: Walrein","|-damage|p1a: Walrein|0 fnt","|faint|p1a: Walrein","|","|","|switch|p1a: Weavile|Weavile, F|281/281","|-ability|p1a: Weavile|Pressure","|turn|20","|","|move|p1a: Weavile|Ice Shard|p2a: Keldeo-Resolute","|-resisted|p2a: Keldeo-Resolute","|-damage|p2a: Keldeo-Resolute|6/324","|-damage|p1a: Weavile|253/281|[from] item: Life Orb","|move|p2a: Keldeo-Resolute|Secret Sword|p1a: Weavile","|-supereffective|p1a: Weavile","|-damage|p1a: Weavile|0 fnt","|faint|p1a: Weavile","|","|win|SL~Kingdra"],"p1rating":{"entryid":"166979","serverid":"eos","formatid":"monotype","userid":"raindelta","username":"Rain ☆ Delta","w":"1","l":1,"t":"0","gxe":50.1,"r":"1500","rd":"130","sigma":"0","rptime":"1439974800","rpr":1500.5243064757,"rprd":116.11773835744,"rpsigma":"0","acre":1035.8315155519,"lacre":1035.8315155519,"oldacre":"1050.2430703376"},"p2rating":{"entryid":"101024","serverid":"eos","formatid":"monotype","userid":"slkingdra","username":"SL~Kingdra","w":6,"l":"3","t":"0","gxe":55.4,"r":"1489.395004497","rd":"116.653521276","sigma":"0","rptime":"1439974800","rpr":1542.1360771864,"rprd":89.875105537058,"rpsigma":"0","acre":1133.3674810029,"lacre":1133.3674810029,"oldacre":"1112.8223505529"},"endType":"normal"}