{"seed":[41495,52599,2120,21650],"turns":30,"p1":"Void Wiley","p2":"antoine262","p1team":[{"name":"Tuba","species":"slurpuff","item":"sitrusberry","ability":"Unburden","moves":["bellydrum","drainpunch","playrough","aromatherapy"],"nature":"Jolly","evs":{"hp":4,"atk":252,"def":0,"spa":0,"spd":0,"spe":252},"ivs":{"hp":31,"atk":31,"def":31,"spa":31,"spd":31,"spe":31}},{"name":"Clarinet","species":"azumarill","item":"sitrusberry","ability":"Huge Power","moves":["bellydrum","aquajet","brickbreak","playrough"],"nature":"Adamant","evs":{"hp":252,"atk":252,"def":0,"spa":0,"spd":4,"spe":0},"ivs":{"hp":31,"atk":31,"def":31,"spa":31,"spd":31,"spe":31}},{"name":"Flute","species":"gardevoir","item":"gardevoirite","ability":"Synchronize","moves":["psyshock","hypervoice","energyball","focusblast"],"nature":"Timid","evs":{"hp":4,"atk":0,"def":0,"spa":252,"spd":0,"spe":252},"ivs":{"hp":31,"atk":31,"def":31,"spa":31,"spd":31,"spe":31}},{"name":"Alto","species":"togekiss","item":"choicescarf","ability":"Serene Grace","moves":["airslash","flamethrower","aurasphere","dazzlinggleam"],"nature":"Timid","evs":{"hp":0,"atk":0,"def":0,"spa":252,"spd":4,"spe":252},"ivs":{"hp":31,"atk":31,"def":31,"spa":31,"spd":31,"spe":31}},{"name":"Sax","species":"klefki","item":"lightclay","ability":"Prankster","moves":["thunderwave","lightscreen","reflect","foulplay"],"nature":"Bold","evs":{"hp":248,"atk":0,"def":252,"spa":0,"spd":8,"spe":0},"ivs":{"hp":31,"atk":31,"def":31,"spa":31,"spd":31,"spe":31}},{"name":"Trumpet","species":"sylveon","item":"leftovers","ability":"Pixilate","moves":["hypervoice","wish","protect","calmmind"],"nature":"Bold","evs":{"hp":252,"atk":0,"def":252,"spa":4,"spd":0,"spe":0},"ivs":{"hp":31,"atk":31,"def":31,"spa":31,"spd":31,"spe":31}}],"p2team":[{"name":"Azelf","species":"Azelf","item":"focussash","ability":"Levitate","moves":["stealthrock","knockoff","zenheadbutt","taunt"],"nature":"Naive","evs":{"hp":0,"atk":0,"def":0,"spa":0,"spd":0,"spe":0},"ivs":{"hp":31,"atk":31,"def":31,"spa":31,"spd":31,"spe":31}},{"name":"Hoopa-Unbound","species":"Hoopa-Unbound","item":"lifeorb","ability":"Magician","moves":["nastyplot","substitute","darkpulse","hyperspacehole"],"nature":"Timid","evs":{"hp":4,"atk":0,"def":0,"spa":252,"spd":0,"spe":252},"ivs":{"hp":31,"atk":31,"def":31,"spa":31,"spd":31,"spe":31}},{"name":"Cresselia","species":"Cresselia","item":"leftovers","ability":"Levitate","moves":["calmmind","moonlight","psyshock","icebeam"],"nature":"Calm","evs":{"hp":252,"atk":0,"def":4,"spa":0,"spd":252,"spe":0},"ivs":{"hp":31,"atk":31,"def":31,"spa":31,"spd":31,"spe":31}},{"name":"Delphox","species":"Delphox","item":"choicescarf","ability":"Blaze","moves":["fireblast","psyshock","dazzlinggleam","trick"],"nature":"Modest","evs":{"hp":0,"atk":0,"def":0,"spa":252,"spd":4,"spe":252},"ivs":{"hp":31,"atk":31,"def":31,"spa":31,"spd":31,"spe":31}},{"name":"Alakazam","species":"Alakazam","item":"alakazite","ability":"Synchronize","moves":["psychic","energyball","shadowball","substitute"],"nature":"Timid","evs":{"hp":0,"atk":0,"def":0,"spa":252,"spd":0,"spe":252},"ivs":{"hp":31,"atk":31,"def":31,"spa":31,"spd":31,"spe":31}},{"name":"Latios","species":"Latios","item":"choicespecs","ability":"Levitate","moves":["dracometeor","psyshock","calmmind","surf"],"nature":"Timid","evs":{"hp":0,"atk":0,"def":0,"spa":252,"spd":0,"spe":252},"ivs":{"hp":31,"atk":31,"def":31,"spa":31,"spd":31,"spe":31}}],"log":["|player|p1|Void Wiley|voidwiley.png","|player|p2|antoine262|42","|gametype|singles","|gen|6","|tier|Monotype","|rated","|rule|Baton Pass Clause: Limit one Baton Passer, can't pass Spe and other stats simultaneously","|rule|Swagger Clause: Swagger is banned","|rule|Same Type Clause: Pokémon in a team must share a type","|clearpoke","|poke|p1|Slurpuff, F","|poke|p1|Azumarill, F","|poke|p1|Gardevoir, F","|poke|p1|Togekiss, M","|poke|p1|Klefki, F","|poke|p1|Sylveon, F","|poke|p2|Azelf","|poke|p2|Hoopa-Unbound","|poke|p2|Cresselia, F","|poke|p2|Delphox, F","|poke|p2|Alakazam, F","|poke|p2|Latios, M","|rule|Sleep Clause Mod: Limit one foe put to sleep","|rule|Species Clause: Limit one of each Pokémon","|rule|OHKO Clause: OHKO moves are banned","|rule|Moody Clause: Moody is banned","|rule|Evasion Moves Clause: Evasion moves are banned","|rule|Endless Battle Clause: Forcing endless battles is banned","|rule|HP Percentage Mod: HP is shown in percentages","|teampreview","|","|start","|switch|p1a: Sax|Klefki, F|317/317","|switch|p2a: Azelf|Azelf|291/291","|turn|1","|","|move|p1a: Sax|Thunder Wave|p2a: Azelf","|-status|p2a: Azelf|par","|cant|p2a: Azelf|par","|","|turn|2","|","|move|p1a: Sax|Foul Play|p2a: Azelf","|-supereffective|p2a: Azelf","|-damage|p2a: Azelf|51/291 par","|move|p2a: Azelf|Stealth Rock|p1a: Sax","|-sidestart|p1: Void Wiley|move: Stealth Rock","|","|turn|3","|","|move|p1a: Sax|Foul Play|p2a: Azelf","|-supereffective|p2a: Azelf","|-damage|p2a: Azelf|0 fnt","|faint|p2a: Azelf","|","|","|switch|p2a: Delphox|Delphox, F|291/291","|turn|4","|","|move|p1a: Sax|Thunder Wave|p2a: Delphox","|-status|p2a: Delphox|par","|move|p2a: Delphox|Psyshock|p1a: Sax","|-resisted|p1a: Sax","|-damage|p1a: Sax|257/317","|","|turn|5","|","|switch|p2a: Hoopa-Unbound|Hoopa-Unbound|302/302","|move|p1a: Sax|Foul Play|p2a: Hoopa-Unbound","|-damage|p2a: Hoopa-Unbound|159/302","|","|turn|6","|","|move|p1a: Sax|Thunder Wave|p2a: Hoopa-Unbound","|-status|p2a: Hoopa-Unbound|par","|move|p2a: Hoopa-Unbound|Substitute|p2a: Hoopa-Unbound","|-start|p2a: Hoopa-Unbound|Substitute","|-damage|p2a: Hoopa-Unbound|84/302 par","|","|turn|7","|","|move|p1a: Sax|Foul Play|p2a: Hoopa-Unbound","|-end|p2a: Hoopa-Unbound|Substitute","|cant|p2a: Hoopa-Unbound|par","|","|turn|8","|","|move|p1a: Sax|Foul Play|p2a: Hoopa-Unbound","|-damage|p2a: Hoopa-Unbound|0 fnt","|faint|p2a: Hoopa-Unbound","|","|","|switch|p2a: Delphox|Delphox, F|291/291 par","|turn|9","|","|switch|p1a: Clarinet|Azumarill, F|404/404","|-damage|p1a: Clarinet|354/404|[from] Stealth Rock","|cant|p2a: Delphox|par","|","|turn|10","|","|move|p1a: Clarinet|Belly Drum|p1a: Clarinet","|-damage|p1a: Clarinet|152/404","|-setboost|p1a: Clarinet|atk|6|[from] move: Belly Drum","|-enditem|p1a: Clarinet|Sitrus Berry|[eat]","|-heal|p1a: Clarinet|253/404|[from] item: Sitrus Berry","|move|p2a: Delphox|Psyshock|p1a: Clarinet","|-damage|p1a: Clarinet|85/404","|","|turn|11","|","|move|p1a: Clarinet|Aqua Jet|p2a: Delphox","|-supereffective|p2a: Delphox","|-damage|p2a: Delphox|0 fnt","|faint|p2a: Delphox","|","|","|switch|p2a: Cresselia|Cresselia, F|444/444","|turn|12","|","|move|p2a: Cresselia|Psyshock|p1a: Clarinet","|-damage|p1a: Clarinet|0 fnt","|faint|p1a: Clarinet","|","|","|switch|p1a: Flute|Gardevoir, F|278/278","|-damage|p1a: Flute|244/278|[from] Stealth Rock","|turn|13","|","|detailschange|p1a: Flute|Gardevoir-Mega, F","|-mega|p1a: Flute|Gardevoir|Gardevoirite","|move|p1a: Flute|Hyper Voice|p2a: Cresselia","|-damage|p2a: Cresselia|297/444","|move|p2a: Cresselia|Calm Mind|p2a: Cresselia","|-boost|p2a: Cresselia|spa|1","|-boost|p2a: Cresselia|spd|1","|","|-heal|p2a: Cresselia|324/444|[from] item: Leftovers","|turn|14","|","|move|p1a: Flute|Hyper Voice|p2a: Cresselia","|-damage|p2a: Cresselia|230/444","|move|p2a: Cresselia|Calm Mind|p2a: Cresselia","|-boost|p2a: Cresselia|spa|1","|-boost|p2a: Cresselia|spd|1","|","|-heal|p2a: Cresselia|257/444|[from] item: Leftovers","|turn|15","|","|switch|p1a: Tuba|Slurpuff, F|306/306","|-damage|p1a: Tuba|268/306|[from] Stealth Rock","|move|p2a: Cresselia|Calm Mind|p2a: Cresselia","|-boost|p2a: Cresselia|spa|1","|-boost|p2a: Cresselia|spd|1","|","|-heal|p2a: Cresselia|284/444|[from] item: Leftovers","|turn|16","|","|move|p1a: Tuba|Belly Drum|p1a: Tuba","|-damage|p1a: Tuba|115/306","|-setboost|p1a: Tuba|atk|6|[from] move: Belly Drum","|-enditem|p1a: Tuba|Sitrus Berry|[eat]","|-heal|p1a: Tuba|191/306|[from] item: Sitrus Berry","|move|p2a: Cresselia|Psyshock|p1a: Tuba","|-damage|p1a: Tuba|0 fnt","|faint|p1a: Tuba","|","|-heal|p2a: Cresselia|311/444|[from] item: Leftovers","|","|switch|p1a: Sax|Klefki, F|257/317","|-damage|p1a: Sax|238/317|[from] Stealth Rock","|turn|17","|","|move|p1a: Sax|Thunder Wave|p2a: Cresselia","|-status|p2a: Cresselia|par","|cant|p2a: Cresselia|par","|","|-heal|p2a: Cresselia|338/444 par|[from] item: Leftovers","|turn|18","|","|move|p1a: Sax|Foul Play|p2a: Cresselia","|-supereffective|p2a: Cresselia","|-damage|p2a: Cresselia|252/444 par","|move|p2a: Cresselia|Psyshock|p1a: Sax","|-resisted|p1a: Sax","|-damage|p1a: Sax|166/317","|","|-heal|p2a: Cresselia|279/444 par|[from] item: Leftovers","|turn|19","|","|move|p1a: Sax|Foul Play|p2a: Cresselia","|-supereffective|p2a: Cresselia","|-damage|p2a: Cresselia|201/444 par","|cant|p2a: Cresselia|par","|","|-heal|p2a: Cresselia|228/444 par|[from] item: Leftovers","|turn|20","|","|move|p1a: Sax|Foul Play|p2a: Cresselia","|-supereffective|p2a: Cresselia","|-damage|p2a: Cresselia|146/444 par","|move|p2a: Cresselia|Moonlight|p2a: Cresselia","|-heal|p2a: Cresselia|368/444 par","|","|-heal|p2a: Cresselia|395/444 par|[from] item: Leftovers","|turn|21","|","|switch|p1a: Trumpet|Sylveon, F|394/394","|-damage|p1a: Trumpet|345/394|[from] Stealth Rock","|cant|p2a: Cresselia|par","|","|-heal|p1a: Trumpet|369/394|[from] item: Leftovers","|-heal|p2a: Cresselia|422/444 par|[from] item: Leftovers","|turn|22","|","|move|p1a: Trumpet|Calm Mind|p1a: Trumpet","|-boost|p1a: Trumpet|spa|1","|-boost|p1a: Trumpet|spd|1","|move|p2a: Cresselia|Psyshock|p1a: Trumpet","|-damage|p1a: Trumpet|201/394","|","|-heal|p1a: Trumpet|225/394|[from] item: Leftovers","|-heal|p2a: Cresselia|444/444 par|[from] item: Leftovers","|turn|23","|","|move|p1a: Trumpet|Wish|p1a: Trumpet","|cant|p2a: Cresselia|par","|","|-heal|p1a: Trumpet|249/394|[from] item: Leftovers","|turn|24","|","|move|p1a: Trumpet|Calm Mind|p1a: Trumpet","|-boost|p1a: Trumpet|spa|1","|-boost|p1a: Trumpet|spd|1","|move|p2a: Cresselia|Calm Mind|p2a: Cresselia","|-boost|p2a: Cresselia|spa|1","|-boost|p2a: Cresselia|spd|1","|","|-heal|p1a: Trumpet|394/394|[from] move: Wish|[wisher] Trumpet","|turn|25","|","|move|p1a: Trumpet|Calm Mind|p1a: Trumpet","|-boost|p1a: Trumpet|spa|1","|-boost|p1a: Trumpet|spd|1","|move|p2a: Cresselia|Calm Mind|p2a: Cresselia","|-boost|p2a: Cresselia|spa|1","|-boost|p2a: Cresselia|spd|1","|","|turn|26","|","|move|p1a: Trumpet|Calm Mind|p1a: Trumpet","|-boost|p1a: Trumpet|spa|1","|-boost|p1a: Trumpet|spd|1","|cant|p2a: Cresselia|par","|","|turn|27","|","|move|p1a: Trumpet|Calm Mind|p1a: Trumpet","|-boost|p1a: Trumpet|spa|1","|-boost|p1a: Trumpet|spd|1","|move|p2a: Cresselia|Calm Mind|p2a: Cresselia","|-boost|p2a: Cresselia|spa|1","|-boost|p2a: Cresselia|spd|1","|","|turn|28","|","|move|p1a: Trumpet|Calm Mind|p1a: Trumpet","|-boost|p1a: Trumpet|spa|1","|-boost|p1a: Trumpet|spd|1","|move|p2a: Cresselia|Psyshock|p1a: Trumpet","|-damage|p1a: Trumpet|106/394","|","|-heal|p1a: Trumpet|130/394|[from] item: Leftovers","|turn|29","|","|move|p1a: Trumpet|Protect|p1a: Trumpet","|-singleturn|p1a: Trumpet|Protect","|move|p2a: Cresselia|Psyshock|p1a: Trumpet","|-activate|p1a: Trumpet|Protect","|","|-heal|p1a: Trumpet|154/394|[from] item: Leftovers","|turn|30","|","|move|p1a: Trumpet|Wish|p1a: Trumpet","|move|p2a: Cresselia|Psyshock|p1a: Trumpet","|-damage|p1a: Trumpet|0 fnt","|faint|p1a: Trumpet","|","|","|win|antoine262"],"p1rating":{"entryid":"91212","serverid":"eos","formatid":"monotype","userid":"voidwiley","username":"Void Wiley","w":"11","l":6,"t":"0","gxe":60.2,"r":"1550.4033229907","rd":"86.298459960567","sigma":"0","rptime":"1440061200","rpr":1579.9823655523,"rprd":75.216250100803,"rpsigma":"0","acre":1140.8633986422,"lacre":1140.8633986422,"oldacre":"1177.6369512244"},"p2rating":{"entryid":219350,"formatid":"monotype","userid":"antoine262","username":"antoine262","r":1500,"rd":130,"sigma":0,"rpr":1547.3842582361,"rprd":122.4174269398,"rpsigma":0,"rptime":1440061200,"w":1,"l":0,"t":0,"gxe":55.9,"acre":1058.8376841316,"lacre":1058.8376841316,"oldacre":1000},"endType":"forfeit"}