{"seed":[19178,33925,11848,42555],"turns":34,"p1":"Whitston","p2":"inferno sasuke","p1team":[{"name":"Klefki","species":"Klefki","item":"lightclay","ability":"Prankster","moves":["reflect","lightscreen","thunderwave","foulplay"],"nature":"Bold","evs":{"hp":248,"atk":0,"def":252,"spa":0,"spd":8,"spe":0},"ivs":{"hp":31,"atk":31,"def":31,"spa":31,"spd":31,"spe":31}},{"name":"Granbull","species":"Granbull","item":"choiceband","ability":"Intimidate","moves":["closecombat","playrough","earthquake","crunch"],"nature":"Adamant","evs":{"hp":248,"atk":252,"def":0,"spa":0,"spd":8,"spe":0},"shiny":true,"ivs":{"hp":31,"atk":31,"def":31,"spa":31,"spd":31,"spe":31}},{"name":"Togemiss","species":"togekiss","item":"kingsrock","ability":"Serene Grace","moves":["airslash","thunderwave","roost","aurasphere"],"nature":"Calm","evs":{"hp":248,"atk":0,"def":0,"spa":8,"spd":252,"spe":0},"shiny":true,"ivs":{"hp":31,"atk":31,"def":31,"spa":31,"spd":31,"spe":31}},{"name":"Azumarill","species":"Azumarill","item":"assaultvest","ability":"Huge Power","moves":["waterfall","playrough","superpower","aquajet"],"nature":"Adamant","evs":{"hp":248,"atk":252,"def":0,"spa":0,"spd":8,"spe":0},"ivs":{"hp":31,"atk":31,"def":31,"spa":31,"spd":31,"spe":31}},{"name":"Whimsicott","species":"Whimsicott","item":"leftovers","ability":"Prankster","moves":["substitute","leechseed","cottonguard","hiddenpowerfire"],"nature":"Calm","evs":{"hp":248,"atk":0,"def":0,"spa":8,"spd":252,"spe":0},"ivs":{"hp":31,"atk":30,"def":31,"spa":30,"spd":31,"spe":30}},{"name":"Diancie","species":"Diancie","item":"diancite","ability":"Clear Body","moves":["moonblast","diamondstorm","earthpower","rockpolish"],"nature":"Modest","evs":{"hp":0,"atk":0,"def":128,"spa":252,"spd":128,"spe":0},"shiny":true,"ivs":{"hp":31,"atk":31,"def":31,"spa":31,"spd":31,"spe":31}}],"p2team":[{"name":"Holy Grail","species":"diancie","item":"leftovers","ability":"Clear Body","moves":["stealthrock","trickroom","diamondstorm","explosion"],"nature":"Brave","evs":{"hp":248,"atk":252,"def":8,"spa":0,"spd":0,"spe":0},"ivs":{"hp":31,"atk":31,"def":31,"spa":31,"spd":31,"spe":0}},{"name":"Apollyon","species":"sylveon","item":"choicespecs","ability":"Pixilate","moves":["hypervoice","hiddenpowerfire","psyshock","shadowball"],"nature":"Quiet","evs":{"hp":248,"atk":0,"def":8,"spa":252,"spd":0,"spe":0},"gender":"M","ivs":{"hp":31,"atk":0,"def":31,"spa":30,"spd":31,"spe":0},"shiny":true},{"name":"DEMON","species":"azumarill","item":"lifeorb","ability":"Huge Power","moves":["playrough","waterfall","superpower","aquajet"],"nature":"Brave","evs":{"hp":248,"atk":252,"def":8,"spa":0,"spd":0,"spe":0},"gender":"M","ivs":{"hp":31,"atk":31,"def":31,"spa":31,"spd":31,"spe":0},"shiny":true},{"name":"Ino","species":"gardevoir","item":"gardevoirite","ability":"Trace","moves":["hypervoice","focusblast","trickroom","healingwish"],"nature":"Quiet","evs":{"hp":248,"atk":0,"def":8,"spa":252,"spd":0,"spe":0},"gender":"M","ivs":{"hp":31,"atk":0,"def":31,"spa":31,"spd":31,"spe":0},"shiny":true},{"name":"Keeper of le keys","species":"klefki","item":"lightclay","ability":"Prankster","moves":["reflect","lightscreen","foulplay","spikes"],"nature":"Bold","evs":{"hp":248,"atk":0,"def":204,"spa":0,"spd":0,"spe":56},"ivs":{"hp":31,"atk":0,"def":31,"spa":31,"spd":31,"spe":31},"shiny":true},{"name":"AIDS","species":"togekiss","item":"choicescarf","ability":"Serene Grace","moves":["airslash","fireblast","dazzlinggleam","trick"],"nature":"Timid","evs":{"hp":0,"atk":0,"def":0,"spa":252,"spd":4,"spe":252},"ivs":{"hp":31,"atk":0,"def":31,"spa":31,"spd":31,"spe":31},"shiny":true}],"log":["|player|p1|Whitston|290","|player|p2|inferno sasuke|infernosasuke.png","|gametype|singles","|gen|6","|tier|Monotype","|rated","|rule|Baton Pass Clause: Limit one Baton Passer, can't pass Spe and other stats simultaneously","|rule|Swagger Clause: Swagger is banned","|rule|Same Type Clause: Pokémon in a team must share a type","|clearpoke","|poke|p1|Klefki, M","|poke|p1|Granbull, M, shiny","|poke|p1|Togekiss, F, shiny","|poke|p1|Azumarill, F","|poke|p1|Whimsicott, F","|poke|p1|Diancie, shiny","|poke|p2|Diancie","|poke|p2|Sylveon, M, shiny","|poke|p2|Azumarill, M, shiny","|poke|p2|Gardevoir, M, shiny","|poke|p2|Klefki, M, shiny","|poke|p2|Togekiss, M, shiny","|rule|Sleep Clause Mod: Limit one foe put to sleep","|rule|Species Clause: Limit one of each Pokémon","|rule|OHKO Clause: OHKO moves are banned","|rule|Moody Clause: Moody is banned","|rule|Evasion Moves Clause: Evasion moves are banned","|rule|Endless Battle Clause: Forcing endless battles is banned","|rule|HP Percentage Mod: HP is shown in percentages","|teampreview","|","|start","|switch|p1a: Whimsicott|Whimsicott, F|323/323","|switch|p2a: Ino|Gardevoir, M, shiny|339/339","|-ability|p2a: Ino|Prankster|[from] ability: Trace|[of] p1a: Whimsicott","|turn|1","|","|detailschange|p2a: Ino|Gardevoir-Mega, M, shiny","|-mega|p2a: Ino|Gardevoir|Gardevoirite","|move|p1a: Whimsicott|Substitute|p1a: Whimsicott","|-start|p1a: Whimsicott|Substitute","|-damage|p1a: Whimsicott|243/323","|move|p2a: Ino|Hyper Voice|p1a: Whimsicott","|-damage|p1a: Whimsicott|0 fnt","|faint|p1a: Whimsicott","|","|","|switch|p1a: Klefki|Klefki, M|317/317","|turn|2","|","|move|p1a: Klefki|Thunder Wave|p2a: Ino","|-status|p2a: Ino|par","|move|p2a: Ino|Hyper Voice|p1a: Klefki","|-resisted|p1a: Klefki","|-damage|p1a: Klefki|164/317","|","|turn|3","|","|move|p1a: Klefki|Light Screen|p1a: Klefki","|-sidestart|p1: Whitston|move: Light Screen","|move|p2a: Ino|Hyper Voice|p1a: Klefki","|-resisted|p1a: Klefki","|-damage|p1a: Klefki|90/317","|","|turn|4","|","|move|p1a: Klefki|Foul Play|p2a: Ino","|-damage|p2a: Ino|258/339 par","|move|p2a: Ino|Hyper Voice|p1a: Klefki","|-resisted|p1a: Klefki","|-damage|p1a: Klefki|13/317","|","|turn|5","|","|move|p1a: Klefki|Foul Play|p2a: Ino","|-damage|p2a: Ino|176/339 par","|move|p2a: Ino|Hyper Voice|p1a: Klefki","|-resisted|p1a: Klefki","|-damage|p1a: Klefki|0 fnt","|faint|p1a: Klefki","|","|","|switch|p1a: Diancie|Diancie, shiny|241/241","|turn|6","|","|move|p1a: Diancie|Rock Polish|p1a: Diancie","|-boost|p1a: Diancie|spe|2","|cant|p2a: Ino|par","|","|turn|7","|","|detailschange|p1a: Diancie|Diancie-Mega, shiny","|-mega|p1a: Diancie|Diancie|Diancite","|move|p1a: Diancie|Diamond Storm|p2a: Ino","|-damage|p2a: Ino|0 fnt","|-boost|p1a: Diancie|def|1","|faint|p2a: Ino","|","|","|switch|p2a: DEMON|Azumarill, M, shiny|403/403","|turn|8","|","|move|p2a: DEMON|Aqua Jet|p1a: Diancie","|-supereffective|p1a: Diancie","|-damage|p1a: Diancie|129/241","|-damage|p2a: DEMON|363/403|[from] item: Life Orb","|move|p1a: Diancie|Moonblast|p2a: DEMON","|-damage|p2a: DEMON|108/403","|-unboost|p2a: DEMON|spa|1","|","|turn|9","|","|move|p2a: DEMON|Aqua Jet|p1a: Diancie","|-supereffective|p1a: Diancie","|-damage|p1a: Diancie|9/241","|-damage|p2a: DEMON|68/403|[from] item: Life Orb","|move|p1a: Diancie|Moonblast|p2a: DEMON","|-damage|p2a: DEMON|0 fnt","|faint|p2a: DEMON","|","|","|switch|p2a: Apollyon|Sylveon, M, shiny|393/393","|turn|10","|","|move|p1a: Diancie|Diamond Storm|p2a: Apollyon","|-damage|p2a: Apollyon|183/393","|move|p2a: Apollyon|Hyper Voice|p1a: Diancie","|-damage|p1a: Diancie|0 fnt","|faint|p1a: Diancie","|","|-sideend|p1: Whitston|move: Light Screen","|","|switch|p1a: Togemiss|Togekiss, F, shiny|373/373","|turn|11","|","|move|p1a: Togemiss|Thunder Wave|p2a: Apollyon","|-status|p2a: Apollyon|par","|move|p2a: Apollyon|Hyper Voice|p1a: Togemiss","|-damage|p1a: Togemiss|169/373","|","|turn|12","|","|move|p1a: Togemiss|Roost|p1a: Togemiss","|-heal|p1a: Togemiss|356/373","|move|p2a: Apollyon|Hyper Voice|p1a: Togemiss","|-damage|p1a: Togemiss|143/373","|","|turn|13","|","|move|p1a: Togemiss|Roost|p1a: Togemiss","|-heal|p1a: Togemiss|330/373","|move|p2a: Apollyon|Hyper Voice|p1a: Togemiss","|-damage|p1a: Togemiss|128/373","|","|turn|14","|","|move|p1a: Togemiss|Roost|p1a: Togemiss","|-heal|p1a: Togemiss|315/373","|move|p2a: Apollyon|Hyper Voice|p1a: Togemiss","|-damage|p1a: Togemiss|108/373","|","|turn|15","|","|move|p1a: Togemiss|Roost|p1a: Togemiss","|-heal|p1a: Togemiss|295/373","|cant|p2a: Apollyon|par","|","|turn|16","|","|move|p1a: Togemiss|Air Slash|p2a: Apollyon","|-damage|p2a: Apollyon|105/393 par","|cant|p2a: Apollyon|flinch","|","|turn|17","|","|move|p1a: Togemiss|Air Slash|p2a: Apollyon","|-damage|p2a: Apollyon|21/393 par","|move|p2a: Apollyon|Hyper Voice|p1a: Togemiss","|-damage|p1a: Togemiss|79/373","|","|turn|18","|","|move|p1a: Togemiss|Roost|p1a: Togemiss","|-heal|p1a: Togemiss|266/373","|move|p2a: Apollyon|Hyper Voice|p1a: Togemiss","|-damage|p1a: Togemiss|59/373","|","|turn|19","|","|move|p1a: Togemiss|Roost|p1a: Togemiss","|-heal|p1a: Togemiss|246/373","|move|p2a: Apollyon|Hyper Voice|p1a: Togemiss","|-damage|p1a: Togemiss|50/373","|","|turn|20","|","|move|p1a: Togemiss|Roost|p1a: Togemiss","|-heal|p1a: Togemiss|237/373","|move|p2a: Apollyon|Hyper Voice|p1a: Togemiss","|-damage|p1a: Togemiss|48/373","|","|turn|21","|","|move|p1a: Togemiss|Roost|p1a: Togemiss","|-heal|p1a: Togemiss|235/373","|cant|p2a: Apollyon|par","|","|turn|22","|","|move|p1a: Togemiss|Roost|p1a: Togemiss","|-heal|p1a: Togemiss|373/373","|move|p2a: Apollyon|Hyper Voice|p1a: Togemiss","|-damage|p1a: Togemiss|174/373","|","|turn|23","|","|move|p1a: Togemiss|Roost|p1a: Togemiss","|-heal|p1a: Togemiss|361/373","|move|p2a: Apollyon|Hyper Voice|p1a: Togemiss","|-damage|p1a: Togemiss|153/373","|","|turn|24","|","|move|p1a: Togemiss|Roost|p1a: Togemiss","|-heal|p1a: Togemiss|340/373","|cant|p2a: Apollyon|par","|","|turn|25","|","|switch|p2a: Holy Grail|Diancie|303/303","|move|p1a: Togemiss|Air Slash|p2a: Holy Grail","|-resisted|p2a: Holy Grail","|-damage|p2a: Holy Grail|269/303","|","|-heal|p2a: Holy Grail|287/303|[from] item: Leftovers","|turn|26","|","|move|p1a: Togemiss|Thunder Wave|p2a: Holy Grail","|-status|p2a: Holy Grail|par","|move|p2a: Holy Grail|Diamond Storm|p1a: Togemiss","|-supereffective|p1a: Togemiss","|-damage|p1a: Togemiss|0 fnt","|faint|p1a: Togemiss","|","|-heal|p2a: Holy Grail|303/303 par|[from] item: Leftovers","|","|switch|p1a: Azumarill|Azumarill, F|403/403","|turn|27","|","|move|p1a: Azumarill|Waterfall|p2a: Holy Grail","|-supereffective|p2a: Holy Grail","|-damage|p2a: Holy Grail|49/303 par","|move|p2a: Holy Grail|Diamond Storm|p1a: Azumarill","|-damage|p1a: Azumarill|202/403","|-boost|p2a: Holy Grail|def|1","|","|-heal|p2a: Holy Grail|67/303 par|[from] item: Leftovers","|turn|28","|","|switch|p2a: Keeper of le keys|Klefki, M, shiny|317/317","|move|p1a: Azumarill|Aqua Jet|p2a: Keeper of le keys","|-damage|p2a: Keeper of le keys|250/317","|","|turn|29","|","|move|p2a: Keeper of le keys|Foul Play|p1a: Azumarill","|-resisted|p1a: Azumarill","|-damage|p1a: Azumarill|161/403","|move|p1a: Azumarill|Superpower|p2a: Keeper of le keys","|-damage|p2a: Keeper of le keys|118/317","|-unboost|p1a: Azumarill|atk|1","|-unboost|p1a: Azumarill|def|1","|","|turn|30","|","|switch|p2a: AIDS|Togekiss, M, shiny|311/311","|move|p1a: Azumarill|Superpower|p2a: AIDS","|-resisted|p2a: AIDS","|-damage|p2a: AIDS|282/311","|-unboost|p1a: Azumarill|atk|1","|-unboost|p1a: Azumarill|def|1","|","|turn|31","|","|move|p2a: AIDS|Air Slash|p1a: Azumarill","|-damage|p1a: Azumarill|56/403","|move|p1a: Azumarill|Play Rough|p2a: AIDS","|-damage|p2a: AIDS|180/311","|","|turn|32","|","|move|p2a: AIDS|Air Slash|p1a: Azumarill","|-damage|p1a: Azumarill|0 fnt","|faint|p1a: Azumarill","|","|","|switch|p1a: Granbull|Granbull, M, shiny|383/383","|-ability|p1a: Granbull|Intimidate","|-unboost|p2a: AIDS|atk|1","|turn|33","|","|move|p2a: AIDS|Air Slash|p1a: Granbull","|-crit|p1a: Granbull","|-damage|p1a: Granbull|98/383","|cant|p1a: Granbull|flinch","|","|turn|34","|","|move|p2a: AIDS|Air Slash|p1a: Granbull","|-damage|p1a: Granbull|0 fnt","|faint|p1a: Granbull","|","|win|inferno sasuke"],"p1rating":{"entryid":190364,"formatid":"monotype","userid":"whitston","username":"Whitston","r":1500,"rd":130,"sigma":0,"rpr":1442.6577365702,"rprd":123.19792061134,"rpsigma":0,"rptime":1440061200,"w":0,"l":1,"t":0,"gxe":42.9,"acre":1000,"lacre":1000,"oldacre":1000},"p2rating":{"entryid":"45674","serverid":"eos","formatid":"monotype","userid":"infernosasuke","username":"Inferno Sasuke","w":3,"l":"10","t":"0","gxe":34.7,"r":"1364.2441066198","rd":"85.565669206916","sigma":"0","rptime":"1440061200","rpr":1377.6495399271,"rprd":81.890660900469,"rpsigma":"0","acre":1040,"lacre":1040,"oldacre":"1000"},"endType":"normal"}