{"seed":[27479,4653,31739,39980],"turns":21,"p1":"Whitston","p2":"BagelBeagle","p1team":[{"name":"Shedinja","species":"Shedinja","item":"focussash","ability":"Wonder Guard","moves":["shadowsneak","xscissor","phantomforce","swordsdance"],"nature":"Adamant","evs":{"hp":0,"atk":252,"def":0,"spa":0,"spd":0,"spe":252},"ivs":{"hp":31,"atk":31,"def":31,"spa":31,"spd":31,"spe":31}},{"name":"Aegislash","species":"Aegislash","item":"leftovers","ability":"Stance Change","moves":["swordsdance","shadowsneak","sacredsword","kingsshield"],"nature":"Adamant","evs":{"hp":252,"atk":252,"def":0,"spa":0,"spd":0,"spe":0},"ivs":{"hp":31,"atk":31,"def":31,"spa":31,"spd":31,"spe":31}},{"name":"Chandelure","species":"Chandelure","item":"choicespecs","ability":"Flash Fire","moves":["flamethrower","shadowball","energyball","trick"],"nature":"Timid","evs":{"hp":0,"atk":0,"def":0,"spa":252,"spd":4,"spe":252},"ivs":{"hp":31,"atk":31,"def":31,"spa":31,"spd":31,"spe":31}},{"name":"Trevenant","species":"Trevenant","item":"sitrusberry","ability":"Natural Cure","moves":["substitute","hornleech","willowisp","leechseed"],"nature":"Careful","evs":{"hp":252,"atk":0,"def":4,"spa":0,"spd":252,"spe":0},"ivs":{"hp":31,"atk":31,"def":31,"spa":31,"spd":31,"spe":31}},{"name":"Jellicent","species":"Jellicent","item":"leftovers","ability":"Water Absorb","moves":["recover","scald","hex","confuseray"],"nature":"Calm","evs":{"hp":252,"atk":0,"def":252,"spa":0,"spd":4,"spe":0},"ivs":{"hp":31,"atk":31,"def":31,"spa":31,"spd":31,"spe":31}},{"name":"Sableye","species":"Sableye","item":"sablenite","ability":"Keen Eye","moves":["willowisp","recover","calmmind","foulplay"],"nature":"Impish","evs":{"hp":252,"atk":0,"def":0,"spa":0,"spd":252,"spe":0},"ivs":{"hp":31,"atk":31,"def":31,"spa":31,"spd":31,"spe":31}}],"p2team":[{"name":"Poor And French","species":"ninetales","item":"heatrock","ability":"Drought","moves":["energyball","extrasensory","calmmind","fireblast"],"nature":"Timid","evs":{"hp":0,"atk":0,"def":0,"spa":252,"spd":4,"spe":252},"ivs":{"hp":31,"atk":31,"def":31,"spa":31,"spd":31,"spe":31}},{"name":"Poor And German","species":"charizard","item":"charizarditey","ability":"Blaze","moves":["airslash","dragonpulse","flamethrower","solarbeam"],"nature":"Timid","evs":{"hp":0,"atk":0,"def":0,"spa":252,"spd":4,"spe":252},"shiny":true,"ivs":{"hp":31,"atk":31,"def":31,"spa":31,"spd":31,"spe":31}},{"name":"Poor And African","species":"arcanine","item":"choiceband","ability":"Intimidate","moves":["ironhead","flareblitz","extremespeed","closecombat"],"nature":"Adamant","evs":{"hp":248,"atk":252,"def":0,"spa":0,"spd":8,"spe":0},"ivs":{"hp":31,"atk":31,"def":31,"spa":31,"spd":31,"spe":31}},{"name":"Poor And High","species":"torkoal","item":"leftovers","ability":"White Smoke","moves":["lavaplume","rapidspin","stealthrock","yawn"],"nature":"Bold","evs":{"hp":252,"atk":0,"def":252,"spa":4,"spd":0,"spe":0},"shiny":true,"ivs":{"hp":31,"atk":31,"def":31,"spa":31,"spd":31,"spe":31}},{"name":"Rich And White","species":"victini","item":"choicescarf","ability":"Victory Star","moves":["vcreate","zenheadbutt","boltstrike","uturn"],"nature":"Jolly","evs":{"hp":0,"atk":252,"def":0,"spa":0,"spd":4,"spe":252},"ivs":{"hp":31,"atk":31,"def":31,"spa":31,"spd":31,"spe":31}},{"name":"Poor And Irish","species":"flareon","item":"leftovers","ability":"Guts","moves":["flareblitz","healbell","wish","roar"],"nature":"Careful","evs":{"hp":252,"atk":4,"def":0,"spa":0,"spd":252,"spe":0},"ivs":{"hp":31,"atk":31,"def":31,"spa":31,"spd":31,"spe":31}}],"log":["|player|p1|Whitston|290","|player|p2|BagelBeagle|52","|gametype|singles","|gen|6","|tier|Monotype","|rated","|rule|Baton Pass Clause: Limit one Baton Passer, can't pass Spe and other stats simultaneously","|rule|Swagger Clause: Swagger is banned","|rule|Same Type Clause: Pokémon in a team must share a type","|clearpoke","|poke|p1|Shedinja","|poke|p1|Aegislash, F","|poke|p1|Chandelure, F","|poke|p1|Trevenant, F","|poke|p1|Jellicent, M","|poke|p1|Sableye, M","|poke|p2|Ninetales, F","|poke|p2|Charizard, M, shiny","|poke|p2|Arcanine, F","|poke|p2|Torkoal, M, shiny","|poke|p2|Victini","|poke|p2|Flareon, M","|rule|Sleep Clause Mod: Limit one foe put to sleep","|rule|Species Clause: Limit one of each Pokémon","|rule|OHKO Clause: OHKO moves are banned","|rule|Moody Clause: Moody is banned","|rule|Evasion Moves Clause: Evasion moves are banned","|rule|Endless Battle Clause: Forcing endless battles is banned","|rule|HP Percentage Mod: HP is shown in percentages","|teampreview","|","|start","|switch|p1a: Shedinja|Shedinja|1/1","|switch|p2a: Poor And High|Torkoal, M, shiny|344/344","|turn|1","|","|move|p1a: Shedinja|Swords Dance|p1a: Shedinja","|-boost|p1a: Shedinja|atk|2","|move|p2a: Poor And High|Stealth Rock|p1a: Shedinja","|-sidestart|p1: Whitston|move: Stealth Rock","|","|turn|2","|","|move|p1a: Shedinja|Phantom Force|p2a: Poor And High|[still]","|-prepare|p1a: Shedinja|Phantom Force|p2a: Poor And High","|move|p2a: Poor And High|Lava Plume|p1a: Shedinja","|-miss|p2a: Poor And High|p1a: Shedinja","|","|turn|3","|","|move|p1a: Shedinja|Phantom Force|p2a: Poor And High|[from]lockedmove","|-damage|p2a: Poor And High|193/344","|move|p2a: Poor And High|Lava Plume|p1a: Shedinja","|-supereffective|p1a: Shedinja","|-enditem|p1a: Shedinja|Focus Sash","|-damage|p1a: Shedinja|1/1","|","|-heal|p2a: Poor And High|214/344|[from] item: Leftovers","|turn|4","|","|move|p1a: Shedinja|Phantom Force|p2a: Poor And High|[still]","|-prepare|p1a: Shedinja|Phantom Force|p2a: Poor And High","|move|p2a: Poor And High|Lava Plume|p1a: Shedinja","|-miss|p2a: Poor And High|p1a: Shedinja","|","|-heal|p2a: Poor And High|235/344|[from] item: Leftovers","|turn|5","|","|move|p1a: Shedinja|Phantom Force|p2a: Poor And High|[from]lockedmove","|-damage|p2a: Poor And High|76/344","|move|p2a: Poor And High|Lava Plume|p1a: Shedinja","|-supereffective|p1a: Shedinja","|-damage|p1a: Shedinja|0 fnt","|faint|p1a: Shedinja","|","|-heal|p2a: Poor And High|97/344|[from] item: Leftovers","|","|switch|p1a: Trevenant|Trevenant, F|374/374","|-damage|p1a: Trevenant|328/374|[from] Stealth Rock","|turn|6","|","|switch|p1a: Chandelure|Chandelure, F|261/261","|-damage|p1a: Chandelure|196/261|[from] Stealth Rock","|move|p2a: Poor And High|Lava Plume|p1a: Chandelure","|-start|p1a: Chandelure|ability: Flash Fire","|","|-heal|p2a: Poor And High|118/344|[from] item: Leftovers","|turn|7","|","|move|p1a: Chandelure|Shadow Ball|p2a: Poor And High","|-damage|p2a: Poor And High|0 fnt","|faint|p2a: Poor And High","|","|","|switch|p2a: Poor And French|Ninetales, F|287/287","|-weather|SunnyDay","|turn|8","|","|move|p2a: Poor And French|Calm Mind|p2a: Poor And French","|-boost|p2a: Poor And French|spa|1","|-boost|p2a: Poor And French|spd|1","|move|p1a: Chandelure|Shadow Ball|p2a: Poor And French","|-damage|p2a: Poor And French|133/287","|-unboost|p2a: Poor And French|spd|1","|","|-weather|SunnyDay|[upkeep]","|turn|9","|","|move|p2a: Poor And French|Extrasensory|p1a: Chandelure","|-damage|p1a: Chandelure|80/261","|move|p1a: Chandelure|Shadow Ball|p2a: Poor And French","|-damage|p2a: Poor And French|0 fnt","|faint|p2a: Poor And French","|","|-weather|SunnyDay|[upkeep]","|","|switch|p2a: Poor And German|Charizard, M, shiny|297/297","|turn|10","|","|detailschange|p2a: Poor And German|Charizard-Mega-Y, M, shiny","|-mega|p2a: Poor And German|Charizard|Charizardite Y","|move|p2a: Poor And German|Dragon Pulse|p1a: Chandelure","|-damage|p1a: Chandelure|0 fnt","|faint|p1a: Chandelure","|","|-weather|SunnyDay|[upkeep]","|","|switch|p1a: Sableye|Sableye, M|304/304","|-damage|p1a: Sableye|266/304|[from] Stealth Rock","|turn|11","|","|detailschange|p1a: Sableye|Sableye-Mega, M","|-mega|p1a: Sableye|Sableye|Sablenite","|move|p2a: Poor And German|Flamethrower|p1a: Sableye","|-damage|p1a: Sableye|73/304","|move|p1a: Sableye|Calm Mind|p1a: Sableye","|-boost|p1a: Sableye|spa|1","|-boost|p1a: Sableye|spd|1","|","|-weather|SunnyDay|[upkeep]","|turn|12","|","|move|p2a: Poor And German|Flamethrower|p1a: Sableye","|-damage|p1a: Sableye|0 fnt","|faint|p1a: Sableye","|","|-weather|SunnyDay|[upkeep]","|","|switch|p1a: Jellicent|Jellicent, M|404/404","|-damage|p1a: Jellicent|354/404|[from] Stealth Rock","|turn|13","|","|move|p2a: Poor And German|Solar Beam|p1a: Jellicent|[still]","|-prepare|p2a: Poor And German|Solar Beam|p1a: Jellicent","|-anim|p2a: Poor And German|Solar Beam|p1a: Jellicent","|-supereffective|p1a: Jellicent","|-damage|p1a: Jellicent|60/404","|move|p1a: Jellicent|Confuse Ray|p2a: Poor And German","|-start|p2a: Poor And German|confusion","|","|-weather|SunnyDay|[upkeep]","|-heal|p1a: Jellicent|85/404|[from] item: Leftovers","|turn|14","|","|-activate|p2a: Poor And German|confusion","|-damage|p2a: Poor And German|263/297|[from] confusion","|move|p1a: Jellicent|Recover|p1a: Jellicent","|-heal|p1a: Jellicent|287/404","|","|-weather|SunnyDay|[upkeep]","|-heal|p1a: Jellicent|312/404|[from] item: Leftovers","|turn|15","|","|switch|p2a: Rich And White|Victini|341/341","|move|p1a: Jellicent|Recover|p1a: Jellicent","|-heal|p1a: Jellicent|404/404","|","|-weather|none","|turn|16","|","|move|p2a: Rich And White|Bolt Strike|p1a: Jellicent","|-supereffective|p1a: Jellicent","|-damage|p1a: Jellicent|146/404","|move|p1a: Jellicent|Scald|p2a: Rich And White","|-supereffective|p2a: Rich And White","|-damage|p2a: Rich And White|179/341","|","|-heal|p1a: Jellicent|171/404|[from] item: Leftovers","|turn|17","|","|switch|p1a: Aegislash|Aegislash, F|324/324","|-damage|p1a: Aegislash|304/324|[from] Stealth Rock","|move|p2a: Rich And White|Bolt Strike|p1a: Aegislash","|-damage|p1a: Aegislash|209/324","|","|-heal|p1a: Aegislash|229/324|[from] item: Leftovers","|turn|18","|","|switch|p2a: Poor And German|Charizard-Mega-Y, M, shiny|263/297","|-weather|SunnyDay","|move|p1a: Aegislash|Swords Dance|p1a: Aegislash","|-boost|p1a: Aegislash|atk|2","|","|-weather|SunnyDay|[upkeep]","|-heal|p1a: Aegislash|249/324|[from] item: Leftovers","|turn|19","|","|-formechange|p1a: Aegislash|Aegislash-Blade","|move|p1a: Aegislash|Shadow Sneak|p2a: Poor And German","|-damage|p2a: Poor And German|62/297","|move|p2a: Poor And German|Flamethrower|p1a: Aegislash","|-supereffective|p1a: Aegislash","|-damage|p1a: Aegislash|0 fnt","|faint|p1a: Aegislash","|","|-weather|SunnyDay|[upkeep]","|","|switch|p1a: Jellicent|Jellicent, M|171/404","|-damage|p1a: Jellicent|121/404|[from] Stealth Rock","|turn|20","|","|move|p2a: Poor And German|Solar Beam|p1a: Jellicent|[still]","|-prepare|p2a: Poor And German|Solar Beam|p1a: Jellicent","|-anim|p2a: Poor And German|Solar Beam|p1a: Jellicent","|-supereffective|p1a: Jellicent","|-damage|p1a: Jellicent|0 fnt","|faint|p1a: Jellicent","|","|-weather|SunnyDay|[upkeep]","|","|switch|p1a: Trevenant|Trevenant, F|328/374","|-damage|p1a: Trevenant|282/374|[from] Stealth Rock","|turn|21","|","|move|p2a: Poor And German|Flamethrower|p1a: Trevenant","|-supereffective|p1a: Trevenant","|-damage|p1a: Trevenant|0 fnt","|faint|p1a: Trevenant","|","|win|BagelBeagle"],"p1rating":{"entryid":"190364","serverid":"eos","formatid":"monotype","userid":"whitston","username":"Whitston","w":"8","l":10,"t":"0","gxe":46.4,"r":"1500","rd":"130","sigma":"0","rptime":"1440061200","rpr":1472.0347722094,"rprd":72.89479286241,"rpsigma":"0","acre":1115.7705468832,"lacre":1115.7705468832,"oldacre":"1150.9997622744"},"p2rating":{"entryid":"162238","serverid":"eos","formatid":"monotype","userid":"bagelbeagle","username":"BagelBeagle","w":1,"l":"1","t":"0","gxe":50,"r":"1459.8393856612","rd":"122.8583080769","sigma":"0","rptime":"1440061200","rpr":1500.029275973,"rprd":116.84146468108,"rpsigma":"0","acre":1056.366744626,"lacre":1056.366744626,"oldacre":"1000"},"endType":"normal"}