{"seed":[33012,39375,54371,6501],"turns":32,"p1":"GTX♅Bzumzum","p2":"Inferno Sasuke","p1team":[{"name":"Elec","species":"manectric","item":"manectite","ability":"Lightning Rod","moves":["thunderbolt","hiddenpowerice","flamethrower","voltswitch"],"nature":"Timid","evs":{"hp":0,"atk":0,"def":0,"spa":252,"spd":4,"spe":252},"gender":"M","ivs":{"hp":31,"atk":30,"def":30,"spa":31,"spd":31,"spe":31}},{"name":"Breezer","species":"rotomfrost","item":"leftovers","ability":"Levitate","moves":["blizzard","painsplit","protect","willowisp"],"nature":"Bold","evs":{"hp":252,"atk":0,"def":28,"spa":228,"spd":0,"spe":0},"ivs":{"hp":31,"atk":31,"def":30,"spa":30,"spd":30,"spe":30},"shiny":true},{"name":"MY ZONE!!!","species":"magnezone","item":"choicespecs","ability":"Sturdy","moves":["hiddenpowerice","flashcannon","triattack","voltswitch"],"nature":"Timid","evs":{"hp":248,"atk":0,"def":0,"spa":252,"spd":0,"spe":8},"ivs":{"hp":31,"atk":30,"def":30,"spa":31,"spd":31,"spe":31},"shiny":true},{"name":"Thundurus","species":"Thundurus","item":"lifeorb","ability":"Prankster","moves":["grassknot","psychic","embargo","raindance"],"nature":"Timid","evs":{"hp":0,"atk":0,"def":4,"spa":252,"spd":0,"spe":252},"ivs":{"hp":31,"atk":30,"def":30,"spa":31,"spd":31,"spe":31},"shiny":true},{"name":"Zapz","species":"zapdos","item":"leftovers","ability":"Pressure","moves":["heatwave","roost","extrasensory","defog"],"nature":"Modest","evs":{"hp":252,"atk":0,"def":0,"spa":252,"spd":4,"spe":0},"shiny":true,"ivs":{"hp":31,"atk":31,"def":31,"spa":31,"spd":31,"spe":31}},{"name":"Plugg-in Failure","species":"electivire","item":"choicescarf","ability":"Vital Spirit","moves":["thunderpunch","earthquake","icepunch","rockslide"],"nature":"Jolly","evs":{"hp":0,"atk":252,"def":0,"spa":0,"spd":4,"spe":252},"gender":"M","shiny":true,"ivs":{"hp":31,"atk":31,"def":31,"spa":31,"spd":31,"spe":31}}],"p2team":[{"name":"lazy ass bubba","species":"hippowdon","item":"leftovers","ability":"Sand Stream","moves":["stealthrock","earthquake","whirlwind","slackoff"],"nature":"Careful","evs":{"hp":248,"atk":8,"def":0,"spa":0,"spd":252,"spe":0},"gender":"F","shiny":true,"ivs":{"hp":31,"atk":31,"def":31,"spa":31,"spd":31,"spe":31}},{"name":"wet and wild","species":"seismitoad","item":"assaultvest","ability":"Water Absorb","moves":["scald","earthpower","grassknot","sludgewave"],"nature":"Modest","evs":{"hp":100,"atk":0,"def":0,"spa":252,"spd":0,"spe":156},"gender":"M","shiny":true,"ivs":{"hp":31,"atk":31,"def":31,"spa":31,"spd":31,"spe":31}},{"name":"tuskonoir","species":"mamoswine","item":"lifeorb","ability":"Thick Fat","moves":["earthquake","iciclespear","iceshard","freezedry"],"nature":"Lonely","evs":{"hp":0,"atk":216,"def":0,"spa":40,"spd":0,"spe":252},"gender":"F","shiny":true,"ivs":{"hp":31,"atk":31,"def":31,"spa":31,"spd":31,"spe":31}},{"name":"implosion","species":"camerupt","item":"cameruptite","ability":"Magma Armor","moves":["fireblast","earthpower","rockslide","willowisp"],"nature":"Rash","evs":{"hp":168,"atk":0,"def":0,"spa":252,"spd":0,"spe":88},"gender":"M","shiny":true,"ivs":{"hp":31,"atk":31,"def":31,"spa":31,"spd":31,"spe":31}},{"name":"jaws of life","species":"excadrill","item":"choiceband","ability":"Sand Rush","moves":["earthquake","ironhead","rockslide","rapidspin"],"nature":"Jolly","evs":{"hp":0,"atk":252,"def":0,"spa":0,"spd":4,"spe":252},"gender":"M","shiny":true,"ivs":{"hp":31,"atk":31,"def":31,"spa":31,"spd":31,"spe":31}},{"name":"Landorus-Therian","species":"Landorus-Therian","item":"leftovers","ability":"Intimidate","moves":["swordsdance","rockpolish","earthquake","knockoff"],"nature":"Adamant","evs":{"hp":192,"atk":252,"def":4,"spa":0,"spd":0,"spe":60},"shiny":true,"ivs":{"hp":31,"atk":31,"def":31,"spa":31,"spd":31,"spe":31}}],"log":["|player|p1|GTX♅Bzumzum|225","|player|p2|Inferno Sasuke|infernosasuke.png","|gametype|singles","|gen|6","|tier|Monotype","|rated","|rule|Baton Pass Clause: Limit one Baton Passer, can't pass Spe and other stats simultaneously","|rule|Swagger Clause: Swagger is banned","|rule|Same Type Clause: Pokémon in a team must share a type","|clearpoke","|poke|p1|Manectric, M","|poke|p1|Rotom-Frost, shiny","|poke|p1|Magnezone, shiny","|poke|p1|Thundurus, M, shiny","|poke|p1|Zapdos, shiny","|poke|p1|Electivire, M, shiny","|poke|p2|Hippowdon, F, shiny","|poke|p2|Seismitoad, M, shiny","|poke|p2|Mamoswine, F, shiny","|poke|p2|Camerupt, M, shiny","|poke|p2|Excadrill, M, shiny","|poke|p2|Landorus-Therian, M, shiny","|rule|Sleep Clause Mod: Limit one foe put to sleep","|rule|Species Clause: Limit one of each Pokémon","|rule|OHKO Clause: OHKO moves are banned","|rule|Moody Clause: Moody is banned","|rule|Evasion Moves Clause: Evasion moves are banned","|rule|Endless Battle Clause: Forcing endless battles is banned","|rule|HP Percentage Mod: HP is shown in percentages","|teampreview","|","|start","|switch|p1a: Thundurus|Thundurus, M, shiny|299/299","|switch|p2a: implosion|Camerupt, M, shiny|323/323","|turn|1","|","|detailschange|p2a: implosion|Camerupt-Mega, M, shiny","|-mega|p2a: implosion|Camerupt|Cameruptite","|move|p1a: Thundurus|Rain Dance|p1a: Thundurus","|-weather|RainDance","|move|p2a: implosion|Rock Slide|p1a: Thundurus","|-supereffective|p1a: Thundurus","|-damage|p1a: Thundurus|59/299","|","|-weather|RainDance|[upkeep]","|turn|2","|","|switch|p1a: Breezer|Rotom-Frost, shiny|304/304","|move|p2a: implosion|Fire Blast|p1a: Breezer","|-supereffective|p1a: Breezer","|-damage|p1a: Breezer|26/304","|","|-weather|RainDance|[upkeep]","|-heal|p1a: Breezer|45/304|[from] item: Leftovers","|turn|3","|","|move|p1a: Breezer|Protect|p1a: Breezer","|-singleturn|p1a: Breezer|Protect","|move|p2a: implosion|Rock Slide|p1a: Breezer","|-activate|p1a: Breezer|Protect","|","|-weather|RainDance|[upkeep]","|-heal|p1a: Breezer|64/304|[from] item: Leftovers","|turn|4","|","|move|p1a: Breezer|Pain Split|p2a: implosion","|-sethp|p2a: implosion|193/323|p1a: Breezer|193/304|[from] move: Pain Split","|move|p2a: implosion|Rock Slide|p1a: Breezer","|-miss|p2a: implosion|p1a: Breezer","|","|-weather|RainDance|[upkeep]","|-heal|p1a: Breezer|212/304|[from] item: Leftovers","|turn|5","|","|move|p1a: Breezer|Protect|p1a: Breezer","|-singleturn|p1a: Breezer|Protect","|move|p2a: implosion|Fire Blast|p1a: Breezer","|-activate|p1a: Breezer|Protect","|","|-weather|none","|-heal|p1a: Breezer|231/304|[from] item: Leftovers","|turn|6","|","|switch|p1a: Zapz|Zapdos, shiny|384/384","|-ability|p1a: Zapz|Pressure","|move|p2a: implosion|Fire Blast|p1a: Zapz","|-damage|p1a: Zapz|74/384","|","|-heal|p1a: Zapz|98/384|[from] item: Leftovers","|turn|7","|","|move|p1a: Zapz|Roost|p1a: Zapz","|-heal|p1a: Zapz|290/384","|move|p2a: implosion|Rock Slide|p1a: Zapz","|-damage|p1a: Zapz|181/384","|","|-heal|p1a: Zapz|205/384|[from] item: Leftovers","|turn|8","|","|move|p1a: Zapz|Roost|p1a: Zapz","|-heal|p1a: Zapz|384/384","|move|p2a: implosion|Fire Blast|p1a: Zapz|[miss]","|-miss|p2a: implosion|p1a: Zapz","|","|turn|9","|","|move|p1a: Zapz|Extrasensory|p2a: implosion","|-damage|p2a: implosion|85/323","|move|p2a: implosion|Fire Blast|p1a: Zapz|[miss]","|-miss|p2a: implosion|p1a: Zapz","|","|turn|10","|","|switch|p1a: Breezer|Rotom-Frost, shiny|231/304","|move|p2a: implosion|Rock Slide|p1a: Breezer","|-supereffective|p1a: Breezer","|-damage|p1a: Breezer|89/304","|","|-heal|p1a: Breezer|108/304|[from] item: Leftovers","|turn|11","|","|move|p1a: Breezer|Protect|p1a: Breezer","|-singleturn|p1a: Breezer|Protect","|move|p2a: implosion|Rock Slide|p1a: Breezer","|-activate|p1a: Breezer|Protect","|","|-heal|p1a: Breezer|127/304|[from] item: Leftovers","|turn|12","|","|switch|p1a: Plugg-in Failure|Electivire, M, shiny|291/291","|move|p2a: implosion|Rock Slide|p1a: Plugg-in Failure","|-damage|p1a: Plugg-in Failure|165/291","|","|turn|13","|","|move|p1a: Plugg-in Failure|Ice Punch|p2a: implosion","|-damage|p2a: implosion|0 fnt","|faint|p2a: implosion","|","|","|switch|p2a: wet and wild|Seismitoad, M, shiny|376/376","|turn|14","|","|switch|p1a: Zapz|Zapdos, shiny|384/384","|-ability|p1a: Zapz|Pressure","|move|p2a: wet and wild|Scald|p1a: Zapz","|-damage|p1a: Zapz|248/384","|","|-heal|p1a: Zapz|272/384|[from] item: Leftovers","|turn|15","|","|move|p1a: Zapz|Extrasensory|p2a: wet and wild","|-damage|p2a: wet and wild|295/376","|move|p2a: wet and wild|Scald|p1a: Zapz","|-damage|p1a: Zapz|154/384","|-status|p1a: Zapz|brn","|","|-heal|p1a: Zapz|178/384 brn|[from] item: Leftovers","|-damage|p1a: Zapz|130/384 brn|[from] brn","|turn|16","|","|move|p1a: Zapz|Roost|p1a: Zapz","|-heal|p1a: Zapz|322/384 brn","|move|p2a: wet and wild|Scald|p1a: Zapz","|-damage|p1a: Zapz|189/384 brn","|","|-heal|p1a: Zapz|213/384 brn|[from] item: Leftovers","|-damage|p1a: Zapz|165/384 brn|[from] brn","|turn|17","|","|move|p1a: Zapz|Extrasensory|p2a: wet and wild","|-damage|p2a: wet and wild|215/376","|move|p2a: wet and wild|Sludge Wave|p1a: Zapz","|-damage|p1a: Zapz|61/384 brn","|","|-heal|p1a: Zapz|85/384 brn|[from] item: Leftovers","|-damage|p1a: Zapz|37/384 brn|[from] brn","|turn|18","|","|move|p1a: Zapz|Roost|p1a: Zapz","|-heal|p1a: Zapz|229/384 brn","|move|p2a: wet and wild|Sludge Wave|p1a: Zapz","|-damage|p1a: Zapz|123/384 brn","|","|-heal|p1a: Zapz|147/384 brn|[from] item: Leftovers","|-damage|p1a: Zapz|99/384 brn|[from] brn","|turn|19","|","|move|p1a: Zapz|Extrasensory|p2a: wet and wild","|-crit|p2a: wet and wild","|-damage|p2a: wet and wild|82/376","|move|p2a: wet and wild|Sludge Wave|p1a: Zapz","|-damage|p1a: Zapz|0 fnt","|faint|p1a: Zapz","|","|","|switch|p1a: Thundurus|Thundurus, M, shiny|59/299","|turn|20","|","|move|p1a: Thundurus|Grass Knot|p2a: wet and wild","|-supereffective|p2a: wet and wild","|-damage|p2a: wet and wild|0 fnt","|-damage|p1a: Thundurus|30/299|[from] item: Life Orb","|faint|p2a: wet and wild","|","|","|switch|p2a: jaws of life|Excadrill, M, shiny|361/361","|turn|21","|","|switch|p1a: MY ZONE!!!|Magnezone, shiny|343/343","|move|p2a: jaws of life|Rock Slide|p1a: MY ZONE!!!","|-resisted|p1a: MY ZONE!!!","|-damage|p1a: MY ZONE!!!|287/343","|","|turn|22","|","|switch|p2a: Landorus-Therian|Landorus-Therian, M, shiny|367/367","|-ability|p2a: Landorus-Therian|Intimidate","|-unboost|p1a: MY ZONE!!!|atk|1","|move|p1a: MY ZONE!!!|Tri Attack|p2a: Landorus-Therian","|-damage|p2a: Landorus-Therian|181/367","|","|-heal|p2a: Landorus-Therian|203/367|[from] item: Leftovers","|turn|23","|","|move|p2a: Landorus-Therian|Earthquake|p1a: MY ZONE!!!","|-supereffective|p1a: MY ZONE!!!","|-damage|p1a: MY ZONE!!!|0 fnt","|faint|p1a: MY ZONE!!!","|","|-heal|p2a: Landorus-Therian|225/367|[from] item: Leftovers","|","|switch|p1a: Plugg-in Failure|Electivire, M, shiny|165/291","|turn|24","|","|move|p1a: Plugg-in Failure|Ice Punch|p2a: Landorus-Therian","|-supereffective|p2a: Landorus-Therian","|-damage|p2a: Landorus-Therian|0 fnt","|faint|p2a: Landorus-Therian","|","|","|switch|p2a: lazy ass bubba|Hippowdon, F, shiny|419/419","|-weather|Sandstorm","|turn|25","|","|switch|p1a: Thundurus|Thundurus, M, shiny|30/299","|move|p2a: lazy ass bubba|Earthquake|p1a: Thundurus","|-immune|p1a: Thundurus|[msg]","|","|-weather|Sandstorm|[upkeep]","|-damage|p1a: Thundurus|12/299|[from] sandstorm","|turn|26","|","|move|p1a: Thundurus|Rain Dance|p1a: Thundurus","|-weather|RainDance","|move|p2a: lazy ass bubba|Earthquake|p1a: Thundurus","|-immune|p1a: Thundurus|[msg]","|","|-weather|RainDance|[upkeep]","|turn|27","|","|switch|p2a: tuskonoir|Mamoswine, F, shiny|361/361","|move|p1a: Thundurus|Grass Knot|p2a: tuskonoir","|-supereffective|p2a: tuskonoir","|-damage|p2a: tuskonoir|0 fnt","|-damage|p1a: Thundurus|0 fnt|[from] item: Life Orb","|faint|p2a: tuskonoir","|faint|p1a: Thundurus","|","|-weather|RainDance|[upkeep]","|","|switch|p2a: jaws of life|Excadrill, M, shiny|361/361","|switch|p1a: Breezer|Rotom-Frost, shiny|127/304","|turn|28","|","|move|p1a: Breezer|Protect|p1a: Breezer","|-singleturn|p1a: Breezer|Protect","|move|p2a: jaws of life|Rock Slide|p1a: Breezer","|-activate|p1a: Breezer|Protect","|","|-weather|RainDance|[upkeep]","|-heal|p1a: Breezer|146/304|[from] item: Leftovers","|turn|29","|","|move|p2a: jaws of life|Rock Slide|p1a: Breezer","|-supereffective|p1a: Breezer","|-damage|p1a: Breezer|0 fnt","|faint|p1a: Breezer","|","|-weather|RainDance|[upkeep]","|","|switch|p1a: Plugg-in Failure|Electivire, M, shiny|165/291","|turn|30","|","|move|p1a: Plugg-in Failure|Earthquake|p2a: jaws of life","|-supereffective|p2a: jaws of life","|-damage|p2a: jaws of life|7/361","|move|p2a: jaws of life|Rock Slide|p1a: Plugg-in Failure","|-damage|p1a: Plugg-in Failure|0 fnt","|faint|p1a: Plugg-in Failure","|","|-weather|none","|","|switch|p1a: Elec|Manectric, M|281/281","|turn|31","|","|detailschange|p1a: Elec|Manectric-Mega, M","|-mega|p1a: Elec|Manectric|Manectite","|-ability|p1a: Elec|Intimidate","|-unboost|p2a: jaws of life|atk|1","|move|p1a: Elec|Hidden Power|p2a: jaws of life","|-damage|p2a: jaws of life|0 fnt","|faint|p2a: jaws of life","|","|","|switch|p2a: lazy ass bubba|Hippowdon, F, shiny|419/419","|-weather|Sandstorm","|turn|32","|","|move|p1a: Elec|Hidden Power|p2a: lazy ass bubba","|-crit|p2a: lazy ass bubba","|-supereffective|p2a: lazy ass bubba","|-damage|p2a: lazy ass bubba|219/419","|move|p2a: lazy ass bubba|Earthquake|p1a: Elec","|-supereffective|p1a: Elec","|-damage|p1a: Elec|0 fnt","|faint|p1a: Elec","|","|win|Inferno Sasuke"],"p1rating":{"entryid":"1463","serverid":"eos","formatid":"monotype","userid":"gtxbzumzum","username":"GTX♅Bzumzum","w":"4","l":14,"t":"0","gxe":30.4,"r":"1355.6505630156","rd":"76.737788491511","sigma":"0","rptime":"1440061200","rpr":1340.3777808511,"rprd":75.052749563399,"rpsigma":"0","acre":1027.5606092284,"lacre":1027.5606092284,"oldacre":"1041.991634974"},"p2rating":{"entryid":"45674","serverid":"eos","formatid":"monotype","userid":"infernosasuke","username":"Inferno Sasuke","w":8,"l":"18","t":"0","gxe":36.7,"r":"1364.2441066198","rd":"85.565669206916","sigma":"0","rptime":"1440061200","rpr":1395.5077156203,"rprd":66.09037142767,"rpsigma":"0","acre":1106.5092345797,"lacre":1106.5092345797,"oldacre":"1081.9809225401"},"endType":"normal"}