{"seed":[6584,61644,55415,18746],"turns":29,"p1":"Whitston","p2":"Guard Wulf - ⒶⓌⒶⓎ","p1team":[{"name":"Shedinja","species":"Shedinja","item":"focussash","ability":"Wonder Guard","moves":["shadowsneak","xscissor","phantomforce","swordsdance"],"nature":"Adamant","evs":{"hp":0,"atk":252,"def":0,"spa":0,"spd":0,"spe":252},"ivs":{"hp":31,"atk":31,"def":31,"spa":31,"spd":31,"spe":31}},{"name":"Aegislash","species":"Aegislash","item":"leftovers","ability":"Stance Change","moves":["swordsdance","shadowsneak","sacredsword","kingsshield"],"nature":"Adamant","evs":{"hp":252,"atk":252,"def":0,"spa":0,"spd":0,"spe":0},"ivs":{"hp":31,"atk":31,"def":31,"spa":31,"spd":31,"spe":31}},{"name":"Chandelure","species":"Chandelure","item":"choicespecs","ability":"Flash Fire","moves":["flamethrower","shadowball","energyball","trick"],"nature":"Timid","evs":{"hp":0,"atk":0,"def":0,"spa":252,"spd":4,"spe":252},"ivs":{"hp":31,"atk":31,"def":31,"spa":31,"spd":31,"spe":31}},{"name":"Trevenant","species":"Trevenant","item":"sitrusberry","ability":"Natural Cure","moves":["substitute","hornleech","willowisp","leechseed"],"nature":"Careful","evs":{"hp":252,"atk":0,"def":4,"spa":0,"spd":252,"spe":0},"ivs":{"hp":31,"atk":31,"def":31,"spa":31,"spd":31,"spe":31}},{"name":"Jellicent","species":"Jellicent","item":"leftovers","ability":"Water Absorb","moves":["recover","scald","hex","confuseray"],"nature":"Calm","evs":{"hp":252,"atk":0,"def":252,"spa":0,"spd":4,"spe":0},"ivs":{"hp":31,"atk":31,"def":31,"spa":31,"spd":31,"spe":31}},{"name":"Sableye","species":"Sableye","item":"sablenite","ability":"Keen Eye","moves":["willowisp","recover","calmmind","foulplay"],"nature":"Impish","evs":{"hp":252,"atk":0,"def":0,"spa":0,"spd":252,"spe":0},"ivs":{"hp":31,"atk":31,"def":31,"spa":31,"spd":31,"spe":31}}],"p2team":[{"name":"Cobalion","species":"Cobalion","item":"leftovers","ability":"Justified","moves":["stealthrock","voltswitch","flashcannon","thunderwave"],"nature":"Bold","evs":{"hp":200,"atk":0,"def":252,"spa":8,"spd":0,"spe":48},"ivs":{"hp":31,"atk":31,"def":31,"spa":31,"spd":31,"spe":31}},{"name":"Gallade","species":"Gallade","item":"galladite","ability":"Justified","moves":["icepunch","closecombat","swordsdance","psychocut"],"nature":"Jolly","evs":{"hp":0,"atk":252,"def":0,"spa":0,"spd":4,"spe":252},"ivs":{"hp":31,"atk":31,"def":31,"spa":31,"spd":31,"spe":31}},{"name":"Scrafty","species":"Scrafty","item":"leftovers","ability":"Shed Skin","moves":["crunch","dragondance","poisonjab","drainpunch"],"nature":"Jolly","evs":{"hp":0,"atk":208,"def":0,"spa":0,"spd":48,"spe":252},"ivs":{"hp":31,"atk":31,"def":31,"spa":31,"spd":31,"spe":31}},{"name":"Keldeo","species":"Keldeo","item":"choicespecs","ability":"Justified","moves":["surf","hydropump","secretsword","icywind"],"nature":"Timid","evs":{"hp":0,"atk":0,"def":0,"spa":252,"spd":4,"spe":252},"ivs":{"hp":31,"atk":31,"def":31,"spa":31,"spd":31,"spe":31}},{"name":"Terrakion","species":"Terrakion","item":"choicescarf","ability":"Justified","moves":["earthquake","stoneedge","poisonjab","closecombat"],"nature":"Jolly","evs":{"hp":0,"atk":252,"def":0,"spa":0,"spd":4,"spe":252},"ivs":{"hp":31,"atk":31,"def":31,"spa":31,"spd":31,"spe":31}},{"name":"Hawlucha","species":"Hawlucha","item":"powerherb","ability":"Unburden","moves":["swordsdance","skyattack","acrobatics","highjumpkick"],"nature":"Jolly","evs":{"hp":0,"atk":252,"def":0,"spa":0,"spd":4,"spe":252},"ivs":{"hp":31,"atk":31,"def":31,"spa":31,"spd":31,"spe":31}}],"log":["|player|p1|Whitston|290","|player|p2|Guard Wulf - ⒶⓌⒶⓎ|143","|gametype|singles","|gen|6","|tier|Monotype","|rated","|rule|Baton Pass Clause: Limit one Baton Passer, can't pass Spe and other stats simultaneously","|rule|Swagger Clause: Swagger is banned","|rule|Same Type Clause: Pokémon in a team must share a type","|clearpoke","|poke|p1|Shedinja","|poke|p1|Aegislash, M","|poke|p1|Chandelure, M","|poke|p1|Trevenant, F","|poke|p1|Jellicent, F","|poke|p1|Sableye, F","|poke|p2|Cobalion","|poke|p2|Gallade, M","|poke|p2|Scrafty, M","|poke|p2|Keldeo","|poke|p2|Terrakion","|poke|p2|Hawlucha, F","|rule|Sleep Clause Mod: Limit one foe put to sleep","|rule|Species Clause: Limit one of each Pokémon","|rule|OHKO Clause: OHKO moves are banned","|rule|Moody Clause: Moody is banned","|rule|Evasion Moves Clause: Evasion moves are banned","|rule|Endless Battle Clause: Forcing endless battles is banned","|rule|HP Percentage Mod: HP is shown in percentages","|teampreview","|","|start","|switch|p1a: Shedinja|Shedinja|1/1","|switch|p2a: Cobalion|Cobalion|373/373","|turn|1","|","|move|p2a: Cobalion|Stealth Rock|p1a: Shedinja","|-sidestart|p1: Whitston|move: Stealth Rock","|move|p1a: Shedinja|Swords Dance|p1a: Shedinja","|-boost|p1a: Shedinja|atk|2","|","|turn|2","|","|switch|p2a: Scrafty|Scrafty, M|271/271","|move|p1a: Shedinja|Phantom Force|p2a: Scrafty|[still]","|-prepare|p1a: Shedinja|Phantom Force|p2a: Scrafty","|","|turn|3","|","|move|p2a: Scrafty|Dragon Dance|p2a: Scrafty","|-boost|p2a: Scrafty|atk|1","|-boost|p2a: Scrafty|spe|1","|move|p1a: Shedinja|Phantom Force|p2a: Scrafty|[from]lockedmove","|-resisted|p2a: Scrafty","|-damage|p2a: Scrafty|148/271","|","|-heal|p2a: Scrafty|164/271|[from] item: Leftovers","|turn|4","|","|move|p2a: Scrafty|Crunch|p1a: Shedinja","|-supereffective|p1a: Shedinja","|-enditem|p1a: Shedinja|Focus Sash","|-damage|p1a: Shedinja|1/1","|move|p1a: Shedinja|X-Scissor|p2a: Scrafty","|-damage|p2a: Scrafty|0 fnt","|faint|p2a: Scrafty","|","|","|switch|p2a: Terrakion|Terrakion|323/323","|turn|5","|","|move|p1a: Shedinja|Shadow Sneak|p2a: Terrakion","|-damage|p2a: Terrakion|196/323","|move|p2a: Terrakion|Stone Edge|p1a: Shedinja|[miss]","|-miss|p2a: Terrakion|p1a: Shedinja","|","|turn|6","|","|move|p1a: Shedinja|Shadow Sneak|p2a: Terrakion","|-damage|p2a: Terrakion|64/323","|move|p2a: Terrakion|Stone Edge|p1a: Shedinja","|-supereffective|p1a: Shedinja","|-damage|p1a: Shedinja|0 fnt","|faint|p1a: Shedinja","|","|","|switch|p1a: Trevenant|Trevenant, F|374/374","|-damage|p1a: Trevenant|328/374|[from] Stealth Rock","|turn|7","|","|switch|p2a: Cobalion|Cobalion|373/373","|move|p1a: Trevenant|Horn Leech|p2a: Cobalion","|-resisted|p2a: Cobalion","|-damage|p2a: Cobalion|341/373","|-heal|p1a: Trevenant|344/374|[from] drain|[of] p2a: Cobalion","|","|-heal|p2a: Cobalion|364/373|[from] item: Leftovers","|turn|8","|","|move|p2a: Cobalion|Flash Cannon|p1a: Trevenant","|-damage|p1a: Trevenant|272/374","|move|p1a: Trevenant|Will-O-Wisp|p2a: Cobalion|[miss]","|-miss|p1a: Trevenant|p2a: Cobalion","|","|-heal|p2a: Cobalion|373/373|[from] item: Leftovers","|turn|9","|","|move|p2a: Cobalion|Flash Cannon|p1a: Trevenant","|-damage|p1a: Trevenant|205/374","|move|p1a: Trevenant|Will-O-Wisp|p2a: Cobalion","|-status|p2a: Cobalion|brn","|","|-damage|p2a: Cobalion|327/373 brn|[from] brn","|turn|10","|","|move|p2a: Cobalion|Volt Switch|p1a: Trevenant","|-resisted|p1a: Trevenant","|-damage|p1a: Trevenant|183/374","|-enditem|p1a: Trevenant|Sitrus Berry|[eat]","|-heal|p1a: Trevenant|276/374|[from] item: Sitrus Berry","|","|switch|p2a: Hawlucha|Hawlucha, F|297/297","|move|p1a: Trevenant|Horn Leech|p2a: Hawlucha","|-resisted|p2a: Hawlucha","|-damage|p2a: Hawlucha|235/297","|-heal|p1a: Trevenant|307/374|[from] drain|[of] p2a: Hawlucha","|","|turn|11","|","|switch|p1a: Aegislash|Aegislash, M|324/324","|-damage|p1a: Aegislash|304/324|[from] Stealth Rock","|move|p2a: Hawlucha|Sky Attack|p1a: Aegislash|[still]","|-prepare|p2a: Hawlucha|Sky Attack|p1a: Aegislash","|-enditem|p2a: Hawlucha|Power Herb","|-anim|p2a: Hawlucha|Sky Attack|p1a: Aegislash","|-resisted|p1a: Aegislash","|-damage|p1a: Aegislash|229/324","|","|-heal|p1a: Aegislash|249/324|[from] item: Leftovers","|turn|12","|","|switch|p2a: Cobalion|Cobalion|327/373 brn","|move|p1a: Aegislash|Swords Dance|p1a: Aegislash","|-boost|p1a: Aegislash|atk|2","|","|-heal|p2a: Cobalion|350/373 brn|[from] item: Leftovers","|-heal|p1a: Aegislash|269/324|[from] item: Leftovers","|-damage|p2a: Cobalion|304/373 brn|[from] brn","|turn|13","|","|move|p2a: Cobalion|Thunder Wave|p1a: Aegislash","|-status|p1a: Aegislash|par","|-formechange|p1a: Aegislash|Aegislash-Blade","|move|p1a: Aegislash|Sacred Sword|p2a: Cobalion","|-supereffective|p2a: Cobalion","|-damage|p2a: Cobalion|0 fnt","|faint|p2a: Cobalion","|","|-heal|p1a: Aegislash|289/324 par|[from] item: Leftovers","|","|switch|p2a: Keldeo|Keldeo|323/323","|turn|14","|","|move|p2a: Keldeo|Surf|p1a: Aegislash","|-damage|p1a: Aegislash|0 fnt","|faint|p1a: Aegislash","|","|","|switch|p1a: Chandelure|Chandelure, M|261/261","|-damage|p1a: Chandelure|196/261|[from] Stealth Rock","|turn|15","|","|switch|p1a: Jellicent|Jellicent, F|404/404","|-damage|p1a: Jellicent|354/404|[from] Stealth Rock","|move|p2a: Keldeo|Surf|p1a: Jellicent","|-heal|p1a: Jellicent|404/404|[from] ability: Water Absorb|[of] p2a: Keldeo","|","|turn|16","|","|switch|p2a: Gallade|Gallade, M|277/277","|move|p1a: Jellicent|Confuse Ray|p2a: Gallade","|-start|p2a: Gallade|confusion","|","|turn|17","|","|detailschange|p2a: Gallade|Gallade-Mega, M","|-mega|p2a: Gallade|Gallade|Galladite","|-activate|p2a: Gallade|confusion","|-damage|p2a: Gallade|215/277|[from] confusion","|move|p1a: Jellicent|Scald|p2a: Gallade","|-damage|p2a: Gallade|137/277","|","|turn|18","|","|-end|p2a: Gallade|confusion","|move|p2a: Gallade|Swords Dance|p2a: Gallade","|-boost|p2a: Gallade|atk|2","|move|p1a: Jellicent|Hex|p2a: Gallade","|-supereffective|p2a: Gallade","|-damage|p2a: Gallade|11/277","|","|turn|19","|","|move|p2a: Gallade|Psycho Cut|p1a: Jellicent","|-damage|p1a: Jellicent|121/404","|move|p1a: Jellicent|Hex|p2a: Gallade","|-supereffective|p2a: Gallade","|-damage|p2a: Gallade|0 fnt","|faint|p2a: Gallade","|","|-heal|p1a: Jellicent|146/404|[from] item: Leftovers","|","|switch|p2a: Hawlucha|Hawlucha, F|235/297","|turn|20","|","|move|p2a: Hawlucha|Acrobatics|p1a: Jellicent","|-damage|p1a: Jellicent|0 fnt","|faint|p1a: Jellicent","|","|","|switch|p1a: Sableye|Sableye, F|304/304","|-damage|p1a: Sableye|266/304|[from] Stealth Rock","|turn|21","|","|move|p2a: Hawlucha|Swords Dance|p2a: Hawlucha","|-boost|p2a: Hawlucha|atk|2","|move|p1a: Sableye|Will-O-Wisp|p2a: Hawlucha","|-status|p2a: Hawlucha|brn","|","|-damage|p2a: Hawlucha|198/297 brn|[from] brn","|turn|22","|","|detailschange|p1a: Sableye|Sableye-Mega, F","|-mega|p1a: Sableye|Sableye|Sablenite","|move|p2a: Hawlucha|Acrobatics|p1a: Sableye","|-damage|p1a: Sableye|152/304","|move|p1a: Sableye|Foul Play|p2a: Hawlucha","|-resisted|p2a: Hawlucha","|-damage|p2a: Hawlucha|39/297 brn","|","|-damage|p2a: Hawlucha|2/297 brn|[from] brn","|turn|23","|","|move|p2a: Hawlucha|Acrobatics|p1a: Sableye","|-damage|p1a: Sableye|26/304","|move|p1a: Sableye|Recover|p1a: Sableye","|-heal|p1a: Sableye|178/304","|","|-damage|p2a: Hawlucha|0 fnt|[from] brn","|faint|p2a: Hawlucha","|","|switch|p2a: Keldeo|Keldeo|323/323","|turn|24","|","|move|p2a: Keldeo|Surf|p1a: Sableye","|-damage|p1a: Sableye|0 fnt","|faint|p1a: Sableye","|","|","|switch|p1a: Trevenant|Trevenant, F|307/374","|-damage|p1a: Trevenant|261/374|[from] Stealth Rock","|turn|25","|","|switch|p2a: Terrakion|Terrakion|64/323","|move|p1a: Trevenant|Horn Leech|p2a: Terrakion","|-supereffective|p2a: Terrakion","|-damage|p2a: Terrakion|0 fnt","|-heal|p1a: Trevenant|293/374|[from] drain|[of] p2a: Terrakion","|faint|p2a: Terrakion","|","|","|switch|p2a: Keldeo|Keldeo|323/323","|turn|26","|","|switch|p1a: Chandelure|Chandelure, M|196/261","|-damage|p1a: Chandelure|131/261|[from] Stealth Rock","|move|p2a: Keldeo|Icy Wind|p1a: Chandelure","|-crit|p1a: Chandelure","|-resisted|p1a: Chandelure","|-damage|p1a: Chandelure|50/261","|-unboost|p1a: Chandelure|spe|1","|","|turn|27","|","|move|p2a: Keldeo|Icy Wind|p1a: Chandelure","|-resisted|p1a: Chandelure","|-damage|p1a: Chandelure|0 fnt","|faint|p1a: Chandelure","|","|","|switch|p1a: Trevenant|Trevenant, F|293/374","|-damage|p1a: Trevenant|247/374|[from] Stealth Rock","|turn|28","|","|move|p2a: Keldeo|Icy Wind|p1a: Trevenant","|-supereffective|p1a: Trevenant","|-damage|p1a: Trevenant|77/374","|-unboost|p1a: Trevenant|spe|1","|move|p1a: Trevenant|Horn Leech|p2a: Keldeo","|-supereffective|p2a: Keldeo","|-damage|p2a: Keldeo|105/323","|-heal|p1a: Trevenant|186/374|[from] drain|[of] p2a: Keldeo","|","|turn|29","|","|move|p2a: Keldeo|Icy Wind|p1a: Trevenant","|-supereffective|p1a: Trevenant","|-damage|p1a: Trevenant|24/374","|-unboost|p1a: Trevenant|spe|1","|move|p1a: Trevenant|Horn Leech|p2a: Keldeo","|-supereffective|p2a: Keldeo","|-damage|p2a: Keldeo|0 fnt","|-heal|p1a: Trevenant|77/374|[from] drain|[of] p2a: Keldeo","|faint|p2a: Keldeo","|","|win|Whitston"],"p1rating":{"entryid":"190364","serverid":"eos","formatid":"monotype","userid":"whitston","username":"Whitston","w":6,"l":"8","t":"0","gxe":46.2,"r":"1500","rd":"130","sigma":"0","rptime":"1440061200","rpr":1470.8908987933,"rprd":79.306706635731,"rpsigma":"0","acre":1138.8863286098,"lacre":1138.8863286098,"oldacre":"1108.0746077316"},"p2rating":{"entryid":"152473","serverid":"eos","formatid":"monotype","userid":"guardwulf","username":"Guard Wulf","w":"13","l":6,"t":"0","gxe":59.3,"r":"1530.0091417388","rd":"83.32711138282","sigma":"0","rptime":"1440061200","rpr":1572.6960992459,"rprd":72.492158650923,"rpsigma":"0","acre":1159.5348579184,"lacre":1159.5348579184,"oldacre":"1190.3465787966"},"endType":"normal"}