{"seed":[35078,55517,40177,35528],"turns":27,"p1":"key7","p2":"Inferno DPX","p1team":[{"name":"Aggron","species":"Aggron","item":"lifeorb","ability":"Rock Head","moves":["rockpolish","headsmash","ironhead","earthquake"],"nature":"Adamant","evs":{"hp":0,"atk":252,"def":0,"spa":0,"spd":4,"spe":252},"ivs":{"hp":31,"atk":31,"def":31,"spa":31,"spd":31,"spe":31}},{"name":"Scizor","species":"Scizor","item":"scizorite","ability":"Technician","moves":["swordsdance","xscissor","bulletpunch","roost"],"nature":"Adamant","evs":{"hp":248,"atk":252,"def":0,"spa":0,"spd":8,"spe":0},"ivs":{"hp":31,"atk":31,"def":31,"spa":31,"spd":31,"spe":31}},{"name":"Lucario","species":"Lucario","item":"focussash","ability":"Inner Focus","moves":["nastyplot","aurasphere","flashcannon","vacuumwave"],"nature":"Timid","evs":{"hp":0,"atk":0,"def":0,"spa":252,"spd":4,"spe":252},"ivs":{"hp":31,"atk":31,"def":31,"spa":31,"spd":31,"spe":31}},{"name":"Heatran","species":"Heatran","item":"airballoon","ability":"Flash Fire","moves":["fireblast","flashcannon","earthpower","protect"],"nature":"Modest","evs":{"hp":240,"atk":0,"def":0,"spa":252,"spd":8,"spe":8},"ivs":{"hp":31,"atk":31,"def":31,"spa":31,"spd":31,"spe":31}},{"name":"Skarmory","species":"Skarmory","item":"leftovers","ability":"Sturdy","moves":["spikes","toxic","protect","bravebird"],"nature":"Impish","evs":{"hp":252,"atk":0,"def":232,"spa":0,"spd":0,"spe":24},"ivs":{"hp":31,"atk":31,"def":31,"spa":31,"spd":31,"spe":31}},{"name":"Registeel","species":"Registeel","item":"leftovers","ability":"Clear Body","moves":["stealthrock","protect","toxic","seismictoss"],"nature":"Calm","evs":{"hp":252,"atk":0,"def":4,"spa":0,"spd":252,"spe":0},"ivs":{"hp":31,"atk":31,"def":31,"spa":31,"spd":31,"spe":31}}],"p2team":[{"name":"Charizard","species":"Charizard","item":"charizarditex","ability":"Blaze","moves":["dragondance","dragonclaw","firepunch","earthquake"],"nature":"Adamant","evs":{"hp":0,"atk":252,"def":0,"spa":0,"spd":4,"spe":252},"ivs":{"hp":31,"atk":31,"def":31,"spa":31,"spd":31,"spe":31}},{"name":"Chandelure","species":"Chandelure","item":"choicescarf","ability":"Infiltrator","moves":["shadowball","energyball","flamethrower","psychic"],"nature":"Timid","evs":{"hp":0,"atk":0,"def":0,"spa":252,"spd":4,"spe":252},"ivs":{"hp":31,"atk":31,"def":31,"spa":31,"spd":31,"spe":31}},{"name":"Arcanine","species":"Arcanine","item":"lifeorb","ability":"Intimidate","moves":["crunch","closecombat","extremespeed","firefang"],"nature":"Jolly","evs":{"hp":0,"atk":252,"def":0,"spa":0,"spd":4,"spe":252},"ivs":{"hp":31,"atk":31,"def":31,"spa":31,"spd":31,"spe":31}},{"name":"Rotom-Heat","species":"Rotom-Heat","item":"leftovers","ability":"Levitate","moves":["willowisp","confuseray","voltswitch","hiddenpowerfire"],"nature":"Calm","evs":{"hp":252,"atk":0,"def":0,"spa":4,"spd":252,"spe":0},"ivs":{"hp":31,"atk":30,"def":31,"spa":30,"spd":31,"spe":30}},{"name":"Darmanitan","species":"Darmanitan","item":"lifeorb","ability":"Sheer Force","moves":["earthquake","firepunch","stoneedge","zenheadbutt"],"nature":"Jolly","evs":{"hp":0,"atk":252,"def":0,"spa":0,"spd":4,"spe":252},"ivs":{"hp":31,"atk":31,"def":31,"spa":31,"spd":31,"spe":31}},{"name":"Torkoal","species":"Torkoal","item":"leftovers","ability":"White Smoke","moves":["clearsmog","rapidspin","stealthrock","flamethrower"],"nature":"Modest","evs":{"hp":252,"atk":0,"def":0,"spa":252,"spd":4,"spe":0},"ivs":{"hp":31,"atk":31,"def":31,"spa":31,"spd":31,"spe":31}}],"log":["|player|p1|key7|key7.png","|player|p2|Inferno DPX|80","|gametype|singles","|gen|6","|tier|Monotype","|rated","|rule|Baton Pass Clause: Limit one Baton Passer, can't pass Spe and other stats simultaneously","|rule|Swagger Clause: Swagger is banned","|rule|Same Type Clause: Pokémon in a team must share a type","|clearpoke","|poke|p1|Aggron, M","|poke|p1|Scizor, M","|poke|p1|Lucario, F","|poke|p1|Heatran, M","|poke|p1|Skarmory, F","|poke|p1|Registeel","|poke|p2|Charizard, M","|poke|p2|Chandelure, F","|poke|p2|Arcanine, M","|poke|p2|Rotom-Heat","|poke|p2|Darmanitan, F","|poke|p2|Torkoal, F","|rule|Sleep Clause Mod: Limit one foe put to sleep","|rule|Species Clause: Limit one of each Pokémon","|rule|OHKO Clause: OHKO moves are banned","|rule|Moody Clause: Moody is banned","|rule|Evasion Moves Clause: Evasion moves are banned","|rule|Endless Battle Clause: Forcing endless battles is banned","|rule|HP Percentage Mod: HP is shown in percentages","|teampreview","|","|start","|switch|p1a: Registeel|Registeel|364/364","|switch|p2a: Torkoal|Torkoal, F|344/344","|turn|1","|","|move|p1a: Registeel|Toxic|p2a: Torkoal","|-status|p2a: Torkoal|tox","|move|p2a: Torkoal|Stealth Rock|p1a: Registeel","|-sidestart|p1: key7|move: Stealth Rock","|","|-damage|p2a: Torkoal|323/344 tox|[from] psn","|turn|2","|","|switch|p2a: Rotom-Heat|Rotom-Heat|304/304","|move|p1a: Registeel|Seismic Toss|p2a: Rotom-Heat","|-damage|p2a: Rotom-Heat|204/304","|","|-heal|p2a: Rotom-Heat|223/304|[from] item: Leftovers","|turn|3","|","|move|p2a: Rotom-Heat|Confuse Ray|p1a: Registeel","|-start|p1a: Registeel|confusion","|-activate|p1a: Registeel|confusion","|-damage|p1a: Registeel|348/364|[from] confusion","|","|-heal|p2a: Rotom-Heat|242/304|[from] item: Leftovers","|-heal|p1a: Registeel|364/364|[from] item: Leftovers","|turn|4","|","|move|p2a: Rotom-Heat|Will-O-Wisp|p1a: Registeel","|-status|p1a: Registeel|brn","|-activate|p1a: Registeel|confusion","|-damage|p1a: Registeel|357/364 brn|[from] confusion","|","|-heal|p2a: Rotom-Heat|261/304|[from] item: Leftovers","|-heal|p1a: Registeel|364/364 brn|[from] item: Leftovers","|-damage|p1a: Registeel|319/364 brn|[from] brn","|turn|5","|","|move|p2a: Rotom-Heat|Volt Switch|p1a: Registeel","|-damage|p1a: Registeel|276/364 brn","|","|switch|p2a: Charizard|Charizard, M|297/297","|-activate|p1a: Registeel|confusion","|move|p1a: Registeel|Stealth Rock|p2a: Charizard","|-sidestart|p2: Inferno DPX|move: Stealth Rock","|","|-heal|p1a: Registeel|298/364 brn|[from] item: Leftovers","|-damage|p1a: Registeel|253/364 brn|[from] brn","|turn|6","|","|move|p2a: Charizard|Dragon Dance|p2a: Charizard","|-boost|p2a: Charizard|atk|1","|-boost|p2a: Charizard|spe|1","|-end|p1a: Registeel|confusion","|move|p1a: Registeel|Toxic|p2a: Charizard","|-status|p2a: Charizard|tox","|","|-heal|p1a: Registeel|275/364 brn|[from] item: Leftovers","|-damage|p2a: Charizard|279/297 tox|[from] psn","|-damage|p1a: Registeel|230/364 brn|[from] brn","|turn|7","|","|move|p1a: Registeel|Protect|p1a: Registeel","|-singleturn|p1a: Registeel|Protect","|move|p2a: Charizard|Dragon Dance|p2a: Charizard","|-boost|p2a: Charizard|atk|1","|-boost|p2a: Charizard|spe|1","|","|-heal|p1a: Registeel|252/364 brn|[from] item: Leftovers","|-damage|p2a: Charizard|243/297 tox|[from] psn","|-damage|p1a: Registeel|207/364 brn|[from] brn","|turn|8","|","|switch|p1a: Heatran|Heatran, M|383/383","|-damage|p1a: Heatran|336/383|[from] Stealth Rock","|-item|p1a: Heatran|Air Balloon","|detailschange|p2a: Charizard|Charizard-Mega-X, M","|-mega|p2a: Charizard|Charizard|Charizardite X","|move|p2a: Charizard|Earthquake|p1a: Heatran","|-immune|p1a: Heatran|[msg]","|","|-damage|p2a: Charizard|189/297 tox|[from] psn","|turn|9","|","|move|p1a: Heatran|Protect|p1a: Heatran","|-singleturn|p1a: Heatran|Protect","|move|p2a: Charizard|Dragon Claw|p1a: Heatran","|-activate|p1a: Heatran|Protect","|","|-damage|p2a: Charizard|117/297 tox|[from] psn","|turn|10","|","|switch|p1a: Registeel|Registeel|207/364 brn","|-damage|p1a: Registeel|185/364 brn|[from] Stealth Rock","|move|p2a: Charizard|Dragon Claw|p1a: Registeel","|-resisted|p1a: Registeel","|-damage|p1a: Registeel|38/364 brn","|","|-heal|p1a: Registeel|60/364 brn|[from] item: Leftovers","|-damage|p2a: Charizard|27/297 tox|[from] psn","|-damage|p1a: Registeel|15/364 brn|[from] brn","|turn|11","|","|move|p2a: Charizard|Fire Punch|p1a: Registeel","|-supereffective|p1a: Registeel","|-damage|p1a: Registeel|0 fnt","|faint|p1a: Registeel","|","|-damage|p2a: Charizard|0 fnt|[from] psn","|faint|p2a: Charizard","|","|switch|p1a: Heatran|Heatran, M|336/383","|switch|p2a: Torkoal|Torkoal, F|323/344 tox","|-damage|p1a: Heatran|289/383|[from] Stealth Rock","|-item|p1a: Heatran|Air Balloon","|-damage|p2a: Torkoal|237/344 tox|[from] Stealth Rock","|turn|12","|","|move|p1a: Heatran|Earth Power|p2a: Torkoal","|-supereffective|p2a: Torkoal","|-damage|p2a: Torkoal|0 fnt","|faint|p2a: Torkoal","|","|","|switch|p2a: Rotom-Heat|Rotom-Heat|261/304","|-damage|p2a: Rotom-Heat|185/304|[from] Stealth Rock","|turn|13","|","|switch|p1a: Skarmory|Skarmory, F|334/334","|-damage|p1a: Skarmory|293/334|[from] Stealth Rock","|move|p2a: Rotom-Heat|Confuse Ray|p1a: Skarmory","|-start|p1a: Skarmory|confusion","|","|-heal|p2a: Rotom-Heat|204/304|[from] item: Leftovers","|-heal|p1a: Skarmory|313/334|[from] item: Leftovers","|turn|14","|","|-activate|p1a: Skarmory|confusion","|-damage|p1a: Skarmory|295/334|[from] confusion","|move|p2a: Rotom-Heat|Will-O-Wisp|p1a: Skarmory|[miss]","|-miss|p2a: Rotom-Heat|p1a: Skarmory","|","|-heal|p2a: Rotom-Heat|223/304|[from] item: Leftovers","|-heal|p1a: Skarmory|315/334|[from] item: Leftovers","|turn|15","|","|-activate|p1a: Skarmory|confusion","|move|p1a: Skarmory|Protect|p1a: Skarmory","|-singleturn|p1a: Skarmory|Protect","|move|p2a: Rotom-Heat|Hidden Power|p1a: Skarmory","|-activate|p1a: Skarmory|Protect","|","|-heal|p2a: Rotom-Heat|242/304|[from] item: Leftovers","|-heal|p1a: Skarmory|334/334|[from] item: Leftovers","|turn|16","|","|move|p2a: Rotom-Heat|Will-O-Wisp|p1a: Skarmory","|-status|p1a: Skarmory|brn","|-activate|p1a: Skarmory|confusion","|move|p1a: Skarmory|Spikes|p2a: Rotom-Heat","|-sidestart|p2: Inferno DPX|Spikes","|","|-heal|p2a: Rotom-Heat|261/304|[from] item: Leftovers","|-damage|p1a: Skarmory|293/334 brn|[from] brn","|turn|17","|","|move|p2a: Rotom-Heat|Hidden Power|p1a: Skarmory","|-supereffective|p1a: Skarmory","|-damage|p1a: Skarmory|111/334 brn","|-end|p1a: Skarmory|confusion","|move|p1a: Skarmory|Spikes|p2a: Rotom-Heat","|-sidestart|p2: Inferno DPX|Spikes","|","|-heal|p2a: Rotom-Heat|280/304|[from] item: Leftovers","|-heal|p1a: Skarmory|131/334 brn|[from] item: Leftovers","|-damage|p1a: Skarmory|90/334 brn|[from] brn","|turn|18","|","|move|p2a: Rotom-Heat|Volt Switch|p1a: Skarmory","|-supereffective|p1a: Skarmory","|-damage|p1a: Skarmory|0 fnt","|faint|p1a: Skarmory","|","|switch|p2a: Darmanitan|Darmanitan, F|351/351","|-damage|p2a: Darmanitan|264/351|[from] Stealth Rock","|-damage|p2a: Darmanitan|206/351|[from] Spikes","|","|","|switch|p1a: Heatran|Heatran, M|289/383","|-damage|p1a: Heatran|242/383|[from] Stealth Rock","|-item|p1a: Heatran|Air Balloon","|turn|19","|","|move|p1a: Heatran|Protect|p1a: Heatran","|-singleturn|p1a: Heatran|Protect","|move|p2a: Darmanitan|Stone Edge|p1a: Heatran","|-activate|p1a: Heatran|Protect","|","|turn|20","|","|move|p2a: Darmanitan|Stone Edge|p1a: Heatran|[miss]","|-miss|p2a: Darmanitan|p1a: Heatran","|move|p1a: Heatran|Earth Power|p2a: Darmanitan","|-supereffective|p2a: Darmanitan","|-damage|p2a: Darmanitan|0 fnt","|faint|p2a: Darmanitan","|","|","|switch|p2a: Chandelure|Chandelure, F|261/261","|-damage|p2a: Chandelure|218/261|[from] Spikes","|-damage|p2a: Chandelure|153/261|[from] Stealth Rock","|turn|21","|","|move|p2a: Chandelure|Shadow Ball|p1a: Heatran","|-damage|p1a: Heatran|95/383","|-enditem|p1a: Heatran|Air Balloon","|move|p1a: Heatran|Earth Power|p2a: Chandelure","|-supereffective|p2a: Chandelure","|-damage|p2a: Chandelure|0 fnt","|faint|p2a: Chandelure","|","|","|switch|p2a: Arcanine|Arcanine, M|321/321","|-damage|p2a: Arcanine|268/321|[from] Spikes","|-damage|p2a: Arcanine|188/321|[from] Stealth Rock","|-ability|p2a: Arcanine|Intimidate","|-unboost|p1a: Heatran|atk|1","|turn|22","|","|move|p2a: Arcanine|Close Combat|p1a: Heatran","|-supereffective|p1a: Heatran","|-damage|p1a: Heatran|0 fnt","|-unboost|p2a: Arcanine|def|1","|-unboost|p2a: Arcanine|spd|1","|-damage|p2a: Arcanine|156/321|[from] item: Life Orb","|faint|p1a: Heatran","|","|","|switch|p1a: Scizor|Scizor, M|343/343","|-damage|p1a: Scizor|301/343|[from] Stealth Rock","|turn|23","|","|detailschange|p1a: Scizor|Scizor-Mega, M","|-mega|p1a: Scizor|Scizor|Scizorite","|move|p1a: Scizor|Bullet Punch|p2a: Arcanine","|-resisted|p2a: Arcanine","|-damage|p2a: Arcanine|33/321","|move|p2a: Arcanine|Fire Fang|p1a: Scizor","|-supereffective|p1a: Scizor","|-damage|p1a: Scizor|0 fnt","|-damage|p2a: Arcanine|1/321|[from] item: Life Orb","|faint|p1a: Scizor","|","|","|switch|p1a: Lucario|Lucario, F|281/281","|-damage|p1a: Lucario|273/281|[from] Stealth Rock","|turn|24","|","|move|p2a: Arcanine|Extreme Speed|p1a: Lucario","|-resisted|p1a: Lucario","|-damage|p1a: Lucario|203/281","|-damage|p2a: Arcanine|0 fnt|[from] item: Life Orb","|faint|p2a: Arcanine","|move|p1a: Lucario|Vacuum Wave|p2: Arcanine|[notarget]","|-notarget","|","|","|switch|p2a: Rotom-Heat|Rotom-Heat|280/304","|-damage|p2a: Rotom-Heat|204/304|[from] Stealth Rock","|turn|25","|","|move|p1a: Lucario|Aura Sphere|p2a: Rotom-Heat","|-damage|p2a: Rotom-Heat|111/304","|move|p2a: Rotom-Heat|Will-O-Wisp|p1a: Lucario","|-status|p1a: Lucario|brn","|","|-heal|p2a: Rotom-Heat|130/304|[from] item: Leftovers","|-damage|p1a: Lucario|168/281 brn|[from] brn","|turn|26","|","|move|p1a: Lucario|Aura Sphere|p2a: Rotom-Heat","|-damage|p2a: Rotom-Heat|46/304","|move|p2a: Rotom-Heat|Hidden Power|p1a: Lucario","|-supereffective|p1a: Lucario","|-damage|p1a: Lucario|0 fnt","|faint|p1a: Lucario","|","|-heal|p2a: Rotom-Heat|65/304|[from] item: Leftovers","|","|switch|p1a: Aggron|Aggron, M|281/281","|-damage|p1a: Aggron|264/281|[from] Stealth Rock","|turn|27","|","|move|p2a: Rotom-Heat|Hidden Power|p1a: Aggron","|-damage|p1a: Aggron|153/281","|move|p1a: Aggron|Head Smash|p2a: Rotom-Heat","|-supereffective|p2a: Rotom-Heat","|-damage|p2a: Rotom-Heat|0 fnt","|-damage|p1a: Aggron|125/281|[from] item: Life Orb","|faint|p2a: Rotom-Heat","|","|win|key7"],"p1rating":{"entryid":"188976","serverid":"eos","formatid":"monotype","userid":"key7","username":"key7","w":6,"l":"1","t":"0","gxe":66.9,"r":"1500","rd":"130","sigma":"0","rptime":"1440061200","rpr":1637.2870832457,"rprd":96.793500738447,"rpsigma":"0","acre":1173.7126355637,"lacre":1173.7126355637,"oldacre":"1159.4425743453"},"p2rating":{"entryid":"190539","serverid":"eos","formatid":"monotype","userid":"infernodpx","username":"Inferno DPX","w":"0","l":2,"t":"0","gxe":41,"r":"1500","rd":"130","sigma":"0","rptime":"1440061200","rpr":1427.4328741711,"rprd":116.77753930647,"rpsigma":"0","acre":1000,"lacre":1000,"oldacre":"1000"},"endType":"normal"}