{"seed":[3341,44666,62941,42082],"turns":26,"p1":"Seven Swell","p2":"Inferno Sableye","p1team":[{"name":"Mew","species":"Mew","item":"leftovers","ability":"Synchronize","moves":["roost","toxic","healbell","aurasphere"],"nature":"Calm","evs":{"hp":252,"atk":0,"def":0,"spa":4,"spd":252,"spe":0},"ivs":{"hp":31,"atk":0,"def":31,"spa":31,"spd":31,"spe":31}},{"name":"Slowbro","species":"Slowbro","item":"rockyhelmet","ability":"Regenerator","moves":["scald","yawn","flamethrower","slackoff"],"nature":"Bold","evs":{"hp":252,"atk":0,"def":252,"spa":4,"spd":0,"spe":0},"ivs":{"hp":31,"atk":0,"def":31,"spa":31,"spd":31,"spe":31}},{"name":"Deoxys-Speed","species":"Deoxys-Speed","item":"focussash","ability":"Pressure","moves":["stealthrock","thunderbolt","thunderwave","icebeam"],"nature":"Timid","evs":{"hp":252,"atk":0,"def":0,"spa":44,"spd":0,"spe":212},"ivs":{"hp":31,"atk":0,"def":31,"spa":31,"spd":31,"spe":31}},{"name":"Latias","species":"Latias","item":"leftovers","ability":"Levitate","moves":["dracometeor","psyshock","roost","defog"],"nature":"Timid","evs":{"hp":252,"atk":0,"def":0,"spa":4,"spd":0,"spe":252},"ivs":{"hp":31,"atk":0,"def":31,"spa":31,"spd":31,"spe":31}},{"name":"Hoopa-Unbound","species":"Hoopa-Unbound","item":"focussash","ability":"Magician","moves":["hyperspacefury","drainpunch","firepunch","gunkshot"],"nature":"Adamant","evs":{"hp":0,"atk":252,"def":0,"spa":0,"spd":4,"spe":252},"ivs":{"hp":31,"atk":31,"def":31,"spa":31,"spd":31,"spe":31}},{"name":"Gardevoir","species":"Gardevoir","item":"gardevoirite","ability":"Trace","moves":["hypervoice","psyshock","shadowball","taunt"],"nature":"Timid","evs":{"hp":0,"atk":0,"def":0,"spa":252,"spd":4,"spe":252},"ivs":{"hp":31,"atk":0,"def":31,"spa":31,"spd":31,"spe":31}}],"p2team":[{"name":"Not op","species":"sableye","item":"sablenite","ability":"Prankster","moves":["shadowball","recover","calmmind","willowisp"],"nature":"Bold","evs":{"hp":248,"atk":0,"def":252,"spa":0,"spd":8,"spe":0},"ivs":{"hp":31,"atk":0,"def":31,"spa":31,"spd":31,"spe":31}},{"name":"Rawwrrrr","species":"tyranitar","item":"leftovers","ability":"Sand Stream","moves":["stealthrock","thunderwave","rockslide","earthquake"],"nature":"Impish","evs":{"hp":252,"atk":0,"def":80,"spa":0,"spd":176,"spe":0},"ivs":{"hp":31,"atk":31,"def":31,"spa":31,"spd":31,"spe":31}},{"name":"Bish Plz","species":"bisharp","item":"lumberry","ability":"Defiant","moves":["knockoff","suckerpunch","ironhead","swordsdance"],"nature":"Adamant","evs":{"hp":0,"atk":252,"def":4,"spa":0,"spd":0,"spe":252},"gender":"M","shiny":true,"ivs":{"hp":31,"atk":31,"def":31,"spa":31,"spd":31,"spe":31}},{"name":"Oit of this world","species":"hoopaunbound","item":"choicescarf","ability":"Magician","moves":["gunkshot","hyperspacehole","hyperspacefury","drainpunch"],"nature":"Hasty","evs":{"hp":0,"atk":252,"def":0,"spa":4,"spd":0,"spe":252},"ivs":{"hp":31,"atk":31,"def":31,"spa":31,"spd":31,"spe":31}},{"name":"No pressure","species":"weavile","item":"lifeorb","ability":"Pressure","moves":["iciclecrash","iceshard","knockoff","lowkick"],"nature":"Jolly","evs":{"hp":0,"atk":252,"def":0,"spa":0,"spd":4,"spe":252},"ivs":{"hp":31,"atk":31,"def":31,"spa":31,"spd":31,"spe":31}},{"name":"Buzz off bitch","species":"mandibuzz","item":"rockyhelmet","ability":"Overcoat","moves":["roost","defog","whirlwind","foulplay"],"nature":"Bold","evs":{"hp":176,"atk":0,"def":252,"spa":0,"spd":80,"spe":0},"ivs":{"hp":31,"atk":31,"def":31,"spa":31,"spd":31,"spe":31}}],"log":["|player|p1|Seven Swell|sevenswell.png","|player|p2|Inferno Sableye|infernosableye.gif","|gametype|singles","|gen|6","|tier|Monotype","|rated","|rule|Baton Pass Clause: Limit one Baton Passer, can't pass Spe and other stats simultaneously","|rule|Swagger Clause: Swagger is banned","|rule|Same Type Clause: Pokémon in a team must share a type","|clearpoke","|poke|p1|Mew","|poke|p1|Slowbro, F","|poke|p1|Deoxys-Speed","|poke|p1|Latias, F","|poke|p1|Hoopa-Unbound","|poke|p1|Gardevoir, F","|poke|p2|Sableye, F","|poke|p2|Tyranitar, M","|poke|p2|Bisharp, M, shiny","|poke|p2|Hoopa-Unbound","|poke|p2|Weavile, F","|poke|p2|Mandibuzz, F","|rule|Sleep Clause Mod: Limit one foe put to sleep","|rule|Species Clause: Limit one of each Pokémon","|rule|OHKO Clause: OHKO moves are banned","|rule|Moody Clause: Moody is banned","|rule|Evasion Moves Clause: Evasion moves are banned","|rule|Endless Battle Clause: Forcing endless battles is banned","|rule|HP Percentage Mod: HP is shown in percentages","|teampreview","|","|start","|switch|p1a: Slowbro|Slowbro, F|394/394","|switch|p2a: Buzz off bitch|Mandibuzz, F|405/405","|turn|1","|","|switch|p2a: Oit of this world|Hoopa-Unbound|301/301","|move|p1a: Slowbro|Yawn|p2a: Oit of this world","|-start|p2a: Oit of this world|move: Yawn|[of] p1a: Slowbro","|","|turn|2","|","|switch|p2a: Not op|Sableye, F|303/303","|move|p1a: Slowbro|Scald|p2a: Not op","|-damage|p2a: Not op|162/303","|-status|p2a: Not op|brn","|","|-damage|p2a: Not op|125/303 brn|[from] brn","|turn|3","|","|detailschange|p2a: Not op|Sableye-Mega, F","|-mega|p2a: Not op|Sableye|Sablenite","|move|p2a: Not op|Recover|p2a: Not op","|-heal|p2a: Not op|277/303 brn","|move|p1a: Slowbro|Scald|p2a: Not op","|-damage|p2a: Not op|189/303 brn","|","|-damage|p2a: Not op|152/303 brn|[from] brn","|turn|4","|","|switch|p1a: Gardevoir|Gardevoir, F|277/277","|-ability|p1a: Gardevoir|Magic Bounce|[from] ability: Trace|[of] p2a: Not op","|move|p2a: Not op|Shadow Ball|p1a: Gardevoir","|-supereffective|p1a: Gardevoir","|-damage|p1a: Gardevoir|131/277","|","|-damage|p2a: Not op|115/303 brn|[from] brn","|turn|5","|","|detailschange|p1a: Gardevoir|Gardevoir-Mega, F","|-mega|p1a: Gardevoir|Gardevoir|Gardevoirite","|move|p1a: Gardevoir|Hyper Voice|p2a: Not op","|-supereffective|p2a: Not op","|-damage|p2a: Not op|0 fnt","|faint|p2a: Not op","|","|","|switch|p2a: No pressure|Weavile, F|281/281","|-ability|p2a: No pressure|Pressure","|turn|6","|","|move|p2a: No pressure|Icicle Crash|p1a: Gardevoir","|-damage|p1a: Gardevoir|0 fnt","|-damage|p2a: No pressure|253/281|[from] item: Life Orb","|faint|p1a: Gardevoir","|","|","|switch|p1a: Deoxys-Speed|Deoxys-Speed|304/304","|-ability|p1a: Deoxys-Speed|Pressure","|turn|7","|","|move|p1a: Deoxys-Speed|Thunder Wave|p2a: No pressure","|-status|p2a: No pressure|par","|move|p2a: No pressure|Knock Off|p1a: Deoxys-Speed","|-supereffective|p1a: Deoxys-Speed","|-enditem|p1a: Deoxys-Speed|Focus Sash","|-damage|p1a: Deoxys-Speed|1/304","|-damage|p2a: No pressure|225/281 par|[from] item: Life Orb","|","|turn|8","|","|move|p2a: No pressure|Ice Shard|p1a: Deoxys-Speed","|-damage|p1a: Deoxys-Speed|0 fnt","|-damage|p2a: No pressure|197/281 par|[from] item: Life Orb","|faint|p1a: Deoxys-Speed","|","|","|switch|p1a: Mew|Mew|404/404","|turn|9","|","|move|p1a: Mew|Aura Sphere|p2a: No pressure","|-supereffective|p2a: No pressure","|-damage|p2a: No pressure|0 fnt","|faint|p2a: No pressure","|","|","|switch|p2a: Bish Plz|Bisharp, M, shiny|271/271","|turn|10","|","|switch|p1a: Slowbro|Slowbro, F|394/394","|move|p2a: Bish Plz|Swords Dance|p2a: Bish Plz","|-boost|p2a: Bish Plz|atk|2","|","|turn|11","|","|move|p2a: Bish Plz|Sucker Punch|p1a: Slowbro","|-fail|p2a: Bish Plz","|move|p1a: Slowbro|Yawn|p2a: Bish Plz","|-start|p2a: Bish Plz|move: Yawn|[of] p1a: Slowbro","|","|turn|12","|","|move|p2a: Bish Plz|Knock Off|p1a: Slowbro","|-supereffective|p1a: Slowbro","|-damage|p1a: Slowbro|0 fnt","|-damage|p2a: Bish Plz|226/271|[from] item: Rocky Helmet|[of] p1a: Slowbro","|-enditem|p1a: Slowbro|Rocky Helmet|[from] move: Knock Off|[of] p2a: Bish Plz","|faint|p1a: Slowbro","|","|-end|p2a: Bish Plz|move: Yawn|[silent]","|-status|p2a: Bish Plz|slp","|-enditem|p2a: Bish Plz|Lum Berry|[eat]","|-curestatus|p2a: Bish Plz|slp","|","|switch|p1a: Hoopa-Unbound|Hoopa-Unbound|301/301","|turn|13","|","|move|p1a: Hoopa-Unbound|Drain Punch|p2a: Bish Plz","|-supereffective|p2a: Bish Plz","|-damage|p2a: Bish Plz|0 fnt","|faint|p2a: Bish Plz","|","|","|switch|p2a: Buzz off bitch|Mandibuzz, F|405/405","|turn|14","|","|switch|p1a: Mew|Mew|404/404","|move|p2a: Buzz off bitch|Foul Play|p1a: Mew","|-supereffective|p1a: Mew","|-damage|p1a: Mew|224/404","|","|-heal|p1a: Mew|249/404|[from] item: Leftovers","|turn|15","|","|switch|p2a: Rawwrrrr|Tyranitar, M|404/404","|-weather|Sandstorm","|move|p1a: Mew|Toxic|p2a: Rawwrrrr","|-status|p2a: Rawwrrrr|tox","|","|-weather|Sandstorm|[upkeep]","|-damage|p1a: Mew|224/404|[from] sandstorm","|-heal|p1a: Mew|249/404|[from] item: Leftovers","|-damage|p2a: Rawwrrrr|379/404 tox|[from] psn","|turn|16","|","|move|p1a: Mew|Roost|p1a: Mew","|-heal|p1a: Mew|404/404","|move|p2a: Rawwrrrr|Thunder Wave|p1a: Mew","|-status|p1a: Mew|par","|","|-weather|Sandstorm|[upkeep]","|-damage|p1a: Mew|379/404 par|[from] sandstorm","|-heal|p2a: Rawwrrrr|404/404 tox|[from] item: Leftovers","|-heal|p1a: Mew|404/404 par|[from] item: Leftovers","|-damage|p2a: Rawwrrrr|354/404 tox|[from] psn","|turn|17","|","|move|p2a: Rawwrrrr|Stealth Rock|p1a: Mew","|-sidestart|p1: Seven Swell|move: Stealth Rock","|move|p1a: Mew|Heal Bell|p1a: Mew","|-cureteam|p1a: Mew|[from] move: HealBell","|","|-weather|Sandstorm|[upkeep]","|-damage|p1a: Mew|379/404|[from] sandstorm","|-heal|p1a: Mew|404/404|[from] item: Leftovers","|-heal|p2a: Rawwrrrr|379/404 tox|[from] item: Leftovers","|-damage|p2a: Rawwrrrr|304/404 tox|[from] psn","|turn|18","|","|move|p1a: Mew|Aura Sphere|p2a: Rawwrrrr","|-supereffective|p2a: Rawwrrrr","|-damage|p2a: Rawwrrrr|156/404 tox","|move|p2a: Rawwrrrr|Thunder Wave|p1a: Mew","|-status|p1a: Mew|par","|","|-weather|Sandstorm|[upkeep]","|-damage|p1a: Mew|379/404 par|[from] sandstorm","|-heal|p2a: Rawwrrrr|181/404 tox|[from] item: Leftovers","|-heal|p1a: Mew|404/404 par|[from] item: Leftovers","|-damage|p2a: Rawwrrrr|81/404 tox|[from] psn","|turn|19","|","|move|p2a: Rawwrrrr|Rock Slide|p1a: Mew","|-damage|p1a: Mew|281/404 par","|cant|p1a: Mew|par","|","|-weather|none","|-heal|p2a: Rawwrrrr|106/404 tox|[from] item: Leftovers","|-heal|p1a: Mew|306/404 par|[from] item: Leftovers","|-damage|p2a: Rawwrrrr|0 fnt|[from] psn","|faint|p2a: Rawwrrrr","|","|switch|p2a: Oit of this world|Hoopa-Unbound|301/301","|turn|20","|","|move|p2a: Oit of this world|Hyperspace Fury|p1a: Mew","|-supereffective|p1a: Mew","|-damage|p1a: Mew|0 fnt","|-unboost|p2a: Oit of this world|def|1","|faint|p1a: Mew","|","|","|switch|p1a: Hoopa-Unbound|Hoopa-Unbound|301/301","|-damage|p1a: Hoopa-Unbound|264/301|[from] Stealth Rock","|turn|21","|","|switch|p2a: Buzz off bitch|Mandibuzz, F|405/405","|move|p1a: Hoopa-Unbound|Hyperspace Fury|p2a: Buzz off bitch","|-resisted|p2a: Buzz off bitch","|-damage|p2a: Buzz off bitch|330/405","|-unboost|p1a: Hoopa-Unbound|def|1","|","|turn|22","|","|switch|p1a: Latias|Latias, F|364/364","|-damage|p1a: Latias|319/364|[from] Stealth Rock","|move|p2a: Buzz off bitch|Foul Play|p1a: Latias","|-supereffective|p1a: Latias","|-damage|p1a: Latias|161/364","|","|-heal|p1a: Latias|183/364|[from] item: Leftovers","|turn|23","|","|switch|p2a: Oit of this world|Hoopa-Unbound|301/301","|move|p1a: Latias|Defog|p2a: Oit of this world","|-unboost|p2a: Oit of this world|evasion|1","|-sideend|p1: Seven Swell|Stealth Rock|[from] move: Defog|[of] p1a: Latias","|","|-heal|p1a: Latias|205/364|[from] item: Leftovers","|turn|24","|","|move|p2a: Oit of this world|Hyperspace Fury|p1a: Latias","|-supereffective|p1a: Latias","|-damage|p1a: Latias|0 fnt","|-unboost|p2a: Oit of this world|def|1","|faint|p1a: Latias","|","|","|switch|p1a: Hoopa-Unbound|Hoopa-Unbound|264/301","|turn|25","|","|switch|p2a: Buzz off bitch|Mandibuzz, F|330/405","|move|p1a: Hoopa-Unbound|Drain Punch|p2a: Buzz off bitch","|-crit|p2a: Buzz off bitch","|-damage|p2a: Buzz off bitch|216/405","|-heal|p1a: Hoopa-Unbound|301/301|[from] drain|[of] p2a: Buzz off bitch","|-damage|p1a: Hoopa-Unbound|251/301|[from] item: Rocky Helmet|[of] p2a: Buzz off bitch","|","|turn|26","|","|win|Inferno Sableye"],"p1rating":{"entryid":"86214","serverid":"eos","formatid":"monotype","userid":"sevenswell","username":"Seven Swell","w":"15","l":3,"t":"0","gxe":70.7,"r":"1657.3392056267","rd":"80.221831851584","sigma":"0","rptime":"1440061200","rpr":1669.6615965833,"rprd":74.155785413878,"rpsigma":"0","acre":1219.7315296869,"lacre":1219.7315296869,"oldacre":"1244.5394755312"},"p2rating":{"entryid":"83803","serverid":"eos","formatid":"monotype","userid":"infernosableye","username":"Inferno Sableye","w":20,"l":"6","t":"0","gxe":70.8,"r":"1662.8474925572","rd":"72.058346226027","sigma":"0","rptime":"1440061200","rpr":1669.8396397035,"rprd":64.963353489614,"rpsigma":"0","acre":1272.0165318046,"lacre":1272.0165318046,"oldacre":"1247.2085859603"},"endType":"forfeit"}