{"seed":[40312,13695,43527,27793],"turns":21,"p1":"Imp Shay","p2":"Rain ☆ Glacia","p1team":[{"name":"Arcanine","species":"Arcanine","item":"leftovers","ability":"Intimidate","moves":["flareblitz","extremespeed","morningsun","willowisp"],"nature":"Bold","evs":{"hp":244,"atk":0,"def":252,"spa":0,"spd":0,"spe":12},"shiny":true,"ivs":{"hp":31,"atk":31,"def":31,"spa":31,"spd":31,"spe":31}},{"name":"Charizard","species":"Charizard","item":"charizarditey","ability":"Blaze","moves":["fireblast","solarbeam","roost","defog"],"nature":"Timid","evs":{"hp":0,"atk":0,"def":0,"spa":252,"spd":4,"spe":252},"ivs":{"hp":31,"atk":31,"def":31,"spa":31,"spd":31,"spe":31}},{"name":"Volcarona","species":"Volcarona","item":"lumberry","ability":"Flame Body","moves":["quiverdance","fierydance","gigadrain","bugbuzz"],"nature":"Modest","evs":{"hp":4,"atk":0,"def":0,"spa":252,"spd":0,"spe":252},"shiny":true,"ivs":{"hp":31,"atk":31,"def":31,"spa":31,"spd":31,"spe":31}},{"name":"Heatran","species":"Heatran","item":"leftovers","ability":"Flash Fire","moves":["magmastorm","flashcannon","toxic","protect"],"nature":"Calm","evs":{"hp":252,"atk":0,"def":0,"spa":4,"spd":252,"spe":0},"ivs":{"hp":31,"atk":31,"def":31,"spa":31,"spd":31,"spe":31}},{"name":"Victini","species":"Victini","item":"choicescarf","ability":"Victory Star","moves":["vcreate","boltstrike","uturn","zenheadbutt"],"nature":"Jolly","evs":{"hp":0,"atk":252,"def":0,"spa":0,"spd":4,"spe":252},"ivs":{"hp":31,"atk":31,"def":31,"spa":31,"spd":31,"spe":31}},{"name":"Rotom-Heat","species":"Rotom-Heat","item":"lightclay","ability":"Levitate","moves":["willowisp","voltswitch","lightscreen","reflect"],"nature":"Calm","evs":{"hp":252,"atk":0,"def":4,"spa":0,"spd":252,"spe":0},"shiny":true,"ivs":{"hp":31,"atk":31,"def":31,"spa":31,"spd":31,"spe":31}}],"p2team":[{"name":"Usain","species":"weavile","item":"choiceband","ability":"Pressure","moves":["knockoff","iciclecrash","lowkick","iceshard"],"nature":"Jolly","evs":{"hp":0,"atk":252,"def":0,"spa":0,"spd":4,"spe":252},"ivs":{"hp":31,"atk":31,"def":31,"spa":31,"spd":31,"spe":31}},{"name":"Liopleurodon","species":"lapras","item":"choicespecs","ability":"Water Absorb","moves":["surf","freezedry","thunderbolt","hiddenpowerfire"],"nature":"Modest","evs":{"hp":8,"atk":0,"def":0,"spa":252,"spd":0,"spe":248},"ivs":{"hp":31,"atk":30,"def":31,"spa":30,"spd":31,"spe":30}},{"name":"Bahamut","species":"kyuremblack","item":"choicescarf","ability":"Teravolt","moves":["outrage","icebeam","fusionbolt","earthpower"],"nature":"Naive","evs":{"hp":0,"atk":252,"def":0,"spa":4,"spd":0,"spe":252},"ivs":{"hp":31,"atk":31,"def":31,"spa":31,"spd":31,"spe":31}},{"name":"T-Titanic Kun...","species":"avalugg","item":"leftovers","ability":"Sturdy","moves":["rapidspin","avalanche","toxic","recover"],"nature":"Impish","evs":{"hp":252,"atk":4,"def":252,"spa":0,"spd":0,"spe":0},"ivs":{"hp":31,"atk":31,"def":31,"spa":31,"spd":31,"spe":31}},{"name":"Cloyster","species":"Cloyster","item":"focussash","ability":"Skill Link","moves":["shellsmash","iciclespear","rockblast","razorshell"],"nature":"Adamant","evs":{"hp":0,"atk":252,"def":0,"spa":0,"spd":4,"spe":252},"ivs":{"hp":31,"atk":31,"def":31,"spa":31,"spd":31,"spe":31}},{"name":"Mamoswine","species":"Mamoswine","item":"focussash","ability":"Oblivious","moves":["earthquake","iceshard","endeavor","iciclespear"],"nature":"Adamant","evs":{"hp":248,"atk":252,"def":0,"spa":0,"spd":8,"spe":0},"ivs":{"hp":31,"atk":31,"def":31,"spa":31,"spd":31,"spe":31}}],"log":["|player|p1|Imp Shay|260","|player|p2|Rain ☆ Glacia|79","|gametype|singles","|gen|6","|tier|Monotype","|rated","|rule|Baton Pass Clause: Limit one Baton Passer, can't pass Spe and other stats simultaneously","|rule|Swagger Clause: Swagger is banned","|rule|Same Type Clause: Pokémon in a team must share a type","|clearpoke","|poke|p1|Arcanine, F, shiny","|poke|p1|Charizard, F","|poke|p1|Volcarona, M, shiny","|poke|p1|Heatran, M","|poke|p1|Victini","|poke|p1|Rotom-Heat, shiny","|poke|p2|Weavile, M","|poke|p2|Lapras, M","|poke|p2|Kyurem-Black","|poke|p2|Avalugg, F","|poke|p2|Cloyster, M","|poke|p2|Mamoswine, F","|rule|Sleep Clause Mod: Limit one foe put to sleep","|rule|Species Clause: Limit one of each Pokémon","|rule|OHKO Clause: OHKO moves are banned","|rule|Moody Clause: Moody is banned","|rule|Evasion Moves Clause: Evasion moves are banned","|rule|Endless Battle Clause: Forcing endless battles is banned","|rule|HP Percentage Mod: HP is shown in percentages","|teampreview","|","|start","|switch|p1a: Rotom-Heat|Rotom-Heat, shiny|304/304","|switch|p2a: Liopleurodon|Lapras, M|403/403","|turn|1","|","|move|p2a: Liopleurodon|Surf|p1a: Rotom-Heat","|-supereffective|p1a: Rotom-Heat","|-damage|p1a: Rotom-Heat|56/304","|move|p1a: Rotom-Heat|Light Screen|p1a: Rotom-Heat","|-sidestart|p1: Imp Shay|move: Light Screen","|","|turn|2","|","|move|p2a: Liopleurodon|Surf|p1a: Rotom-Heat","|-supereffective|p1a: Rotom-Heat","|-damage|p1a: Rotom-Heat|0 fnt","|faint|p1a: Rotom-Heat","|","|","|switch|p1a: Volcarona|Volcarona, M, shiny|312/312","|turn|3","|","|move|p1a: Volcarona|Quiver Dance|p1a: Volcarona","|-boost|p1a: Volcarona|spa|1","|-boost|p1a: Volcarona|spd|1","|-boost|p1a: Volcarona|spe|1","|move|p2a: Liopleurodon|Surf|p1a: Volcarona","|-supereffective|p1a: Volcarona","|-damage|p1a: Volcarona|186/312","|","|turn|4","|","|move|p1a: Volcarona|Quiver Dance|p1a: Volcarona","|-boost|p1a: Volcarona|spa|1","|-boost|p1a: Volcarona|spd|1","|-boost|p1a: Volcarona|spe|1","|move|p2a: Liopleurodon|Surf|p1a: Volcarona","|-supereffective|p1a: Volcarona","|-damage|p1a: Volcarona|89/312","|","|turn|5","|","|move|p1a: Volcarona|Giga Drain|p2a: Liopleurodon","|-crit|p2a: Liopleurodon","|-supereffective|p2a: Liopleurodon","|-damage|p2a: Liopleurodon|0 fnt","|-heal|p1a: Volcarona|291/312|[from] drain|[of] p2a: Liopleurodon","|faint|p2a: Liopleurodon","|","|","|switch|p2a: Mamoswine|Mamoswine, F|423/423","|turn|6","|","|move|p1a: Volcarona|Giga Drain|p2a: Mamoswine","|-supereffective|p2a: Mamoswine","|-enditem|p2a: Mamoswine|Focus Sash","|-damage|p2a: Mamoswine|1/423","|-heal|p1a: Volcarona|312/312|[from] drain|[of] p2a: Mamoswine","|move|p2a: Mamoswine|Endeavor|p1a: Volcarona","|-damage|p1a: Volcarona|1/312","|","|turn|7","|","|move|p2a: Mamoswine|Ice Shard|p1a: Volcarona","|-resisted|p1a: Volcarona","|-damage|p1a: Volcarona|0 fnt","|faint|p1a: Volcarona","|","|","|switch|p1a: Charizard|Charizard, F|297/297","|turn|8","|","|detailschange|p1a: Charizard|Charizard-Mega-Y, F","|-mega|p1a: Charizard|Charizard|Charizardite Y","|-weather|SunnyDay","|move|p1a: Charizard|Solar Beam|p2a: Mamoswine|[still]","|-prepare|p1a: Charizard|Solar Beam|p2a: Mamoswine","|-anim|p1a: Charizard|Solar Beam|p2a: Mamoswine","|-supereffective|p2a: Mamoswine","|-damage|p2a: Mamoswine|0 fnt","|faint|p2a: Mamoswine","|","|-weather|SunnyDay|[upkeep]","|-sideend|p1: Imp Shay|move: Light Screen","|","|switch|p2a: Bahamut|Kyurem-Black|391/391","|-ability|p2a: Bahamut|Teravolt","|turn|9","|","|switch|p1a: Arcanine|Arcanine, F, shiny|382/382","|-ability|p1a: Arcanine|Intimidate","|-unboost|p2a: Bahamut|atk|1","|move|p2a: Bahamut|Fusion Bolt|p1a: Arcanine","|-damage|p1a: Arcanine|298/382","|","|-weather|SunnyDay|[upkeep]","|-heal|p1a: Arcanine|321/382|[from] item: Leftovers","|turn|10","|","|switch|p2a: T-Titanic Kun...|Avalugg, F|394/394","|move|p1a: Arcanine|Will-O-Wisp|p2a: T-Titanic Kun...","|-status|p2a: T-Titanic Kun...|brn","|","|-weather|SunnyDay|[upkeep]","|-heal|p1a: Arcanine|344/382|[from] item: Leftovers","|-damage|p2a: T-Titanic Kun...|345/394 brn|[from] brn","|turn|11","|","|switch|p1a: Charizard|Charizard-Mega-Y, F|297/297","|move|p2a: T-Titanic Kun...|Toxic|p1a: Charizard","|-status|p1a: Charizard|tox","|","|-weather|SunnyDay|[upkeep]","|-heal|p2a: T-Titanic Kun...|369/394 brn|[from] item: Leftovers","|-damage|p1a: Charizard|279/297 tox|[from] psn","|-damage|p2a: T-Titanic Kun...|320/394 brn|[from] brn","|turn|12","|","|move|p1a: Charizard|Fire Blast|p2a: T-Titanic Kun...","|-supereffective|p2a: T-Titanic Kun...","|-damage|p2a: T-Titanic Kun...|0 fnt","|faint|p2a: T-Titanic Kun...","|","|-weather|none","|-damage|p1a: Charizard|243/297 tox|[from] psn","|","|switch|p2a: Cloyster|Cloyster, M|241/241","|turn|13","|","|switch|p1a: Arcanine|Arcanine, F, shiny|344/382","|-ability|p1a: Arcanine|Intimidate","|-unboost|p2a: Cloyster|atk|1","|move|p2a: Cloyster|Shell Smash|p2a: Cloyster","|-unboost|p2a: Cloyster|def|1","|-unboost|p2a: Cloyster|spd|1","|-boost|p2a: Cloyster|atk|2","|-boost|p2a: Cloyster|spa|2","|-boost|p2a: Cloyster|spe|2","|","|-heal|p1a: Arcanine|367/382|[from] item: Leftovers","|turn|14","|","|move|p2a: Cloyster|Rock Blast|p1a: Arcanine","|-supereffective|p1a: Arcanine","|-damage|p1a: Arcanine|303/382","|-supereffective|p1a: Arcanine","|-damage|p1a: Arcanine|237/382","|-supereffective|p1a: Arcanine","|-damage|p1a: Arcanine|175/382","|-supereffective|p1a: Arcanine","|-damage|p1a: Arcanine|107/382","|-supereffective|p1a: Arcanine","|-damage|p1a: Arcanine|43/382","|-hitcount|p1a: Arcanine|5","|move|p1a: Arcanine|Will-O-Wisp|p2a: Cloyster","|-status|p2a: Cloyster|brn","|","|-heal|p1a: Arcanine|66/382|[from] item: Leftovers","|-damage|p2a: Cloyster|211/241 brn|[from] brn","|turn|15","|","|switch|p1a: Heatran|Heatran, M|386/386","|move|p2a: Cloyster|Razor Shell|p1a: Heatran","|-supereffective|p1a: Heatran","|-damage|p1a: Heatran|232/386","|","|-heal|p1a: Heatran|256/386|[from] item: Leftovers","|-damage|p2a: Cloyster|181/241 brn|[from] brn","|turn|16","|","|move|p2a: Cloyster|Razor Shell|p1a: Heatran","|-crit|p1a: Heatran","|-supereffective|p1a: Heatran","|-damage|p1a: Heatran|0 fnt","|faint|p1a: Heatran","|","|-damage|p2a: Cloyster|151/241 brn|[from] brn","|","|switch|p1a: Arcanine|Arcanine, F, shiny|66/382","|-ability|p1a: Arcanine|Intimidate","|-unboost|p2a: Cloyster|atk|1","|turn|17","|","|move|p2a: Cloyster|Razor Shell|p1a: Arcanine","|-supereffective|p1a: Arcanine","|-damage|p1a: Arcanine|0 fnt","|faint|p1a: Arcanine","|","|-damage|p2a: Cloyster|121/241 brn|[from] brn","|","|switch|p1a: Victini|Victini|341/341","|turn|18","|","|move|p1a: Victini|V-create|p2a: Cloyster","|-damage|p2a: Cloyster|0 fnt","|-unboost|p1a: Victini|spe|1","|-unboost|p1a: Victini|def|1","|-unboost|p1a: Victini|spd|1","|faint|p2a: Cloyster","|","|","|switch|p2a: Bahamut|Kyurem-Black|391/391","|-ability|p2a: Bahamut|Teravolt","|turn|19","|","|switch|p1a: Charizard|Charizard-Mega-Y, F|243/297 tox","|-weather|SunnyDay","|move|p2a: Bahamut|Outrage|p1a: Charizard","|-damage|p1a: Charizard|0 fnt","|faint|p1a: Charizard","|","|-weather|SunnyDay|[upkeep]","|","|switch|p1a: Victini|Victini|341/341","|turn|20","|","|move|p1a: Victini|V-create|p2a: Bahamut","|-crit|p2a: Bahamut","|-damage|p2a: Bahamut|0 fnt","|-unboost|p1a: Victini|spe|1","|-unboost|p1a: Victini|def|1","|-unboost|p1a: Victini|spd|1","|faint|p2a: Bahamut","|","|-weather|SunnyDay|[upkeep]","|","|switch|p2a: Usain|Weavile, M|281/281","|-ability|p2a: Usain|Pressure","|turn|21","|","|move|p2a: Usain|Knock Off|p1a: Victini","|-supereffective|p1a: Victini","|-damage|p1a: Victini|0 fnt","|-enditem|p1a: Victini|Choice Scarf|[from] move: Knock Off|[of] p2a: Usain","|faint|p1a: Victini","|","|win|Rain ☆ Glacia"],"p1rating":{"entryid":"193729","serverid":"eos","formatid":"monotype","userid":"impshay","username":"Imp Shay","w":"0","l":3,"t":"0","gxe":38.7,"r":"1500","rd":"130","sigma":"0","rptime":"1440061200","rpr":1408.8342506543,"rprd":111.02895858462,"rpsigma":"0","acre":1000,"lacre":1000,"oldacre":"1000"},"p2rating":{"entryid":"189499","serverid":"eos","formatid":"monotype","userid":"rainglacia","username":"Rain ☆ Glacia","w":1,"l":"2","t":"0","gxe":47.1,"r":"1500","rd":"130","sigma":"0","rptime":"1440061200","rpr":1476.7530480145,"rprd":111.67070989055,"rpsigma":"0","acre":1040,"lacre":1040,"oldacre":"1000"},"endType":"normal"}