{"seed":[3177,58305,54934,10326],"turns":19,"p1":"Rain Zeref","p2":"Seven Swell","p1team":[{"name":"DEEZ NUTS!","species":"bisharp","item":"choicescarf","ability":"Defiant","moves":["brickbreak","suckerpunch","knockoff","ironhead"],"nature":"Jolly","evs":{"hp":0,"atk":252,"def":0,"spa":0,"spd":4,"spe":252},"gender":"M","shiny":true,"ivs":{"hp":31,"atk":31,"def":31,"spa":31,"spd":31,"spe":31}},{"name":"DEEZ NUTS!!","species":"weavile","item":"choicescarf","ability":"Pressure","moves":["iceshard","iciclecrash","knockoff","brickbreak"],"nature":"Adamant","evs":{"hp":0,"atk":252,"def":0,"spa":0,"spd":4,"spe":252},"gender":"F","ivs":{"hp":31,"atk":31,"def":31,"spa":31,"spd":31,"spe":31}},{"name":"DEEZ NUTS!!!","species":"mandibuzz","item":"leftovers","ability":"Overcoat","moves":["toxic","roost","foulplay","whirlwind"],"nature":"Bold","evs":{"hp":252,"atk":0,"def":252,"spa":0,"spd":4,"spe":0},"shiny":true,"ivs":{"hp":31,"atk":31,"def":31,"spa":31,"spd":31,"spe":31}},{"name":"DEEZ NUTS!!!!","species":"zoroark","item":"choicespecs","ability":"Illusion","moves":["darkpulse","flamethrower","trick","extrasensory"],"nature":"Timid","evs":{"hp":0,"atk":0,"def":0,"spa":252,"spd":4,"spe":252},"gender":"F","shiny":true,"ivs":{"hp":31,"atk":31,"def":31,"spa":31,"spd":31,"spe":31}},{"name":"DEEZ NUTS!!!!!","species":"hoopaunbound","item":"lifeorb","ability":"Magician","moves":["substitute","hyperspacefury","gunkshot","zenheadbutt"],"nature":"Jolly","evs":{"hp":0,"atk":252,"def":0,"spa":0,"spd":4,"spe":252},"ivs":{"hp":31,"atk":31,"def":31,"spa":31,"spd":31,"spe":31}},{"name":"DEEZ NUTS!!!!!!","species":"tyranitar","item":"tyranitarite","ability":"Sand Stream","moves":["dragondance","stoneedge","crunch","earthquake"],"nature":"Jolly","evs":{"hp":0,"atk":252,"def":0,"spa":0,"spd":4,"spe":252},"ivs":{"hp":31,"atk":31,"def":31,"spa":31,"spd":31,"spe":31}}],"p2team":[{"name":"Mew","species":"Mew","item":"leftovers","ability":"Synchronize","moves":["roost","toxic","healbell","aurasphere"],"nature":"Calm","evs":{"hp":252,"atk":0,"def":0,"spa":4,"spd":252,"spe":0},"ivs":{"hp":31,"atk":0,"def":31,"spa":31,"spd":31,"spe":31}},{"name":"Slowbro","species":"Slowbro","item":"rockyhelmet","ability":"Regenerator","moves":["scald","yawn","flamethrower","slackoff"],"nature":"Bold","evs":{"hp":252,"atk":0,"def":252,"spa":4,"spd":0,"spe":0},"ivs":{"hp":31,"atk":0,"def":31,"spa":31,"spd":31,"spe":31}},{"name":"Deoxys-Speed","species":"Deoxys-Speed","item":"focussash","ability":"Pressure","moves":["stealthrock","thunderbolt","thunderwave","icebeam"],"nature":"Timid","evs":{"hp":252,"atk":0,"def":0,"spa":44,"spd":0,"spe":212},"ivs":{"hp":31,"atk":0,"def":31,"spa":31,"spd":31,"spe":31}},{"name":"Latias","species":"Latias","item":"leftovers","ability":"Levitate","moves":["dracometeor","psyshock","roost","defog"],"nature":"Timid","evs":{"hp":252,"atk":0,"def":0,"spa":4,"spd":0,"spe":252},"ivs":{"hp":31,"atk":0,"def":31,"spa":31,"spd":31,"spe":31}},{"name":"Hoopa-Unbound","species":"Hoopa-Unbound","item":"focussash","ability":"Magician","moves":["hyperspacefury","drainpunch","firepunch","gunkshot"],"nature":"Adamant","evs":{"hp":0,"atk":252,"def":0,"spa":0,"spd":4,"spe":252},"ivs":{"hp":31,"atk":31,"def":31,"spa":31,"spd":31,"spe":31}},{"name":"Gardevoir","species":"Gardevoir","item":"gardevoirite","ability":"Trace","moves":["hypervoice","psyshock","shadowball","taunt"],"nature":"Timid","evs":{"hp":0,"atk":0,"def":0,"spa":252,"spd":4,"spe":252},"ivs":{"hp":31,"atk":0,"def":31,"spa":31,"spd":31,"spe":31}}],"log":["|player|p1|Rain Zeref|rainzeref.png","|player|p2|Seven Swell|sevenswell.png","|gametype|singles","|gen|6","|tier|Monotype","|rated","|rule|Baton Pass Clause: Limit one Baton Passer, can't pass Spe and other stats simultaneously","|rule|Swagger Clause: Swagger is banned","|rule|Same Type Clause: Pokémon in a team must share a type","|clearpoke","|poke|p1|Bisharp, M, shiny","|poke|p1|Weavile, F","|poke|p1|Mandibuzz, F, shiny","|poke|p1|Zoroark, F, shiny","|poke|p1|Hoopa-Unbound","|poke|p1|Tyranitar, M","|poke|p2|Mew","|poke|p2|Slowbro, M","|poke|p2|Deoxys-Speed","|poke|p2|Latias, F","|poke|p2|Hoopa-Unbound","|poke|p2|Gardevoir, M","|rule|Sleep Clause Mod: Limit one foe put to sleep","|rule|Species Clause: Limit one of each Pokémon","|rule|OHKO Clause: OHKO moves are banned","|rule|Moody Clause: Moody is banned","|rule|Evasion Moves Clause: Evasion moves are banned","|rule|Endless Battle Clause: Forcing endless battles is banned","|rule|HP Percentage Mod: HP is shown in percentages","|teampreview","|","|start","|switch|p1a: DEEZ NUTS!!!!!!|Tyranitar, M|261/261","|switch|p2a: Hoopa-Unbound|Hoopa-Unbound|301/301","|turn|1","|","|move|p1a: DEEZ NUTS!!!!!!|Dark Pulse|p2a: Hoopa-Unbound","|-damage|p2a: Hoopa-Unbound|148/301","|move|p2a: Hoopa-Unbound|Drain Punch|p1a: DEEZ NUTS!!!!!!","|-crit|p1a: DEEZ NUTS!!!!!!","|-supereffective|p1a: DEEZ NUTS!!!!!!","|replace|p1a: DEEZ NUTS!!!!|Zoroark, F, shiny|261/261","|-damage|p1a: DEEZ NUTS!!!!|0 fnt","|-heal|p2a: Hoopa-Unbound|279/301|[from] drain|[of] p1a: DEEZ NUTS!!!!","|faint|p1a: DEEZ NUTS!!!!","|","|","|switch|p1a: DEEZ NUTS!!|Weavile, F|281/281","|-ability|p1a: DEEZ NUTS!!|Pressure","|turn|2","|","|move|p1a: DEEZ NUTS!!|Knock Off|p2a: Hoopa-Unbound","|-damage|p2a: Hoopa-Unbound|15/301","|-enditem|p2a: Hoopa-Unbound|Focus Sash|[from] move: Knock Off|[of] p1a: DEEZ NUTS!!","|move|p2a: Hoopa-Unbound|Drain Punch|p1a: DEEZ NUTS!!","|-supereffective|p1a: DEEZ NUTS!!","|-damage|p1a: DEEZ NUTS!!|0 fnt","|-heal|p2a: Hoopa-Unbound|156/301|[from] drain|[of] p1a: DEEZ NUTS!!","|-item|p2a: Hoopa-Unbound|Choice Scarf|[from] ability: Magician|[of] p1a: DEEZ NUTS!!","|faint|p1a: DEEZ NUTS!!","|","|","|switch|p1a: DEEZ NUTS!|Bisharp, M, shiny|271/271","|turn|3","|","|switch|p2a: Slowbro|Slowbro, M|394/394","|move|p1a: DEEZ NUTS!|Iron Head|p2a: Slowbro","|-resisted|p2a: Slowbro","|-damage|p2a: Slowbro|350/394","|-damage|p1a: DEEZ NUTS!|226/271|[from] item: Rocky Helmet|[of] p2a: Slowbro","|","|turn|4","|","|switch|p1a: DEEZ NUTS!!!|Mandibuzz, F, shiny|424/424","|move|p2a: Slowbro|Scald|p1a: DEEZ NUTS!!!","|-damage|p1a: DEEZ NUTS!!!|333/424","|","|-heal|p1a: DEEZ NUTS!!!|359/424|[from] item: Leftovers","|turn|5","|","|move|p1a: DEEZ NUTS!!!|Toxic|p2a: Slowbro","|-status|p2a: Slowbro|tox","|move|p2a: Slowbro|Scald|p1a: DEEZ NUTS!!!","|-damage|p1a: DEEZ NUTS!!!|253/424","|-status|p1a: DEEZ NUTS!!!|brn","|","|-heal|p1a: DEEZ NUTS!!!|279/424 brn|[from] item: Leftovers","|-damage|p1a: DEEZ NUTS!!!|226/424 brn|[from] brn","|-damage|p2a: Slowbro|326/394 tox|[from] psn","|turn|6","|","|switch|p2a: Gardevoir|Gardevoir, M|277/277","|-ability|p2a: Gardevoir|Overcoat|[from] ability: Trace|[of] p1a: DEEZ NUTS!!!","|move|p1a: DEEZ NUTS!!!|Roost|p1a: DEEZ NUTS!!!","|-heal|p1a: DEEZ NUTS!!!|424/424 brn","|","|-damage|p1a: DEEZ NUTS!!!|371/424 brn|[from] brn","|turn|7","|","|detailschange|p2a: Gardevoir|Gardevoir-Mega, M","|-mega|p2a: Gardevoir|Gardevoir|Gardevoirite","|move|p2a: Gardevoir|Hyper Voice|p1a: DEEZ NUTS!!!","|-supereffective|p1a: DEEZ NUTS!!!","|-damage|p1a: DEEZ NUTS!!!|0 fnt","|faint|p1a: DEEZ NUTS!!!","|","|","|switch|p1a: DEEZ NUTS!|Bisharp, M, shiny|226/271","|turn|8","|","|move|p1a: DEEZ NUTS!|Sucker Punch|p2a: Gardevoir","|-damage|p2a: Gardevoir|67/277","|move|p2a: Gardevoir|Hyper Voice|p1a: DEEZ NUTS!","|-crit|p1a: DEEZ NUTS!","|-damage|p1a: DEEZ NUTS!|0 fnt","|faint|p1a: DEEZ NUTS!","|","|","|switch|p1a: DEEZ NUTS!!!!!!|Tyranitar, M|341/341","|-weather|Sandstorm","|turn|9","|","|detailschange|p1a: DEEZ NUTS!!!!!!|Tyranitar-Mega, M","|-mega|p1a: DEEZ NUTS!!!!!!|Tyranitar|Tyranitarite","|move|p2a: Gardevoir|Hyper Voice|p1a: DEEZ NUTS!!!!!!","|-supereffective|p1a: DEEZ NUTS!!!!!!","|-damage|p1a: DEEZ NUTS!!!!!!|81/341","|move|p1a: DEEZ NUTS!!!!!!|Dragon Dance|p1a: DEEZ NUTS!!!!!!","|-boost|p1a: DEEZ NUTS!!!!!!|atk|1","|-boost|p1a: DEEZ NUTS!!!!!!|spe|1","|","|-weather|Sandstorm|[upkeep]","|-damage|p2a: Gardevoir|50/277|[from] sandstorm","|turn|10","|","|move|p1a: DEEZ NUTS!!!!!!|Earthquake|p2a: Gardevoir","|-damage|p2a: Gardevoir|0 fnt","|faint|p2a: Gardevoir","|","|-weather|Sandstorm|[upkeep]","|","|switch|p2a: Hoopa-Unbound|Hoopa-Unbound|156/301","|turn|11","|","|move|p1a: DEEZ NUTS!!!!!!|Earthquake|p2a: Hoopa-Unbound","|-damage|p2a: Hoopa-Unbound|0 fnt","|faint|p2a: Hoopa-Unbound","|","|-weather|Sandstorm|[upkeep]","|","|switch|p2a: Mew|Mew|404/404","|turn|12","|","|move|p1a: DEEZ NUTS!!!!!!|Crunch|p2a: Mew","|-supereffective|p2a: Mew","|-damage|p2a: Mew|0 fnt","|faint|p2a: Mew","|","|-weather|Sandstorm|[upkeep]","|","|switch|p2a: Slowbro|Slowbro, M|394/394 tox","|turn|13","|","|move|p1a: DEEZ NUTS!!!!!!|Crunch|p2a: Slowbro","|-supereffective|p2a: Slowbro","|-damage|p2a: Slowbro|38/394 tox","|-damage|p1a: DEEZ NUTS!!!!!!|25/341|[from] item: Rocky Helmet|[of] p2a: Slowbro","|move|p2a: Slowbro|Scald|p1a: DEEZ NUTS!!!!!!","|-supereffective|p1a: DEEZ NUTS!!!!!!","|-damage|p1a: DEEZ NUTS!!!!!!|0 fnt","|faint|p1a: DEEZ NUTS!!!!!!","|","|-weather|none","|-damage|p2a: Slowbro|14/394 tox|[from] psn","|","|switch|p1a: DEEZ NUTS!!!!!|Hoopa-Unbound|301/301","|turn|14","|","|move|p1a: DEEZ NUTS!!!!!|Gunk Shot|p2a: Slowbro","|-damage|p2a: Slowbro|0 fnt","|-damage|p1a: DEEZ NUTS!!!!!|271/301|[from] item: Life Orb","|faint|p2a: Slowbro","|","|","|switch|p2a: Deoxys-Speed|Deoxys-Speed|304/304","|-ability|p2a: Deoxys-Speed|Pressure","|turn|15","|","|move|p2a: Deoxys-Speed|Thunder Wave|p1a: DEEZ NUTS!!!!!","|-status|p1a: DEEZ NUTS!!!!!|par","|move|p1a: DEEZ NUTS!!!!!|Substitute|p1a: DEEZ NUTS!!!!!","|-start|p1a: DEEZ NUTS!!!!!|Substitute","|-damage|p1a: DEEZ NUTS!!!!!|196/301 par","|","|turn|16","|","|move|p2a: Deoxys-Speed|Thunderbolt|p1a: DEEZ NUTS!!!!!","|-activate|p1a: DEEZ NUTS!!!!!|Substitute|[damage]","|move|p1a: DEEZ NUTS!!!!!|Hyperspace Fury|p2a: Deoxys-Speed","|-crit|p2a: Deoxys-Speed","|-supereffective|p2a: Deoxys-Speed","|-enditem|p2a: Deoxys-Speed|Focus Sash","|-damage|p2a: Deoxys-Speed|1/304","|-unboost|p1a: DEEZ NUTS!!!!!|def|1","|-damage|p1a: DEEZ NUTS!!!!!|166/301 par|[from] item: Life Orb","|","|turn|17","|","|move|p2a: Deoxys-Speed|Thunderbolt|p1a: DEEZ NUTS!!!!!","|-end|p1a: DEEZ NUTS!!!!!|Substitute","|move|p1a: DEEZ NUTS!!!!!|Hyperspace Fury|p2a: Deoxys-Speed","|-supereffective|p2a: Deoxys-Speed","|-damage|p2a: Deoxys-Speed|0 fnt","|-unboost|p1a: DEEZ NUTS!!!!!|def|1","|-damage|p1a: DEEZ NUTS!!!!!|136/301 par|[from] item: Life Orb","|faint|p2a: Deoxys-Speed","|","|","|switch|p2a: Latias|Latias, F|364/364","|turn|18","|","|move|p2a: Latias|Draco Meteor|p1a: DEEZ NUTS!!!!!","|-damage|p1a: DEEZ NUTS!!!!!|3/301 par","|-unboost|p2a: Latias|spa|2","|cant|p1a: DEEZ NUTS!!!!!|par","|","|turn|19","|","|move|p2a: Latias|Draco Meteor|p1a: DEEZ NUTS!!!!!","|-damage|p1a: DEEZ NUTS!!!!!|0 fnt","|-unboost|p2a: Latias|spa|2","|faint|p1a: DEEZ NUTS!!!!!","|","|win|Seven Swell"],"p1rating":{"entryid":"191502","serverid":"eos","formatid":"monotype","userid":"rainzeref","username":"Rain Zeref","w":"3","l":10,"t":"0","gxe":37.1,"r":"1500","rd":"130","sigma":"0","rptime":"1440061200","rpr":1398.0465495926,"rprd":81.637457972476,"rpsigma":"0","acre":1041.7969399038,"lacre":1041.7969399038,"oldacre":"1052.1975331471"},"p2rating":{"entryid":"86214","serverid":"eos","formatid":"monotype","userid":"sevenswell","username":"Seven Swell","w":23,"l":"7","t":"0","gxe":69.2,"r":"1657.3392056267","rd":"80.221831851584","sigma":"0","rptime":"1440061200","rpr":1654.6300949933,"rprd":62.939666503566,"rpsigma":"0","acre":1220.9217566311,"lacre":1220.9217566311,"oldacre":"1206.3384572867"},"endType":"normal"}