{"seed":[44376,6363,22608,44350],"turns":41,"p1":"Rain Zeref","p2":"Rain Mistral","p1team":[{"name":"DEEZ NUTS!","species":"bisharp","item":"choicescarf","ability":"Defiant","moves":["brickbreak","suckerpunch","knockoff","ironhead"],"nature":"Jolly","evs":{"hp":0,"atk":252,"def":0,"spa":0,"spd":4,"spe":252},"gender":"M","shiny":true,"ivs":{"hp":31,"atk":31,"def":31,"spa":31,"spd":31,"spe":31}},{"name":"DEEZ NUTS!!","species":"weavile","item":"choicescarf","ability":"Pressure","moves":["iceshard","iciclecrash","knockoff","brickbreak"],"nature":"Adamant","evs":{"hp":0,"atk":252,"def":0,"spa":0,"spd":4,"spe":252},"gender":"F","ivs":{"hp":31,"atk":31,"def":31,"spa":31,"spd":31,"spe":31}},{"name":"DEEZ NUTS!!!","species":"mandibuzz","item":"leftovers","ability":"Overcoat","moves":["toxic","roost","foulplay","whirlwind"],"nature":"Bold","evs":{"hp":252,"atk":0,"def":252,"spa":0,"spd":4,"spe":0},"shiny":true,"ivs":{"hp":31,"atk":31,"def":31,"spa":31,"spd":31,"spe":31}},{"name":"DEEZ NUTS!!!!","species":"zoroark","item":"choicespecs","ability":"Illusion","moves":["darkpulse","flamethrower","trick","extrasensory"],"nature":"Timid","evs":{"hp":0,"atk":0,"def":0,"spa":252,"spd":4,"spe":252},"gender":"F","shiny":true,"ivs":{"hp":31,"atk":31,"def":31,"spa":31,"spd":31,"spe":31}},{"name":"DEEZ NUTS!!!!!","species":"hoopaunbound","item":"lifeorb","ability":"Magician","moves":["substitute","hyperspacefury","gunkshot","zenheadbutt"],"nature":"Jolly","evs":{"hp":0,"atk":252,"def":0,"spa":0,"spd":4,"spe":252},"ivs":{"hp":31,"atk":31,"def":31,"spa":31,"spd":31,"spe":31}},{"name":"DEEZ NUTS!!!!!!","species":"tyranitar","item":"tyranitarite","ability":"Sand Stream","moves":["dragondance","stoneedge","crunch","earthquake"],"nature":"Jolly","evs":{"hp":0,"atk":252,"def":0,"spa":0,"spd":4,"spe":252},"ivs":{"hp":31,"atk":31,"def":31,"spa":31,"spd":31,"spe":31}}],"p2team":[{"name":"Megazard X","species":"gyarados","item":"gyaradosite","ability":"Intimidate","moves":["dragondance","waterfall","crunch","earthquake"],"nature":"Jolly","evs":{"hp":0,"atk":252,"def":0,"spa":0,"spd":4,"spe":252},"gender":"F","shiny":true,"ivs":{"hp":31,"atk":31,"def":31,"spa":31,"spd":31,"spe":31}},{"name":"~~Missing Altaria~","species":"dragonite","item":"weaknesspolicy","ability":"Multiscale","moves":["dragondance","icepunch","outrage","extremespeed"],"nature":"Adamant","evs":{"hp":0,"atk":252,"def":0,"spa":0,"spd":4,"spe":252},"gender":"F","ivs":{"hp":31,"atk":31,"def":31,"spa":31,"spd":31,"spe":31}},{"name":"Frostwing","species":"articuno","item":"leftovers","ability":"Pressure","moves":["freezedry","roost","healbell","defog"],"nature":"Calm","evs":{"hp":252,"atk":0,"def":0,"spa":4,"spd":252,"spe":0},"shiny":true,"ivs":{"hp":31,"atk":31,"def":31,"spa":31,"spd":31,"spe":31}},{"name":"RIP Mascot","species":"togekiss","item":"leftovers","ability":"Serene Grace","moves":["airslash","thunderwave","flamethrower","dazzlinggleam"],"nature":"Modest","evs":{"hp":252,"atk":0,"def":0,"spa":252,"spd":4,"spe":0},"gender":"F","shiny":true,"ivs":{"hp":31,"atk":31,"def":31,"spa":31,"spd":31,"spe":31}},{"name":"Come At Me","species":"skarmory","item":"rockyhelmet","ability":"Sturdy","moves":["counter","roost","defog","stealthrock"],"nature":"Bold","evs":{"hp":248,"atk":0,"def":236,"spa":0,"spd":0,"spe":24},"ivs":{"hp":31,"atk":31,"def":31,"spa":31,"spd":31,"spe":31}},{"name":"Vortexx","species":"thundurustherian","item":"expertbelt","ability":"Volt Absorb","moves":["thunderbolt","grassknot","hiddenpowerice","nastyplot"],"nature":"Timid","evs":{"hp":0,"atk":0,"def":0,"spa":252,"spd":4,"spe":252},"ivs":{"hp":31,"atk":30,"def":30,"spa":31,"spd":31,"spe":31}}],"log":["|player|p1|Rain Zeref|rainzeref.png","|player|p2|Rain Mistral|52","|gametype|singles","|gen|6","|tier|Monotype","|rated","|rule|Baton Pass Clause: Limit one Baton Passer, can't pass Spe and other stats simultaneously","|rule|Swagger Clause: Swagger is banned","|rule|Same Type Clause: Pokémon in a team must share a type","|clearpoke","|poke|p1|Bisharp, M, shiny","|poke|p1|Weavile, F","|poke|p1|Mandibuzz, F, shiny","|poke|p1|Zoroark, F, shiny","|poke|p1|Hoopa-Unbound","|poke|p1|Tyranitar, F","|poke|p2|Gyarados, F, shiny","|poke|p2|Dragonite, F","|poke|p2|Articuno, shiny","|poke|p2|Togekiss, F, shiny","|poke|p2|Skarmory, F","|poke|p2|Thundurus-Therian, M","|rule|Sleep Clause Mod: Limit one foe put to sleep","|rule|Species Clause: Limit one of each Pokémon","|rule|OHKO Clause: OHKO moves are banned","|rule|Moody Clause: Moody is banned","|rule|Evasion Moves Clause: Evasion moves are banned","|rule|Endless Battle Clause: Forcing endless battles is banned","|rule|HP Percentage Mod: HP is shown in percentages","|teampreview","|","|start","|switch|p1a: DEEZ NUTS!!!!!!|Tyranitar, F|261/261","|switch|p2a: Megazard X|Gyarados, F, shiny|331/331","|-ability|p2a: Megazard X|Intimidate","|-unboost|p1a: DEEZ NUTS!!!!!!|atk|1","|turn|1","|","|detailschange|p2a: Megazard X|Gyarados-Mega, F, shiny","|-mega|p2a: Megazard X|Gyarados|Gyaradosite","|-ability|p2a: Megazard X|Mold Breaker","|move|p1a: DEEZ NUTS!!!!!!|Dark Pulse|p2a: Megazard X","|-resisted|p2a: Megazard X","|-damage|p2a: Megazard X|250/331","|move|p2a: Megazard X|Dragon Dance|p2a: Megazard X","|-boost|p2a: Megazard X|atk|1","|-boost|p2a: Megazard X|spe|1","|","|turn|2","|","|move|p2a: Megazard X|Waterfall|p1a: DEEZ NUTS!!!!!!","|replace|p1a: DEEZ NUTS!!!!|Zoroark, F, shiny|261/261","|-damage|p1a: DEEZ NUTS!!!!|0 fnt","|faint|p1a: DEEZ NUTS!!!!","|","|","|switch|p1a: DEEZ NUTS!!!|Mandibuzz, F, shiny|424/424","|turn|3","|","|switch|p2a: Frostwing|Articuno, shiny|384/384","|-ability|p2a: Frostwing|Pressure","|move|p1a: DEEZ NUTS!!!|Toxic|p2a: Frostwing","|-status|p2a: Frostwing|tox","|","|-damage|p2a: Frostwing|360/384 tox|[from] psn","|turn|4","|","|switch|p1a: DEEZ NUTS!|Bisharp, M, shiny|271/271","|move|p2a: Frostwing|Heal Bell|p2a: Frostwing","|-cureteam|p2a: Frostwing|[from] move: HealBell","|","|-heal|p2a: Frostwing|384/384|[from] item: Leftovers","|turn|5","|","|switch|p2a: Come At Me|Skarmory, F|333/333","|move|p1a: DEEZ NUTS!|Knock Off|p2a: Come At Me","|-damage|p2a: Come At Me|227/333","|-damage|p1a: DEEZ NUTS!|226/271|[from] item: Rocky Helmet|[of] p2a: Come At Me","|-enditem|p2a: Come At Me|Rocky Helmet|[from] move: Knock Off|[of] p1a: DEEZ NUTS!","|","|turn|6","|","|switch|p1a: DEEZ NUTS!!|Weavile, F|281/281","|-ability|p1a: DEEZ NUTS!!|Pressure","|move|p2a: Come At Me|Roost|p2a: Come At Me","|-heal|p2a: Come At Me|333/333","|","|turn|7","|","|move|p1a: DEEZ NUTS!!|Icicle Crash|p2a: Come At Me","|-damage|p2a: Come At Me|246/333","|move|p2a: Come At Me|Counter|p1a: DEEZ NUTS!!","|-damage|p1a: DEEZ NUTS!!|107/281","|","|turn|8","|","|switch|p1a: DEEZ NUTS!!!!!|Hoopa-Unbound|301/301","|move|p2a: Come At Me|Roost|p2a: Come At Me","|-heal|p2a: Come At Me|333/333","|","|turn|9","|","|move|p1a: DEEZ NUTS!!!!!|Substitute|p1a: DEEZ NUTS!!!!!","|-start|p1a: DEEZ NUTS!!!!!|Substitute","|-damage|p1a: DEEZ NUTS!!!!!|226/301","|move|p2a: Come At Me|Stealth Rock|p1a: DEEZ NUTS!!!!!","|-sidestart|p1: Rain Zeref|move: Stealth Rock","|","|turn|10","|","|switch|p2a: RIP Mascot|Togekiss, F, shiny|374/374","|move|p1a: DEEZ NUTS!!!!!|Hyperspace Fury|p2a: RIP Mascot","|-resisted|p2a: RIP Mascot","|-damage|p2a: RIP Mascot|226/374","|-unboost|p1a: DEEZ NUTS!!!!!|def|1","|-damage|p1a: DEEZ NUTS!!!!!|196/301|[from] item: Life Orb","|","|-heal|p2a: RIP Mascot|249/374|[from] item: Leftovers","|turn|11","|","|move|p1a: DEEZ NUTS!!!!!|Gunk Shot|p2a: RIP Mascot","|-supereffective|p2a: RIP Mascot","|-damage|p2a: RIP Mascot|0 fnt","|-damage|p1a: DEEZ NUTS!!!!!|166/301|[from] item: Life Orb","|faint|p2a: RIP Mascot","|","|","|switch|p2a: ~~Missing Altaria~|Dragonite, F|323/323","|turn|12","|","|move|p1a: DEEZ NUTS!!!!!|Hyperspace Fury|p2a: ~~Missing Altaria~","|-crit|p2a: ~~Missing Altaria~","|-damage|p2a: ~~Missing Altaria~|94/323","|-unboost|p1a: DEEZ NUTS!!!!!|def|1","|-damage|p1a: DEEZ NUTS!!!!!|136/301|[from] item: Life Orb","|move|p2a: ~~Missing Altaria~|Ice Punch|p1a: DEEZ NUTS!!!!!","|-end|p1a: DEEZ NUTS!!!!!|Substitute","|","|turn|13","|","|switch|p1a: DEEZ NUTS!!!|Mandibuzz, F, shiny|424/424","|-damage|p1a: DEEZ NUTS!!!|318/424|[from] Stealth Rock","|move|p2a: ~~Missing Altaria~|Extreme Speed|p1a: DEEZ NUTS!!!","|-damage|p1a: DEEZ NUTS!!!|245/424","|","|-heal|p1a: DEEZ NUTS!!!|271/424|[from] item: Leftovers","|turn|14","|","|move|p2a: ~~Missing Altaria~|Outrage|p1a: DEEZ NUTS!!!","|-damage|p1a: DEEZ NUTS!!!|106/424","|move|p1a: DEEZ NUTS!!!|Roost|p1a: DEEZ NUTS!!!","|-heal|p1a: DEEZ NUTS!!!|318/424","|","|-heal|p1a: DEEZ NUTS!!!|344/424|[from] item: Leftovers","|turn|15","|","|move|p2a: ~~Missing Altaria~|Outrage|p1a: DEEZ NUTS!!!|[from]lockedmove","|-damage|p1a: DEEZ NUTS!!!|170/424","|move|p1a: DEEZ NUTS!!!|Toxic|p2a: ~~Missing Altaria~","|-status|p2a: ~~Missing Altaria~|tox","|","|-heal|p1a: DEEZ NUTS!!!|196/424|[from] item: Leftovers","|-damage|p2a: ~~Missing Altaria~|74/323 tox|[from] psn","|turn|16","|","|move|p2a: ~~Missing Altaria~|Outrage|p1a: DEEZ NUTS!!!|[from]lockedmove","|-damage|p1a: DEEZ NUTS!!!|34/424","|-start|p2a: ~~Missing Altaria~|confusion|[fatigue]","|move|p1a: DEEZ NUTS!!!|Roost|p1a: DEEZ NUTS!!!","|-heal|p1a: DEEZ NUTS!!!|246/424","|","|-heal|p1a: DEEZ NUTS!!!|272/424|[from] item: Leftovers","|-damage|p2a: ~~Missing Altaria~|34/323 tox|[from] psn","|turn|17","|","|switch|p2a: Vortexx|Thundurus-Therian, M|299/299","|move|p1a: DEEZ NUTS!!!|Roost|p1a: DEEZ NUTS!!!","|-heal|p1a: DEEZ NUTS!!!|424/424","|","|turn|18","|","|switch|p1a: DEEZ NUTS!!!!!!|Tyranitar, F|341/341","|-damage|p1a: DEEZ NUTS!!!!!!|299/341|[from] Stealth Rock","|-weather|Sandstorm","|move|p2a: Vortexx|Nasty Plot|p2a: Vortexx","|-boost|p2a: Vortexx|spa|2","|","|-weather|Sandstorm|[upkeep]","|-damage|p2a: Vortexx|281/299|[from] sandstorm","|turn|19","|","|detailschange|p1a: DEEZ NUTS!!!!!!|Tyranitar-Mega, F","|-mega|p1a: DEEZ NUTS!!!!!!|Tyranitar|Tyranitarite","|move|p2a: Vortexx|Grass Knot|p1a: DEEZ NUTS!!!!!!","|-supereffective|p1a: DEEZ NUTS!!!!!!","|-damage|p1a: DEEZ NUTS!!!!!!|0 fnt","|faint|p1a: DEEZ NUTS!!!!!!","|","|-weather|Sandstorm|[upkeep]","|-damage|p2a: Vortexx|263/299|[from] sandstorm","|","|switch|p1a: DEEZ NUTS!!|Weavile, F|107/281","|-damage|p1a: DEEZ NUTS!!|37/281|[from] Stealth Rock","|-ability|p1a: DEEZ NUTS!!|Pressure","|turn|20","|","|switch|p2a: ~~Missing Altaria~|Dragonite, F|34/323 tox","|move|p1a: DEEZ NUTS!!|Icicle Crash|p2a: ~~Missing Altaria~","|-supereffective|p2a: ~~Missing Altaria~","|-damage|p2a: ~~Missing Altaria~|0 fnt","|faint|p2a: ~~Missing Altaria~","|","|-weather|Sandstorm|[upkeep]","|-damage|p1a: DEEZ NUTS!!|20/281|[from] sandstorm","|","|switch|p2a: Megazard X|Gyarados-Mega, F, shiny|250/331","|-ability|p2a: Megazard X|Mold Breaker","|turn|21","|","|move|p1a: DEEZ NUTS!!|Icicle Crash|p2a: Megazard X","|-resisted|p2a: Megazard X","|-damage|p2a: Megazard X|176/331","|cant|p2a: Megazard X|flinch","|","|-weather|Sandstorm|[upkeep]","|-damage|p1a: DEEZ NUTS!!|3/281|[from] sandstorm","|-damage|p2a: Megazard X|156/331|[from] sandstorm","|turn|22","|","|move|p1a: DEEZ NUTS!!|Icicle Crash|p2a: Megazard X","|-resisted|p2a: Megazard X","|-damage|p2a: Megazard X|81/331","|move|p2a: Megazard X|Dragon Dance|p2a: Megazard X","|-boost|p2a: Megazard X|atk|1","|-boost|p2a: Megazard X|spe|1","|","|-weather|none","|turn|23","|","|move|p1a: DEEZ NUTS!!|Icicle Crash|p2a: Megazard X","|-crit|p2a: Megazard X","|-resisted|p2a: Megazard X","|-damage|p2a: Megazard X|0 fnt","|faint|p2a: Megazard X","|","|","|switch|p2a: Frostwing|Articuno, shiny|384/384","|-ability|p2a: Frostwing|Pressure","|turn|24","|","|move|p1a: DEEZ NUTS!!|Icicle Crash|p2a: Frostwing","|-damage|p2a: Frostwing|221/384","|cant|p2a: Frostwing|flinch","|","|-heal|p2a: Frostwing|245/384|[from] item: Leftovers","|turn|25","|","|move|p1a: DEEZ NUTS!!|Icicle Crash|p2a: Frostwing|[miss]","|-miss|p1a: DEEZ NUTS!!|p2a: Frostwing","|move|p2a: Frostwing|Roost|p2a: Frostwing","|-heal|p2a: Frostwing|384/384","|","|turn|26","|","|move|p1a: DEEZ NUTS!!|Icicle Crash|p2a: Frostwing","|-crit|p2a: Frostwing","|-damage|p2a: Frostwing|131/384","|cant|p2a: Frostwing|flinch","|","|-heal|p2a: Frostwing|155/384|[from] item: Leftovers","|turn|27","|","|switch|p2a: Come At Me|Skarmory, F|333/333","|move|p1a: DEEZ NUTS!!|Icicle Crash|p2a: Come At Me","|-damage|p2a: Come At Me|243/333","|","|turn|28","|","|move|p1a: DEEZ NUTS!!|Icicle Crash|p2a: Come At Me","|-damage|p2a: Come At Me|158/333","|move|p2a: Come At Me|Roost|p2a: Come At Me","|-heal|p2a: Come At Me|325/333","|","|turn|29","|","|move|p1a: DEEZ NUTS!!|Icicle Crash|p2a: Come At Me","|-damage|p2a: Come At Me|235/333","|move|p2a: Come At Me|Counter|p1a: DEEZ NUTS!!","|-damage|p1a: DEEZ NUTS!!|0 fnt","|faint|p1a: DEEZ NUTS!!","|","|","|switch|p1a: DEEZ NUTS!!!!!|Hoopa-Unbound|136/301","|-damage|p1a: DEEZ NUTS!!!!!|99/301|[from] Stealth Rock","|turn|30","|","|move|p1a: DEEZ NUTS!!!!!|Substitute|p1a: DEEZ NUTS!!!!!","|-start|p1a: DEEZ NUTS!!!!!|Substitute","|-damage|p1a: DEEZ NUTS!!!!!|24/301","|move|p2a: Come At Me|Roost|p2a: Come At Me","|-heal|p2a: Come At Me|333/333","|","|turn|31","|","|move|p1a: DEEZ NUTS!!!!!|Hyperspace Fury|p2a: Come At Me","|-damage|p2a: Come At Me|173/333","|-unboost|p1a: DEEZ NUTS!!!!!|def|1","|-damage|p1a: DEEZ NUTS!!!!!|0 fnt|[from] item: Life Orb","|faint|p1a: DEEZ NUTS!!!!!","|move|p2a: Come At Me|Counter|p1: DEEZ NUTS!!!!!|[notarget]","|-notarget","|","|","|switch|p1a: DEEZ NUTS!|Bisharp, M, shiny|226/271","|-damage|p1a: DEEZ NUTS!|210/271|[from] Stealth Rock","|turn|32","|","|move|p1a: DEEZ NUTS!|Sucker Punch|p2a: Come At Me","|-fail|p1a: DEEZ NUTS!","|move|p2a: Come At Me|Roost|p2a: Come At Me","|-heal|p2a: Come At Me|333/333","|","|turn|33","|","|move|p1a: DEEZ NUTS!|Sucker Punch|p2a: Come At Me","|-damage|p2a: Come At Me|248/333","|move|p2a: Come At Me|Counter|p1a: DEEZ NUTS!","|-damage|p1a: DEEZ NUTS!|40/271","|","|turn|34","|","|move|p1a: DEEZ NUTS!|Sucker Punch|p2a: Come At Me","|-damage|p2a: Come At Me|170/333","|move|p2a: Come At Me|Counter|p1a: DEEZ NUTS!","|-damage|p1a: DEEZ NUTS!|0 fnt","|faint|p1a: DEEZ NUTS!","|","|","|switch|p1a: DEEZ NUTS!!!|Mandibuzz, F, shiny|424/424","|-damage|p1a: DEEZ NUTS!!!|318/424|[from] Stealth Rock","|turn|35","|","|move|p1a: DEEZ NUTS!!!|Roost|p1a: DEEZ NUTS!!!","|-heal|p1a: DEEZ NUTS!!!|424/424","|move|p2a: Come At Me|Roost|p2a: Come At Me","|-heal|p2a: Come At Me|333/333","|","|turn|36","|","|switch|p2a: Frostwing|Articuno, shiny|155/384","|-ability|p2a: Frostwing|Pressure","|move|p1a: DEEZ NUTS!!!|Toxic|p2a: Frostwing","|-status|p2a: Frostwing|tox","|","|-heal|p2a: Frostwing|179/384 tox|[from] item: Leftovers","|-damage|p2a: Frostwing|155/384 tox|[from] psn","|turn|37","|","|move|p2a: Frostwing|Heal Bell|p2a: Frostwing","|-cureteam|p2a: Frostwing|[from] move: HealBell","|move|p1a: DEEZ NUTS!!!|Roost|p1a: DEEZ NUTS!!!","|-fail|p1a: DEEZ NUTS!!!","|","|-heal|p2a: Frostwing|179/384|[from] item: Leftovers","|turn|38","|","|move|p2a: Frostwing|Roost|p2a: Frostwing","|-heal|p2a: Frostwing|371/384","|move|p1a: DEEZ NUTS!!!|Foul Play|p2a: Frostwing","|-damage|p2a: Frostwing|277/384","|","|-heal|p2a: Frostwing|301/384|[from] item: Leftovers","|turn|39","|","|move|p2a: Frostwing|Freeze-Dry|p1a: DEEZ NUTS!!!","|-supereffective|p1a: DEEZ NUTS!!!","|-damage|p1a: DEEZ NUTS!!!|262/424","|move|p1a: DEEZ NUTS!!!|Roost|p1a: DEEZ NUTS!!!","|-heal|p1a: DEEZ NUTS!!!|424/424","|","|-heal|p2a: Frostwing|325/384|[from] item: Leftovers","|turn|40","|","|switch|p2a: Vortexx|Thundurus-Therian, M|263/299","|move|p1a: DEEZ NUTS!!!|Foul Play|p2a: Vortexx","|-damage|p2a: Vortexx|119/299","|","|turn|41","|","|move|p2a: Vortexx|Thunderbolt|p1a: DEEZ NUTS!!!","|-supereffective|p1a: DEEZ NUTS!!!","|-damage|p1a: DEEZ NUTS!!!|0 fnt","|faint|p1a: DEEZ NUTS!!!","|","|win|Rain Mistral"],"p1rating":{"entryid":"191502","serverid":"eos","formatid":"monotype","userid":"rainzeref","username":"Rain Zeref","w":"3","l":11,"t":"0","gxe":35.6,"r":"1500","rd":"130","sigma":"0","rptime":"1440061200","rpr":1385.7064528291,"rprd":79.777187771604,"rpsigma":"0","acre":1023.5795402543,"lacre":1023.5795402543,"oldacre":"1041.7969399038"},"p2rating":{"entryid":"218522","serverid":"eos","formatid":"monotype","userid":"rainmistral","username":"Rain Mistral","w":1,"l":"1","t":"0","gxe":51.6,"r":"1500","rd":"130","sigma":"0","rptime":"1440061200","rpr":1512.4638674665,"rprd":117.08863037969,"rpsigma":"0","acre":1044.788970176,"lacre":1044.788970176,"oldacre":"1000"},"endType":"normal"}