{"seed":[50253,54556,47703,63330],"turns":38,"p1":"Rain Hoot","p2":"Seven Swell","p1team":[{"name":"Aerodactyl","species":"Aerodactyl","item":"lifeorb","ability":"Pressure","moves":["aerialace","stoneedge","earthquake","taunt"],"nature":"Adamant","evs":{"hp":0,"atk":252,"def":0,"spa":0,"spd":4,"spe":252},"ivs":{"hp":31,"atk":31,"def":31,"spa":31,"spd":31,"spe":31}},{"name":"Shuckle","species":"Shuckle","item":"leftovers","ability":"Sturdy","moves":["stickyweb","stealthrock","toxic","encore"],"nature":"Calm","evs":{"hp":252,"atk":0,"def":4,"spa":0,"spd":252,"spe":0},"ivs":{"hp":31,"atk":31,"def":31,"spa":31,"spd":31,"spe":31}},{"name":"Diancie","species":"Diancie","item":"diancite","ability":"Clear Body","moves":["diamondstorm","moonblast","earthpower","protect"],"nature":"Hasty","evs":{"hp":0,"atk":0,"def":0,"spa":252,"spd":0,"spe":252},"ivs":{"hp":31,"atk":31,"def":31,"spa":31,"spd":31,"spe":31}},{"name":"Aurorus","species":"Aurorus","item":"assaultvest","ability":"Refrigerate","moves":["hypervoice","freezedry","mirrorcoat","darkpulse"],"nature":"Modest","evs":{"hp":248,"atk":0,"def":0,"spa":252,"spd":8,"spe":0},"ivs":{"hp":31,"atk":31,"def":31,"spa":31,"spd":31,"spe":31}},{"name":"Bastiodon","species":"Bastiodon","item":"leftovers","ability":"Sturdy","moves":["magiccoat","protect","toxic","metalburst"],"nature":"Bold","evs":{"hp":252,"atk":0,"def":252,"spa":0,"spd":4,"spe":0},"ivs":{"hp":31,"atk":31,"def":31,"spa":31,"spd":31,"spe":31}},{"name":"Golem","species":"Golem","item":"weaknesspolicy","ability":"Sturdy","moves":["earthquake","rockblast","suckerpunch","poweruppunch"],"nature":"Adamant","evs":{"hp":0,"atk":252,"def":4,"spa":0,"spd":0,"spe":252},"ivs":{"hp":31,"atk":31,"def":31,"spa":31,"spd":31,"spe":31}}],"p2team":[{"name":"Mew","species":"Mew","item":"leftovers","ability":"Synchronize","moves":["roost","toxic","healbell","aurasphere"],"nature":"Calm","evs":{"hp":252,"atk":0,"def":0,"spa":4,"spd":252,"spe":0},"ivs":{"hp":31,"atk":0,"def":31,"spa":31,"spd":31,"spe":31}},{"name":"Slowbro","species":"Slowbro","item":"rockyhelmet","ability":"Regenerator","moves":["scald","yawn","flamethrower","slackoff"],"nature":"Bold","evs":{"hp":252,"atk":0,"def":252,"spa":4,"spd":0,"spe":0},"ivs":{"hp":31,"atk":0,"def":31,"spa":31,"spd":31,"spe":31}},{"name":"Deoxys-Speed","species":"Deoxys-Speed","item":"focussash","ability":"Pressure","moves":["stealthrock","thunderbolt","thunderwave","icebeam"],"nature":"Timid","evs":{"hp":252,"atk":0,"def":0,"spa":44,"spd":0,"spe":212},"ivs":{"hp":31,"atk":0,"def":31,"spa":31,"spd":31,"spe":31}},{"name":"Latias","species":"Latias","item":"leftovers","ability":"Levitate","moves":["dracometeor","psyshock","roost","defog"],"nature":"Timid","evs":{"hp":252,"atk":0,"def":0,"spa":4,"spd":0,"spe":252},"ivs":{"hp":31,"atk":0,"def":31,"spa":31,"spd":31,"spe":31}},{"name":"Hoopa-Unbound","species":"Hoopa-Unbound","item":"focussash","ability":"Magician","moves":["hyperspacefury","drainpunch","firepunch","gunkshot"],"nature":"Adamant","evs":{"hp":0,"atk":252,"def":0,"spa":0,"spd":4,"spe":252},"ivs":{"hp":31,"atk":31,"def":31,"spa":31,"spd":31,"spe":31}},{"name":"Gardevoir","species":"Gardevoir","item":"gardevoirite","ability":"Trace","moves":["hypervoice","psyshock","shadowball","taunt"],"nature":"Timid","evs":{"hp":0,"atk":0,"def":0,"spa":252,"spd":4,"spe":252},"ivs":{"hp":31,"atk":0,"def":31,"spa":31,"spd":31,"spe":31}}],"log":["|player|p1|Rain Hoot|266","|player|p2|Seven Swell|sevenswell.png","|gametype|singles","|gen|6","|tier|Monotype","|rated","|rule|Baton Pass Clause: Limit one Baton Passer, can't pass Spe and other stats simultaneously","|rule|Swagger Clause: Swagger is banned","|rule|Same Type Clause: Pokémon in a team must share a type","|clearpoke","|poke|p1|Aerodactyl, M","|poke|p1|Shuckle, F","|poke|p1|Diancie","|poke|p1|Aurorus, F","|poke|p1|Bastiodon, M","|poke|p1|Golem, F","|poke|p2|Mew","|poke|p2|Slowbro, M","|poke|p2|Deoxys-Speed","|poke|p2|Latias, F","|poke|p2|Hoopa-Unbound","|poke|p2|Gardevoir, F","|rule|Sleep Clause Mod: Limit one foe put to sleep","|rule|Species Clause: Limit one of each Pokémon","|rule|OHKO Clause: OHKO moves are banned","|rule|Moody Clause: Moody is banned","|rule|Evasion Moves Clause: Evasion moves are banned","|rule|Endless Battle Clause: Forcing endless battles is banned","|rule|HP Percentage Mod: HP is shown in percentages","|teampreview","|","|start","|switch|p1a: Bastiodon|Bastiodon, M|324/324","|switch|p2a: Slowbro|Slowbro, M|394/394","|turn|1","|","|move|p1a: Bastiodon|Toxic|p2a: Slowbro|[miss]","|-miss|p1a: Bastiodon|p2a: Slowbro","|move|p2a: Slowbro|Scald|p1a: Bastiodon","|-supereffective|p1a: Bastiodon","|-damage|p1a: Bastiodon|192/324","|","|-heal|p1a: Bastiodon|212/324|[from] item: Leftovers","|turn|2","|","|move|p2a: Slowbro|Scald|p1a: Bastiodon","|-supereffective|p1a: Bastiodon","|-damage|p1a: Bastiodon|74/324","|move|p1a: Bastiodon|Metal Burst|p2a: Slowbro","|-damage|p2a: Slowbro|187/394","|","|-heal|p1a: Bastiodon|94/324|[from] item: Leftovers","|turn|3","|","|move|p2a: Slowbro|Slack Off|p2a: Slowbro","|-heal|p2a: Slowbro|384/394","|move|p1a: Bastiodon|Toxic|p2a: Slowbro|[miss]","|-miss|p1a: Bastiodon|p2a: Slowbro","|","|-heal|p1a: Bastiodon|114/324|[from] item: Leftovers","|turn|4","|","|move|p2a: Slowbro|Scald|p1a: Bastiodon","|-crit|p1a: Bastiodon","|-supereffective|p1a: Bastiodon","|-damage|p1a: Bastiodon|0 fnt","|faint|p1a: Bastiodon","|","|","|switch|p1a: Aurorus|Aurorus, F|449/449","|turn|5","|","|switch|p2a: Mew|Mew|404/404","|move|p1a: Aurorus|Freeze-Dry|p2a: Mew","|-damage|p2a: Mew|317/404","|","|-heal|p2a: Mew|342/404|[from] item: Leftovers","|turn|6","|","|move|p2a: Mew|Aura Sphere|p1a: Aurorus","|-supereffective|p1a: Aurorus","|-damage|p1a: Aurorus|281/449","|move|p1a: Aurorus|Dark Pulse|p2a: Mew","|-supereffective|p2a: Mew","|-damage|p2a: Mew|216/404","|","|-heal|p2a: Mew|241/404|[from] item: Leftovers","|turn|7","|","|move|p2a: Mew|Roost|p2a: Mew","|-heal|p2a: Mew|404/404","|move|p1a: Aurorus|Mirror Coat|p2a: Mew","|-fail|p2a: Mew","|","|turn|8","|","|move|p2a: Mew|Toxic|p1a: Aurorus","|-status|p1a: Aurorus|tox","|move|p1a: Aurorus|Mirror Coat|p2a: Mew","|-fail|p2a: Mew","|","|-damage|p1a: Aurorus|253/449 tox|[from] psn","|turn|9","|","|switch|p2a: Gardevoir|Gardevoir, F|277/277","|-ability|p2a: Gardevoir|Refrigerate|[from] ability: Trace|[of] p1a: Aurorus","|switch|p1a: Shuckle|Shuckle, F|244/244","|","|turn|10","|","|move|p2a: Gardevoir|Taunt|p1a: Shuckle","|-start|p1a: Shuckle|move: Taunt","|cant|p1a: Shuckle|move: Taunt|Sticky Web","|","|turn|11","|","|switch|p2a: Deoxys-Speed|Deoxys-Speed|304/304","|-ability|p2a: Deoxys-Speed|Pressure","|switch|p1a: Aurorus|Aurorus, F|253/449 tox","|","|-damage|p1a: Aurorus|225/449 tox|[from] psn","|turn|12","|","|move|p2a: Deoxys-Speed|Stealth Rock|p1a: Aurorus","|-sidestart|p1: Rain Hoot|move: Stealth Rock","|move|p1a: Aurorus|Dark Pulse|p2a: Deoxys-Speed","|-supereffective|p2a: Deoxys-Speed","|-damage|p2a: Deoxys-Speed|102/304","|","|-damage|p1a: Aurorus|169/449 tox|[from] psn","|turn|13","|","|move|p2a: Deoxys-Speed|Thunderbolt|p1a: Aurorus","|-damage|p1a: Aurorus|120/449 tox","|move|p1a: Aurorus|Dark Pulse|p2a: Deoxys-Speed","|-supereffective|p2a: Deoxys-Speed","|-damage|p2a: Deoxys-Speed|0 fnt","|faint|p2a: Deoxys-Speed","|","|-damage|p1a: Aurorus|36/449 tox|[from] psn","|","|switch|p2a: Gardevoir|Gardevoir, F|277/277","|-ability|p2a: Gardevoir|Refrigerate|[from] ability: Trace|[of] p1a: Aurorus","|turn|14","|","|move|p2a: Gardevoir|Psyshock|p1a: Aurorus","|-crit|p1a: Aurorus","|-damage|p1a: Aurorus|0 fnt","|faint|p1a: Aurorus","|","|","|switch|p1a: Shuckle|Shuckle, F|244/244","|-damage|p1a: Shuckle|183/244|[from] Stealth Rock","|turn|15","|","|switch|p1a: Aerodactyl|Aerodactyl, M|301/301","|-damage|p1a: Aerodactyl|226/301|[from] Stealth Rock","|-ability|p1a: Aerodactyl|Pressure","|move|p2a: Gardevoir|Taunt|p1a: Aerodactyl","|-start|p1a: Aerodactyl|move: Taunt","|","|turn|16","|","|move|p1a: Aerodactyl|Stone Edge|p2a: Gardevoir","|-damage|p2a: Gardevoir|0 fnt","|-damage|p1a: Aerodactyl|196/301|[from] item: Life Orb","|faint|p2a: Gardevoir","|","|","|switch|p2a: Slowbro|Slowbro, M|394/394","|turn|17","|","|move|p1a: Aerodactyl|Stone Edge|p2a: Slowbro|[miss]","|-miss|p1a: Aerodactyl|p2a: Slowbro","|move|p2a: Slowbro|Scald|p1a: Aerodactyl","|-supereffective|p1a: Aerodactyl","|-damage|p1a: Aerodactyl|0 fnt","|faint|p1a: Aerodactyl","|","|","|switch|p1a: Shuckle|Shuckle, F|183/244","|-damage|p1a: Shuckle|122/244|[from] Stealth Rock","|turn|18","|","|move|p2a: Slowbro|Scald|p1a: Shuckle","|-supereffective|p1a: Shuckle","|-damage|p1a: Shuckle|54/244","|move|p1a: Shuckle|Toxic|p2a: Slowbro","|-status|p2a: Slowbro|tox","|","|-heal|p1a: Shuckle|69/244|[from] item: Leftovers","|-damage|p2a: Slowbro|370/394 tox|[from] psn","|turn|19","|","|move|p2a: Slowbro|Yawn|p1a: Shuckle","|-start|p1a: Shuckle|move: Yawn|[of] p2a: Slowbro","|move|p1a: Shuckle|Sticky Web|p2a: Slowbro","|-sidestart|p2: Seven Swell|move: Sticky Web","|","|-heal|p1a: Shuckle|84/244|[from] item: Leftovers","|-damage|p2a: Slowbro|322/394 tox|[from] psn","|turn|20","|","|switch|p2a: Latias|Latias, F|364/364","|move|p1a: Shuckle|Stealth Rock|p2a: Latias","|-sidestart|p2: Seven Swell|move: Stealth Rock","|","|-end|p1a: Shuckle|move: Yawn|[silent]","|-status|p1a: Shuckle|slp","|-heal|p1a: Shuckle|99/244 slp|[from] item: Leftovers","|turn|21","|","|switch|p1a: Golem|Golem, F|301/301","|-damage|p1a: Golem|283/301|[from] Stealth Rock","|move|p2a: Latias|Defog|p1a: Golem","|-unboost|p1a: Golem|evasion|1","|-sideend|p1: Rain Hoot|Stealth Rock|[from] move: Defog|[of] p1a: Golem","|-sideend|p2: Seven Swell|Stealth Rock|[from] move: Defog|[of] p2a: Latias","|-sideend|p2: Seven Swell|Sticky Web|[from] move: Defog|[of] p2a: Latias","|","|turn|22","|","|move|p2a: Latias|Draco Meteor|p1a: Golem","|-damage|p1a: Golem|63/301","|-unboost|p2a: Latias|spa|2","|move|p1a: Golem|Power-Up Punch|p2a: Latias","|-resisted|p2a: Latias","|-damage|p2a: Latias|335/364","|-boost|p1a: Golem|atk|1","|","|-heal|p2a: Latias|357/364|[from] item: Leftovers","|turn|23","|","|switch|p2a: Slowbro|Slowbro, M|394/394 tox","|move|p1a: Golem|Sucker Punch|p2a: Slowbro","|-fail|p1a: Golem","|","|-damage|p2a: Slowbro|370/394 tox|[from] psn","|turn|24","|","|move|p1a: Golem|Earthquake|p2a: Slowbro","|-damage|p2a: Slowbro|183/394 tox","|move|p2a: Slowbro|Yawn|p1a: Golem","|-start|p1a: Golem|move: Yawn|[of] p2a: Slowbro","|","|-damage|p2a: Slowbro|135/394 tox|[from] psn","|turn|25","|","|switch|p2a: Latias|Latias, F|357/364","|move|p1a: Golem|Rock Blast|p2a: Latias","|-damage|p2a: Latias|279/364","|-damage|p2a: Latias|206/364","|-damage|p2a: Latias|128/364","|-damage|p2a: Latias|44/364","|-hitcount|p2a: Latias|4","|","|-end|p1a: Golem|move: Yawn|[silent]","|-message|Sleep Clause Mod activated.","|-heal|p2a: Latias|66/364|[from] item: Leftovers","|turn|26","|","|move|p1a: Golem|Sucker Punch|p2a: Latias","|-fail|p1a: Golem","|move|p2a: Latias|Roost|p2a: Latias","|-heal|p2a: Latias|248/364","|","|-heal|p2a: Latias|270/364|[from] item: Leftovers","|turn|27","|","|move|p2a: Latias|Roost|p2a: Latias","|-heal|p2a: Latias|364/364","|move|p1a: Golem|Rock Blast|p2a: Latias","|-damage|p2a: Latias|282/364","|-damage|p2a: Latias|204/364","|-crit|p2a: Latias","|-damage|p2a: Latias|87/364","|-hitcount|p2a: Latias|3","|","|-heal|p2a: Latias|109/364|[from] item: Leftovers","|turn|28","|","|move|p1a: Golem|Sucker Punch|p2a: Latias","|-fail|p1a: Golem","|move|p2a: Latias|Roost|p2a: Latias","|-heal|p2a: Latias|291/364","|","|-heal|p2a: Latias|313/364|[from] item: Leftovers","|turn|29","|","|move|p1a: Golem|Sucker Punch|p2a: Latias","|-fail|p1a: Golem","|move|p2a: Latias|Roost|p2a: Latias","|-heal|p2a: Latias|364/364","|","|turn|30","|","|move|p1a: Golem|Sucker Punch|p2a: Latias","|-fail|p1a: Golem","|move|p2a: Latias|Roost|p2a: Latias","|-fail|p2a: Latias","|","|turn|31","|","|move|p1a: Golem|Sucker Punch|p2a: Latias","|-fail|p1a: Golem","|move|p2a: Latias|Roost|p2a: Latias","|-fail|p2a: Latias","|","|turn|32","|","|move|p1a: Golem|Sucker Punch|p2a: Latias","|-fail|p1a: Golem","|move|p2a: Latias|Roost|p2a: Latias","|-fail|p2a: Latias","|","|turn|33","|","|move|p2a: Latias|Psyshock|p1a: Golem","|-damage|p1a: Golem|0 fnt","|faint|p1a: Golem","|","|","|switch|p1a: Diancie|Diancie|241/241","|turn|34","|","|detailschange|p1a: Diancie|Diancie-Mega","|-mega|p1a: Diancie|Diancie|Diancite","|move|p2a: Latias|Psyshock|p1a: Diancie","|-damage|p1a: Diancie|126/241","|move|p1a: Diancie|Moonblast|p2a: Latias","|-supereffective|p2a: Latias","|-damage|p2a: Latias|34/364","|","|-heal|p2a: Latias|56/364|[from] item: Leftovers","|turn|35","|","|move|p2a: Latias|Psyshock|p1a: Diancie","|-damage|p1a: Diancie|23/241","|move|p1a: Diancie|Moonblast|p2a: Latias","|-supereffective|p2a: Latias","|-damage|p2a: Latias|0 fnt","|faint|p2a: Latias","|","|","|switch|p2a: Hoopa-Unbound|Hoopa-Unbound|301/301","|turn|36","|","|move|p1a: Diancie|Protect|p1a: Diancie","|-singleturn|p1a: Diancie|Protect","|move|p2a: Hoopa-Unbound|Drain Punch|p1a: Diancie","|-activate|p1a: Diancie|Protect","|","|turn|37","|","|move|p1a: Diancie|Moonblast|p2a: Hoopa-Unbound","|-supereffective|p2a: Hoopa-Unbound","|-enditem|p2a: Hoopa-Unbound|Focus Sash","|-damage|p2a: Hoopa-Unbound|1/301","|move|p2a: Hoopa-Unbound|Hyperspace Fury|p1a: Diancie","|-resisted|p1a: Diancie","|-damage|p1a: Diancie|0 fnt","|-unboost|p2a: Hoopa-Unbound|def|1","|faint|p1a: Diancie","|","|","|switch|p1a: Shuckle|Shuckle, F|99/244 slp","|turn|38","|","|move|p2a: Hoopa-Unbound|Hyperspace Fury|p1a: Shuckle","|-damage|p1a: Shuckle|0 fnt","|-item|p2a: Hoopa-Unbound|Leftovers|[from] ability: Magician|[of] p1a: Shuckle","|-unboost|p2a: Hoopa-Unbound|def|1","|faint|p1a: Shuckle","|","|win|Seven Swell"],"p1rating":{"entryid":"129353","serverid":"eos","formatid":"monotype","userid":"rainhoot","username":"Rain Hoot","w":"3","l":6,"t":"0","gxe":41,"r":"1451.0879459449","rd":"111.70395438808","sigma":"0","rptime":"1440061200","rpr":1428.8360392316,"rprd":90.973330851906,"rpsigma":"0","acre":1078.7405783191,"lacre":1078.7405783191,"oldacre":"1096.5539865375"},"p2rating":{"entryid":"86214","serverid":"eos","formatid":"monotype","userid":"sevenswell","username":"Seven Swell","w":25,"l":"9","t":"0","gxe":68,"r":"1657.3392056267","rd":"80.221831851584","sigma":"0","rptime":"1440061200","rpr":1643.5748009258,"rprd":59.785997936686,"rpsigma":"0","acre":1211.8434404821,"lacre":1211.8434404821,"oldacre":"1193.6539447814"},"endType":"normal"}