{"seed":[45392,37336,23624,6130],"turns":43,"p1":"key7","p2":"Seven Swell","p1team":[{"name":"Aggron","species":"Aggron","item":"lifeorb","ability":"Rock Head","moves":["rockpolish","headsmash","ironhead","earthquake"],"nature":"Adamant","evs":{"hp":0,"atk":252,"def":0,"spa":0,"spd":4,"spe":252},"ivs":{"hp":31,"atk":31,"def":31,"spa":31,"spd":31,"spe":31}},{"name":"Scizor","species":"Scizor","item":"scizorite","ability":"Technician","moves":["swordsdance","xscissor","bulletpunch","roost"],"nature":"Adamant","evs":{"hp":248,"atk":252,"def":0,"spa":0,"spd":8,"spe":0},"ivs":{"hp":31,"atk":31,"def":31,"spa":31,"spd":31,"spe":31}},{"name":"Lucario","species":"Lucario","item":"focussash","ability":"Inner Focus","moves":["nastyplot","aurasphere","flashcannon","vacuumwave"],"nature":"Timid","evs":{"hp":0,"atk":0,"def":0,"spa":252,"spd":4,"spe":252},"ivs":{"hp":31,"atk":31,"def":31,"spa":31,"spd":31,"spe":31}},{"name":"Heatran","species":"Heatran","item":"airballoon","ability":"Flash Fire","moves":["fireblast","flashcannon","earthpower","protect"],"nature":"Modest","evs":{"hp":240,"atk":0,"def":0,"spa":252,"spd":8,"spe":8},"ivs":{"hp":31,"atk":31,"def":31,"spa":31,"spd":31,"spe":31}},{"name":"Skarmory","species":"Skarmory","item":"leftovers","ability":"Sturdy","moves":["spikes","toxic","protect","bravebird"],"nature":"Impish","evs":{"hp":252,"atk":0,"def":232,"spa":0,"spd":0,"spe":24},"ivs":{"hp":31,"atk":31,"def":31,"spa":31,"spd":31,"spe":31}},{"name":"Registeel","species":"Registeel","item":"leftovers","ability":"Clear Body","moves":["stealthrock","protect","toxic","seismictoss"],"nature":"Calm","evs":{"hp":252,"atk":0,"def":4,"spa":0,"spd":252,"spe":0},"ivs":{"hp":31,"atk":31,"def":31,"spa":31,"spd":31,"spe":31}}],"p2team":[{"name":"Mew","species":"Mew","item":"leftovers","ability":"Synchronize","moves":["roost","toxic","healbell","aurasphere"],"nature":"Calm","evs":{"hp":252,"atk":0,"def":0,"spa":4,"spd":252,"spe":0},"ivs":{"hp":31,"atk":0,"def":31,"spa":31,"spd":31,"spe":31}},{"name":"Slowbro","species":"Slowbro","item":"rockyhelmet","ability":"Regenerator","moves":["scald","yawn","flamethrower","slackoff"],"nature":"Bold","evs":{"hp":252,"atk":0,"def":252,"spa":4,"spd":0,"spe":0},"ivs":{"hp":31,"atk":0,"def":31,"spa":31,"spd":31,"spe":31}},{"name":"Deoxys-Speed","species":"Deoxys-Speed","item":"focussash","ability":"Pressure","moves":["stealthrock","thunderbolt","thunderwave","icebeam"],"nature":"Timid","evs":{"hp":252,"atk":0,"def":0,"spa":44,"spd":0,"spe":212},"ivs":{"hp":31,"atk":0,"def":31,"spa":31,"spd":31,"spe":31}},{"name":"Latias","species":"Latias","item":"leftovers","ability":"Levitate","moves":["dracometeor","psyshock","roost","defog"],"nature":"Timid","evs":{"hp":252,"atk":0,"def":0,"spa":4,"spd":0,"spe":252},"ivs":{"hp":31,"atk":0,"def":31,"spa":31,"spd":31,"spe":31}},{"name":"Hoopa-Unbound","species":"Hoopa-Unbound","item":"focussash","ability":"Magician","moves":["hyperspacefury","drainpunch","firepunch","gunkshot"],"nature":"Adamant","evs":{"hp":0,"atk":252,"def":0,"spa":0,"spd":4,"spe":252},"ivs":{"hp":31,"atk":31,"def":31,"spa":31,"spd":31,"spe":31}},{"name":"Gardevoir","species":"Gardevoir","item":"gardevoirite","ability":"Trace","moves":["hypervoice","psyshock","shadowball","taunt"],"nature":"Timid","evs":{"hp":0,"atk":0,"def":0,"spa":252,"spd":4,"spe":252},"ivs":{"hp":31,"atk":0,"def":31,"spa":31,"spd":31,"spe":31}}],"log":["|player|p1|key7|key7.png","|player|p2|Seven Swell|sevenswell.png","|gametype|singles","|gen|6","|tier|Monotype","|rated","|rule|Baton Pass Clause: Limit one Baton Passer, can't pass Spe and other stats simultaneously","|rule|Swagger Clause: Swagger is banned","|rule|Same Type Clause: Pokémon in a team must share a type","|clearpoke","|poke|p1|Aggron, M","|poke|p1|Scizor, M","|poke|p1|Lucario, F","|poke|p1|Heatran, F","|poke|p1|Skarmory, M","|poke|p1|Registeel","|poke|p2|Mew","|poke|p2|Slowbro, M","|poke|p2|Deoxys-Speed","|poke|p2|Latias, F","|poke|p2|Hoopa-Unbound","|poke|p2|Gardevoir, M","|rule|Sleep Clause Mod: Limit one foe put to sleep","|rule|Species Clause: Limit one of each Pokémon","|rule|OHKO Clause: OHKO moves are banned","|rule|Moody Clause: Moody is banned","|rule|Evasion Moves Clause: Evasion moves are banned","|rule|Endless Battle Clause: Forcing endless battles is banned","|rule|HP Percentage Mod: HP is shown in percentages","|teampreview","|","|start","|switch|p1a: Scizor|Scizor, M|343/343","|switch|p2a: Slowbro|Slowbro, M|394/394","|turn|1","|","|detailschange|p1a: Scizor|Scizor-Mega, M","|-mega|p1a: Scizor|Scizor|Scizorite","|move|p1a: Scizor|Swords Dance|p1a: Scizor","|-boost|p1a: Scizor|atk|2","|move|p2a: Slowbro|Flamethrower|p1a: Scizor","|-supereffective|p1a: Scizor","|-damage|p1a: Scizor|71/343","|","|turn|2","|","|switch|p2a: Gardevoir|Gardevoir, M|277/277","|-ability|p2a: Gardevoir|Technician|[from] ability: Trace|[of] p1a: Scizor","|move|p1a: Scizor|X-Scissor|p2a: Gardevoir","|-crit|p2a: Gardevoir","|-damage|p2a: Gardevoir|0 fnt","|faint|p2a: Gardevoir","|","|","|switch|p2a: Deoxys-Speed|Deoxys-Speed|304/304","|-ability|p2a: Deoxys-Speed|Pressure","|turn|3","|","|switch|p1a: Registeel|Registeel|364/364","|move|p2a: Deoxys-Speed|Thunderbolt|p1a: Registeel","|-crit|p1a: Registeel","|-damage|p1a: Registeel|303/364","|-status|p1a: Registeel|par","|","|-heal|p1a: Registeel|325/364 par|[from] item: Leftovers","|turn|4","|","|move|p2a: Deoxys-Speed|Stealth Rock|p1a: Registeel","|-sidestart|p1: key7|move: Stealth Rock","|move|p1a: Registeel|Toxic|p2a: Deoxys-Speed","|-status|p2a: Deoxys-Speed|tox","|","|-heal|p1a: Registeel|347/364 par|[from] item: Leftovers","|-damage|p2a: Deoxys-Speed|285/304 tox|[from] psn","|turn|5","|","|switch|p2a: Mew|Mew|404/404","|move|p1a: Registeel|Stealth Rock|p2a: Mew","|-sidestart|p2: Seven Swell|move: Stealth Rock","|","|-heal|p1a: Registeel|364/364 par|[from] item: Leftovers","|turn|6","|","|move|p2a: Mew|Aura Sphere|p1a: Registeel","|-supereffective|p1a: Registeel","|-damage|p1a: Registeel|290/364 par","|move|p1a: Registeel|Toxic|p2a: Mew","|-status|p2a: Mew|tox","|","|-heal|p1a: Registeel|312/364 par|[from] item: Leftovers","|-damage|p2a: Mew|379/404 tox|[from] psn","|turn|7","|","|move|p2a: Mew|Heal Bell|p2a: Mew","|-cureteam|p2a: Mew|[from] move: HealBell","|cant|p1a: Registeel|par","|","|-heal|p2a: Mew|404/404|[from] item: Leftovers","|-heal|p1a: Registeel|334/364 par|[from] item: Leftovers","|turn|8","|","|switch|p2a: Latias|Latias, F|364/364","|-damage|p2a: Latias|319/364|[from] Stealth Rock","|move|p1a: Registeel|Protect|p1a: Registeel","|-fail|p1a: Registeel","|","|-heal|p2a: Latias|341/364|[from] item: Leftovers","|-heal|p1a: Registeel|356/364 par|[from] item: Leftovers","|turn|9","|","|move|p2a: Latias|Defog|p1a: Registeel","|-fail|p1a: Registeel|unboost|[from] ability: Clear Body|[of] p1a: Registeel","|-sideend|p1: key7|Stealth Rock|[from] move: Defog|[of] p1a: Registeel","|-sideend|p2: Seven Swell|Stealth Rock|[from] move: Defog|[of] p2a: Latias","|cant|p1a: Registeel|par","|","|-heal|p2a: Latias|363/364|[from] item: Leftovers","|-heal|p1a: Registeel|364/364 par|[from] item: Leftovers","|turn|10","|","|switch|p2a: Hoopa-Unbound|Hoopa-Unbound|301/301","|move|p1a: Registeel|Toxic|p2a: Hoopa-Unbound","|-status|p2a: Hoopa-Unbound|tox","|","|-damage|p2a: Hoopa-Unbound|283/301 tox|[from] psn","|turn|11","|","|move|p1a: Registeel|Protect|p1a: Registeel","|-singleturn|p1a: Registeel|Protect","|move|p2a: Hoopa-Unbound|Fire Punch|p1a: Registeel","|-activate|p1a: Registeel|Protect","|","|-damage|p2a: Hoopa-Unbound|247/301 tox|[from] psn","|turn|12","|","|switch|p1a: Heatran|Heatran, F|383/383","|-item|p1a: Heatran|Air Balloon","|move|p2a: Hoopa-Unbound|Drain Punch|p1a: Heatran","|-supereffective|p1a: Heatran","|-damage|p1a: Heatran|159/383","|-heal|p2a: Hoopa-Unbound|301/301 tox|[from] drain|[of] p1a: Heatran","|-enditem|p1a: Heatran|Air Balloon","|","|-damage|p2a: Hoopa-Unbound|247/301 tox|[from] psn","|turn|13","|","|move|p1a: Heatran|Protect|p1a: Heatran","|-singleturn|p1a: Heatran|Protect","|move|p2a: Hoopa-Unbound|Hyperspace Fury|p1a: Heatran","|-activate|p1a: Heatran|move: Hyperspace Fury|[broken]","|-damage|p1a: Heatran|0 fnt","|-unboost|p2a: Hoopa-Unbound|def|1","|faint|p1a: Heatran","|","|-damage|p2a: Hoopa-Unbound|175/301 tox|[from] psn","|","|switch|p1a: Scizor|Scizor-Mega, M|71/343","|turn|14","|","|switch|p2a: Latias|Latias, F|363/364","|move|p1a: Scizor|Roost|p1a: Scizor","|-heal|p1a: Scizor|243/343","|","|-heal|p2a: Latias|364/364|[from] item: Leftovers","|turn|15","|","|switch|p2a: Deoxys-Speed|Deoxys-Speed|285/304","|-ability|p2a: Deoxys-Speed|Pressure","|switch|p1a: Registeel|Registeel|364/364 par","|","|turn|16","|","|switch|p2a: Mew|Mew|404/404","|move|p1a: Registeel|Stealth Rock|p2a: Mew","|-sidestart|p2: Seven Swell|move: Stealth Rock","|","|turn|17","|","|move|p2a: Mew|Aura Sphere|p1a: Registeel","|-supereffective|p1a: Registeel","|-damage|p1a: Registeel|300/364 par","|move|p1a: Registeel|Toxic|p2a: Mew","|-status|p2a: Mew|tox","|","|-heal|p1a: Registeel|322/364 par|[from] item: Leftovers","|-damage|p2a: Mew|379/404 tox|[from] psn","|turn|18","|","|move|p2a: Mew|Heal Bell|p2a: Mew","|-cureteam|p2a: Mew|[from] move: HealBell","|cant|p1a: Registeel|par","|","|-heal|p2a: Mew|404/404|[from] item: Leftovers","|-heal|p1a: Registeel|344/364 par|[from] item: Leftovers","|turn|19","|","|switch|p2a: Hoopa-Unbound|Hoopa-Unbound|175/301","|-damage|p2a: Hoopa-Unbound|138/301|[from] Stealth Rock","|move|p1a: Registeel|Seismic Toss|p2a: Hoopa-Unbound","|-damage|p2a: Hoopa-Unbound|38/301","|","|-heal|p1a: Registeel|364/364 par|[from] item: Leftovers","|turn|20","|","|move|p2a: Hoopa-Unbound|Drain Punch|p1a: Registeel","|-supereffective|p1a: Registeel","|-damage|p1a: Registeel|194/364 par","|-heal|p2a: Hoopa-Unbound|123/301|[from] drain|[of] p1a: Registeel","|cant|p1a: Registeel|par","|","|-heal|p1a: Registeel|216/364 par|[from] item: Leftovers","|turn|21","|","|move|p2a: Hoopa-Unbound|Fire Punch|p1a: Registeel","|-supereffective|p1a: Registeel","|-damage|p1a: Registeel|56/364 par","|cant|p1a: Registeel|par","|","|-heal|p1a: Registeel|78/364 par|[from] item: Leftovers","|turn|22","|","|move|p2a: Hoopa-Unbound|Fire Punch|p1a: Registeel","|-crit|p1a: Registeel","|-supereffective|p1a: Registeel","|-damage|p1a: Registeel|0 fnt","|faint|p1a: Registeel","|","|","|switch|p1a: Skarmory|Skarmory, M|334/334","|turn|23","|","|move|p2a: Hoopa-Unbound|Fire Punch|p1a: Skarmory","|-supereffective|p1a: Skarmory","|-damage|p1a: Skarmory|208/334","|move|p1a: Skarmory|Spikes|p2a: Hoopa-Unbound","|-sidestart|p2: Seven Swell|Spikes","|","|-heal|p1a: Skarmory|228/334|[from] item: Leftovers","|turn|24","|","|switch|p2a: Latias|Latias, F|364/364","|-damage|p2a: Latias|319/364|[from] Stealth Rock","|move|p1a: Skarmory|Protect|p1a: Skarmory","|-fail|p1a: Skarmory","|","|-heal|p2a: Latias|341/364|[from] item: Leftovers","|-heal|p1a: Skarmory|248/334|[from] item: Leftovers","|turn|25","|","|move|p2a: Latias|Defog|p1a: Skarmory","|-unboost|p1a: Skarmory|evasion|1","|-sideend|p2: Seven Swell|Spikes|[from] move: Defog|[of] p2a: Latias","|-sideend|p2: Seven Swell|Stealth Rock|[from] move: Defog|[of] p2a: Latias","|move|p1a: Skarmory|Toxic|p2a: Latias","|-status|p2a: Latias|tox","|","|-heal|p2a: Latias|363/364 tox|[from] item: Leftovers","|-heal|p1a: Skarmory|268/334|[from] item: Leftovers","|-damage|p2a: Latias|341/364 tox|[from] psn","|turn|26","|","|switch|p2a: Slowbro|Slowbro, M|394/394","|move|p1a: Skarmory|Toxic|p2a: Slowbro","|-status|p2a: Slowbro|tox","|","|-heal|p1a: Skarmory|288/334|[from] item: Leftovers","|-damage|p2a: Slowbro|370/394 tox|[from] psn","|turn|27","|","|move|p1a: Skarmory|Protect|p1a: Skarmory","|-singleturn|p1a: Skarmory|Protect","|move|p2a: Slowbro|Scald|p1a: Skarmory","|-activate|p1a: Skarmory|Protect","|","|-heal|p1a: Skarmory|308/334|[from] item: Leftovers","|-damage|p2a: Slowbro|322/394 tox|[from] psn","|turn|28","|","|move|p1a: Skarmory|Spikes|p2a: Slowbro","|-sidestart|p2: Seven Swell|Spikes","|move|p2a: Slowbro|Scald|p1a: Skarmory","|-damage|p1a: Skarmory|176/334","|","|-heal|p1a: Skarmory|196/334|[from] item: Leftovers","|-damage|p2a: Slowbro|250/394 tox|[from] psn","|turn|29","|","|switch|p2a: Mew|Mew|404/404","|-damage|p2a: Mew|354/404|[from] Spikes","|move|p1a: Skarmory|Toxic|p2a: Mew","|-status|p2a: Mew|tox","|","|-heal|p2a: Mew|379/404 tox|[from] item: Leftovers","|-heal|p1a: Skarmory|216/334|[from] item: Leftovers","|-damage|p2a: Mew|354/404 tox|[from] psn","|turn|30","|","|move|p2a: Mew|Heal Bell|p2a: Mew","|-cureteam|p2a: Mew|[from] move: HealBell","|move|p1a: Skarmory|Toxic|p2a: Mew","|-status|p2a: Mew|tox","|","|-heal|p2a: Mew|379/404 tox|[from] item: Leftovers","|-heal|p1a: Skarmory|236/334|[from] item: Leftovers","|-damage|p2a: Mew|354/404 tox|[from] psn","|turn|31","|","|switch|p2a: Deoxys-Speed|Deoxys-Speed|285/304","|-damage|p2a: Deoxys-Speed|247/304|[from] Spikes","|-ability|p2a: Deoxys-Speed|Pressure","|move|p1a: Skarmory|Spikes|p2a: Deoxys-Speed","|-sidestart|p2: Seven Swell|Spikes","|","|-heal|p1a: Skarmory|256/334|[from] item: Leftovers","|turn|32","|","|move|p1a: Skarmory|Protect|p1a: Skarmory","|-singleturn|p1a: Skarmory|Protect","|move|p2a: Deoxys-Speed|Thunderbolt|p1a: Skarmory","|-activate|p1a: Skarmory|Protect","|","|-heal|p1a: Skarmory|276/334|[from] item: Leftovers","|turn|33","|","|move|p2a: Deoxys-Speed|Thunder Wave|p1a: Skarmory","|-status|p1a: Skarmory|par","|move|p1a: Skarmory|Brave Bird|p2a: Deoxys-Speed","|-damage|p2a: Deoxys-Speed|112/304","|-damage|p1a: Skarmory|231/334 par|[from] recoil|[of] p2a: Deoxys-Speed","|","|-heal|p1a: Skarmory|251/334 par|[from] item: Leftovers","|turn|34","|","|move|p2a: Deoxys-Speed|Stealth Rock|p1a: Skarmory","|-sidestart|p1: key7|move: Stealth Rock","|cant|p1a: Skarmory|par","|","|-heal|p1a: Skarmory|271/334 par|[from] item: Leftovers","|turn|35","|","|move|p2a: Deoxys-Speed|Thunderbolt|p1a: Skarmory","|-supereffective|p1a: Skarmory","|-damage|p1a: Skarmory|71/334 par","|move|p1a: Skarmory|Brave Bird|p2a: Deoxys-Speed","|-damage|p2a: Deoxys-Speed|0 fnt","|-damage|p1a: Skarmory|34/334 par|[from] recoil|[of] p2a: Deoxys-Speed","|faint|p2a: Deoxys-Speed","|","|-heal|p1a: Skarmory|54/334 par|[from] item: Leftovers","|","|switch|p2a: Latias|Latias, F|341/364","|turn|36","|","|move|p2a: Latias|Draco Meteor|p1a: Skarmory","|-resisted|p1a: Skarmory","|-damage|p1a: Skarmory|0 fnt","|-unboost|p2a: Latias|spa|2","|faint|p1a: Skarmory","|","|-heal|p2a: Latias|363/364|[from] item: Leftovers","|","|switch|p1a: Scizor|Scizor-Mega, M|243/343","|-damage|p1a: Scizor|201/343|[from] Stealth Rock","|turn|37","|","|move|p2a: Latias|Defog|p1a: Scizor","|-unboost|p1a: Scizor|evasion|1","|-sideend|p1: key7|Stealth Rock|[from] move: Defog|[of] p1a: Scizor","|-sideend|p2: Seven Swell|Spikes|[from] move: Defog|[of] p2a: Latias","|move|p1a: Scizor|Swords Dance|p1a: Scizor","|-boost|p1a: Scizor|atk|2","|","|-heal|p2a: Latias|364/364|[from] item: Leftovers","|turn|38","|","|move|p2a: Latias|Draco Meteor|p1a: Scizor","|-resisted|p1a: Scizor","|-damage|p1a: Scizor|162/343","|-unboost|p2a: Latias|spa|2","|move|p1a: Scizor|Swords Dance|p1a: Scizor","|-boost|p1a: Scizor|atk|2","|","|turn|39","|","|switch|p2a: Mew|Mew|354/404 tox","|move|p1a: Scizor|X-Scissor|p2a: Mew","|-supereffective|p2a: Mew","|-damage|p2a: Mew|0 fnt","|faint|p2a: Mew","|","|","|switch|p2a: Hoopa-Unbound|Hoopa-Unbound|123/301","|turn|40","|","|switch|p2a: Slowbro|Slowbro, M|381/394","|move|p1a: Scizor|Bullet Punch|p2a: Slowbro","|-resisted|p2a: Slowbro","|-damage|p2a: Slowbro|249/394","|-damage|p1a: Scizor|105/343|[from] item: Rocky Helmet|[of] p2a: Slowbro","|","|turn|41","|","|switch|p2a: Latias|Latias, F|364/364","|move|p1a: Scizor|X-Scissor|p2a: Latias","|-supereffective|p2a: Latias","|-damage|p2a: Latias|0 fnt","|faint|p2a: Latias","|","|","|switch|p2a: Hoopa-Unbound|Hoopa-Unbound|123/301","|turn|42","|","|move|p1a: Scizor|Bullet Punch|p2a: Hoopa-Unbound","|-damage|p2a: Hoopa-Unbound|0 fnt","|faint|p2a: Hoopa-Unbound","|","|","|switch|p2a: Slowbro|Slowbro, M|380/394","|turn|43","|","|move|p1a: Scizor|X-Scissor|p2a: Slowbro","|-supereffective|p2a: Slowbro","|-damage|p2a: Slowbro|0 fnt","|-damage|p1a: Scizor|48/343|[from] item: Rocky Helmet|[of] p2a: Slowbro","|faint|p2a: Slowbro","|","|win|key7"],"p1rating":{"entryid":"188976","serverid":"eos","formatid":"monotype","userid":"key7","username":"key7","w":10,"l":"7","t":"0","gxe":60.1,"r":"1500","rd":"130","sigma":"0","rptime":"1440061200","rpr":1579.1357747508,"rprd":75.589495108936,"rpsigma":"0","acre":1128.264084627,"lacre":1128.264084627,"oldacre":"1089.0407538508"},"p2rating":{"entryid":"86214","serverid":"eos","formatid":"monotype","userid":"sevenswell","username":"Seven Swell","w":"18","l":4,"t":"0","gxe":71.3,"r":"1657.3392056267","rd":"80.221831851584","sigma":"0","rptime":"1440061200","rpr":1674.7701459927,"rprd":69.586504021229,"rpsigma":"0","acre":1230.4062147751,"lacre":1230.4062147751,"oldacre":"1267.2095262537"},"endType":"normal"}