{"seed":[48499,48809,20955,63012],"turns":38,"p1":"Inferno Sableye","p2":"Apex Salamence","p1team":[{"name":"Sableye","species":"Sableye","item":"sablenite","ability":"Prankster","moves":["calmmind","recover","shadowball","willowisp"],"nature":"Bold","evs":{"hp":252,"atk":0,"def":204,"spa":0,"spd":52,"spe":0},"shiny":true,"ivs":{"hp":31,"atk":31,"def":31,"spa":31,"spd":31,"spe":31}},{"name":"Hoopa-Unbound","species":"Hoopa-Unbound","item":"choicescarf","ability":"Magician","moves":["gunkshot","psychic","hyperspacefury","drainpunch"],"nature":"Lonely","evs":{"hp":0,"atk":252,"def":0,"spa":4,"spd":0,"spe":252},"ivs":{"hp":31,"atk":31,"def":31,"spa":31,"spd":31,"spe":31}},{"name":"Bisharp","species":"Bisharp","item":"lumberry","ability":"Defiant","moves":["swordsdance","ironhead","knockoff","suckerpunch"],"nature":"Adamant","evs":{"hp":0,"atk":252,"def":0,"spa":0,"spd":4,"spe":252},"ivs":{"hp":31,"atk":31,"def":31,"spa":31,"spd":31,"spe":31}},{"name":"Tyranitar","species":"Tyranitar","item":"leftovers","ability":"Sand Stream","moves":["stealthrock","rockslide","earthquake","thunderwave"],"nature":"Impish","evs":{"hp":252,"atk":0,"def":176,"spa":0,"spd":80,"spe":0},"ivs":{"hp":31,"atk":31,"def":31,"spa":31,"spd":31,"spe":31}},{"name":"Weavile","species":"Weavile","item":"lifeorb","ability":"Pressure","moves":["iciclecrash","iceshard","knockoff","lowkick"],"nature":"Jolly","evs":{"hp":0,"atk":252,"def":0,"spa":0,"spd":4,"spe":252},"ivs":{"hp":31,"atk":31,"def":31,"spa":31,"spd":31,"spe":31}},{"name":"Mandibuzz","species":"Mandibuzz","item":"rockyhelmet","ability":"Overcoat","moves":["foulplay","roost","defog","whirlwind"],"nature":"Impish","evs":{"hp":252,"atk":4,"def":172,"spa":0,"spd":80,"spe":0},"ivs":{"hp":31,"atk":31,"def":31,"spa":31,"spd":31,"spe":31}}],"p2team":[{"name":"BIRD JESUS","species":"pidgeot","item":"pidgeotite","ability":"Big Pecks","moves":["heatwave","hurricane","hiddenpowerground","protect"],"nature":"Timid","evs":{"hp":0,"atk":0,"def":0,"spa":252,"spd":4,"spe":252},"gender":"M","ivs":{"hp":31,"atk":31,"def":31,"spa":30,"spd":30,"spe":31},"shiny":true},{"name":"Gaea","species":"landorus","item":"lifeorb","ability":"Sheer Force","moves":["earthpower","stealthrock","psychic","rockpolish"],"nature":"Modest","evs":{"hp":0,"atk":0,"def":0,"spa":252,"spd":4,"spe":252},"shiny":true,"ivs":{"hp":31,"atk":31,"def":31,"spa":31,"spd":31,"spe":31}},{"name":"BoneZ","species":"mandibuzz","item":"leftovers","ability":"Overcoat","moves":["foulplay","roost","taunt","defog"],"nature":"Bold","evs":{"hp":248,"atk":0,"def":136,"spa":0,"spd":108,"spe":16},"shiny":true,"ivs":{"hp":31,"atk":31,"def":31,"spa":31,"spd":31,"spe":31}},{"name":"Porunga","species":"dragonite","item":"weaknesspolicy","ability":"Multiscale","moves":["dragondance","dragonclaw","extremespeed","firepunch"],"nature":"Adamant","evs":{"hp":0,"atk":252,"def":0,"spa":0,"spd":4,"spe":252},"gender":"M","shiny":true,"ivs":{"hp":31,"atk":31,"def":31,"spa":31,"spd":31,"spe":31}},{"name":"Jupiter","species":"thundurus","item":"sitrusberry","ability":"Prankster","moves":["taunt","thunderwave","thunderbolt","hiddenpowerice"],"nature":"Timid","evs":{"hp":0,"atk":0,"def":0,"spa":252,"spd":4,"spe":252},"ivs":{"hp":31,"atk":30,"def":30,"spa":31,"spd":31,"spe":31},"shiny":true},{"name":"Raptor","species":"staraptor","item":"choicescarf","ability":"Reckless","moves":["bravebird","doubleedge","uturn","closecombat"],"nature":"Jolly","evs":{"hp":0,"atk":252,"def":0,"spa":0,"spd":4,"spe":252},"gender":"M","shiny":true,"ivs":{"hp":31,"atk":31,"def":31,"spa":31,"spd":31,"spe":31}}],"log":["|player|p1|Inferno Sableye|infernosableye.png","|player|p2|Apex Salamence|265","|gametype|singles","|gen|6","|tier|Monotype","|rated","|rule|Baton Pass Clause: Limit one Baton Passer, can't pass Spe and other stats simultaneously","|rule|Swagger Clause: Swagger is banned","|rule|Same Type Clause: Pokémon in a team must share a type","|clearpoke","|poke|p1|Sableye, M, shiny","|poke|p1|Hoopa-Unbound","|poke|p1|Bisharp, F","|poke|p1|Tyranitar, M","|poke|p1|Weavile, F","|poke|p1|Mandibuzz, F","|poke|p2|Pidgeot, M, shiny","|poke|p2|Landorus, M, shiny","|poke|p2|Mandibuzz, F, shiny","|poke|p2|Dragonite, M, shiny","|poke|p2|Thundurus, M, shiny","|poke|p2|Staraptor, M, shiny","|rule|Sleep Clause Mod: Limit one foe put to sleep","|rule|Species Clause: Limit one of each Pokémon","|rule|OHKO Clause: OHKO moves are banned","|rule|Moody Clause: Moody is banned","|rule|Evasion Moves Clause: Evasion moves are banned","|rule|Endless Battle Clause: Forcing endless battles is banned","|rule|HP Percentage Mod: HP is shown in percentages","|teampreview","|","|start","|switch|p1a: Tyranitar|Tyranitar, M|404/404","|switch|p2a: Jupiter|Thundurus, M, shiny|299/299","|-weather|Sandstorm","|turn|1","|","|switch|p1a: Mandibuzz|Mandibuzz, F|424/424","|move|p2a: Jupiter|Taunt|p1a: Mandibuzz","|-start|p1a: Mandibuzz|move: Taunt","|","|-weather|Sandstorm|[upkeep]","|-damage|p2a: Jupiter|281/299|[from] sandstorm","|turn|2","|","|switch|p1a: Tyranitar|Tyranitar, M|404/404","|move|p2a: Jupiter|Thunderbolt|p1a: Tyranitar","|-damage|p1a: Tyranitar|305/404","|","|-weather|Sandstorm|[upkeep]","|-damage|p2a: Jupiter|263/299|[from] sandstorm","|-heal|p1a: Tyranitar|330/404|[from] item: Leftovers","|turn|3","|","|move|p2a: Jupiter|Taunt|p1a: Tyranitar","|-start|p1a: Tyranitar|move: Taunt","|move|p1a: Tyranitar|Rock Slide|p2a: Jupiter","|-supereffective|p2a: Jupiter","|-damage|p2a: Jupiter|0 fnt","|faint|p2a: Jupiter","|","|-weather|Sandstorm|[upkeep]","|-heal|p1a: Tyranitar|355/404|[from] item: Leftovers","|","|switch|p2a: Porunga|Dragonite, M, shiny|323/323","|turn|4","|","|switch|p1a: Mandibuzz|Mandibuzz, F|424/424","|move|p2a: Porunga|Dragon Dance|p2a: Porunga","|-boost|p2a: Porunga|atk|1","|-boost|p2a: Porunga|spe|1","|","|-weather|Sandstorm|[upkeep]","|-damage|p2a: Porunga|303/323|[from] sandstorm","|turn|5","|","|move|p2a: Porunga|Dragon Claw|p1a: Mandibuzz","|-damage|p1a: Mandibuzz|240/424","|-damage|p2a: Porunga|250/323|[from] item: Rocky Helmet|[of] p1a: Mandibuzz","|move|p1a: Mandibuzz|Foul Play|p2a: Porunga","|-damage|p2a: Porunga|0 fnt","|faint|p2a: Porunga","|","|-weather|none","|","|switch|p2a: BIRD JESUS|Pidgeot, M, shiny|307/307","|turn|6","|","|detailschange|p2a: BIRD JESUS|Pidgeot-Mega, M, shiny","|-mega|p2a: BIRD JESUS|Pidgeot|Pidgeotite","|move|p2a: BIRD JESUS|Protect|p2a: BIRD JESUS","|-singleturn|p2a: BIRD JESUS|Protect","|move|p1a: Mandibuzz|Roost|p1a: Mandibuzz","|-heal|p1a: Mandibuzz|424/424","|","|turn|7","|","|switch|p1a: Tyranitar|Tyranitar, M|355/404","|-weather|Sandstorm","|move|p2a: BIRD JESUS|Hurricane|p1a: Tyranitar","|-resisted|p1a: Tyranitar","|-damage|p1a: Tyranitar|288/404","|","|-weather|Sandstorm|[upkeep]","|-damage|p2a: BIRD JESUS|288/307|[from] sandstorm","|-heal|p1a: Tyranitar|313/404|[from] item: Leftovers","|turn|8","|","|move|p2a: BIRD JESUS|Hidden Power|p1a: Tyranitar","|-supereffective|p1a: Tyranitar","|-damage|p1a: Tyranitar|227/404","|move|p1a: Tyranitar|Stealth Rock|p2a: BIRD JESUS","|-sidestart|p2: Apex Salamence|move: Stealth Rock","|","|-weather|Sandstorm|[upkeep]","|-damage|p2a: BIRD JESUS|269/307|[from] sandstorm","|-heal|p1a: Tyranitar|252/404|[from] item: Leftovers","|turn|9","|","|move|p2a: BIRD JESUS|Hidden Power|p1a: Tyranitar","|-supereffective|p1a: Tyranitar","|-damage|p1a: Tyranitar|168/404","|move|p1a: Tyranitar|Thunder Wave|p2a: BIRD JESUS","|-status|p2a: BIRD JESUS|par","|","|-weather|Sandstorm|[upkeep]","|-damage|p2a: BIRD JESUS|250/307 par|[from] sandstorm","|-heal|p1a: Tyranitar|193/404|[from] item: Leftovers","|turn|10","|","|move|p1a: Tyranitar|Rock Slide|p2a: BIRD JESUS","|-supereffective|p2a: BIRD JESUS","|-damage|p2a: BIRD JESUS|0 fnt","|faint|p2a: BIRD JESUS","|","|-weather|Sandstorm|[upkeep]","|-heal|p1a: Tyranitar|218/404|[from] item: Leftovers","|","|switch|p2a: Gaea|Landorus, M, shiny|319/319","|-damage|p2a: Gaea|280/319|[from] Stealth Rock","|turn|11","|","|switch|p1a: Mandibuzz|Mandibuzz, F|424/424","|move|p2a: Gaea|Stealth Rock|p1a: Mandibuzz","|-sidestart|p1: Inferno Sableye|move: Stealth Rock","|","|-weather|none","|turn|12","|","|switch|p2a: BoneZ|Mandibuzz, F, shiny|423/423","|-damage|p2a: BoneZ|318/423|[from] Stealth Rock","|move|p1a: Mandibuzz|Foul Play|p2a: BoneZ","|-resisted|p2a: BoneZ","|-damage|p2a: BoneZ|291/423","|","|-heal|p2a: BoneZ|317/423|[from] item: Leftovers","|turn|13","|","|switch|p1a: Tyranitar|Tyranitar, M|218/404","|-damage|p1a: Tyranitar|168/404|[from] Stealth Rock","|-weather|Sandstorm","|move|p2a: BoneZ|Taunt|p1a: Tyranitar","|-start|p1a: Tyranitar|move: Taunt","|","|-weather|Sandstorm|[upkeep]","|-heal|p2a: BoneZ|343/423|[from] item: Leftovers","|-heal|p1a: Tyranitar|193/404|[from] item: Leftovers","|turn|14","|","|move|p2a: BoneZ|Foul Play|p1a: Tyranitar","|-resisted|p1a: Tyranitar","|-damage|p1a: Tyranitar|145/404","|move|p1a: Tyranitar|Rock Slide|p2a: BoneZ","|-supereffective|p2a: BoneZ","|-damage|p2a: BoneZ|151/423","|","|-weather|Sandstorm|[upkeep]","|-heal|p2a: BoneZ|177/423|[from] item: Leftovers","|-heal|p1a: Tyranitar|170/404|[from] item: Leftovers","|turn|15","|","|switch|p1a: Sableye|Sableye, M, shiny|304/304","|-damage|p1a: Sableye|266/304|[from] Stealth Rock","|move|p2a: BoneZ|Roost|p2a: BoneZ","|-heal|p2a: BoneZ|389/423","|","|-weather|Sandstorm|[upkeep]","|-damage|p1a: Sableye|247/304|[from] sandstorm","|-heal|p2a: BoneZ|415/423|[from] item: Leftovers","|turn|16","|","|detailschange|p1a: Sableye|Sableye-Mega, M, shiny","|-mega|p1a: Sableye|Sableye|Sablenite","|move|p1a: Sableye|Will-O-Wisp|p2a: BoneZ|[miss]","|-miss|p1a: Sableye|p2a: BoneZ","|move|p2a: BoneZ|Taunt|p1a: Sableye","|move|p1a: Sableye|Taunt|p2a: BoneZ|[from]Magic Bounce","|-start|p2a: BoneZ|move: Taunt","|","|-weather|Sandstorm|[upkeep]","|-damage|p1a: Sableye|228/304|[from] sandstorm","|-heal|p2a: BoneZ|423/423|[from] item: Leftovers","|turn|17","|","|move|p2a: BoneZ|Foul Play|p1a: Sableye","|-damage|p1a: Sableye|171/304","|move|p1a: Sableye|Will-O-Wisp|p2a: BoneZ","|-status|p2a: BoneZ|brn","|","|-weather|none","|-damage|p2a: BoneZ|371/423 brn|[from] brn","|turn|18","|","|move|p2a: BoneZ|Foul Play|p1a: Sableye","|-damage|p1a: Sableye|143/304","|move|p1a: Sableye|Recover|p1a: Sableye","|-heal|p1a: Sableye|295/304","|","|-heal|p2a: BoneZ|397/423 brn|[from] item: Leftovers","|-damage|p2a: BoneZ|345/423 brn|[from] brn","|turn|19","|","|switch|p2a: Gaea|Landorus, M, shiny|280/319","|-damage|p2a: Gaea|241/319|[from] Stealth Rock","|move|p1a: Sableye|Calm Mind|p1a: Sableye","|-boost|p1a: Sableye|spa|1","|-boost|p1a: Sableye|spd|1","|","|turn|20","|","|move|p2a: Gaea|Earth Power|p1a: Sableye","|-damage|p1a: Sableye|138/304","|move|p1a: Sableye|Calm Mind|p1a: Sableye","|-boost|p1a: Sableye|spa|1","|-boost|p1a: Sableye|spd|1","|","|turn|21","|","|move|p2a: Gaea|Earth Power|p1a: Sableye","|-damage|p1a: Sableye|28/304","|move|p1a: Sableye|Recover|p1a: Sableye","|-heal|p1a: Sableye|180/304","|","|turn|22","|","|move|p2a: Gaea|Earth Power|p1a: Sableye","|-damage|p1a: Sableye|73/304","|move|p1a: Sableye|Recover|p1a: Sableye","|-heal|p1a: Sableye|225/304","|","|turn|23","|","|move|p2a: Gaea|Earth Power|p1a: Sableye","|-damage|p1a: Sableye|108/304","|move|p1a: Sableye|Recover|p1a: Sableye","|-heal|p1a: Sableye|260/304","|","|turn|24","|","|move|p2a: Gaea|Earth Power|p1a: Sableye","|-damage|p1a: Sableye|134/304","|move|p1a: Sableye|Recover|p1a: Sableye","|-heal|p1a: Sableye|286/304","|","|turn|25","|","|move|p2a: Gaea|Earth Power|p1a: Sableye","|-damage|p1a: Sableye|176/304","|move|p1a: Sableye|Calm Mind|p1a: Sableye","|-boost|p1a: Sableye|spa|1","|-boost|p1a: Sableye|spd|1","|","|turn|26","|","|move|p2a: Gaea|Earth Power|p1a: Sableye","|-damage|p1a: Sableye|85/304","|move|p1a: Sableye|Recover|p1a: Sableye","|-heal|p1a: Sableye|237/304","|","|turn|27","|","|move|p2a: Gaea|Earth Power|p1a: Sableye","|-damage|p1a: Sableye|150/304","|move|p1a: Sableye|Will-O-Wisp|p2a: Gaea","|-status|p2a: Gaea|brn","|","|-damage|p2a: Gaea|202/319 brn|[from] brn","|turn|28","|","|move|p2a: Gaea|Earth Power|p1a: Sableye","|-damage|p1a: Sableye|55/304","|move|p1a: Sableye|Recover|p1a: Sableye","|-heal|p1a: Sableye|207/304","|","|-damage|p2a: Gaea|163/319 brn|[from] brn","|turn|29","|","|move|p2a: Gaea|Earth Power|p1a: Sableye","|-damage|p1a: Sableye|110/304","|move|p1a: Sableye|Recover|p1a: Sableye","|-heal|p1a: Sableye|262/304","|","|-damage|p2a: Gaea|124/319 brn|[from] brn","|turn|30","|","|switch|p2a: Raptor|Staraptor, M, shiny|311/311","|-damage|p2a: Raptor|234/311|[from] Stealth Rock","|move|p1a: Sableye|Shadow Ball|p2a: Raptor","|-immune|p2a: Raptor|[msg]","|","|turn|31","|","|move|p2a: Raptor|Brave Bird|p1a: Sableye","|-damage|p1a: Sableye|111/304","|-damage|p2a: Raptor|184/311|[from] recoil|[of] p1a: Sableye","|move|p1a: Sableye|Will-O-Wisp|p2a: Raptor","|-status|p2a: Raptor|brn","|","|-damage|p2a: Raptor|146/311 brn|[from] brn","|turn|32","|","|move|p2a: Raptor|Brave Bird|p1a: Sableye","|-damage|p1a: Sableye|37/304","|-damage|p2a: Raptor|122/311 brn|[from] recoil|[of] p1a: Sableye","|move|p1a: Sableye|Recover|p1a: Sableye","|-heal|p1a: Sableye|189/304","|","|-damage|p2a: Raptor|84/311 brn|[from] brn","|turn|33","|","|move|p2a: Raptor|Brave Bird|p1a: Sableye","|-damage|p1a: Sableye|114/304","|-damage|p2a: Raptor|59/311 brn|[from] recoil|[of] p1a: Sableye","|move|p1a: Sableye|Recover|p1a: Sableye","|-heal|p1a: Sableye|266/304","|","|-damage|p2a: Raptor|21/311 brn|[from] brn","|turn|34","|","|move|p2a: Raptor|Brave Bird|p1a: Sableye","|-damage|p1a: Sableye|192/304","|-damage|p2a: Raptor|0 fnt|[from] recoil|[of] p1a: Sableye","|faint|p2a: Raptor","|move|p1a: Sableye|Recover|p1a: Sableye","|-heal|p1a: Sableye|304/304","|","|","|switch|p2a: Gaea|Landorus, M, shiny|124/319 brn","|-damage|p2a: Gaea|85/319 brn|[from] Stealth Rock","|turn|35","|","|move|p2a: Gaea|Earth Power|p1a: Sableye","|-crit|p1a: Sableye","|-damage|p1a: Sableye|0 fnt","|faint|p1a: Sableye","|","|-damage|p2a: Gaea|46/319 brn|[from] brn","|","|switch|p1a: Bisharp|Bisharp, F|271/271","|-damage|p1a: Bisharp|255/271|[from] Stealth Rock","|turn|36","|","|move|p1a: Bisharp|Sucker Punch|p2a: Gaea","|-damage|p2a: Gaea|0 fnt","|faint|p2a: Gaea","|","|","|switch|p2a: BoneZ|Mandibuzz, F, shiny|345/423 brn","|-damage|p2a: BoneZ|240/423 brn|[from] Stealth Rock","|turn|37","|","|move|p1a: Bisharp|Knock Off|p2a: BoneZ","|-crit|p2a: BoneZ","|-resisted|p2a: BoneZ","|-damage|p2a: BoneZ|138/423 brn","|-enditem|p2a: BoneZ|Leftovers|[from] move: Knock Off|[of] p1a: Bisharp","|move|p2a: BoneZ|Foul Play|p1a: Bisharp","|-resisted|p1a: Bisharp","|-damage|p1a: Bisharp|209/271","|","|-damage|p2a: BoneZ|86/423 brn|[from] brn","|turn|38","|","|win|Inferno Sableye"],"p1rating":{"entryid":"83803","serverid":"eos","formatid":"monotype","userid":"infernosableye","username":"Inferno Sableye","w":13,"l":"4","t":"0","gxe":68.1,"r":"1459.8393856612","rd":"122.8583080769","sigma":"0","rptime":"1439974800","rpr":1645.7398582996,"rprd":74.870944754342,"rpsigma":"0","acre":1242.3066778992,"lacre":1242.3066778992,"oldacre":"1228.8059203788"},"p2rating":{"entryid":"1755","serverid":"eos","formatid":"monotype","userid":"apexsalamence","username":"Apex Salamence","w":"5","l":7,"t":"0","gxe":44.9,"r":"1521.7686242208","rd":"90.329912156882","sigma":"0","rptime":"1439974800","rpr":1460.4722676228,"rprd":83.244590751993,"rpsigma":"0","acre":1046.0961907344,"lacre":1046.0961907344,"oldacre":"1056.0356348546"},"endType":"forfeit"}