{"seed":[43188,55817,19314,28925],"turns":23,"p1":"Apex Salamence","p2":"Seven Swell","p1team":[{"name":"BIRD JESUS","species":"pidgeot","item":"pidgeotite","ability":"Big Pecks","moves":["heatwave","hurricane","hiddenpowerground","protect"],"nature":"Timid","evs":{"hp":0,"atk":0,"def":0,"spa":252,"spd":4,"spe":252},"gender":"M","ivs":{"hp":31,"atk":31,"def":31,"spa":30,"spd":30,"spe":31},"shiny":true},{"name":"Gaea","species":"landorus","item":"lifeorb","ability":"Sheer Force","moves":["earthpower","stealthrock","psychic","rockpolish"],"nature":"Modest","evs":{"hp":0,"atk":0,"def":0,"spa":252,"spd":4,"spe":252},"shiny":true,"ivs":{"hp":31,"atk":31,"def":31,"spa":31,"spd":31,"spe":31}},{"name":"BoneZ","species":"mandibuzz","item":"leftovers","ability":"Overcoat","moves":["foulplay","roost","taunt","defog"],"nature":"Bold","evs":{"hp":248,"atk":0,"def":136,"spa":0,"spd":108,"spe":16},"shiny":true,"ivs":{"hp":31,"atk":31,"def":31,"spa":31,"spd":31,"spe":31}},{"name":"Porunga","species":"dragonite","item":"weaknesspolicy","ability":"Multiscale","moves":["dragondance","dragonclaw","extremespeed","firepunch"],"nature":"Adamant","evs":{"hp":0,"atk":252,"def":0,"spa":0,"spd":4,"spe":252},"gender":"M","shiny":true,"ivs":{"hp":31,"atk":31,"def":31,"spa":31,"spd":31,"spe":31}},{"name":"Jupiter","species":"thundurus","item":"sitrusberry","ability":"Prankster","moves":["taunt","thunderwave","thunderbolt","hiddenpowerice"],"nature":"Timid","evs":{"hp":0,"atk":0,"def":0,"spa":252,"spd":4,"spe":252},"ivs":{"hp":31,"atk":30,"def":30,"spa":31,"spd":31,"spe":31},"shiny":true},{"name":"Raptor","species":"staraptor","item":"choicescarf","ability":"Reckless","moves":["bravebird","doubleedge","uturn","closecombat"],"nature":"Jolly","evs":{"hp":0,"atk":252,"def":0,"spa":0,"spd":4,"spe":252},"gender":"M","shiny":true,"ivs":{"hp":31,"atk":31,"def":31,"spa":31,"spd":31,"spe":31}}],"p2team":[{"name":"Mew","species":"Mew","item":"leftovers","ability":"Synchronize","moves":["roost","toxic","healbell","aurasphere"],"nature":"Calm","evs":{"hp":252,"atk":0,"def":0,"spa":4,"spd":252,"spe":0},"ivs":{"hp":31,"atk":0,"def":31,"spa":31,"spd":31,"spe":31}},{"name":"Slowbro","species":"Slowbro","item":"rockyhelmet","ability":"Regenerator","moves":["scald","yawn","flamethrower","slackoff"],"nature":"Bold","evs":{"hp":252,"atk":0,"def":252,"spa":4,"spd":0,"spe":0},"ivs":{"hp":31,"atk":0,"def":31,"spa":31,"spd":31,"spe":31}},{"name":"Deoxys-Speed","species":"Deoxys-Speed","item":"focussash","ability":"Pressure","moves":["stealthrock","thunderbolt","thunderwave","icebeam"],"nature":"Timid","evs":{"hp":252,"atk":0,"def":0,"spa":44,"spd":0,"spe":212},"ivs":{"hp":31,"atk":0,"def":31,"spa":31,"spd":31,"spe":31}},{"name":"Latias","species":"Latias","item":"leftovers","ability":"Levitate","moves":["dracometeor","psyshock","roost","defog"],"nature":"Timid","evs":{"hp":252,"atk":0,"def":0,"spa":4,"spd":0,"spe":252},"ivs":{"hp":31,"atk":0,"def":31,"spa":31,"spd":31,"spe":31}},{"name":"Hoopa-Unbound","species":"Hoopa-Unbound","item":"focussash","ability":"Magician","moves":["hyperspacefury","drainpunch","firepunch","gunkshot"],"nature":"Adamant","evs":{"hp":0,"atk":252,"def":0,"spa":0,"spd":4,"spe":252},"ivs":{"hp":31,"atk":31,"def":31,"spa":31,"spd":31,"spe":31}},{"name":"Gardevoir","species":"Gardevoir","item":"gardevoirite","ability":"Trace","moves":["hypervoice","psyshock","shadowball","taunt"],"nature":"Timid","evs":{"hp":0,"atk":0,"def":0,"spa":252,"spd":4,"spe":252},"ivs":{"hp":31,"atk":0,"def":31,"spa":31,"spd":31,"spe":31}}],"log":["|player|p1|Apex Salamence|266","|player|p2|Seven Swell|sevenswell.png","|gametype|singles","|gen|6","|tier|Monotype","|rated","|rule|Baton Pass Clause: Limit one Baton Passer, can't pass Spe and other stats simultaneously","|rule|Swagger Clause: Swagger is banned","|rule|Same Type Clause: Pokémon in a team must share a type","|clearpoke","|poke|p1|Pidgeot, M, shiny","|poke|p1|Landorus, M, shiny","|poke|p1|Mandibuzz, F, shiny","|poke|p1|Dragonite, M, shiny","|poke|p1|Thundurus, M, shiny","|poke|p1|Staraptor, M, shiny","|poke|p2|Mew","|poke|p2|Slowbro, M","|poke|p2|Deoxys-Speed","|poke|p2|Latias, F","|poke|p2|Hoopa-Unbound","|poke|p2|Gardevoir, F","|rule|Sleep Clause Mod: Limit one foe put to sleep","|rule|Species Clause: Limit one of each Pokémon","|rule|OHKO Clause: OHKO moves are banned","|rule|Moody Clause: Moody is banned","|rule|Evasion Moves Clause: Evasion moves are banned","|rule|Endless Battle Clause: Forcing endless battles is banned","|rule|HP Percentage Mod: HP is shown in percentages","|teampreview","|","|start","|switch|p1a: Jupiter|Thundurus, M, shiny|299/299","|switch|p2a: Hoopa-Unbound|Hoopa-Unbound|301/301","|turn|1","|","|move|p1a: Jupiter|Taunt|p2a: Hoopa-Unbound","|-start|p2a: Hoopa-Unbound|move: Taunt","|move|p2a: Hoopa-Unbound|Hyperspace Fury|p1a: Jupiter","|-damage|p1a: Jupiter|0 fnt","|-unboost|p2a: Hoopa-Unbound|def|1","|faint|p1a: Jupiter","|","|","|switch|p1a: Raptor|Staraptor, M, shiny|311/311","|turn|2","|","|move|p1a: Raptor|U-turn|p2a: Hoopa-Unbound","|-supereffective|p2a: Hoopa-Unbound","|-enditem|p2a: Hoopa-Unbound|Focus Sash","|-damage|p2a: Hoopa-Unbound|1/301","|","|switch|p1a: BoneZ|Mandibuzz, F, shiny|423/423","|move|p2a: Hoopa-Unbound|Hyperspace Fury|p1a: BoneZ","|-resisted|p1a: BoneZ","|-damage|p1a: BoneZ|328/423","|-item|p2a: Hoopa-Unbound|Leftovers|[from] ability: Magician|[of] p1a: BoneZ","|-unboost|p2a: Hoopa-Unbound|def|1","|","|-heal|p2a: Hoopa-Unbound|19/301|[from] item: Leftovers","|turn|3","|","|switch|p2a: Gardevoir|Gardevoir, F|277/277","|-ability|p2a: Gardevoir|Overcoat|[from] ability: Trace|[of] p1a: BoneZ","|move|p1a: BoneZ|Foul Play|p2a: Gardevoir","|-damage|p2a: Gardevoir|196/277","|","|turn|4","|","|detailschange|p2a: Gardevoir|Gardevoir-Mega, F","|-mega|p2a: Gardevoir|Gardevoir|Gardevoirite","|move|p2a: Gardevoir|Hyper Voice|p1a: BoneZ","|-supereffective|p1a: BoneZ","|-damage|p1a: BoneZ|0 fnt","|faint|p1a: BoneZ","|","|","|switch|p1a: Porunga|Dragonite, M, shiny|323/323","|turn|5","|","|move|p2a: Gardevoir|Taunt|p1a: Porunga","|-start|p1a: Porunga|move: Taunt","|cant|p1a: Porunga|move: Taunt|Dragon Dance","|","|turn|6","|","|move|p1a: Porunga|Extreme Speed|p2a: Gardevoir","|-crit|p2a: Gardevoir","|-damage|p2a: Gardevoir|0 fnt","|faint|p2a: Gardevoir","|","|","|switch|p2a: Slowbro|Slowbro, M|394/394","|turn|7","|","|move|p1a: Porunga|Dragon Claw|p2a: Slowbro","|-damage|p2a: Slowbro|280/394","|-damage|p1a: Porunga|270/323|[from] item: Rocky Helmet|[of] p2a: Slowbro","|move|p2a: Slowbro|Scald|p1a: Porunga","|-resisted|p1a: Porunga","|-damage|p1a: Porunga|225/323","|","|-end|p1a: Porunga|move: Taunt","|turn|8","|","|move|p1a: Porunga|Dragon Dance|p1a: Porunga","|-boost|p1a: Porunga|atk|1","|-boost|p1a: Porunga|spe|1","|move|p2a: Slowbro|Yawn|p1a: Porunga","|-start|p1a: Porunga|move: Yawn|[of] p2a: Slowbro","|","|turn|9","|","|move|p1a: Porunga|Dragon Claw|p2a: Slowbro","|-damage|p2a: Slowbro|111/394","|-damage|p1a: Porunga|172/323|[from] item: Rocky Helmet|[of] p2a: Slowbro","|move|p2a: Slowbro|Slack Off|p2a: Slowbro","|-heal|p2a: Slowbro|308/394","|","|-end|p1a: Porunga|move: Yawn|[silent]","|-status|p1a: Porunga|slp","|turn|10","|","|switch|p2a: Deoxys-Speed|Deoxys-Speed|304/304","|-ability|p2a: Deoxys-Speed|Pressure","|cant|p1a: Porunga|slp","|","|turn|11","|","|-curestatus|p1a: Porunga|slp","|move|p1a: Porunga|Extreme Speed|p2a: Deoxys-Speed","|-crit|p2a: Deoxys-Speed","|-damage|p2a: Deoxys-Speed|44/304","|move|p2a: Deoxys-Speed|Ice Beam|p1a: Porunga","|-supereffective|p1a: Porunga","|-damage|p1a: Porunga|0 fnt","|faint|p1a: Porunga","|","|","|switch|p1a: Raptor|Staraptor, M, shiny|311/311","|turn|12","|","|switch|p2a: Hoopa-Unbound|Hoopa-Unbound|19/301","|move|p1a: Raptor|U-turn|p2a: Hoopa-Unbound","|-supereffective|p2a: Hoopa-Unbound","|-damage|p2a: Hoopa-Unbound|0 fnt","|faint|p2a: Hoopa-Unbound","|","|switch|p1a: BIRD JESUS|Pidgeot, M, shiny|307/307","|","|","|switch|p2a: Latias|Latias, F|364/364","|turn|13","|","|detailschange|p1a: BIRD JESUS|Pidgeot-Mega, M, shiny","|-mega|p1a: BIRD JESUS|Pidgeot|Pidgeotite","|move|p1a: BIRD JESUS|Protect|p1a: BIRD JESUS","|-singleturn|p1a: BIRD JESUS|Protect","|move|p2a: Latias|Draco Meteor|p1a: BIRD JESUS","|-activate|p1a: BIRD JESUS|Protect","|","|turn|14","|","|move|p1a: BIRD JESUS|Hurricane|p2a: Latias","|-damage|p2a: Latias|193/364","|move|p2a: Latias|Draco Meteor|p1a: BIRD JESUS","|-damage|p1a: BIRD JESUS|99/307","|-unboost|p2a: Latias|spa|2","|","|-heal|p2a: Latias|215/364|[from] item: Leftovers","|turn|15","|","|switch|p2a: Mew|Mew|404/404","|move|p1a: BIRD JESUS|Hurricane|p2a: Mew","|-damage|p2a: Mew|266/404","|-start|p2a: Mew|confusion","|","|-heal|p2a: Mew|291/404|[from] item: Leftovers","|turn|16","|","|move|p1a: BIRD JESUS|Hurricane|p2a: Mew","|-damage|p2a: Mew|140/404","|-activate|p2a: Mew|confusion","|-damage|p2a: Mew|113/404|[from] confusion","|","|-heal|p2a: Mew|138/404|[from] item: Leftovers","|turn|17","|","|move|p1a: BIRD JESUS|Hurricane|p2a: Mew","|-damage|p2a: Mew|0 fnt","|faint|p2a: Mew","|","|","|switch|p2a: Deoxys-Speed|Deoxys-Speed|44/304","|-ability|p2a: Deoxys-Speed|Pressure","|turn|18","|","|move|p1a: BIRD JESUS|Protect|p1a: BIRD JESUS","|-singleturn|p1a: BIRD JESUS|Protect","|move|p2a: Deoxys-Speed|Ice Beam|p1a: BIRD JESUS","|-activate|p1a: BIRD JESUS|Protect","|","|turn|19","|","|move|p2a: Deoxys-Speed|Ice Beam|p1a: BIRD JESUS","|-supereffective|p1a: BIRD JESUS","|-damage|p1a: BIRD JESUS|0 fnt","|faint|p1a: BIRD JESUS","|","|","|switch|p1a: Raptor|Staraptor, M, shiny|311/311","|turn|20","|","|switch|p2a: Slowbro|Slowbro, M|394/394","|move|p1a: Raptor|Double-Edge|p2a: Slowbro","|-damage|p2a: Slowbro|240/394","|-damage|p1a: Raptor|260/311|[from] item: Rocky Helmet|[of] p2a: Slowbro","|-damage|p1a: Raptor|209/311|[from] recoil|[of] p2a: Slowbro","|","|turn|21","|","|move|p1a: Raptor|Double-Edge|p2a: Slowbro","|-damage|p2a: Slowbro|83/394","|-damage|p1a: Raptor|158/311|[from] item: Rocky Helmet|[of] p2a: Slowbro","|-damage|p1a: Raptor|106/311|[from] recoil|[of] p2a: Slowbro","|move|p2a: Slowbro|Scald|p1a: Raptor","|-damage|p1a: Raptor|0 fnt","|faint|p1a: Raptor","|","|","|switch|p1a: Gaea|Landorus, M, shiny|319/319","|turn|22","|","|move|p1a: Gaea|Psychic|p2a: Slowbro","|-resisted|p2a: Slowbro","|-damage|p2a: Slowbro|0 fnt","|faint|p2a: Slowbro","|","|","|switch|p2a: Deoxys-Speed|Deoxys-Speed|44/304","|-ability|p2a: Deoxys-Speed|Pressure","|turn|23","|","|move|p2a: Deoxys-Speed|Ice Beam|p1a: Gaea","|-supereffective|p1a: Gaea","|-damage|p1a: Gaea|0 fnt","|faint|p1a: Gaea","|","|win|Seven Swell"],"p1rating":{"entryid":"1755","serverid":"eos","formatid":"monotype","userid":"apexsalamence","username":"Apex Salamence","w":"6","l":8,"t":"0","gxe":46.3,"r":"1480.99356915","rd":"81.10909877622","sigma":"0","rptime":"1440061200","rpr":1471.3951465902,"rprd":79.512875886795,"rpsigma":"0","acre":1069.1196376549,"lacre":1069.1196376549,"oldacre":"1080.627706557"},"p2rating":{"entryid":"86214","serverid":"eos","formatid":"monotype","userid":"sevenswell","username":"Seven Swell","w":29,"l":"10","t":"0","gxe":70.9,"r":"1657.3392056267","rd":"80.221831851584","sigma":"0","rptime":"1440061200","rpr":1669.3412090831,"rprd":56.183214235022,"rpsigma":"0","acre":1274.9624572383,"lacre":1274.9624572383,"oldacre":"1261.9408363731"},"endType":"normal"}