{"seed":[62592,24162,13646,61151],"turns":27,"p1":"Shining Yin","p2":"Chief Sokka","p1team":[{"name":"Infernape","species":"Infernape","item":"focussash","ability":"Blaze","moves":["overheat","closecombat","stealthrock","taunt"],"nature":"Naive","evs":{"hp":0,"atk":168,"def":0,"spa":88,"spd":0,"spe":252},"ivs":{"hp":31,"atk":31,"def":31,"spa":31,"spd":31,"spe":31}},{"name":"Charizard","species":"Charizard","item":"charizarditey","ability":"Blaze","moves":["fireblast","defog","solarbeam","roost"],"nature":"Modest","evs":{"hp":0,"atk":0,"def":0,"spa":252,"spd":4,"spe":252},"ivs":{"hp":31,"atk":31,"def":31,"spa":31,"spd":31,"spe":31}},{"name":"Darmanitan","species":"Darmanitan","item":"choicescarf","ability":"Sheer Force","moves":["flareblitz","superpower","uturn","rockslide"],"nature":"Jolly","evs":{"hp":0,"atk":252,"def":0,"spa":0,"spd":4,"spe":252},"ivs":{"hp":31,"atk":31,"def":31,"spa":31,"spd":31,"spe":31}},{"name":"Fletchinder","species":"Fletchinder","item":"","ability":"Gale Wings","moves":["acrobatics","swordsdance","willowisp","tailwind"],"nature":"Adamant","evs":{"hp":0,"atk":252,"def":4,"spa":0,"spd":0,"spe":252},"shiny":true,"ivs":{"hp":31,"atk":31,"def":31,"spa":31,"spd":31,"spe":31}},{"name":"Rotom-Heat","species":"Rotom-Heat","item":"choicespecs","ability":"Levitate","moves":["discharge","voltswitch","overheat","trick"],"nature":"Modest","evs":{"hp":0,"atk":0,"def":0,"spa":252,"spd":4,"spe":252},"ivs":{"hp":31,"atk":31,"def":31,"spa":31,"spd":31,"spe":31}},{"name":"Victini","species":"Victini","item":"choicescarf","ability":"Victory Star","moves":["vcreate","boltstrike","uturn","zenheadbutt"],"nature":"Jolly","evs":{"hp":0,"atk":252,"def":0,"spa":0,"spd":4,"spe":252},"ivs":{"hp":31,"atk":31,"def":31,"spa":31,"spd":31,"spe":31}}],"p2team":[{"name":"Swampert","species":"Swampert","item":"leftovers","ability":"Torrent","moves":["scald","earthquake","stealthrock","roar"],"nature":"Impish","evs":{"hp":252,"atk":4,"def":252,"spa":0,"spd":0,"spe":0},"ivs":{"hp":31,"atk":31,"def":31,"spa":31,"spd":31,"spe":31}},{"name":"Gyarados","species":"Gyarados","item":"gyaradosite","ability":"Intimidate","moves":["dragondance","waterfall","substitute","crunch"],"nature":"Adamant","evs":{"hp":0,"atk":252,"def":0,"spa":0,"spd":4,"spe":252},"ivs":{"hp":31,"atk":31,"def":31,"spa":31,"spd":31,"spe":31}},{"name":"Manaphy","species":"Manaphy","item":"leftovers","ability":"Hydration","moves":["calmmind","raindance","rest","scald"],"nature":"Bold","evs":{"hp":240,"atk":0,"def":252,"spa":0,"spd":0,"spe":16},"ivs":{"hp":31,"atk":31,"def":31,"spa":31,"spd":31,"spe":31}},{"name":"Keldeo","species":"Keldeo","item":"choicespecs","ability":"Justified","moves":["scald","surf","secretsword","icywind"],"nature":"Timid","evs":{"hp":0,"atk":0,"def":0,"spa":252,"spd":4,"spe":252},"ivs":{"hp":31,"atk":31,"def":31,"spa":31,"spd":31,"spe":31}},{"name":"Lanturn","species":"Lanturn","item":"leftovers","ability":"Volt Absorb","moves":["scald","voltswitch","healbell","protect"],"nature":"Calm","evs":{"hp":40,"atk":0,"def":220,"spa":0,"spd":208,"spe":40},"ivs":{"hp":31,"atk":31,"def":31,"spa":31,"spd":31,"spe":31}},{"name":"Azumarill","species":"Azumarill","item":"choiceband","ability":"Sap Sipper","moves":["aquajet","waterfall","playrough","superpower"],"nature":"Adamant","evs":{"hp":248,"atk":252,"def":0,"spa":0,"spd":8,"spe":0},"ivs":{"hp":31,"atk":31,"def":31,"spa":31,"spd":31,"spe":31}}],"log":["|player|p1|Shining Yin|277","|player|p2|Chief Sokka|chiefsokka.gif","|gametype|singles","|gen|6","|tier|Monotype","|rated","|rule|Baton Pass Clause: Limit one Baton Passer, can't pass Spe and other stats simultaneously","|rule|Swagger Clause: Swagger is banned","|rule|Same Type Clause: Pokémon in a team must share a type","|clearpoke","|poke|p1|Infernape, M","|poke|p1|Charizard, F","|poke|p1|Darmanitan, M","|poke|p1|Fletchinder, M, shiny","|poke|p1|Rotom-Heat","|poke|p1|Victini","|poke|p2|Swampert, F","|poke|p2|Gyarados, F","|poke|p2|Manaphy","|poke|p2|Keldeo","|poke|p2|Lanturn, M","|poke|p2|Azumarill, M","|rule|Sleep Clause Mod: Limit one foe put to sleep","|rule|Species Clause: Limit one of each Pokémon","|rule|OHKO Clause: OHKO moves are banned","|rule|Moody Clause: Moody is banned","|rule|Evasion Moves Clause: Evasion moves are banned","|rule|Endless Battle Clause: Forcing endless battles is banned","|rule|HP Percentage Mod: HP is shown in percentages","|teampreview","|","|start","|switch|p1a: Charizard|Charizard, F|297/297","|switch|p2a: Gyarados|Gyarados, F|331/331","|-ability|p2a: Gyarados|Intimidate","|-unboost|p1a: Charizard|atk|1","|turn|1","|","|detailschange|p1a: Charizard|Charizard-Mega-Y, F","|-mega|p1a: Charizard|Charizard|Charizardite Y","|-weather|SunnyDay","|move|p1a: Charizard|Solar Beam|p2a: Gyarados|[still]","|-prepare|p1a: Charizard|Solar Beam|p2a: Gyarados","|-anim|p1a: Charizard|Solar Beam|p2a: Gyarados","|-damage|p2a: Gyarados|149/331","|move|p2a: Gyarados|Dragon Dance|p2a: Gyarados","|-boost|p2a: Gyarados|atk|1","|-boost|p2a: Gyarados|spe|1","|","|-weather|SunnyDay|[upkeep]","|turn|2","|","|switch|p1a: Infernape|Infernape, M|293/293","|detailschange|p2a: Gyarados|Gyarados-Mega, F","|-mega|p2a: Gyarados|Gyarados|Gyaradosite","|-ability|p2a: Gyarados|Mold Breaker","|move|p2a: Gyarados|Crunch|p1a: Infernape","|-resisted|p1a: Infernape","|-damage|p1a: Infernape|117/293","|","|-weather|SunnyDay|[upkeep]","|turn|3","|","|switch|p2a: Swampert|Swampert, F|404/404","|move|p1a: Infernape|Close Combat|p2a: Swampert","|-damage|p2a: Swampert|269/404","|-unboost|p1a: Infernape|def|1","|-unboost|p1a: Infernape|spd|1","|","|-weather|SunnyDay|[upkeep]","|-heal|p2a: Swampert|294/404|[from] item: Leftovers","|turn|4","|","|move|p1a: Infernape|Taunt|p2a: Swampert","|-start|p2a: Swampert|move: Taunt","|cant|p2a: Swampert|move: Taunt|Stealth Rock","|","|-weather|SunnyDay|[upkeep]","|-heal|p2a: Swampert|319/404|[from] item: Leftovers","|turn|5","|","|move|p1a: Infernape|Stealth Rock|p2a: Swampert","|-sidestart|p2: Chief Sokka|move: Stealth Rock","|move|p2a: Swampert|Earthquake|p1a: Infernape","|-supereffective|p1a: Infernape","|-damage|p1a: Infernape|0 fnt","|faint|p1a: Infernape","|","|-weather|none","|-heal|p2a: Swampert|344/404|[from] item: Leftovers","|","|switch|p1a: Charizard|Charizard-Mega-Y, F|297/297","|-weather|SunnyDay","|turn|6","|","|switch|p2a: Azumarill|Azumarill, M|403/403","|-damage|p2a: Azumarill|353/403|[from] Stealth Rock","|move|p1a: Charizard|Solar Beam|p2a: Azumarill|[still]","|-prepare|p1a: Charizard|Solar Beam|p2a: Azumarill","|-anim|p1a: Charizard|Solar Beam|p2a: Azumarill","|-boost|p2a: Azumarill|atk|1|[from] ability: Sap Sipper","|","|-weather|SunnyDay|[upkeep]","|turn|7","|","|move|p1a: Charizard|Fire Blast|p2a: Azumarill","|-resisted|p2a: Azumarill","|-damage|p2a: Azumarill|131/403","|move|p2a: Azumarill|Waterfall|p1a: Charizard","|-supereffective|p1a: Charizard","|-damage|p1a: Charizard|67/297","|","|-weather|SunnyDay|[upkeep]","|turn|8","|","|switch|p1a: Rotom-Heat|Rotom-Heat|241/241","|switch|p2a: Swampert|Swampert, F|344/404","|-damage|p2a: Swampert|319/404|[from] Stealth Rock","|","|-weather|SunnyDay|[upkeep]","|-heal|p2a: Swampert|344/404|[from] item: Leftovers","|turn|9","|","|switch|p1a: Charizard|Charizard-Mega-Y, F|67/297","|move|p2a: Swampert|Scald|p1a: Charizard","|-supereffective|p1a: Charizard","|-damage|p1a: Charizard|5/297","|","|-weather|SunnyDay|[upkeep]","|-heal|p2a: Swampert|369/404|[from] item: Leftovers","|turn|10","|","|switch|p2a: Azumarill|Azumarill, M|131/403","|-damage|p2a: Azumarill|81/403|[from] Stealth Rock","|move|p1a: Charizard|Roost|p1a: Charizard","|-heal|p1a: Charizard|154/297","|","|-weather|none","|turn|11","|","|switch|p1a: Rotom-Heat|Rotom-Heat|241/241","|move|p2a: Azumarill|Waterfall|p1a: Rotom-Heat","|-supereffective|p1a: Rotom-Heat","|-damage|p1a: Rotom-Heat|7/241","|","|turn|12","|","|switch|p2a: Lanturn|Lanturn, M|401/401","|-damage|p2a: Lanturn|351/401|[from] Stealth Rock","|move|p1a: Rotom-Heat|Overheat|p2a: Lanturn","|-resisted|p2a: Lanturn","|-damage|p2a: Lanturn|195/401","|-unboost|p1a: Rotom-Heat|spa|2","|","|-heal|p2a: Lanturn|220/401|[from] item: Leftovers","|turn|13","|","|switch|p1a: Charizard|Charizard-Mega-Y, F|154/297","|-weather|SunnyDay","|move|p2a: Lanturn|Volt Switch|p1a: Charizard","|-supereffective|p1a: Charizard","|-damage|p1a: Charizard|40/297","|","|switch|p2a: Keldeo|Keldeo|323/323","|-damage|p2a: Keldeo|303/323|[from] Stealth Rock","|","|-weather|SunnyDay|[upkeep]","|turn|14","|","|switch|p1a: Rotom-Heat|Rotom-Heat|7/241","|move|p2a: Keldeo|Secret Sword|p1a: Rotom-Heat","|-damage|p1a: Rotom-Heat|0 fnt","|faint|p1a: Rotom-Heat","|","|-weather|SunnyDay|[upkeep]","|","|switch|p1a: Victini|Victini|341/341","|turn|15","|","|switch|p2a: Lanturn|Lanturn, M|220/401","|-damage|p2a: Lanturn|170/401|[from] Stealth Rock","|move|p1a: Victini|U-turn|p2a: Lanturn","|-crit|p2a: Lanturn","|-damage|p2a: Lanturn|41/401","|","|switch|p1a: Darmanitan|Darmanitan, M|351/351","|","|-weather|SunnyDay|[upkeep]","|-heal|p2a: Lanturn|66/401|[from] item: Leftovers","|turn|16","|","|move|p1a: Darmanitan|U-turn|p2a: Lanturn","|-damage|p2a: Lanturn|0 fnt","|faint|p2a: Lanturn","|","|switch|p1a: Charizard|Charizard-Mega-Y, F|40/297","|","|-weather|SunnyDay|[upkeep]","|","|switch|p2a: Azumarill|Azumarill, M|81/403","|-damage|p2a: Azumarill|31/403|[from] Stealth Rock","|turn|17","|","|switch|p1a: Darmanitan|Darmanitan, M|351/351","|move|p2a: Azumarill|Aqua Jet|p1a: Darmanitan","|-supereffective|p1a: Darmanitan","|-damage|p1a: Darmanitan|249/351","|","|-weather|none","|turn|18","|","|move|p2a: Azumarill|Aqua Jet|p1a: Darmanitan","|-supereffective|p1a: Darmanitan","|-damage|p1a: Darmanitan|39/351","|move|p1a: Darmanitan|U-turn|p2a: Azumarill","|-resisted|p2a: Azumarill","|-damage|p2a: Azumarill|0 fnt","|faint|p2a: Azumarill","|","|switch|p1a: Charizard|Charizard-Mega-Y, F|40/297","|-weather|SunnyDay","|","|-weather|SunnyDay|[upkeep]","|","|switch|p2a: Keldeo|Keldeo|303/323","|-damage|p2a: Keldeo|283/323|[from] Stealth Rock","|turn|19","|","|switch|p1a: Victini|Victini|341/341","|move|p2a: Keldeo|Surf|p1a: Victini","|-supereffective|p1a: Victini","|-damage|p1a: Victini|111/341","|","|-weather|SunnyDay|[upkeep]","|turn|20","|","|switch|p1a: Darmanitan|Darmanitan, M|39/351","|move|p2a: Keldeo|Surf|p1a: Darmanitan","|-supereffective|p1a: Darmanitan","|-damage|p1a: Darmanitan|0 fnt","|faint|p1a: Darmanitan","|","|-weather|SunnyDay|[upkeep]","|","|switch|p1a: Fletchinder|Fletchinder, M, shiny|265/265","|turn|21","|","|switch|p2a: Swampert|Swampert, F|369/404","|-damage|p2a: Swampert|344/404|[from] Stealth Rock","|move|p1a: Fletchinder|Swords Dance|p1a: Fletchinder","|-boost|p1a: Fletchinder|atk|2","|","|-weather|SunnyDay|[upkeep]","|-heal|p2a: Swampert|369/404|[from] item: Leftovers","|turn|22","|","|move|p1a: Fletchinder|Acrobatics|p2a: Swampert","|-damage|p2a: Swampert|149/404","|move|p2a: Swampert|Stealth Rock|p1a: Fletchinder","|-sidestart|p1: Shining Yin|move: Stealth Rock","|","|-weather|none","|-heal|p2a: Swampert|174/404|[from] item: Leftovers","|turn|23","|","|move|p1a: Fletchinder|Acrobatics|p2a: Swampert","|-damage|p2a: Swampert|0 fnt","|faint|p2a: Swampert","|","|","|switch|p2a: Gyarados|Gyarados-Mega, F|149/331","|-damage|p2a: Gyarados|108/331|[from] Stealth Rock","|-ability|p2a: Gyarados|Mold Breaker","|turn|24","|","|move|p1a: Fletchinder|Acrobatics|p2a: Gyarados","|-damage|p2a: Gyarados|0 fnt","|faint|p2a: Gyarados","|","|","|switch|p2a: Manaphy|Manaphy|401/401","|-damage|p2a: Manaphy|351/401|[from] Stealth Rock","|turn|25","|","|move|p1a: Fletchinder|Acrobatics|p2a: Manaphy","|-damage|p2a: Manaphy|150/401","|move|p2a: Manaphy|Scald|p1a: Fletchinder","|-supereffective|p1a: Fletchinder","|-damage|p1a: Fletchinder|0 fnt","|faint|p1a: Fletchinder","|","|-heal|p2a: Manaphy|175/401|[from] item: Leftovers","|","|switch|p1a: Victini|Victini|111/341","|-damage|p1a: Victini|26/341|[from] Stealth Rock","|turn|26","|","|move|p1a: Victini|Bolt Strike|p2a: Manaphy","|-supereffective|p2a: Manaphy","|-damage|p2a: Manaphy|0 fnt","|faint|p2a: Manaphy","|","|","|switch|p2a: Keldeo|Keldeo|283/323","|-damage|p2a: Keldeo|263/323|[from] Stealth Rock","|turn|27","|","|move|p1a: Victini|Bolt Strike|p2a: Keldeo|[miss]","|-miss|p1a: Victini|p2a: Keldeo","|move|p2a: Keldeo|Scald|p1a: Victini","|-supereffective|p1a: Victini","|-damage|p1a: Victini|0 fnt","|faint|p1a: Victini","|","|","|switch|p1a: Charizard|Charizard-Mega-Y, F|40/297","|-damage|p1a: Charizard|0 fnt|[from] Stealth Rock","|faint|p1a: Charizard","|","|win|Chief Sokka"],"p1rating":{"entryid":"71235","serverid":"eos","formatid":"monotype","userid":"shiningyin","username":"Shining Yin","w":"26","l":10,"t":"0","gxe":64.6,"r":"1639.9413624913","rd":"81.966817467197","sigma":"0","rptime":"1440061200","rpr":1614.6940128798,"rprd":59.153832720084,"rpsigma":"0","acre":1160.2658304185,"lacre":1160.2658304185,"oldacre":"1198.1560337419"},"p2rating":{"entryid":220256,"formatid":"monotype","userid":"chiefsokka","username":"Chief Sokka","r":1500,"rd":130,"sigma":0,"rpr":1557.9927816038,"rprd":123.22072530167,"rpsigma":0,"rptime":1440061200,"w":1,"l":0,"t":0,"gxe":57.2,"acre":1060.6243253174,"lacre":1060.6243253174,"oldacre":1000},"endType":"normal"}