{"seed":[13702,42687,13899,36329],"turns":24,"p1":"Seven Swell","p2":"key7","p1team":[{"name":"Mew","species":"Mew","item":"leftovers","ability":"Synchronize","moves":["roost","toxic","healbell","aurasphere"],"nature":"Calm","evs":{"hp":252,"atk":0,"def":0,"spa":4,"spd":252,"spe":0},"ivs":{"hp":31,"atk":0,"def":31,"spa":31,"spd":31,"spe":31}},{"name":"Slowbro","species":"Slowbro","item":"rockyhelmet","ability":"Regenerator","moves":["scald","yawn","flamethrower","slackoff"],"nature":"Bold","evs":{"hp":252,"atk":0,"def":252,"spa":4,"spd":0,"spe":0},"ivs":{"hp":31,"atk":0,"def":31,"spa":31,"spd":31,"spe":31}},{"name":"Deoxys-Speed","species":"Deoxys-Speed","item":"focussash","ability":"Pressure","moves":["stealthrock","thunderbolt","thunderwave","icebeam"],"nature":"Timid","evs":{"hp":252,"atk":0,"def":0,"spa":44,"spd":0,"spe":212},"ivs":{"hp":31,"atk":0,"def":31,"spa":31,"spd":31,"spe":31}},{"name":"Latias","species":"Latias","item":"leftovers","ability":"Levitate","moves":["dracometeor","psyshock","roost","defog"],"nature":"Timid","evs":{"hp":252,"atk":0,"def":0,"spa":4,"spd":0,"spe":252},"ivs":{"hp":31,"atk":0,"def":31,"spa":31,"spd":31,"spe":31}},{"name":"Hoopa-Unbound","species":"Hoopa-Unbound","item":"focussash","ability":"Magician","moves":["hyperspacefury","drainpunch","firepunch","gunkshot"],"nature":"Adamant","evs":{"hp":0,"atk":252,"def":0,"spa":0,"spd":4,"spe":252},"ivs":{"hp":31,"atk":31,"def":31,"spa":31,"spd":31,"spe":31}},{"name":"Gardevoir","species":"Gardevoir","item":"gardevoirite","ability":"Trace","moves":["hypervoice","psyshock","shadowball","taunt"],"nature":"Timid","evs":{"hp":0,"atk":0,"def":0,"spa":252,"spd":4,"spe":252},"ivs":{"hp":31,"atk":0,"def":31,"spa":31,"spd":31,"spe":31}}],"p2team":[{"name":"Suicune","species":"Suicune","item":"chestoberry","ability":"Pressure","moves":["calmmind","rest","scald","extrasensory"],"nature":"Bold","evs":{"hp":252,"atk":0,"def":252,"spa":0,"spd":4,"spe":0},"ivs":{"hp":31,"atk":31,"def":31,"spa":31,"spd":31,"spe":31}},{"name":"Tentacruel","species":"Tentacruel","item":"blacksludge","ability":"Liquid Ooze","moves":["acidspray","scald","confuseray","rapidspin"],"nature":"Bold","evs":{"hp":244,"atk":0,"def":240,"spa":0,"spd":4,"spe":20},"ivs":{"hp":31,"atk":31,"def":31,"spa":31,"spd":31,"spe":31}},{"name":"Keldeo","species":"Keldeo","item":"choicescarf","ability":"Justified","moves":["secretsword","surf","hiddenpowerflying","icywind"],"nature":"Timid","evs":{"hp":4,"atk":0,"def":0,"spa":252,"spd":0,"spe":252},"ivs":{"hp":30,"atk":30,"def":30,"spa":30,"spd":30,"spe":31}},{"name":"Crawdaunt","species":"Crawdaunt","item":"focussash","ability":"Adaptability","moves":["dragondance","crabhammer","aquajet","knockoff"],"nature":"Jolly","evs":{"hp":0,"atk":252,"def":0,"spa":0,"spd":4,"spe":252},"ivs":{"hp":31,"atk":31,"def":31,"spa":31,"spd":31,"spe":31}},{"name":"Azumarill","species":"Azumarill","item":"assaultvest","ability":"Huge Power","moves":["waterfall","aquajet","superpower","playrough"],"nature":"Adamant","evs":{"hp":248,"atk":252,"def":0,"spa":0,"spd":8,"spe":0},"ivs":{"hp":31,"atk":31,"def":31,"spa":31,"spd":31,"spe":31}},{"name":"Cloyster","species":"Cloyster","item":"focussash","ability":"Skill Link","moves":["shellsmash","razorshell","iciclespear","rockblast"],"nature":"Adamant","evs":{"hp":0,"atk":252,"def":0,"spa":0,"spd":4,"spe":252},"ivs":{"hp":31,"atk":31,"def":31,"spa":31,"spd":31,"spe":31}}],"log":["|player|p1|Seven Swell|sevenswell.png","|player|p2|key7|key7.png","|gametype|singles","|gen|6","|tier|Monotype","|rated","|rule|Baton Pass Clause: Limit one Baton Passer, can't pass Spe and other stats simultaneously","|rule|Swagger Clause: Swagger is banned","|rule|Same Type Clause: Pokémon in a team must share a type","|clearpoke","|poke|p1|Mew","|poke|p1|Slowbro, M","|poke|p1|Deoxys-Speed","|poke|p1|Latias, F","|poke|p1|Hoopa-Unbound","|poke|p1|Gardevoir, F","|poke|p2|Suicune","|poke|p2|Tentacruel, M","|poke|p2|Keldeo","|poke|p2|Crawdaunt, F","|poke|p2|Azumarill, F","|poke|p2|Cloyster, M","|rule|Sleep Clause Mod: Limit one foe put to sleep","|rule|Species Clause: Limit one of each Pokémon","|rule|OHKO Clause: OHKO moves are banned","|rule|Moody Clause: Moody is banned","|rule|Evasion Moves Clause: Evasion moves are banned","|rule|Endless Battle Clause: Forcing endless battles is banned","|rule|HP Percentage Mod: HP is shown in percentages","|teampreview","|","|start","|switch|p1a: Deoxys-Speed|Deoxys-Speed|304/304","|switch|p2a: Suicune|Suicune|404/404","|-ability|p1a: Deoxys-Speed|Pressure","|-ability|p2a: Suicune|Pressure","|turn|1","|","|move|p1a: Deoxys-Speed|Stealth Rock|p2a: Suicune","|-sidestart|p2: key7|move: Stealth Rock","|move|p2a: Suicune|Calm Mind|p2a: Suicune","|-boost|p2a: Suicune|spa|1","|-boost|p2a: Suicune|spd|1","|","|turn|2","|","|switch|p1a: Gardevoir|Gardevoir, F|277/277","|-ability|p1a: Gardevoir|Pressure|[from] ability: Trace|[of] p2a: Suicune","|-ability|p1a: Gardevoir|Pressure","|move|p2a: Suicune|Calm Mind|p2a: Suicune","|-boost|p2a: Suicune|spa|1","|-boost|p2a: Suicune|spd|1","|","|turn|3","|","|detailschange|p1a: Gardevoir|Gardevoir-Mega, F","|-mega|p1a: Gardevoir|Gardevoir|Gardevoirite","|move|p1a: Gardevoir|Taunt|p2a: Suicune","|-start|p2a: Suicune|move: Taunt","|cant|p2a: Suicune|move: Taunt|Calm Mind","|","|turn|4","|","|move|p1a: Gardevoir|Psyshock|p2a: Suicune","|-damage|p2a: Suicune|293/404","|move|p2a: Suicune|Scald|p1a: Gardevoir","|-damage|p1a: Gardevoir|139/277","|","|turn|5","|","|move|p1a: Gardevoir|Hyper Voice|p2a: Suicune","|-damage|p2a: Suicune|187/404","|move|p2a: Suicune|Scald|p1a: Gardevoir","|-damage|p1a: Gardevoir|15/277","|","|-end|p2a: Suicune|move: Taunt","|turn|6","|","|move|p1a: Gardevoir|Taunt|p2a: Suicune","|-start|p2a: Suicune|move: Taunt","|move|p2a: Suicune|Scald|p1a: Gardevoir","|-damage|p1a: Gardevoir|0 fnt","|faint|p1a: Gardevoir","|","|","|switch|p1a: Hoopa-Unbound|Hoopa-Unbound|301/301","|turn|7","|","|move|p1a: Hoopa-Unbound|Hyperspace Fury|p2a: Suicune","|-damage|p2a: Suicune|45/404","|-unboost|p1a: Hoopa-Unbound|def|1","|move|p2a: Suicune|Scald|p1a: Hoopa-Unbound","|-damage|p1a: Hoopa-Unbound|175/301","|","|turn|8","|","|move|p1a: Hoopa-Unbound|Hyperspace Fury|p2a: Suicune","|-crit|p2a: Suicune","|-damage|p2a: Suicune|0 fnt","|-unboost|p1a: Hoopa-Unbound|def|1","|faint|p2a: Suicune","|","|","|switch|p2a: Keldeo|Keldeo|323/323","|-damage|p2a: Keldeo|303/323|[from] Stealth Rock","|turn|9","|","|switch|p1a: Mew|Mew|404/404","|move|p2a: Keldeo|Secret Sword|p1a: Mew","|-resisted|p1a: Mew","|-damage|p1a: Mew|332/404","|","|-heal|p1a: Mew|357/404|[from] item: Leftovers","|turn|10","|","|switch|p2a: Tentacruel|Tentacruel, M|362/362","|-damage|p2a: Tentacruel|317/362|[from] Stealth Rock","|move|p1a: Mew|Aura Sphere|p2a: Tentacruel","|-resisted|p2a: Tentacruel","|-damage|p2a: Tentacruel|289/362","|","|-heal|p2a: Tentacruel|311/362|[from] item: Black Sludge","|-heal|p1a: Mew|382/404|[from] item: Leftovers","|turn|11","|","|switch|p1a: Hoopa-Unbound|Hoopa-Unbound|175/301","|move|p2a: Tentacruel|Rapid Spin|p1a: Hoopa-Unbound","|-damage|p1a: Hoopa-Unbound|157/301","|-sideend|p2: key7|Stealth Rock|[from] move: Rapid Spin|[of] p2a: Tentacruel","|","|-heal|p2a: Tentacruel|333/362|[from] item: Black Sludge","|turn|12","|","|move|p1a: Hoopa-Unbound|Hyperspace Fury|p2a: Tentacruel","|-damage|p2a: Tentacruel|101/362","|-unboost|p1a: Hoopa-Unbound|def|1","|move|p2a: Tentacruel|Confuse Ray|p1a: Hoopa-Unbound","|-start|p1a: Hoopa-Unbound|confusion","|","|-heal|p2a: Tentacruel|123/362|[from] item: Black Sludge","|turn|13","|","|switch|p1a: Latias|Latias, F|364/364","|move|p2a: Tentacruel|Scald|p1a: Latias","|-resisted|p1a: Latias","|-damage|p1a: Latias|334/364","|-status|p1a: Latias|brn","|","|-heal|p1a: Latias|356/364 brn|[from] item: Leftovers","|-heal|p2a: Tentacruel|145/362|[from] item: Black Sludge","|-damage|p1a: Latias|311/364 brn|[from] brn","|turn|14","|","|move|p1a: Latias|Psyshock|p2a: Tentacruel","|-supereffective|p2a: Tentacruel","|-damage|p2a: Tentacruel|0 fnt","|faint|p2a: Tentacruel","|","|-heal|p1a: Latias|333/364 brn|[from] item: Leftovers","|-damage|p1a: Latias|288/364 brn|[from] brn","|","|switch|p2a: Crawdaunt|Crawdaunt, F|267/267","|turn|15","|","|move|p1a: Latias|Draco Meteor|p2a: Crawdaunt","|-enditem|p2a: Crawdaunt|Focus Sash","|-damage|p2a: Crawdaunt|1/267","|-unboost|p1a: Latias|spa|2","|move|p2a: Crawdaunt|Dragon Dance|p2a: Crawdaunt","|-boost|p2a: Crawdaunt|atk|1","|-boost|p2a: Crawdaunt|spe|1","|","|-heal|p1a: Latias|310/364 brn|[from] item: Leftovers","|-damage|p1a: Latias|265/364 brn|[from] brn","|turn|16","|","|move|p1a: Latias|Draco Meteor|p2a: Crawdaunt|[miss]","|-miss|p1a: Latias|p2a: Crawdaunt","|move|p2a: Crawdaunt|Knock Off|p1a: Latias","|-supereffective|p1a: Latias","|-damage|p1a: Latias|0 fnt","|-enditem|p1a: Latias|Leftovers|[from] move: Knock Off|[of] p2a: Crawdaunt","|faint|p1a: Latias","|","|","|switch|p1a: Deoxys-Speed|Deoxys-Speed|304/304","|-ability|p1a: Deoxys-Speed|Pressure","|turn|17","|","|move|p2a: Crawdaunt|Aqua Jet|p1a: Deoxys-Speed","|-crit|p1a: Deoxys-Speed","|-damage|p1a: Deoxys-Speed|96/304","|move|p1a: Deoxys-Speed|Thunderbolt|p2a: Crawdaunt","|-supereffective|p2a: Crawdaunt","|-damage|p2a: Crawdaunt|0 fnt","|faint|p2a: Crawdaunt","|","|","|switch|p2a: Azumarill|Azumarill, F|403/403","|turn|18","|","|move|p1a: Deoxys-Speed|Thunderbolt|p2a: Azumarill","|-supereffective|p2a: Azumarill","|-damage|p2a: Azumarill|293/403","|move|p2a: Azumarill|Waterfall|p1a: Deoxys-Speed","|-damage|p1a: Deoxys-Speed|0 fnt","|faint|p1a: Deoxys-Speed","|","|","|switch|p1a: Slowbro|Slowbro, M|394/394","|turn|19","|","|move|p2a: Azumarill|Play Rough|p1a: Slowbro","|-damage|p1a: Slowbro|250/394","|-damage|p2a: Azumarill|226/403|[from] item: Rocky Helmet|[of] p1a: Slowbro","|move|p1a: Slowbro|Yawn|p2a: Azumarill","|-start|p2a: Azumarill|move: Yawn|[of] p1a: Slowbro","|","|turn|20","|","|move|p2a: Azumarill|Play Rough|p1a: Slowbro|[miss]","|-miss|p2a: Azumarill|p1a: Slowbro","|move|p1a: Slowbro|Yawn|p2a: Azumarill","|-fail|p2a: Azumarill","|","|-end|p2a: Azumarill|move: Yawn|[silent]","|-status|p2a: Azumarill|slp","|turn|21","|","|cant|p2a: Azumarill|slp","|move|p1a: Slowbro|Slack Off|p1a: Slowbro","|-heal|p1a: Slowbro|394/394","|","|turn|22","|","|switch|p2a: Cloyster|Cloyster, M|241/241","|move|p1a: Slowbro|Scald|p2a: Cloyster","|-resisted|p2a: Cloyster","|-damage|p2a: Cloyster|156/241","|","|turn|23","|","|move|p2a: Cloyster|Shell Smash|p2a: Cloyster","|-unboost|p2a: Cloyster|def|1","|-unboost|p2a: Cloyster|spd|1","|-boost|p2a: Cloyster|atk|2","|-boost|p2a: Cloyster|spa|2","|-boost|p2a: Cloyster|spe|2","|move|p1a: Slowbro|Scald|p2a: Cloyster","|-resisted|p2a: Cloyster","|-damage|p2a: Cloyster|21/241","|","|turn|24","|","|move|p2a: Cloyster|Rock Blast|p1a: Slowbro","|-damage|p1a: Slowbro|356/394","|-damage|p1a: Slowbro|318/394","|-damage|p1a: Slowbro|278/394","|-damage|p1a: Slowbro|239/394","|-damage|p1a: Slowbro|200/394","|-hitcount|p1a: Slowbro|5","|move|p1a: Slowbro|Scald|p2a: Cloyster","|-resisted|p2a: Cloyster","|-damage|p2a: Cloyster|0 fnt","|faint|p2a: Cloyster","|","|","|win|Seven Swell"],"p1rating":{"entryid":"86214","serverid":"eos","formatid":"monotype","userid":"sevenswell","username":"Seven Swell","w":17,"l":"3","t":"0","gxe":72.3,"r":"1657.3392056267","rd":"80.221831851584","sigma":"0","rptime":"1440061200","rpr":1684.1468761431,"rprd":71.901796126213,"rpsigma":"0","acre":1249.914080191,"lacre":1249.914080191,"oldacre":"1233.9297125335"},"p2rating":{"entryid":"188976","serverid":"eos","formatid":"monotype","userid":"key7","username":"key7","w":"8","l":6,"t":"0","gxe":57.1,"r":"1500","rd":"130","sigma":"0","rptime":"1440061200","rpr":1555.3081372979,"rprd":80.255143368995,"rpsigma":"0","acre":1086.7521094476,"lacre":1086.7521094476,"oldacre":"1102.7364771051"},"endType":"forfeit"}