{"seed":[64208,47349,19907,49013],"turns":22,"p1":"Whitston","p2":"alliance - mxy","p1team":[{"name":"Sableye","species":"Sableye","item":"leftovers","ability":"Prankster","moves":["foulplay","willowisp","recover","taunt"],"nature":"Careful","evs":{"hp":252,"atk":0,"def":4,"spa":0,"spd":252,"spe":0},"ivs":{"hp":31,"atk":31,"def":31,"spa":31,"spd":31,"spe":31}},{"name":"Absol","species":"Absol","item":"absolite","ability":"Super Luck","moves":["playrough","psychocut","nightslash","suckerpunch"],"nature":"Jolly","evs":{"hp":0,"atk":252,"def":0,"spa":0,"spd":0,"spe":252},"ivs":{"hp":31,"atk":31,"def":31,"spa":31,"spd":31,"spe":31}},{"name":"Mandibuzz","species":"Mandibuzz","item":"leftovers","ability":"Overcoat","moves":["roost","foulplay","knockoff","defog"],"nature":"Impish","evs":{"hp":248,"atk":0,"def":136,"spa":0,"spd":108,"spe":16},"ivs":{"hp":31,"atk":31,"def":31,"spa":31,"spd":31,"spe":31}},{"name":"Tyranitar","species":"Tyranitar","item":"rockincense","ability":"Sand Stream","moves":["rockslide","dragondance","pursuit","stealthrock"],"nature":"Adamant","evs":{"hp":248,"atk":248,"def":0,"spa":0,"spd":0,"spe":12},"ivs":{"hp":31,"atk":31,"def":31,"spa":31,"spd":31,"spe":31}},{"name":"Hydreigon","species":"Hydreigon","item":"lifeorb","ability":"Levitate","moves":["dracometeor","fireblast","darkpulse","flashcannon"],"nature":"Timid","evs":{"hp":0,"atk":0,"def":0,"spa":252,"spd":0,"spe":252},"ivs":{"hp":31,"atk":31,"def":31,"spa":31,"spd":31,"spe":31}},{"name":"Houndoom","species":"Houndoom","item":"focussash","ability":"Flash Fire","moves":["flamethrower","darkpulse","nastyplot","destinybond"],"nature":"Timid","evs":{"hp":0,"atk":0,"def":0,"spa":252,"spd":0,"spe":252},"ivs":{"hp":31,"atk":31,"def":31,"spa":31,"spd":31,"spe":31}}],"p2team":[{"name":"Beedrill","species":"Beedrill","item":"beedrillite","ability":"Swarm","moves":["uturn","poisonjab","knockoff","protect"],"nature":"Jolly","evs":{"hp":0,"atk":252,"def":0,"spa":0,"spd":4,"spe":252},"ivs":{"hp":31,"atk":31,"def":31,"spa":31,"spd":31,"spe":31}},{"name":"Weezing","species":"Weezing","item":"blacksludge","ability":"Levitate","moves":["fireblast","sludgewave","willowisp","painsplit"],"nature":"Bold","evs":{"hp":248,"atk":0,"def":252,"spa":8,"spd":0,"spe":0},"ivs":{"hp":31,"atk":0,"def":31,"spa":31,"spd":31,"spe":31}},{"name":"Drapion","species":"Drapion","item":"choicescarf","ability":"Sniper","moves":["knockoff","rockslide","earthquake","thunderfang"],"nature":"Jolly","evs":{"hp":0,"atk":252,"def":0,"spa":0,"spd":4,"spe":252},"ivs":{"hp":31,"atk":31,"def":31,"spa":31,"spd":31,"spe":31}},{"name":"Gengar","species":"Gengar","item":"focussash","ability":"Levitate","moves":["shadowball","sludgewave","focusblast","destinybond"],"nature":"Timid","evs":{"hp":0,"atk":0,"def":0,"spa":252,"spd":4,"spe":252},"ivs":{"hp":31,"atk":0,"def":31,"spa":31,"spd":31,"spe":31}},{"name":"Crobat","species":"Crobat","item":"leftovers","ability":"Infiltrator","moves":["bravebird","toxic","taunt","defog"],"nature":"Jolly","evs":{"hp":120,"atk":136,"def":0,"spa":0,"spd":0,"spe":252},"ivs":{"hp":31,"atk":31,"def":31,"spa":31,"spd":31,"spe":31}},{"name":"Nidoking","species":"Nidoking","item":"lifeorb","ability":"Sheer Force","moves":["earthpower","flamethrower","icebeam","suckerpunch"],"nature":"Naive","evs":{"hp":0,"atk":4,"def":0,"spa":252,"spd":0,"spe":252},"ivs":{"hp":31,"atk":31,"def":31,"spa":31,"spd":31,"spe":31}}],"log":["|player|p1|Whitston|290","|player|p2|alliance - mxy|270","|gametype|singles","|gen|6","|tier|Monotype","|rated","|rule|Baton Pass Clause: Limit one Baton Passer, can't pass Spe and other stats simultaneously","|rule|Swagger Clause: Swagger is banned","|rule|Same Type Clause: Pokémon in a team must share a type","|clearpoke","|poke|p1|Sableye, M","|poke|p1|Absol, F","|poke|p1|Mandibuzz, F","|poke|p1|Tyranitar, M","|poke|p1|Hydreigon, M","|poke|p1|Houndoom, M","|poke|p2|Beedrill, F","|poke|p2|Weezing, F","|poke|p2|Drapion, M","|poke|p2|Gengar, M","|poke|p2|Crobat, F","|poke|p2|Nidoking, M","|rule|Sleep Clause Mod: Limit one foe put to sleep","|rule|Species Clause: Limit one of each Pokémon","|rule|OHKO Clause: OHKO moves are banned","|rule|Moody Clause: Moody is banned","|rule|Evasion Moves Clause: Evasion moves are banned","|rule|Endless Battle Clause: Forcing endless battles is banned","|rule|HP Percentage Mod: HP is shown in percentages","|teampreview","|","|start","|switch|p1a: Absol|Absol, F|271/271","|switch|p2a: Nidoking|Nidoking, M|303/303","|turn|1","|","|detailschange|p1a: Absol|Absol-Mega, F","|-mega|p1a: Absol|Absol|Absolite","|move|p2a: Nidoking|Earth Power|p1a: Absol","|-damage|p1a: Absol|0 fnt","|faint|p1a: Absol","|","|","|switch|p1a: Sableye|Sableye, M|304/304","|turn|2","|","|move|p1a: Sableye|Will-O-Wisp|p2a: Nidoking","|-status|p2a: Nidoking|brn","|move|p2a: Nidoking|Earth Power|p1a: Sableye","|-damage|p1a: Sableye|104/304","|","|-heal|p1a: Sableye|123/304|[from] item: Leftovers","|-damage|p2a: Nidoking|266/303 brn|[from] brn","|turn|3","|","|move|p1a: Sableye|Recover|p1a: Sableye","|-heal|p1a: Sableye|275/304","|move|p2a: Nidoking|Earth Power|p1a: Sableye","|-damage|p1a: Sableye|90/304","|","|-heal|p1a: Sableye|109/304|[from] item: Leftovers","|-damage|p2a: Nidoking|229/303 brn|[from] brn","|turn|4","|","|move|p1a: Sableye|Recover|p1a: Sableye","|-heal|p1a: Sableye|261/304","|move|p2a: Nidoking|Earth Power|p1a: Sableye","|-damage|p1a: Sableye|73/304","|","|-heal|p1a: Sableye|92/304|[from] item: Leftovers","|-damage|p2a: Nidoking|192/303 brn|[from] brn","|turn|5","|","|move|p1a: Sableye|Recover|p1a: Sableye","|-heal|p1a: Sableye|244/304","|move|p2a: Nidoking|Earth Power|p1a: Sableye","|-damage|p1a: Sableye|48/304","|","|-heal|p1a: Sableye|67/304|[from] item: Leftovers","|-damage|p2a: Nidoking|155/303 brn|[from] brn","|turn|6","|","|move|p1a: Sableye|Recover|p1a: Sableye","|-heal|p1a: Sableye|219/304","|move|p2a: Nidoking|Earth Power|p1a: Sableye","|-damage|p1a: Sableye|44/304","|","|-heal|p1a: Sableye|63/304|[from] item: Leftovers","|-damage|p2a: Nidoking|118/303 brn|[from] brn","|turn|7","|","|move|p1a: Sableye|Recover|p1a: Sableye","|-heal|p1a: Sableye|215/304","|move|p2a: Nidoking|Earth Power|p1a: Sableye","|-damage|p1a: Sableye|24/304","|","|-heal|p1a: Sableye|43/304|[from] item: Leftovers","|-damage|p2a: Nidoking|81/303 brn|[from] brn","|turn|8","|","|move|p1a: Sableye|Recover|p1a: Sableye","|-heal|p1a: Sableye|195/304","|move|p2a: Nidoking|Earth Power|p1a: Sableye","|-damage|p1a: Sableye|12/304","|","|-heal|p1a: Sableye|31/304|[from] item: Leftovers","|-damage|p2a: Nidoking|44/303 brn|[from] brn","|turn|9","|","|move|p2a: Nidoking|Earth Power|p1a: Sableye","|-damage|p1a: Sableye|0 fnt","|faint|p1a: Sableye","|","|-damage|p2a: Nidoking|7/303 brn|[from] brn","|","|switch|p1a: Tyranitar|Tyranitar, M|403/403","|-weather|Sandstorm","|turn|10","|","|move|p2a: Nidoking|Earth Power|p1a: Tyranitar","|-supereffective|p1a: Tyranitar","|-damage|p1a: Tyranitar|153/403","|move|p1a: Tyranitar|Stealth Rock|p2a: Nidoking","|-sidestart|p2: alliance - mxy|move: Stealth Rock","|","|-weather|Sandstorm|[upkeep]","|-damage|p2a: Nidoking|0 fnt|[from] brn","|faint|p2a: Nidoking","|","|switch|p2a: Crobat|Crobat, F|341/341","|-damage|p2a: Crobat|256/341|[from] Stealth Rock","|turn|11","|","|move|p2a: Crobat|Defog|p1a: Tyranitar","|-unboost|p1a: Tyranitar|evasion|1","|-sideend|p2: alliance - mxy|Stealth Rock|[from] move: Defog|[of] p2a: Crobat","|move|p1a: Tyranitar|Dragon Dance|p1a: Tyranitar","|-boost|p1a: Tyranitar|atk|1","|-boost|p1a: Tyranitar|spe|1","|","|-weather|Sandstorm|[upkeep]","|-damage|p2a: Crobat|235/341|[from] sandstorm","|-heal|p2a: Crobat|256/341|[from] item: Leftovers","|turn|12","|","|move|p2a: Crobat|Taunt|p1a: Tyranitar","|-start|p1a: Tyranitar|move: Taunt","|move|p1a: Tyranitar|Rock Slide|p2a: Crobat","|-supereffective|p2a: Crobat","|-damage|p2a: Crobat|0 fnt","|faint|p2a: Crobat","|","|-weather|Sandstorm|[upkeep]","|","|switch|p2a: Beedrill|Beedrill, F|271/271","|turn|13","|","|detailschange|p2a: Beedrill|Beedrill-Mega, F","|-mega|p2a: Beedrill|Beedrill|Beedrillite","|move|p2a: Beedrill|Protect|p2a: Beedrill","|-singleturn|p2a: Beedrill|Protect","|move|p1a: Tyranitar|Rock Slide|p2a: Beedrill","|-activate|p2a: Beedrill|Protect","|","|-weather|Sandstorm|[upkeep]","|-damage|p2a: Beedrill|255/271|[from] sandstorm","|turn|14","|","|move|p2a: Beedrill|U-turn|p1a: Tyranitar","|-supereffective|p1a: Tyranitar","|-damage|p1a: Tyranitar|0 fnt","|faint|p1a: Tyranitar","|","|switch|p2a: Gengar|Gengar, M|261/261","|","|-weather|none","|","|switch|p1a: Mandibuzz|Mandibuzz, F|423/423","|turn|15","|","|move|p2a: Gengar|Sludge Wave|p1a: Mandibuzz","|-damage|p1a: Mandibuzz|267/423","|move|p1a: Mandibuzz|Knock Off|p2a: Gengar","|-supereffective|p2a: Gengar","|-damage|p2a: Gengar|7/261","|-enditem|p2a: Gengar|Focus Sash|[from] move: Knock Off|[of] p1a: Mandibuzz","|","|-heal|p1a: Mandibuzz|293/423|[from] item: Leftovers","|turn|16","|","|move|p2a: Gengar|Destiny Bond|p2a: Gengar","|-singlemove|p2a: Gengar|Destiny Bond","|move|p1a: Mandibuzz|Roost|p1a: Mandibuzz","|-heal|p1a: Mandibuzz|423/423","|","|turn|17","|","|move|p2a: Gengar|Destiny Bond|p2a: Gengar","|-singlemove|p2a: Gengar|Destiny Bond","|move|p1a: Mandibuzz|Foul Play|p2a: Gengar","|-supereffective|p2a: Gengar","|-damage|p2a: Gengar|0 fnt","|faint|p2a: Gengar","|-activate|p2a: Gengar|Destiny Bond","|faint|p1a: Mandibuzz","|","|","|switch|p1a: Hydreigon|Hydreigon, M|325/325","|switch|p2a: Drapion|Drapion, M|281/281","|turn|18","|","|move|p2a: Drapion|Knock Off|p1a: Hydreigon","|-resisted|p1a: Hydreigon","|-damage|p1a: Hydreigon|249/325","|-enditem|p1a: Hydreigon|Life Orb|[from] move: Knock Off|[of] p2a: Drapion","|move|p1a: Hydreigon|Draco Meteor|p2a: Drapion","|-damage|p2a: Drapion|0 fnt","|-unboost|p1a: Hydreigon|spa|2","|faint|p2a: Drapion","|","|","|switch|p2a: Beedrill|Beedrill-Mega, F|255/271","|turn|19","|","|move|p2a: Beedrill|U-turn|p1a: Hydreigon","|-supereffective|p1a: Hydreigon","|-damage|p1a: Hydreigon|0 fnt","|faint|p1a: Hydreigon","|","|switch|p2a: Weezing|Weezing, F|333/333","|","|","|switch|p1a: Houndoom|Houndoom, M|291/291","|turn|20","|","|move|p1a: Houndoom|Nasty Plot|p1a: Houndoom","|-boost|p1a: Houndoom|spa|2","|move|p2a: Weezing|Sludge Wave|p1a: Houndoom","|-damage|p1a: Houndoom|164/291","|","|turn|21","|","|move|p1a: Houndoom|Dark Pulse|p2a: Weezing","|-damage|p2a: Weezing|0 fnt","|faint|p2a: Weezing","|","|","|switch|p2a: Beedrill|Beedrill-Mega, F|255/271","|turn|22","|","|move|p2a: Beedrill|Poison Jab|p1a: Houndoom","|-damage|p1a: Houndoom|0 fnt","|faint|p1a: Houndoom","|","|win|alliance - mxy"],"p1rating":{"entryid":"190364","serverid":"eos","formatid":"monotype","userid":"whitston","username":"Whitston","w":"2","l":7,"t":"0","gxe":35.3,"r":"1500","rd":"130","sigma":"0","rptime":"1440061200","rpr":1382.1377142079,"rprd":90.020104659101,"rpsigma":"0","acre":1004.5657803492,"lacre":1004.5657803492,"oldacre":"1012.8729432694"},"p2rating":{"entryid":"127788","serverid":"eos","formatid":"monotype","userid":"alliancemxy","username":"Alliance - Mxy","w":9,"l":"4","t":"0","gxe":60.2,"r":"1574.7622834084","rd":"102.97746436524","sigma":"0","rptime":"1440061200","rpr":1579.8318097106,"rprd":81.89006136445,"rpsigma":"0","acre":1139.2434950653,"lacre":1139.2434950653,"oldacre":"1121.836731888"},"endType":"normal"}