{"seed":[64050,50524,37278,13797],"turns":31,"p1":"Void HairyChild","p2":"Jake1079","p1team":[{"name":"Cancer bulk","species":"chansey","item":"eviolite","ability":"Natural Cure","moves":["toxic","stealthrock","wish","healbell"],"nature":"Bold","evs":{"hp":128,"atk":0,"def":252,"spa":0,"spd":128,"spe":0},"ivs":{"hp":31,"atk":31,"def":31,"spa":31,"spd":31,"spe":31}},{"name":"Cancer mega","species":"lopunny","item":"lopunnite","ability":"Limber","moves":["highjumpkick","substitute","poweruppunch","return"],"nature":"Jolly","evs":{"hp":0,"atk":252,"def":0,"spa":0,"spd":4,"spe":252},"shiny":true,"ivs":{"hp":31,"atk":31,"def":31,"spa":31,"spd":31,"spe":31}},{"name":"Cancer Bird","species":"staraptor","item":"leftovers","ability":"Intimidate","moves":["bravebird","featherdance","roost","defog"],"nature":"Impish","evs":{"hp":252,"atk":0,"def":176,"spa":0,"spd":80,"spe":0},"ivs":{"hp":31,"atk":31,"def":31,"spa":31,"spd":31,"spe":31}},{"name":"Cancer AV","species":"meloetta","item":"assaultvest","ability":"Serene Grace","moves":["psychic","focusblast","thunderbolt","shadowball"],"nature":"Modest","evs":{"hp":8,"atk":0,"def":0,"spa":252,"spd":8,"spe":240},"ivs":{"hp":31,"atk":31,"def":31,"spa":31,"spd":31,"spe":31}},{"name":"Cancer transform","species":"ditto","item":"choicescarf","ability":"Imposter","moves":["transform"],"nature":"Bold","evs":{"hp":248,"atk":0,"def":252,"spa":0,"spd":8,"spe":0},"ivs":{"hp":31,"atk":31,"def":31,"spa":31,"spd":31,"spe":31}},{"name":"Cancer band","species":"diggersby","item":"choiceband","ability":"Huge Power","moves":["return","earthquake","quickattack","knockoff"],"nature":"Adamant","evs":{"hp":248,"atk":252,"def":0,"spa":0,"spd":8,"spe":0},"shiny":true,"ivs":{"hp":31,"atk":31,"def":31,"spa":31,"spd":31,"spe":31}}],"p2team":[{"name":"Aggron","species":"Aggron","item":"aggronite","ability":"Sturdy","moves":["autotomize","ironhead","earthquake","poweruppunch"],"nature":"Jolly","evs":{"hp":0,"atk":252,"def":0,"spa":0,"spd":0,"spe":252},"ivs":{"hp":31,"atk":31,"def":31,"spa":31,"spd":31,"spe":31}},{"name":"Jirachi","species":"Jirachi","item":"leftovers","ability":"Serene Grace","moves":["ironhead","thunderwave","meteormash","firepunch"],"nature":"Adamant","evs":{"hp":224,"atk":252,"def":0,"spa":0,"spd":0,"spe":32},"ivs":{"hp":31,"atk":31,"def":31,"spa":31,"spd":31,"spe":31}},{"name":"Bronzong","species":"Bronzong","item":"lightclay","ability":"Heatproof","moves":["explosion","reflect","lightscreen","stealthrock"],"nature":"Careful","evs":{"hp":248,"atk":8,"def":0,"spa":0,"spd":252,"spe":0},"ivs":{"hp":31,"atk":31,"def":31,"spa":31,"spd":31,"spe":31}},{"name":"Heatran","species":"Heatran","item":"airballoon","ability":"Flash Fire","moves":["earthpower","flashcannon","flamethrower","roar"],"nature":"Modest","evs":{"hp":248,"atk":0,"def":0,"spa":252,"spd":8,"spe":0},"ivs":{"hp":31,"atk":31,"def":31,"spa":31,"spd":31,"spe":31}},{"name":"Scizor","species":"Scizor","item":"occaberry","ability":"Technician","moves":["bulletpunch","bugbite","swordsdance","roost"],"nature":"Adamant","evs":{"hp":248,"atk":252,"def":0,"spa":0,"spd":8,"spe":0},"ivs":{"hp":31,"atk":31,"def":31,"spa":31,"spd":31,"spe":31}},{"name":"Magnezone","species":"Magnezone","item":"choicescarf","ability":"Sturdy","moves":["flashcannon","thunderbolt","hiddenpowerfire","voltswitch"],"nature":"Timid","evs":{"hp":0,"atk":0,"def":0,"spa":252,"spd":4,"spe":252},"ivs":{"hp":31,"atk":30,"def":31,"spa":30,"spd":31,"spe":30}}],"log":["|player|p1|Void HairyChild|269","|player|p2|Jake1079|281","|gametype|singles","|gen|6","|tier|Monotype","|rated","|rule|Baton Pass Clause: Limit one Baton Passer, can't pass Spe and other stats simultaneously","|rule|Swagger Clause: Swagger is banned","|rule|Same Type Clause: Pokémon in a team must share a type","|clearpoke","|poke|p1|Chansey, F","|poke|p1|Lopunny, M, shiny","|poke|p1|Staraptor, M","|poke|p1|Meloetta","|poke|p1|Ditto","|poke|p1|Diggersby, M, shiny","|poke|p2|Aggron, M","|poke|p2|Jirachi","|poke|p2|Bronzong","|poke|p2|Heatran, M","|poke|p2|Scizor, F","|poke|p2|Magnezone","|rule|Sleep Clause Mod: Limit one foe put to sleep","|rule|Species Clause: Limit one of each Pokémon","|rule|OHKO Clause: OHKO moves are banned","|rule|Moody Clause: Moody is banned","|rule|Evasion Moves Clause: Evasion moves are banned","|rule|Endless Battle Clause: Forcing endless battles is banned","|rule|HP Percentage Mod: HP is shown in percentages","|teampreview","|","|start","|switch|p1a: Cancer mega|Lopunny, M, shiny|271/271","|switch|p2a: Aggron|Aggron, M|281/281","|turn|1","|","|detailschange|p1a: Cancer mega|Lopunny-Mega, M, shiny","|-mega|p1a: Cancer mega|Lopunny|Lopunnite","|detailschange|p2a: Aggron|Aggron-Mega, M","|-mega|p2a: Aggron|Aggron|Aggronite","|move|p1a: Cancer mega|Substitute|p1a: Cancer mega","|-start|p1a: Cancer mega|Substitute","|-damage|p1a: Cancer mega|204/271","|move|p2a: Aggron|Autotomize|p2a: Aggron","|-boost|p2a: Aggron|spe|2","|-start|p2a: Aggron|Autotomize","|","|turn|2","|","|move|p2a: Aggron|Power-Up Punch|p1a: Cancer mega","|-crit|p1a: Cancer mega","|-supereffective|p1a: Cancer mega","|-end|p1a: Cancer mega|Substitute","|-boost|p2a: Aggron|atk|1","|move|p1a: Cancer mega|Power-Up Punch|p2a: Aggron","|-supereffective|p2a: Aggron","|-damage|p2a: Aggron|227/281","|-boost|p1a: Cancer mega|atk|1","|","|turn|3","|","|move|p2a: Aggron|Power-Up Punch|p1a: Cancer mega","|-supereffective|p1a: Cancer mega","|-damage|p1a: Cancer mega|38/271","|-boost|p2a: Aggron|atk|1","|move|p1a: Cancer mega|High Jump Kick|p2a: Aggron","|-supereffective|p2a: Aggron","|-damage|p2a: Aggron|0 fnt","|faint|p2a: Aggron","|","|","|switch|p2a: Scizor|Scizor, F|343/343","|turn|4","|","|switch|p1a: Cancer Bird|Staraptor, M|374/374","|-ability|p1a: Cancer Bird|Intimidate","|-unboost|p2a: Scizor|atk|1","|move|p2a: Scizor|Bullet Punch|p1a: Cancer Bird","|-damage|p1a: Cancer Bird|295/374","|","|-heal|p1a: Cancer Bird|318/374|[from] item: Leftovers","|turn|5","|","|move|p1a: Cancer Bird|Feather Dance|p2a: Scizor","|-unboost|p2a: Scizor|atk|2","|move|p2a: Scizor|Swords Dance|p2a: Scizor","|-boost|p2a: Scizor|atk|2","|","|-heal|p1a: Cancer Bird|341/374|[from] item: Leftovers","|turn|6","|","|switch|p2a: Magnezone|Magnezone|281/281","|move|p1a: Cancer Bird|Feather Dance|p2a: Magnezone","|-unboost|p2a: Magnezone|atk|2","|","|-heal|p1a: Cancer Bird|364/374|[from] item: Leftovers","|turn|7","|","|switch|p1a: Cancer bulk|Chansey, F|673/673","|move|p2a: Magnezone|Volt Switch|p1a: Cancer bulk","|-damage|p1a: Cancer bulk|606/673","|","|switch|p2a: Jirachi|Jirachi|397/397","|","|turn|8","|","|move|p2a: Jirachi|Thunder Wave|p1a: Cancer bulk","|-status|p1a: Cancer bulk|par","|cant|p1a: Cancer bulk|par","|","|turn|9","|","|move|p2a: Jirachi|Iron Head|p1a: Cancer bulk","|-damage|p1a: Cancer bulk|447/673 par","|cant|p1a: Cancer bulk|flinch","|","|turn|10","|","|move|p2a: Jirachi|Iron Head|p1a: Cancer bulk","|-damage|p1a: Cancer bulk|273/673 par","|cant|p1a: Cancer bulk|par","|","|turn|11","|","|switch|p1a: Cancer Bird|Staraptor, M|364/374","|-ability|p1a: Cancer Bird|Intimidate","|-unboost|p2a: Jirachi|atk|1","|move|p2a: Jirachi|Iron Head|p1a: Cancer Bird","|-damage|p1a: Cancer Bird|285/374","|","|-heal|p1a: Cancer Bird|308/374|[from] item: Leftovers","|turn|12","|","|switch|p1a: Cancer band|Diggersby, M, shiny|373/373","|move|p2a: Jirachi|Thunder Wave|p1a: Cancer band","|-immune|p1a: Cancer band|[msg]","|","|turn|13","|","|switch|p2a: Heatran|Heatran, M|385/385","|-item|p2a: Heatran|Air Balloon","|move|p1a: Cancer band|Knock Off|p2a: Heatran","|-damage|p2a: Heatran|162/385","|-enditem|p2a: Heatran|Air Balloon","|","|turn|14","|","|switch|p1a: Cancer AV|Meloetta|343/343","|move|p2a: Heatran|Flamethrower|p1a: Cancer AV","|-damage|p1a: Cancer AV|253/343","|","|turn|15","|","|move|p1a: Cancer AV|Focus Blast|p2a: Heatran|[miss]","|-miss|p1a: Cancer AV|p2a: Heatran","|move|p2a: Heatran|Roar|p1a: Cancer AV","|drag|p1a: Cancer band|Diggersby, M, shiny|373/373","|","|turn|16","|","|move|p1a: Cancer band|Earthquake|p2a: Heatran","|-supereffective|p2a: Heatran","|-damage|p2a: Heatran|0 fnt","|faint|p2a: Heatran","|","|","|switch|p2a: Bronzong|Bronzong|337/337","|turn|17","|","|switch|p1a: Cancer AV|Meloetta|253/343","|move|p2a: Bronzong|Reflect|p2a: Bronzong","|-sidestart|p2: Jake1079|Reflect","|","|turn|18","|","|move|p1a: Cancer AV|Shadow Ball|p2a: Bronzong","|-supereffective|p2a: Bronzong","|-damage|p2a: Bronzong|207/337","|-unboost|p2a: Bronzong|spd|1","|move|p2a: Bronzong|Light Screen|p2a: Bronzong","|-sidestart|p2: Jake1079|move: Light Screen","|","|turn|19","|","|move|p1a: Cancer AV|Shadow Ball|p2a: Bronzong","|-supereffective|p2a: Bronzong","|-damage|p2a: Bronzong|114/337","|-unboost|p2a: Bronzong|spd|1","|move|p2a: Bronzong|Stealth Rock|p1a: Cancer AV","|-sidestart|p1: Void HairyChild|move: Stealth Rock","|","|turn|20","|","|move|p1a: Cancer AV|Shadow Ball|p2a: Bronzong","|-supereffective|p2a: Bronzong","|-damage|p2a: Bronzong|0 fnt","|faint|p2a: Bronzong","|","|","|switch|p2a: Jirachi|Jirachi|397/397","|turn|21","|","|switch|p1a: Cancer mega|Lopunny-Mega, M, shiny|38/271","|-damage|p1a: Cancer mega|22/271|[from] Stealth Rock","|move|p2a: Jirachi|Meteor Mash|p1a: Cancer mega","|-damage|p1a: Cancer mega|0 fnt","|-boost|p2a: Jirachi|atk|1","|faint|p1a: Cancer mega","|","|","|switch|p1a: Cancer bulk|Chansey, F|273/673","|-damage|p1a: Cancer bulk|189/673|[from] Stealth Rock","|turn|22","|","|move|p2a: Jirachi|Meteor Mash|p1a: Cancer bulk","|-damage|p1a: Cancer bulk|0 fnt","|faint|p1a: Cancer bulk","|","|","|switch|p1a: Cancer Bird|Staraptor, M|308/374","|-damage|p1a: Cancer Bird|215/374|[from] Stealth Rock","|-ability|p1a: Cancer Bird|Intimidate","|-unboost|p2a: Jirachi|atk|1","|turn|23","|","|move|p2a: Jirachi|Iron Head|p1a: Cancer Bird","|-damage|p1a: Cancer Bird|97/374","|move|p1a: Cancer Bird|Defog|p2a: Jirachi","|-unboost|p2a: Jirachi|evasion|1","|-sideend|p2: Jake1079|Reflect","|-sideend|p2: Jake1079|move: Light Screen","|-sideend|p1: Void HairyChild|Stealth Rock|[from] move: Defog|[of] p1a: Cancer Bird","|","|-heal|p1a: Cancer Bird|120/374|[from] item: Leftovers","|turn|24","|","|move|p2a: Jirachi|Iron Head|p1a: Cancer Bird","|-damage|p1a: Cancer Bird|0 fnt","|faint|p1a: Cancer Bird","|","|","|switch|p1a: Cancer band|Diggersby, M, shiny|373/373","|turn|25","|","|move|p2a: Jirachi|Fire Punch|p1a: Cancer band","|-damage|p1a: Cancer band|271/373","|-status|p1a: Cancer band|brn","|move|p1a: Cancer band|Earthquake|p2a: Jirachi","|-supereffective|p2a: Jirachi","|-damage|p2a: Jirachi|43/397","|","|-heal|p2a: Jirachi|67/397|[from] item: Leftovers","|-damage|p1a: Cancer band|225/373 brn|[from] brn","|turn|26","|","|move|p2a: Jirachi|Fire Punch|p1a: Cancer band","|-damage|p1a: Cancer band|128/373 brn","|move|p1a: Cancer band|Earthquake|p2a: Jirachi","|-supereffective|p2a: Jirachi","|-damage|p2a: Jirachi|0 fnt","|faint|p2a: Jirachi","|","|-damage|p1a: Cancer band|82/373 brn|[from] brn","|","|switch|p2a: Scizor|Scizor, F|343/343","|turn|27","|","|move|p2a: Scizor|Bullet Punch|p1a: Cancer band","|-damage|p1a: Cancer band|0 fnt","|faint|p1a: Cancer band","|","|","|switch|p1a: Cancer AV|Meloetta|253/343","|turn|28","|","|move|p1a: Cancer AV|Focus Blast|p2a: Scizor","|-damage|p2a: Scizor|167/343","|move|p2a: Scizor|Bug Bite|p1a: Cancer AV","|-supereffective|p1a: Cancer AV","|-damage|p1a: Cancer AV|0 fnt","|faint|p1a: Cancer AV","|","|","|switch|p1a: Cancer transform|Ditto|299/299","|-transform|p1a: Cancer transform|p2a: Scizor","|turn|29","|","|move|p1a: Cancer transform|Bug Bite|p2a: Scizor","|-resisted|p2a: Scizor","|-damage|p2a: Scizor|85/343","|-enditem|p2a: Scizor|Occa Berry|[from] stealeat|[move] Bug Bite|[of] p1a: Cancer transform","|move|p2a: Scizor|Swords Dance|p2a: Scizor","|-boost|p2a: Scizor|atk|2","|","|turn|30","|","|move|p2a: Scizor|Bullet Punch|p1a: Cancer transform","|-resisted|p1a: Cancer transform","|-damage|p1a: Cancer transform|185/299","|move|p1a: Cancer transform|Bug Bite|p2a: Scizor","|-resisted|p2a: Scizor","|-damage|p2a: Scizor|0 fnt","|faint|p2a: Scizor","|","|","|switch|p2a: Magnezone|Magnezone|281/281","|turn|31","|","|move|p2a: Magnezone|Hidden Power|p1a: Cancer transform","|-supereffective|p1a: Cancer transform","|-damage|p1a: Cancer transform|0 fnt","|faint|p1a: Cancer transform","|","|win|Jake1079"],"p1rating":{"entryid":"198549","serverid":"eos","formatid":"monotype","userid":"voidhairychild","username":"Void HairyChild","w":"1","l":1,"t":"0","gxe":48.7,"r":"1500","rd":"130","sigma":"0","rptime":"1440061200","rpr":1489.3321950187,"rprd":116.63879937241,"rpsigma":"0","acre":1029.1076766802,"lacre":1029.1076766802,"oldacre":"1040"},"p2rating":{"entryid":"56288","serverid":"eos","formatid":"monotype","userid":"jake1079","username":"Jake1079","w":9,"l":"9","t":"0","gxe":51.2,"r":"1411.3200973936","rd":"86.629041931481","sigma":"0","rptime":"1440061200","rpr":1508.9099179717,"rprd":74.296122431314,"rpsigma":"0","acre":1171.9472188076,"lacre":1171.9472188076,"oldacre":"1154.9279636205"},"endType":"normal"}