{"seed":[39654,42987,63547,39468],"turns":36,"p1":"tboltrider","p2":"Emg_DemZii","p1team":[{"name":"Skarmory","species":"Skarmory","item":"rockyhelmet","ability":"Sturdy","moves":["roost","swordsdance","stealthrock","ironhead"],"nature":"Jolly","evs":{"hp":0,"atk":128,"def":0,"spa":0,"spd":248,"spe":132},"gender":"M","ivs":{"hp":31,"atk":31,"def":31,"spa":31,"spd":31,"spe":31}},{"name":"Togekiss","species":"Togekiss","item":"leftovers","ability":"Serene Grace","moves":["aurasphere","airslash","softboiled","thunderwave"],"nature":"Modest","evs":{"hp":0,"atk":0,"def":148,"spa":108,"spd":0,"spe":252},"gender":"F","ivs":{"hp":31,"atk":31,"def":31,"spa":31,"spd":31,"spe":31}},{"name":"Mandibuzz","species":"Mandibuzz","item":"leftovers","ability":"Overcoat","moves":["roost","defog","foulplay","taunt"],"nature":"Adamant","evs":{"hp":0,"atk":232,"def":0,"spa":0,"spd":156,"spe":120},"ivs":{"hp":31,"atk":31,"def":31,"spa":31,"spd":31,"spe":31}},{"name":"Hawlucha","species":"Hawlucha","item":"sitrusberry","ability":"Unburden","moves":["swordsdance","acrobatics","highjumpkick","substitute"],"nature":"Careful","evs":{"hp":12,"atk":252,"def":0,"spa":0,"spd":0,"spe":244},"ivs":{"hp":31,"atk":31,"def":31,"spa":31,"spd":31,"spe":31}},{"name":"Charizard","species":"Charizard","item":"charizarditex","ability":"Blaze","moves":["dragondance","dragonclaw","roost","flareblitz"],"nature":"Jolly","evs":{"hp":0,"atk":252,"def":4,"spa":0,"spd":0,"spe":252},"gender":"M","ivs":{"hp":31,"atk":31,"def":31,"spa":31,"spd":31,"spe":31}},{"name":"Gliscor","species":"Gliscor","item":"toxicorb","ability":"Poison Heal","moves":["earthquake","swordsdance","roost","facade"],"nature":"Careful","evs":{"hp":244,"atk":0,"def":8,"spa":0,"spd":200,"spe":56},"ivs":{"hp":31,"atk":31,"def":31,"spa":31,"spd":31,"spe":31}}],"p2team":[{"name":"The Counter","species":"lanturn","item":"leftovers","ability":"Volt Absorb","moves":["thunderwave","healbell","protect","voltswitch"],"nature":"Calm","evs":{"hp":248,"atk":0,"def":0,"spa":8,"spd":252,"spe":0},"shiny":true,"ivs":{"hp":31,"atk":31,"def":31,"spa":31,"spd":31,"spe":31}},{"name":"The Wall","species":"quagsire","item":"leftovers","ability":"Unaware","moves":["scald","toxic","recover","earthquake"],"nature":"Impish","evs":{"hp":252,"atk":4,"def":252,"spa":0,"spd":0,"spe":0},"shiny":true,"ivs":{"hp":31,"atk":31,"def":31,"spa":31,"spd":31,"spe":31}},{"name":"PokeSex;)","species":"tentacruel","item":"blacksludge","ability":"Rain Dish","moves":["rapidspin","sludgebomb","haze","scald"],"nature":"Calm","evs":{"hp":248,"atk":0,"def":0,"spa":8,"spd":252,"spe":0},"shiny":true,"ivs":{"hp":31,"atk":31,"def":31,"spa":31,"spd":31,"spe":31}},{"name":"I Make It Rain","species":"politoed","item":"choicespecs","ability":"Drizzle","moves":["hydropump","hiddenpowergrass","focusblast","hypervoice"],"nature":"Modest","evs":{"hp":248,"atk":0,"def":0,"spa":252,"spd":8,"spe":0},"ivs":{"hp":31,"atk":30,"def":31,"spa":30,"spd":31,"spe":31},"shiny":true},{"name":"Ur Fucked","species":"swampert","item":"swampertite","ability":"Torrent","moves":["earthquake","icebeam","waterfall","hammerarm"],"nature":"Lonely","evs":{"hp":248,"atk":252,"def":0,"spa":8,"spd":0,"spe":0},"shiny":true,"ivs":{"hp":31,"atk":31,"def":31,"spa":31,"spd":31,"spe":31}},{"name":"PowerHouse","species":"azumarill","item":"choiceband","ability":"Sap Sipper","moves":["playrough","aquajet","superpower","knockoff"],"nature":"Adamant","evs":{"hp":248,"atk":252,"def":0,"spa":0,"spd":8,"spe":0},"shiny":true,"ivs":{"hp":31,"atk":31,"def":31,"spa":31,"spd":31,"spe":31}}],"log":["|player|p1|tboltrider|93","|player|p2|Emg_DemZii|99","|gametype|singles","|gen|6","|tier|Monotype","|rated","|rule|Baton Pass Clause: Limit one Baton Passer, can't pass Spe and other stats simultaneously","|rule|Swagger Clause: Swagger is banned","|rule|Same Type Clause: Pokémon in a team must share a type","|clearpoke","|poke|p1|Skarmory, M","|poke|p1|Togekiss, F","|poke|p1|Mandibuzz, F","|poke|p1|Hawlucha, F","|poke|p1|Charizard, M","|poke|p1|Gliscor, M","|poke|p2|Lanturn, F, shiny","|poke|p2|Quagsire, M, shiny","|poke|p2|Tentacruel, F, shiny","|poke|p2|Politoed, F, shiny","|poke|p2|Swampert, F, shiny","|poke|p2|Azumarill, M, shiny","|rule|Sleep Clause Mod: Limit one foe put to sleep","|rule|Species Clause: Limit one of each Pokémon","|rule|OHKO Clause: OHKO moves are banned","|rule|Moody Clause: Moody is banned","|rule|Evasion Moves Clause: Evasion moves are banned","|rule|Endless Battle Clause: Forcing endless battles is banned","|rule|HP Percentage Mod: HP is shown in percentages","|teampreview","|","|start","|switch|p1a: Togekiss|Togekiss, F|311/311","|switch|p2a: I Make It Rain|Politoed, F, shiny|383/383","|-weather|RainDance","|turn|1","|","|move|p1a: Togekiss|Thunder Wave|p2a: I Make It Rain","|-status|p2a: I Make It Rain|par","|cant|p2a: I Make It Rain|par","|","|-weather|RainDance|[upkeep]","|turn|2","|","|switch|p2a: The Counter|Lanturn, F, shiny|453/453","|move|p1a: Togekiss|Air Slash|p2a: The Counter","|-resisted|p2a: The Counter","|-damage|p2a: The Counter|396/453","|","|-weather|RainDance|[upkeep]","|-heal|p2a: The Counter|424/453|[from] item: Leftovers","|turn|3","|","|switch|p1a: Mandibuzz|Mandibuzz, F|361/361","|move|p2a: The Counter|Thunder Wave|p1a: Mandibuzz","|-status|p1a: Mandibuzz|par","|","|-weather|RainDance|[upkeep]","|-heal|p2a: The Counter|452/453|[from] item: Leftovers","|turn|4","|","|move|p2a: The Counter|Heal Bell|p2a: The Counter","|-cureteam|p2a: The Counter|[from] move: HealBell","|move|p1a: Mandibuzz|Taunt|p2a: The Counter","|-start|p2a: The Counter|move: Taunt","|","|-weather|RainDance|[upkeep]","|-heal|p2a: The Counter|453/453|[from] item: Leftovers","|turn|5","|","|move|p2a: The Counter|Volt Switch|p1a: Mandibuzz","|-supereffective|p1a: Mandibuzz","|-damage|p1a: Mandibuzz|241/361 par","|","|switch|p2a: PokeSex;)|Tentacruel, F, shiny|363/363","|move|p1a: Mandibuzz|Foul Play|p2a: PokeSex;)","|-damage|p2a: PokeSex;)|266/363","|","|-weather|none","|-heal|p2a: PokeSex;)|288/363|[from] item: Black Sludge","|-heal|p1a: Mandibuzz|263/361 par|[from] item: Leftovers","|turn|6","|","|move|p2a: PokeSex;)|Sludge Bomb|p1a: Mandibuzz","|-damage|p1a: Mandibuzz|178/361 par","|move|p1a: Mandibuzz|Taunt|p2a: PokeSex;)","|-start|p2a: PokeSex;)|move: Taunt","|","|-heal|p2a: PokeSex;)|310/363|[from] item: Black Sludge","|-heal|p1a: Mandibuzz|200/361 par|[from] item: Leftovers","|turn|7","|","|move|p2a: PokeSex;)|Scald|p1a: Mandibuzz","|-damage|p1a: Mandibuzz|122/361 par","|move|p1a: Mandibuzz|Roost|p1a: Mandibuzz","|-heal|p1a: Mandibuzz|303/361 par","|","|-heal|p2a: PokeSex;)|332/363|[from] item: Black Sludge","|-heal|p1a: Mandibuzz|325/361 par|[from] item: Leftovers","|turn|8","|","|switch|p2a: I Make It Rain|Politoed, F, shiny|383/383","|-weather|RainDance","|cant|p1a: Mandibuzz|par","|","|-weather|RainDance|[upkeep]","|-heal|p1a: Mandibuzz|347/361 par|[from] item: Leftovers","|turn|9","|","|move|p2a: I Make It Rain|Hydro Pump|p1a: Mandibuzz","|-damage|p1a: Mandibuzz|41/361 par","|cant|p1a: Mandibuzz|par","|","|-weather|RainDance|[upkeep]","|-heal|p1a: Mandibuzz|63/361 par|[from] item: Leftovers","|turn|10","|","|move|p2a: I Make It Rain|Hydro Pump|p1a: Mandibuzz","|-damage|p1a: Mandibuzz|0 fnt","|faint|p1a: Mandibuzz","|","|-weather|RainDance|[upkeep]","|","|switch|p1a: Togekiss|Togekiss, F|311/311","|turn|11","|","|move|p1a: Togekiss|Air Slash|p2a: I Make It Rain","|-damage|p2a: I Make It Rain|269/383","|move|p2a: I Make It Rain|Hydro Pump|p1a: Togekiss|[miss]","|-miss|p2a: I Make It Rain|p1a: Togekiss","|","|-weather|RainDance|[upkeep]","|turn|12","|","|move|p1a: Togekiss|Air Slash|p2a: I Make It Rain","|-damage|p2a: I Make It Rain|140/383","|cant|p2a: I Make It Rain|flinch","|","|-weather|none","|turn|13","|","|move|p1a: Togekiss|Air Slash|p2a: I Make It Rain","|-crit|p2a: I Make It Rain","|-damage|p2a: I Make It Rain|0 fnt","|faint|p2a: I Make It Rain","|","|","|switch|p2a: The Counter|Lanturn, F, shiny|453/453","|turn|14","|","|switch|p1a: Gliscor|Gliscor, M|352/352","|move|p2a: The Counter|Protect|p2a: The Counter","|-fail|p2a: The Counter","|","|-status|p1a: Gliscor|tox|[from] item: Toxic Orb","|turn|15","|","|switch|p2a: The Wall|Quagsire, M, shiny|394/394","|move|p1a: Gliscor|Earthquake|p2a: The Wall","|-damage|p2a: The Wall|304/394","|","|-heal|p2a: The Wall|328/394|[from] item: Leftovers","|turn|16","|","|move|p1a: Gliscor|Swords Dance|p1a: Gliscor","|-boost|p1a: Gliscor|atk|2","|move|p2a: The Wall|Scald|p1a: Gliscor","|-supereffective|p1a: Gliscor","|-damage|p1a: Gliscor|242/352 tox","|","|-heal|p2a: The Wall|352/394|[from] item: Leftovers","|-heal|p1a: Gliscor|286/352 tox|[from] ability: Poison Heal","|turn|17","|","|move|p1a: Gliscor|Swords Dance|p1a: Gliscor","|-boost|p1a: Gliscor|atk|2","|move|p2a: The Wall|Scald|p1a: Gliscor","|-supereffective|p1a: Gliscor","|-damage|p1a: Gliscor|172/352 tox","|","|-heal|p2a: The Wall|376/394|[from] item: Leftovers","|-heal|p1a: Gliscor|216/352 tox|[from] ability: Poison Heal","|turn|18","|","|move|p1a: Gliscor|Facade|p2a: The Wall","|-crit|p2a: The Wall","|-damage|p2a: The Wall|254/394","|move|p2a: The Wall|Scald|p1a: Gliscor","|-supereffective|p1a: Gliscor","|-damage|p1a: Gliscor|114/352 tox","|","|-heal|p2a: The Wall|278/394|[from] item: Leftovers","|-heal|p1a: Gliscor|158/352 tox|[from] ability: Poison Heal","|turn|19","|","|move|p1a: Gliscor|Roost|p1a: Gliscor","|-heal|p1a: Gliscor|334/352 tox","|move|p2a: The Wall|Scald|p1a: Gliscor","|-supereffective|p1a: Gliscor","|-damage|p1a: Gliscor|232/352 tox","|","|-heal|p2a: The Wall|302/394|[from] item: Leftovers","|-heal|p1a: Gliscor|276/352 tox|[from] ability: Poison Heal","|turn|20","|","|move|p1a: Gliscor|Earthquake|p2a: The Wall","|-damage|p2a: The Wall|218/394","|move|p2a: The Wall|Scald|p1a: Gliscor","|-supereffective|p1a: Gliscor","|-damage|p1a: Gliscor|172/352 tox","|","|-heal|p2a: The Wall|242/394|[from] item: Leftovers","|-heal|p1a: Gliscor|216/352 tox|[from] ability: Poison Heal","|turn|21","|","|move|p1a: Gliscor|Swords Dance|p1a: Gliscor","|-boost|p1a: Gliscor|atk|2","|move|p2a: The Wall|Recover|p2a: The Wall","|-heal|p2a: The Wall|394/394","|","|-heal|p1a: Gliscor|260/352 tox|[from] ability: Poison Heal","|turn|22","|","|move|p1a: Gliscor|Facade|p2a: The Wall","|-damage|p2a: The Wall|314/394","|move|p2a: The Wall|Scald|p1a: Gliscor","|-supereffective|p1a: Gliscor","|-damage|p1a: Gliscor|152/352 tox","|","|-heal|p2a: The Wall|338/394|[from] item: Leftovers","|-heal|p1a: Gliscor|196/352 tox|[from] ability: Poison Heal","|turn|23","|","|move|p1a: Gliscor|Roost|p1a: Gliscor","|-heal|p1a: Gliscor|352/352 tox","|move|p2a: The Wall|Scald|p1a: Gliscor","|-supereffective|p1a: Gliscor","|-damage|p1a: Gliscor|244/352 tox","|","|-heal|p2a: The Wall|362/394|[from] item: Leftovers","|-heal|p1a: Gliscor|288/352 tox|[from] ability: Poison Heal","|turn|24","|","|switch|p1a: Skarmory|Skarmory, M|271/271","|move|p2a: The Wall|Scald|p1a: Skarmory","|-damage|p1a: Skarmory|210/271","|-status|p1a: Skarmory|brn","|","|-heal|p2a: The Wall|386/394|[from] item: Leftovers","|-damage|p1a: Skarmory|177/271 brn|[from] brn","|turn|25","|","|move|p1a: Skarmory|Stealth Rock|p2a: The Wall","|-sidestart|p2: Emg_DemZii|move: Stealth Rock","|move|p2a: The Wall|Recover|p2a: The Wall","|-heal|p2a: The Wall|394/394","|","|-damage|p1a: Skarmory|144/271 brn|[from] brn","|turn|26","|","|switch|p2a: PokeSex;)|Tentacruel, F, shiny|332/363","|-damage|p2a: PokeSex;)|287/363|[from] Stealth Rock","|move|p1a: Skarmory|Roost|p1a: Skarmory","|-heal|p1a: Skarmory|271/271 brn","|","|-heal|p2a: PokeSex;)|309/363|[from] item: Black Sludge","|-damage|p1a: Skarmory|238/271 brn|[from] brn","|turn|27","|","|move|p2a: PokeSex;)|Rapid Spin|p1a: Skarmory","|-crit|p1a: Skarmory","|-resisted|p1a: Skarmory","|-damage|p1a: Skarmory|231/271 brn","|-damage|p2a: PokeSex;)|249/363|[from] item: Rocky Helmet|[of] p1a: Skarmory","|-sideend|p2: Emg_DemZii|Stealth Rock|[from] move: Rapid Spin|[of] p2a: PokeSex;)","|move|p1a: Skarmory|Swords Dance|p1a: Skarmory","|-boost|p1a: Skarmory|atk|2","|","|-heal|p2a: PokeSex;)|271/363|[from] item: Black Sludge","|-damage|p1a: Skarmory|198/271 brn|[from] brn","|turn|28","|","|move|p2a: PokeSex;)|Haze|p2a: PokeSex;)","|-clearallboost","|move|p1a: Skarmory|Iron Head|p2a: PokeSex;)","|-resisted|p2a: PokeSex;)","|-damage|p2a: PokeSex;)|241/363","|","|-heal|p2a: PokeSex;)|263/363|[from] item: Black Sludge","|-damage|p1a: Skarmory|165/271 brn|[from] brn","|turn|29","|","|switch|p1a: Charizard|Charizard, M|297/297","|move|p2a: PokeSex;)|Scald|p1a: Charizard","|-supereffective|p1a: Charizard","|-damage|p1a: Charizard|115/297","|","|-heal|p2a: PokeSex;)|285/363|[from] item: Black Sludge","|turn|30","|","|switch|p2a: PowerHouse|Azumarill, M, shiny|403/403","|detailschange|p1a: Charizard|Charizard-Mega-X, M","|-mega|p1a: Charizard|Charizard|Charizardite X","|move|p1a: Charizard|Dragon Claw|p2a: PowerHouse","|-immune|p2a: PowerHouse|[msg]","|","|turn|31","|","|switch|p1a: Togekiss|Togekiss, F|311/311","|move|p2a: PowerHouse|Play Rough|p1a: Togekiss","|-damage|p1a: Togekiss|173/311","|","|-heal|p1a: Togekiss|192/311|[from] item: Leftovers","|turn|32","|","|switch|p2a: The Counter|Lanturn, F, shiny|453/453","|move|p1a: Togekiss|Thunder Wave|p2a: The Counter","|-immune|p2a: The Counter|[msg]","|","|-heal|p1a: Togekiss|211/311|[from] item: Leftovers","|turn|33","|","|move|p2a: The Counter|Protect|p2a: The Counter","|-singleturn|p2a: The Counter|Protect","|move|p1a: Togekiss|Air Slash|p2a: The Counter","|-activate|p2a: The Counter|Protect","|","|-heal|p1a: Togekiss|230/311|[from] item: Leftovers","|turn|34","|","|move|p1a: Togekiss|Air Slash|p2a: The Counter","|-resisted|p2a: The Counter","|-damage|p2a: The Counter|396/453","|cant|p2a: The Counter|flinch","|","|-heal|p1a: Togekiss|249/311|[from] item: Leftovers","|-heal|p2a: The Counter|424/453|[from] item: Leftovers","|turn|35","|","|move|p1a: Togekiss|Aura Sphere|p2a: The Counter","|-damage|p2a: The Counter|351/453","|move|p2a: The Counter|Thunder Wave|p1a: Togekiss","|-status|p1a: Togekiss|par","|","|-heal|p2a: The Counter|379/453|[from] item: Leftovers","|-heal|p1a: Togekiss|268/311 par|[from] item: Leftovers","|turn|36","|","|win|Emg_DemZii"],"p1rating":{"entryid":"11792","serverid":"eos","formatid":"monotype","userid":"tboltrider","username":"tboltrider","w":"8","l":10,"t":"0","gxe":45.7,"r":"1496.8863485011","rd":"76.368266094274","sigma":"0","rptime":"1439974800","rpr":1466.632181551,"rprd":73.349562818991,"rpsigma":"0","acre":1040.1896362819,"lacre":1040.1896362819,"oldacre":"1059.4589635846"},"p2rating":{"entryid":"62993","serverid":"eos","formatid":"monotype","userid":"emgdemzii","username":"Emg_DemZii","w":3,"l":"2","t":"0","gxe":53.3,"r":"1500","rd":"116.77753930647","sigma":"0","rptime":"1439974800","rpr":1525.8469167245,"rprd":102.41404105297,"rpsigma":"0","acre":1085.6621957479,"lacre":1085.6621957479,"oldacre":"1053.0217777552"},"endType":"forfeit"}