{"seed":[42009,13973,12086,60590],"turns":31,"p1":"Void Wiley","p2":"Pixie~Games","p1team":[{"name":"Tuba","species":"slurpuff","item":"sitrusberry","ability":"Unburden","moves":["bellydrum","drainpunch","playrough","aromatherapy"],"nature":"Jolly","evs":{"hp":4,"atk":252,"def":0,"spa":0,"spd":0,"spe":252},"ivs":{"hp":31,"atk":31,"def":31,"spa":31,"spd":31,"spe":31}},{"name":"Clarinet","species":"azumarill","item":"sitrusberry","ability":"Huge Power","moves":["bellydrum","aquajet","brickbreak","playrough"],"nature":"Adamant","evs":{"hp":252,"atk":252,"def":0,"spa":0,"spd":4,"spe":0},"ivs":{"hp":31,"atk":31,"def":31,"spa":31,"spd":31,"spe":31}},{"name":"Flute","species":"gardevoir","item":"gardevoirite","ability":"Synchronize","moves":["psyshock","hypervoice","energyball","focusblast"],"nature":"Timid","evs":{"hp":4,"atk":0,"def":0,"spa":252,"spd":0,"spe":252},"ivs":{"hp":31,"atk":31,"def":31,"spa":31,"spd":31,"spe":31}},{"name":"Alto","species":"togekiss","item":"choicescarf","ability":"Serene Grace","moves":["airslash","flamethrower","aurasphere","dazzlinggleam"],"nature":"Timid","evs":{"hp":0,"atk":0,"def":0,"spa":252,"spd":4,"spe":252},"ivs":{"hp":31,"atk":31,"def":31,"spa":31,"spd":31,"spe":31}},{"name":"Sax","species":"klefki","item":"lightclay","ability":"Prankster","moves":["thunderwave","lightscreen","reflect","foulplay"],"nature":"Bold","evs":{"hp":248,"atk":0,"def":252,"spa":0,"spd":8,"spe":0},"ivs":{"hp":31,"atk":31,"def":31,"spa":31,"spd":31,"spe":31}},{"name":"Trumpet","species":"sylveon","item":"leftovers","ability":"Pixilate","moves":["hypervoice","wish","protect","calmmind"],"nature":"Bold","evs":{"hp":252,"atk":0,"def":252,"spa":4,"spd":0,"spe":0},"ivs":{"hp":31,"atk":31,"def":31,"spa":31,"spd":31,"spe":31}}],"p2team":[{"name":"Weezing","species":"Weezing","item":"blacksludge","ability":"Levitate","moves":["willowisp","flamethrower","painsplit","sludgebomb"],"nature":"Bold","evs":{"hp":252,"atk":0,"def":252,"spa":0,"spd":4,"spe":0},"ivs":{"hp":31,"atk":31,"def":31,"spa":31,"spd":31,"spe":31}},{"name":"Gengar","species":"Gengar","item":"focussash","ability":"Levitate","moves":["shadowball","psychic","sludgewave","destinybond"],"nature":"Timid","evs":{"hp":0,"atk":0,"def":0,"spa":252,"spd":4,"spe":252},"ivs":{"hp":31,"atk":31,"def":31,"spa":31,"spd":31,"spe":31}},{"name":"Venusaur","species":"Venusaur","item":"venusaurite","ability":"Overgrow","moves":["synthesis","leechseed","earthquake","petalblizzard"],"nature":"Impish","evs":{"hp":156,"atk":0,"def":140,"spa":0,"spd":212,"spe":0},"ivs":{"hp":31,"atk":31,"def":31,"spa":31,"spd":31,"spe":31}},{"name":"Nidoking","species":"Nidoking","item":"choicescarf","ability":"Sheer Force","moves":["flamethrower","earthpower","sludgewave","icebeam"],"nature":"Timid","evs":{"hp":0,"atk":0,"def":4,"spa":252,"spd":0,"spe":252},"ivs":{"hp":31,"atk":31,"def":31,"spa":31,"spd":31,"spe":31}},{"name":"Golbat","species":"Golbat","item":"eviolite","ability":"Infiltrator","moves":["superfang","roost","toxic","defog"],"nature":"Careful","evs":{"hp":176,"atk":0,"def":104,"spa":0,"spd":228,"spe":0},"ivs":{"hp":31,"atk":31,"def":31,"spa":31,"spd":31,"spe":31}},{"name":"Toxicroak","species":"Toxicroak","item":"focussash","ability":"Dry Skin","moves":["poisonjab","fakeout","drainpunch","suckerpunch"],"nature":"Adamant","evs":{"hp":0,"atk":252,"def":4,"spa":0,"spd":0,"spe":252},"ivs":{"hp":31,"atk":31,"def":31,"spa":31,"spd":31,"spe":31}}],"log":["|player|p1|Void Wiley|voidwiley.png","|player|p2|Pixie~Games|138","|gametype|singles","|gen|6","|tier|Monotype","|rated","|rule|Baton Pass Clause: Limit one Baton Passer, can't pass Spe and other stats simultaneously","|rule|Swagger Clause: Swagger is banned","|rule|Same Type Clause: Pokémon in a team must share a type","|clearpoke","|poke|p1|Slurpuff, F","|poke|p1|Azumarill, F","|poke|p1|Gardevoir, F","|poke|p1|Togekiss, M","|poke|p1|Klefki, M","|poke|p1|Sylveon, F","|poke|p2|Weezing, M","|poke|p2|Gengar, F","|poke|p2|Venusaur, F","|poke|p2|Nidoking, M","|poke|p2|Golbat, F","|poke|p2|Toxicroak, M","|rule|Sleep Clause Mod: Limit one foe put to sleep","|rule|Species Clause: Limit one of each Pokémon","|rule|OHKO Clause: OHKO moves are banned","|rule|Moody Clause: Moody is banned","|rule|Evasion Moves Clause: Evasion moves are banned","|rule|Endless Battle Clause: Forcing endless battles is banned","|rule|HP Percentage Mod: HP is shown in percentages","|teampreview","|","|start","|switch|p1a: Sax|Klefki, M|317/317","|switch|p2a: Golbat|Golbat, F|335/335","|turn|1","|","|move|p1a: Sax|Thunder Wave|p2a: Golbat","|-status|p2a: Golbat|par","|move|p2a: Golbat|Super Fang|p1a: Sax","|-damage|p1a: Sax|159/317","|","|turn|2","|","|move|p1a: Sax|Foul Play|p2a: Golbat","|-damage|p2a: Golbat|288/335 par","|move|p2a: Golbat|Defog|p1a: Sax","|-unboost|p1a: Sax|evasion|1","|","|turn|3","|","|switch|p1a: Flute|Gardevoir, F|278/278","|move|p2a: Golbat|Super Fang|p1a: Flute","|-damage|p1a: Flute|139/278","|","|turn|4","|","|detailschange|p1a: Flute|Gardevoir-Mega, F","|-mega|p1a: Flute|Gardevoir|Gardevoirite","|move|p1a: Flute|Psyshock|p2a: Golbat","|-supereffective|p2a: Golbat","|-damage|p2a: Golbat|36/335 par","|move|p2a: Golbat|Toxic|p1a: Flute","|-status|p1a: Flute|tox","|","|-damage|p1a: Flute|122/278 tox|[from] psn","|turn|5","|","|move|p1a: Flute|Psyshock|p2a: Golbat","|-supereffective|p2a: Golbat","|-damage|p2a: Golbat|0 fnt","|faint|p2a: Golbat","|","|-damage|p1a: Flute|88/278 tox|[from] psn","|","|switch|p2a: Gengar|Gengar, F|261/261","|turn|6","|","|move|p2a: Gengar|Sludge Wave|p1a: Flute","|-supereffective|p1a: Flute","|-damage|p1a: Flute|0 fnt","|faint|p1a: Flute","|","|","|switch|p1a: Sax|Klefki, M|159/317","|turn|7","|","|switch|p2a: Nidoking|Nidoking, M|303/303","|move|p1a: Sax|Foul Play|p2a: Nidoking","|-damage|p2a: Nidoking|225/303","|","|turn|8","|","|switch|p1a: Alto|Togekiss, M|311/311","|move|p2a: Nidoking|Earth Power|p1a: Alto","|-immune|p1a: Alto|[msg]","|","|turn|9","|","|switch|p2a: Weezing|Weezing, M|334/334","|move|p1a: Alto|Air Slash|p2a: Weezing|[miss]","|-miss|p1a: Alto|p2a: Weezing","|","|turn|10","|","|move|p1a: Alto|Air Slash|p2a: Weezing","|-damage|p2a: Weezing|171/334","|move|p2a: Weezing|Sludge Bomb|p1a: Alto","|-supereffective|p1a: Alto","|-damage|p1a: Alto|141/311","|","|-heal|p2a: Weezing|191/334|[from] item: Black Sludge","|turn|11","|","|move|p1a: Alto|Air Slash|p2a: Weezing","|-damage|p2a: Weezing|19/334","|cant|p2a: Weezing|flinch","|","|-heal|p2a: Weezing|39/334|[from] item: Black Sludge","|turn|12","|","|move|p1a: Alto|Air Slash|p2a: Weezing","|-damage|p2a: Weezing|0 fnt","|faint|p2a: Weezing","|","|","|switch|p2a: Nidoking|Nidoking, M|225/303","|turn|13","|","|move|p2a: Nidoking|Flamethrower|p1a: Alto","|-damage|p1a: Alto|53/311","|move|p1a: Alto|Air Slash|p2a: Nidoking","|-damage|p2a: Nidoking|71/303","|","|turn|14","|","|switch|p1a: Clarinet|Azumarill, F|404/404","|move|p2a: Nidoking|Flamethrower|p1a: Clarinet","|-resisted|p1a: Clarinet","|-damage|p1a: Clarinet|338/404","|","|turn|15","|","|switch|p2a: Toxicroak|Toxicroak, M|307/307","|move|p1a: Clarinet|Belly Drum|p1a: Clarinet","|-damage|p1a: Clarinet|136/404","|-setboost|p1a: Clarinet|atk|6|[from] move: Belly Drum","|-enditem|p1a: Clarinet|Sitrus Berry|[eat]","|-heal|p1a: Clarinet|237/404|[from] item: Sitrus Berry","|","|turn|16","|","|move|p2a: Toxicroak|Fake Out|p1a: Clarinet","|-damage|p1a: Clarinet|179/404","|cant|p1a: Clarinet|flinch","|","|turn|17","|","|move|p2a: Toxicroak|Poison Jab|p1a: Clarinet","|-supereffective|p1a: Clarinet","|-damage|p1a: Clarinet|0 fnt","|faint|p1a: Clarinet","|","|","|switch|p1a: Alto|Togekiss, M|53/311","|turn|18","|","|move|p2a: Toxicroak|Sucker Punch|p1a: Alto","|-resisted|p1a: Alto","|-damage|p1a: Alto|6/311","|move|p1a: Alto|Air Slash|p2a: Toxicroak","|-supereffective|p2a: Toxicroak","|-enditem|p2a: Toxicroak|Focus Sash","|-damage|p2a: Toxicroak|1/307","|","|turn|19","|","|move|p2a: Toxicroak|Sucker Punch|p1a: Alto","|-resisted|p1a: Alto","|-damage|p1a: Alto|0 fnt","|faint|p1a: Alto","|","|","|switch|p1a: Sax|Klefki, M|159/317","|turn|20","|","|switch|p2a: Nidoking|Nidoking, M|71/303","|move|p1a: Sax|Foul Play|p2a: Nidoking","|-damage|p2a: Nidoking|0 fnt","|faint|p2a: Nidoking","|","|","|switch|p2a: Gengar|Gengar, F|261/261","|turn|21","|","|move|p1a: Sax|Thunder Wave|p2a: Gengar","|-status|p2a: Gengar|par","|move|p2a: Gengar|Psychic|p1a: Sax","|-resisted|p1a: Sax","|-damage|p1a: Sax|101/317","|","|turn|22","|","|move|p1a: Sax|Foul Play|p2a: Gengar","|-supereffective|p2a: Gengar","|-damage|p2a: Gengar|123/261 par","|move|p2a: Gengar|Psychic|p1a: Sax","|-resisted|p1a: Sax","|-damage|p1a: Sax|42/317","|","|turn|23","|","|switch|p2a: Venusaur|Venusaur, F|340/340","|move|p1a: Sax|Foul Play|p2a: Venusaur","|-damage|p2a: Venusaur|284/340","|","|turn|24","|","|detailschange|p2a: Venusaur|Venusaur-Mega, F","|-mega|p2a: Venusaur|Venusaur|Venusaurite","|move|p1a: Sax|Thunder Wave|p2a: Venusaur","|-status|p2a: Venusaur|par","|cant|p2a: Venusaur|par","|","|turn|25","|","|move|p1a: Sax|Foul Play|p2a: Venusaur","|-damage|p2a: Venusaur|234/340 par","|move|p2a: Venusaur|Earthquake|p1a: Sax","|-supereffective|p1a: Sax","|-damage|p1a: Sax|0 fnt","|faint|p1a: Sax","|","|","|switch|p1a: Tuba|Slurpuff, F|306/306","|turn|26","|","|move|p1a: Tuba|Belly Drum|p1a: Tuba","|-damage|p1a: Tuba|153/306","|-setboost|p1a: Tuba|atk|6|[from] move: Belly Drum","|-enditem|p1a: Tuba|Sitrus Berry|[eat]","|-heal|p1a: Tuba|229/306|[from] item: Sitrus Berry","|cant|p2a: Venusaur|par","|","|turn|27","|","|move|p1a: Tuba|Play Rough|p2a: Venusaur","|-resisted|p2a: Venusaur","|-damage|p2a: Venusaur|72/340 par","|move|p2a: Venusaur|Leech Seed|p1a: Tuba","|-start|p1a: Tuba|move: Leech Seed","|","|-damage|p1a: Tuba|191/306|[from] Leech Seed|[of] p2a: Venusaur","|-heal|p2a: Venusaur|110/340 par|[silent]","|turn|28","|","|move|p1a: Tuba|Play Rough|p2a: Venusaur","|-resisted|p2a: Venusaur","|-damage|p2a: Venusaur|0 fnt","|faint|p2a: Venusaur","|","|","|switch|p2a: Gengar|Gengar, F|123/261 par","|turn|29","|","|move|p1a: Tuba|Play Rough|p2a: Gengar","|-resisted|p2a: Gengar","|-damage|p2a: Gengar|0 fnt","|faint|p2a: Gengar","|","|","|switch|p2a: Toxicroak|Toxicroak, M|1/307","|turn|30","|","|move|p2a: Toxicroak|Fake Out|p1a: Tuba","|-damage|p1a: Tuba|137/306","|cant|p1a: Tuba|flinch","|","|-damage|p1a: Tuba|99/306|[from] Leech Seed|[of] p2a: Toxicroak","|-heal|p2a: Toxicroak|39/307|[silent]","|turn|31","|","|move|p2a: Toxicroak|Sucker Punch|p1a: Tuba","|-resisted|p1a: Tuba","|-damage|p1a: Tuba|44/306","|move|p1a: Tuba|Drain Punch|p2a: Toxicroak","|-resisted|p2a: Toxicroak","|-damage|p2a: Toxicroak|0 fnt","|-heal|p1a: Tuba|64/306|[from] drain|[of] p2a: Toxicroak","|faint|p2a: Toxicroak","|","|win|Void Wiley"],"p1rating":{"entryid":"91212","serverid":"eos","formatid":"monotype","userid":"voidwiley","username":"Void Wiley","w":10,"l":"5","t":"0","gxe":60.1,"r":"1550.4033229907","rd":"86.298459960567","sigma":"0","rptime":"1440061200","rpr":1578.9647906429,"rprd":78.403814233226,"rpsigma":"0","acre":1147.4260026373,"lacre":1147.4260026373,"oldacre":"1119.2869445424"},"p2rating":{"entryid":"6068","serverid":"eos","formatid":"monotype","userid":"pixiegames","username":"Pixie~Games","w":"6","l":6,"t":"0","gxe":50.9,"r":"1468.0753188526","rd":"96.360750449561","sigma":"0","rptime":"1440061200","rpr":1507.2016653318,"rprd":83.918799327053,"rpsigma":"0","acre":1135.0041608418,"lacre":1135.0041608418,"oldacre":"1163.1432189367"},"endType":"normal"}