{"seed":[32880,62042,60905,2011],"turns":40,"p1":"Raіn ☆ Kuro","p2":"Inferno Sasuke","p1team":[{"name":"Sylveon","species":"Sylveon","item":"leftovers","ability":"Pixilate","moves":["hiddenpowerfire","hypervoice","calmmind","psyshock"],"nature":"Modest","evs":{"hp":252,"atk":0,"def":0,"spa":252,"spd":4,"spe":0},"ivs":{"hp":31,"atk":30,"def":31,"spa":30,"spd":31,"spe":30}},{"name":"Azumarill","species":"Azumarill","item":"sitrusberry","ability":"Huge Power","moves":["bellydrum","aquajet","playrough","bounce"],"nature":"Adamant","evs":{"hp":252,"atk":252,"def":0,"spa":0,"spd":4,"spe":0},"ivs":{"hp":31,"atk":31,"def":31,"spa":31,"spd":31,"spe":31}},{"name":"Slurpuff","species":"Slurpuff","item":"sitrusberry","ability":"Unburden","moves":["cottonguard","calmmind","drainingkiss","aromatherapy"],"nature":"Modest","evs":{"hp":0,"atk":0,"def":0,"spa":252,"spd":4,"spe":252},"ivs":{"hp":31,"atk":31,"def":31,"spa":31,"spd":31,"spe":31}},{"name":"Klefki","species":"Klefki","item":"lightclay","ability":"Prankster","moves":["thunderwave","lightscreen","reflect","flashcannon"],"nature":"Modest","evs":{"hp":252,"atk":0,"def":0,"spa":252,"spd":4,"spe":0},"ivs":{"hp":31,"atk":31,"def":31,"spa":31,"spd":31,"spe":31}},{"name":"Diancie","species":"Diancie","item":"diancite","ability":"Clear Body","moves":["moonblast","diamondstorm","protect","hiddenpowerfire"],"nature":"Naive","evs":{"hp":0,"atk":4,"def":0,"spa":252,"spd":0,"spe":252},"ivs":{"hp":31,"atk":30,"def":31,"spa":30,"spd":31,"spe":30}},{"name":"Togekiss","species":"Togekiss","item":"leftovers","ability":"Serene Grace","moves":["thunderwave","airslash","healbell","roost"],"nature":"Calm","evs":{"hp":252,"atk":0,"def":0,"spa":4,"spd":252,"spe":0},"ivs":{"hp":31,"atk":31,"def":31,"spa":31,"spd":31,"spe":31}}],"p2team":[{"name":"Gardevoir","species":"Gardevoir","item":"gardevoirite","ability":"Synchronize","moves":["hypervoice","moonblast","calmmind","destinybond"],"nature":"Timid","evs":{"hp":0,"atk":0,"def":0,"spa":252,"spd":4,"spe":252},"ivs":{"hp":31,"atk":31,"def":31,"spa":31,"spd":31,"spe":31}},{"name":"Hoopa-Unbound","species":"Hoopa-Unbound","item":"choicescarf","ability":"Magician","moves":["hyperspacehole","hyperspacefury","energyball","gunkshot"],"nature":"Hasty","evs":{"hp":0,"atk":4,"def":0,"spa":252,"spd":0,"spe":252},"ivs":{"hp":31,"atk":31,"def":31,"spa":31,"spd":31,"spe":31}},{"name":"Slowbro","species":"Slowbro","item":"leftovers","ability":"Regenerator","moves":["flamethrower","calmmind","scald","blizzard"],"nature":"Modest","evs":{"hp":252,"atk":0,"def":0,"spa":252,"spd":4,"spe":0},"shiny":true,"ivs":{"hp":31,"atk":31,"def":31,"spa":31,"spd":31,"spe":31}},{"name":"Victini","species":"Victini","item":"choicescarf","ability":"Victory Star","moves":["finalgambit","vcreate","boltstrike","blueflare"],"nature":"Hasty","evs":{"hp":0,"atk":252,"def":0,"spa":4,"spd":0,"spe":252},"ivs":{"hp":31,"atk":31,"def":31,"spa":31,"spd":31,"spe":31}},{"name":"Mew","species":"Mew","item":"leftovers","ability":"Synchronize","moves":["roost","calmmind","toxic","psyshock"],"nature":"Bold","evs":{"hp":252,"atk":0,"def":252,"spa":4,"spd":0,"spe":0},"shiny":true,"ivs":{"hp":31,"atk":31,"def":31,"spa":31,"spd":31,"spe":31}},{"name":"Deoxys-Defense","species":"Deoxys-Defense","item":"leftovers","ability":"Pressure","moves":["reflect","lightscreen","calmmind","darkpulse"],"nature":"Modest","evs":{"hp":252,"atk":0,"def":0,"spa":252,"spd":4,"spe":0},"shiny":true,"ivs":{"hp":31,"atk":31,"def":31,"spa":31,"spd":31,"spe":31}}],"log":["|player|p1|Raіn ☆ Kuro|140","|player|p2|Inferno Sasuke|infernosasuke.png","|gametype|singles","|gen|6","|tier|Monotype","|rated","|rule|Baton Pass Clause: Limit one Baton Passer, can't pass Spe and other stats simultaneously","|rule|Swagger Clause: Swagger is banned","|rule|Same Type Clause: Pokémon in a team must share a type","|clearpoke","|poke|p1|Sylveon, F","|poke|p1|Azumarill, F","|poke|p1|Slurpuff, F","|poke|p1|Klefki, M","|poke|p1|Diancie","|poke|p1|Togekiss, F","|poke|p2|Gardevoir, F","|poke|p2|Hoopa-Unbound","|poke|p2|Slowbro, F, shiny","|poke|p2|Victini","|poke|p2|Mew, shiny","|poke|p2|Deoxys-Defense, shiny","|rule|Sleep Clause Mod: Limit one foe put to sleep","|rule|Species Clause: Limit one of each Pokémon","|rule|OHKO Clause: OHKO moves are banned","|rule|Moody Clause: Moody is banned","|rule|Evasion Moves Clause: Evasion moves are banned","|rule|Endless Battle Clause: Forcing endless battles is banned","|rule|HP Percentage Mod: HP is shown in percentages","|teampreview","|","|start","|switch|p1a: Azumarill|Azumarill, F|404/404","|switch|p2a: Gardevoir|Gardevoir, F|277/277","|turn|1","|","|detailschange|p2a: Gardevoir|Gardevoir-Mega, F","|-mega|p2a: Gardevoir|Gardevoir|Gardevoirite","|move|p2a: Gardevoir|Hyper Voice|p1a: Azumarill","|-damage|p1a: Azumarill|97/404","|-enditem|p1a: Azumarill|Sitrus Berry|[eat]","|-heal|p1a: Azumarill|198/404|[from] item: Sitrus Berry","|move|p1a: Azumarill|Belly Drum|p1a: Azumarill","|-fail|p1a: Azumarill","|","|turn|2","|","|switch|p1a: Klefki|Klefki, M|318/318","|move|p2a: Gardevoir|Hyper Voice|p1a: Klefki","|-resisted|p1a: Klefki","|-damage|p1a: Klefki|189/318","|","|turn|3","|","|move|p1a: Klefki|Light Screen|p1a: Klefki","|-sidestart|p1: Raіn ☆ Kuro|move: Light Screen","|move|p2a: Gardevoir|Calm Mind|p2a: Gardevoir","|-boost|p2a: Gardevoir|spa|1","|-boost|p2a: Gardevoir|spd|1","|","|turn|4","|","|move|p1a: Klefki|Thunder Wave|p2a: Gardevoir","|-status|p2a: Gardevoir|par","|cant|p2a: Gardevoir|par","|","|turn|5","|","|move|p1a: Klefki|Flash Cannon|p2a: Gardevoir","|-supereffective|p2a: Gardevoir","|-damage|p2a: Gardevoir|155/277 par","|move|p2a: Gardevoir|Moonblast|p1a: Klefki","|-resisted|p1a: Klefki","|-damage|p1a: Klefki|99/318","|","|turn|6","|","|move|p1a: Klefki|Flash Cannon|p2a: Gardevoir","|-supereffective|p2a: Gardevoir","|-damage|p2a: Gardevoir|29/277 par","|move|p2a: Gardevoir|Hyper Voice|p1a: Klefki","|-resisted|p1a: Klefki","|-damage|p1a: Klefki|0 fnt","|faint|p1a: Klefki","|","|","|switch|p1a: Azumarill|Azumarill, F|198/404","|turn|7","|","|move|p1a: Azumarill|Aqua Jet|p2a: Gardevoir","|-damage|p2a: Gardevoir|0 fnt","|faint|p2a: Gardevoir","|","|","|switch|p2a: Hoopa-Unbound|Hoopa-Unbound|301/301","|turn|8","|","|move|p1a: Azumarill|Aqua Jet|p2a: Hoopa-Unbound","|-damage|p2a: Hoopa-Unbound|166/301","|move|p2a: Hoopa-Unbound|Gunk Shot|p1a: Azumarill","|-supereffective|p1a: Azumarill","|-damage|p1a: Azumarill|0 fnt","|faint|p1a: Azumarill","|","|","|switch|p1a: Diancie|Diancie|241/241","|turn|9","|","|detailschange|p1a: Diancie|Diancie-Mega","|-mega|p1a: Diancie|Diancie|Diancite","|move|p2a: Hoopa-Unbound|Gunk Shot|p1a: Diancie","|-damage|p1a: Diancie|118/241","|move|p1a: Diancie|Moonblast|p2a: Hoopa-Unbound","|-supereffective|p2a: Hoopa-Unbound","|-damage|p2a: Hoopa-Unbound|0 fnt","|faint|p2a: Hoopa-Unbound","|","|","|switch|p2a: Slowbro|Slowbro, F, shiny|394/394","|turn|10","|","|move|p1a: Diancie|Diamond Storm|p2a: Slowbro","|-damage|p2a: Slowbro|244/394","|-boost|p1a: Diancie|def|1","|move|p2a: Slowbro|Scald|p1a: Diancie","|-supereffective|p1a: Diancie","|-damage|p1a: Diancie|0 fnt","|faint|p1a: Diancie","|","|-heal|p2a: Slowbro|268/394|[from] item: Leftovers","|-sideend|p1: Raіn ☆ Kuro|move: Light Screen","|","|switch|p1a: Slurpuff|Slurpuff, F|305/305","|turn|11","|","|move|p1a: Slurpuff|Calm Mind|p1a: Slurpuff","|-boost|p1a: Slurpuff|spa|1","|-boost|p1a: Slurpuff|spd|1","|move|p2a: Slowbro|Flamethrower|p1a: Slurpuff","|-damage|p1a: Slurpuff|229/305","|","|-heal|p2a: Slowbro|292/394|[from] item: Leftovers","|turn|12","|","|move|p1a: Slurpuff|Calm Mind|p1a: Slurpuff","|-boost|p1a: Slurpuff|spa|1","|-boost|p1a: Slurpuff|spd|1","|move|p2a: Slowbro|Blizzard|p1a: Slurpuff","|-damage|p1a: Slurpuff|148/305","|-enditem|p1a: Slurpuff|Sitrus Berry|[eat]","|-heal|p1a: Slurpuff|224/305|[from] item: Sitrus Berry","|","|-heal|p2a: Slowbro|316/394|[from] item: Leftovers","|turn|13","|","|move|p1a: Slurpuff|Calm Mind|p1a: Slurpuff","|-boost|p1a: Slurpuff|spa|1","|-boost|p1a: Slurpuff|spd|1","|move|p2a: Slowbro|Calm Mind|p2a: Slowbro","|-boost|p2a: Slowbro|spa|1","|-boost|p2a: Slowbro|spd|1","|","|-heal|p2a: Slowbro|340/394|[from] item: Leftovers","|turn|14","|","|move|p1a: Slurpuff|Draining Kiss|p2a: Slowbro","|-damage|p2a: Slowbro|181/394","|-heal|p1a: Slurpuff|305/305|[from] drain|[of] p2a: Slowbro","|move|p2a: Slowbro|Calm Mind|p2a: Slowbro","|-boost|p2a: Slowbro|spa|1","|-boost|p2a: Slowbro|spd|1","|","|-heal|p2a: Slowbro|205/394|[from] item: Leftovers","|turn|15","|","|move|p1a: Slurpuff|Draining Kiss|p2a: Slowbro","|-damage|p2a: Slowbro|103/394","|move|p2a: Slowbro|Scald|p1a: Slurpuff","|-damage|p1a: Slurpuff|161/305","|","|-heal|p2a: Slowbro|127/394|[from] item: Leftovers","|turn|16","|","|move|p1a: Slurpuff|Draining Kiss|p2a: Slowbro","|-damage|p2a: Slowbro|15/394","|-heal|p1a: Slurpuff|245/305|[from] drain|[of] p2a: Slowbro","|move|p2a: Slowbro|Scald|p1a: Slurpuff","|-damage|p1a: Slurpuff|119/305","|-status|p1a: Slurpuff|brn","|","|-heal|p2a: Slowbro|39/394|[from] item: Leftovers","|-damage|p1a: Slurpuff|81/305 brn|[from] brn","|turn|17","|","|move|p1a: Slurpuff|Draining Kiss|p2a: Slowbro","|-damage|p2a: Slowbro|0 fnt","|-heal|p1a: Slurpuff|111/305 brn|[from] drain|[of] p2a: Slowbro","|faint|p2a: Slowbro","|","|-damage|p1a: Slurpuff|73/305 brn|[from] brn","|","|switch|p2a: Mew|Mew, shiny|404/404","|turn|18","|","|move|p1a: Slurpuff|Draining Kiss|p2a: Mew","|-damage|p2a: Mew|221/404","|-heal|p1a: Slurpuff|211/305 brn|[from] drain|[of] p2a: Mew","|move|p2a: Mew|Toxic|p1a: Slurpuff","|-fail|p1a: Slurpuff","|","|-heal|p2a: Mew|246/404|[from] item: Leftovers","|-damage|p1a: Slurpuff|173/305 brn|[from] brn","|turn|19","|","|move|p1a: Slurpuff|Draining Kiss|p2a: Mew","|-damage|p2a: Mew|59/404","|-heal|p1a: Slurpuff|305/305 brn|[from] drain|[of] p2a: Mew","|move|p2a: Mew|Roost|p2a: Mew","|-heal|p2a: Mew|261/404","|","|-heal|p2a: Mew|286/404|[from] item: Leftovers","|-damage|p1a: Slurpuff|267/305 brn|[from] brn","|turn|20","|","|move|p1a: Slurpuff|Calm Mind|p1a: Slurpuff","|-boost|p1a: Slurpuff|spa|1","|-boost|p1a: Slurpuff|spd|1","|move|p2a: Mew|Roost|p2a: Mew","|-heal|p2a: Mew|404/404","|","|-damage|p1a: Slurpuff|229/305 brn|[from] brn","|turn|21","|","|move|p1a: Slurpuff|Aromatherapy|p1a: Slurpuff","|-cureteam|p1a: Slurpuff|[from] move: Aromatherapy","|move|p2a: Mew|Calm Mind|p2a: Mew","|-boost|p2a: Mew|spa|1","|-boost|p2a: Mew|spd|1","|","|turn|22","|","|move|p1a: Slurpuff|Draining Kiss|p2a: Mew","|-damage|p2a: Mew|254/404","|-heal|p1a: Slurpuff|305/305|[from] drain|[of] p2a: Mew","|move|p2a: Mew|Psyshock|p1a: Slurpuff","|-damage|p1a: Slurpuff|142/305","|","|-heal|p2a: Mew|279/404|[from] item: Leftovers","|turn|23","|","|move|p1a: Slurpuff|Cotton Guard|p1a: Slurpuff","|-boost|p1a: Slurpuff|def|3","|move|p2a: Mew|Psyshock|p1a: Slurpuff","|-damage|p1a: Slurpuff|84/305","|","|-heal|p2a: Mew|304/404|[from] item: Leftovers","|turn|24","|","|move|p1a: Slurpuff|Draining Kiss|p2a: Mew","|-damage|p2a: Mew|144/404","|-heal|p1a: Slurpuff|204/305|[from] drain|[of] p2a: Mew","|move|p2a: Mew|Psyshock|p1a: Slurpuff","|-damage|p1a: Slurpuff|137/305","|","|-heal|p2a: Mew|169/404|[from] item: Leftovers","|turn|25","|","|move|p1a: Slurpuff|Draining Kiss|p2a: Mew","|-damage|p2a: Mew|28/404","|-heal|p1a: Slurpuff|243/305|[from] drain|[of] p2a: Mew","|move|p2a: Mew|Roost|p2a: Mew","|-heal|p2a: Mew|230/404","|","|-heal|p2a: Mew|255/404|[from] item: Leftovers","|turn|26","|","|move|p1a: Slurpuff|Calm Mind|p1a: Slurpuff","|-boost|p1a: Slurpuff|spa|1","|-boost|p1a: Slurpuff|spd|1","|move|p2a: Mew|Psyshock|p1a: Slurpuff","|-damage|p1a: Slurpuff|183/305","|","|-heal|p2a: Mew|280/404|[from] item: Leftovers","|turn|27","|","|move|p1a: Slurpuff|Draining Kiss|p2a: Mew","|-damage|p2a: Mew|102/404","|-heal|p1a: Slurpuff|305/305|[from] drain|[of] p2a: Mew","|move|p2a: Mew|Calm Mind|p2a: Mew","|-boost|p2a: Mew|spa|1","|-boost|p2a: Mew|spd|1","|","|-heal|p2a: Mew|127/404|[from] item: Leftovers","|turn|28","|","|move|p1a: Slurpuff|Draining Kiss|p2a: Mew","|-damage|p2a: Mew|7/404","|move|p2a: Mew|Roost|p2a: Mew","|-heal|p2a: Mew|209/404","|","|-heal|p2a: Mew|234/404|[from] item: Leftovers","|turn|29","|","|move|p1a: Slurpuff|Calm Mind|p1a: Slurpuff","|-boost|p1a: Slurpuff|spa|1","|-boost|p1a: Slurpuff|spd|1","|move|p2a: Mew|Roost|p2a: Mew","|-heal|p2a: Mew|404/404","|","|turn|30","|","|move|p1a: Slurpuff|Draining Kiss|p2a: Mew","|-damage|p2a: Mew|262/404","|move|p2a: Mew|Calm Mind|p2a: Mew","|-boost|p2a: Mew|spa|1","|-boost|p2a: Mew|spd|1","|","|-heal|p2a: Mew|287/404|[from] item: Leftovers","|turn|31","|","|move|p1a: Slurpuff|Draining Kiss|p2a: Mew","|-damage|p2a: Mew|170/404","|move|p2a: Mew|Roost|p2a: Mew","|-heal|p2a: Mew|372/404","|","|-heal|p2a: Mew|397/404|[from] item: Leftovers","|turn|32","|","|move|p1a: Slurpuff|Cotton Guard|p1a: Slurpuff","|-boost|p1a: Slurpuff|def|3","|move|p2a: Mew|Calm Mind|p2a: Mew","|-boost|p2a: Mew|spa|1","|-boost|p2a: Mew|spd|1","|","|-heal|p2a: Mew|404/404|[from] item: Leftovers","|turn|33","|","|move|p1a: Slurpuff|Draining Kiss|p2a: Mew","|-damage|p2a: Mew|302/404","|move|p2a: Mew|Calm Mind|p2a: Mew","|-boost|p2a: Mew|spa|1","|-boost|p2a: Mew|spd|1","|","|-heal|p2a: Mew|327/404|[from] item: Leftovers","|turn|34","|","|move|p1a: Slurpuff|Draining Kiss|p2a: Mew","|-damage|p2a: Mew|234/404","|move|p2a: Mew|Calm Mind|p2a: Mew","|-boost|p2a: Mew|spa|1","|-boost|p2a: Mew|spd|1","|","|-heal|p2a: Mew|259/404|[from] item: Leftovers","|turn|35","|","|move|p1a: Slurpuff|Draining Kiss|p2a: Mew","|-damage|p2a: Mew|184/404","|move|p2a: Mew|Roost|p2a: Mew","|-heal|p2a: Mew|386/404","|","|-heal|p2a: Mew|404/404|[from] item: Leftovers","|turn|36","|","|move|p1a: Slurpuff|Calm Mind|p1a: Slurpuff","|-fail|p1a: Slurpuff","|move|p2a: Mew|Psyshock|p1a: Slurpuff","|-damage|p1a: Slurpuff|188/305","|","|turn|37","|","|move|p1a: Slurpuff|Cotton Guard|p1a: Slurpuff","|-fail|p1a: Slurpuff","|move|p2a: Mew|Psyshock|p1a: Slurpuff","|-damage|p1a: Slurpuff|80/305","|","|turn|38","|","|move|p1a: Slurpuff|Cotton Guard|p1a: Slurpuff","|-fail|p1a: Slurpuff","|move|p2a: Mew|Psyshock|p1a: Slurpuff","|-damage|p1a: Slurpuff|0 fnt","|faint|p1a: Slurpuff","|","|","|switch|p1a: Togekiss|Togekiss, F|374/374","|turn|39","|","|move|p2a: Mew|Psyshock|p1a: Togekiss","|-damage|p1a: Togekiss|0 fnt","|faint|p1a: Togekiss","|","|","|switch|p1a: Sylveon|Sylveon, F|394/394","|turn|40","|","|move|p2a: Mew|Psyshock|p1a: Sylveon","|-damage|p1a: Sylveon|0 fnt","|faint|p1a: Sylveon","|","|win|Inferno Sasuke"],"p1rating":{"entryid":"203940","serverid":"eos","formatid":"monotype","userid":"rankuro","username":"Raіn Kuro","w":"1","l":1,"t":"0","gxe":48.1,"r":"1500","rd":"130","sigma":"0","rptime":"1440061200","rpr":1484.6861004468,"rprd":117.06906317558,"rpsigma":"0","acre":1030.8277117259,"lacre":1030.8277117259,"oldacre":"1047.0247085768"},"p2rating":{"entryid":"45674","serverid":"eos","formatid":"monotype","userid":"infernosasuke","username":"Inferno Sasuke","w":9,"l":"20","t":"0","gxe":36.8,"r":"1364.2441066198","rd":"85.565669206916","sigma":"0","rptime":"1440061200","rpr":1396.8286302351,"rprd":63.767337122148,"rpsigma":"0","acre":1093.2957425127,"lacre":1093.2957425127,"oldacre":"1064.4931760585"},"endType":"normal"}