{"seed":[174,35489,11825,15928],"turns":25,"p1":"Whitston","p2":"inferno sasuke","p1team":[{"name":"Ambipom","species":"Ambipom","item":"lifeorb","ability":"Technician","moves":["fakeout","lastresort"],"nature":"Jolly","evs":{"hp":0,"atk":252,"def":0,"spa":0,"spd":0,"spe":252},"ivs":{"hp":31,"atk":31,"def":31,"spa":31,"spd":31,"spe":31}},{"name":"Vigoroth","species":"Vigoroth","item":"eviolite","ability":"Vital Spirit","moves":["earthquake","bodyslam","bulkup","slackoff"],"nature":"Calm","evs":{"hp":16,"atk":196,"def":16,"spa":0,"spd":144,"spe":136},"ivs":{"hp":31,"atk":31,"def":31,"spa":31,"spd":31,"spe":31}},{"name":"Porygon2","species":"Porygon2","item":"eviolite","ability":"Download","moves":["toxic","recover","protect","icebeam"],"nature":"Calm","evs":{"hp":244,"atk":0,"def":200,"spa":0,"spd":64,"spe":0},"ivs":{"hp":31,"atk":31,"def":31,"spa":31,"spd":31,"spe":31}},{"name":"Porygon-Z","species":"Porygon-Z","item":"choicescarf","ability":"Adaptability","moves":["shadowball","triattack","hyperbeam","thunderbolt"],"nature":"Modest","evs":{"hp":4,"atk":0,"def":0,"spa":252,"spd":0,"spe":252},"shiny":true,"ivs":{"hp":31,"atk":31,"def":31,"spa":31,"spd":31,"spe":31}},{"name":"Lopunny","species":"Lopunny","item":"lopunnite","ability":"Limber","moves":["poweruppunch","drainpunch","fakeout","icepunch"],"nature":"Jolly","evs":{"hp":0,"atk":252,"def":0,"spa":0,"spd":0,"spe":252},"shiny":true,"ivs":{"hp":31,"atk":31,"def":31,"spa":31,"spd":31,"spe":31}},{"name":"Blissey","species":"Blissey","item":"leftovers","ability":"Natural Cure","moves":["softboiled","aromatherapy","toxic","seismictoss"],"nature":"Careful","evs":{"hp":252,"atk":0,"def":0,"spa":0,"spd":252,"spe":0},"shiny":true,"ivs":{"hp":31,"atk":31,"def":31,"spa":31,"spd":31,"spe":31}}],"p2team":[{"name":"lazy ass bubba","species":"hippowdon","item":"leftovers","ability":"Sand Stream","moves":["stealthrock","earthquake","whirlwind","slackoff"],"nature":"Careful","evs":{"hp":248,"atk":8,"def":0,"spa":0,"spd":252,"spe":0},"gender":"F","shiny":true,"ivs":{"hp":31,"atk":31,"def":31,"spa":31,"spd":31,"spe":31}},{"name":"wet and wild","species":"seismitoad","item":"assaultvest","ability":"Water Absorb","moves":["scald","earthpower","grassknot","sludgewave"],"nature":"Modest","evs":{"hp":100,"atk":0,"def":0,"spa":252,"spd":0,"spe":156},"gender":"M","shiny":true,"ivs":{"hp":31,"atk":31,"def":31,"spa":31,"spd":31,"spe":31}},{"name":"tuskonoir","species":"mamoswine","item":"lifeorb","ability":"Thick Fat","moves":["earthquake","iciclespear","iceshard","freezedry"],"nature":"Lonely","evs":{"hp":0,"atk":216,"def":0,"spa":40,"spd":0,"spe":252},"gender":"F","shiny":true,"ivs":{"hp":31,"atk":31,"def":31,"spa":31,"spd":31,"spe":31}},{"name":"implosion","species":"camerupt","item":"cameruptite","ability":"Magma Armor","moves":["fireblast","earthpower","rockslide","willowisp"],"nature":"Rash","evs":{"hp":168,"atk":0,"def":0,"spa":252,"spd":0,"spe":88},"gender":"M","shiny":true,"ivs":{"hp":31,"atk":31,"def":31,"spa":31,"spd":31,"spe":31}},{"name":"jaws of life","species":"excadrill","item":"choiceband","ability":"Sand Rush","moves":["earthquake","ironhead","rockslide","rapidspin"],"nature":"Jolly","evs":{"hp":0,"atk":252,"def":0,"spa":0,"spd":4,"spe":252},"gender":"M","shiny":true,"ivs":{"hp":31,"atk":31,"def":31,"spa":31,"spd":31,"spe":31}},{"name":"Landorus-Therian","species":"Landorus-Therian","item":"leftovers","ability":"Intimidate","moves":["swordsdance","rockpolish","earthquake","knockoff"],"nature":"Adamant","evs":{"hp":192,"atk":252,"def":4,"spa":0,"spd":0,"spe":60},"shiny":true,"ivs":{"hp":31,"atk":31,"def":31,"spa":31,"spd":31,"spe":31}}],"log":["|player|p1|Whitston|290","|player|p2|inferno sasuke|infernosasuke.png","|gametype|singles","|gen|6","|tier|Monotype","|rated","|rule|Baton Pass Clause: Limit one Baton Passer, can't pass Spe and other stats simultaneously","|rule|Swagger Clause: Swagger is banned","|rule|Same Type Clause: Pokémon in a team must share a type","|clearpoke","|poke|p1|Ambipom, M","|poke|p1|Vigoroth, M","|poke|p1|Porygon2","|poke|p1|Porygon-Z, shiny","|poke|p1|Lopunny, M, shiny","|poke|p1|Blissey, F, shiny","|poke|p2|Hippowdon, F, shiny","|poke|p2|Seismitoad, M, shiny","|poke|p2|Mamoswine, F, shiny","|poke|p2|Camerupt, M, shiny","|poke|p2|Excadrill, M, shiny","|poke|p2|Landorus-Therian, M, shiny","|rule|Sleep Clause Mod: Limit one foe put to sleep","|rule|Species Clause: Limit one of each Pokémon","|rule|OHKO Clause: OHKO moves are banned","|rule|Moody Clause: Moody is banned","|rule|Evasion Moves Clause: Evasion moves are banned","|rule|Endless Battle Clause: Forcing endless battles is banned","|rule|HP Percentage Mod: HP is shown in percentages","|teampreview","|","|start","|switch|p1a: Vigoroth|Vigoroth, M|305/305","|switch|p2a: wet and wild|Seismitoad, M, shiny|376/376","|turn|1","|","|move|p1a: Vigoroth|Bulk Up|p1a: Vigoroth","|-boost|p1a: Vigoroth|atk|1","|-boost|p1a: Vigoroth|def|1","|move|p2a: wet and wild|Earth Power|p1a: Vigoroth","|-damage|p1a: Vigoroth|205/305","|","|turn|2","|","|move|p1a: Vigoroth|Bulk Up|p1a: Vigoroth","|-boost|p1a: Vigoroth|atk|1","|-boost|p1a: Vigoroth|def|1","|move|p2a: wet and wild|Scald|p1a: Vigoroth","|-damage|p1a: Vigoroth|105/305","|","|turn|3","|","|move|p1a: Vigoroth|Slack Off|p1a: Vigoroth","|-heal|p1a: Vigoroth|258/305","|move|p2a: wet and wild|Scald|p1a: Vigoroth","|-damage|p1a: Vigoroth|168/305","|","|turn|4","|","|move|p1a: Vigoroth|Body Slam|p2a: wet and wild","|-damage|p2a: wet and wild|135/376","|move|p2a: wet and wild|Earth Power|p1a: Vigoroth","|-damage|p1a: Vigoroth|72/305","|-unboost|p1a: Vigoroth|spd|1","|","|turn|5","|","|move|p1a: Vigoroth|Slack Off|p1a: Vigoroth","|-heal|p1a: Vigoroth|225/305","|move|p2a: wet and wild|Scald|p1a: Vigoroth","|-damage|p1a: Vigoroth|93/305","|-status|p1a: Vigoroth|brn","|","|-damage|p1a: Vigoroth|55/305 brn|[from] brn","|turn|6","|","|move|p1a: Vigoroth|Body Slam|p2a: wet and wild","|-damage|p2a: wet and wild|17/376","|move|p2a: wet and wild|Scald|p1a: Vigoroth","|-damage|p1a: Vigoroth|0 fnt","|faint|p1a: Vigoroth","|","|","|switch|p1a: Lopunny|Lopunny, M, shiny|271/271","|turn|7","|","|detailschange|p1a: Lopunny|Lopunny-Mega, M, shiny","|-mega|p1a: Lopunny|Lopunny|Lopunnite","|move|p1a: Lopunny|Power-Up Punch|p2a: wet and wild","|-damage|p2a: wet and wild|0 fnt","|-boost|p1a: Lopunny|atk|1","|faint|p2a: wet and wild","|","|","|switch|p2a: lazy ass bubba|Hippowdon, F, shiny|419/419","|-weather|Sandstorm","|turn|8","|","|move|p1a: Lopunny|Ice Punch|p2a: lazy ass bubba","|-supereffective|p2a: lazy ass bubba","|-damage|p2a: lazy ass bubba|173/419","|move|p2a: lazy ass bubba|Earthquake|p1a: Lopunny","|-damage|p1a: Lopunny|126/271","|","|-weather|Sandstorm|[upkeep]","|-damage|p1a: Lopunny|110/271|[from] sandstorm","|-heal|p2a: lazy ass bubba|199/419|[from] item: Leftovers","|turn|9","|","|move|p1a: Lopunny|Ice Punch|p2a: lazy ass bubba","|-supereffective|p2a: lazy ass bubba","|-damage|p2a: lazy ass bubba|0 fnt","|faint|p2a: lazy ass bubba","|","|-weather|Sandstorm|[upkeep]","|-damage|p1a: Lopunny|94/271|[from] sandstorm","|","|switch|p2a: implosion|Camerupt, M, shiny|323/323","|turn|10","|","|detailschange|p2a: implosion|Camerupt-Mega, M, shiny","|-mega|p2a: implosion|Camerupt|Cameruptite","|move|p1a: Lopunny|Drain Punch|p2a: implosion","|-damage|p2a: implosion|133/323","|-heal|p1a: Lopunny|189/271|[from] drain|[of] p2a: implosion","|move|p2a: implosion|Earth Power|p1a: Lopunny","|-damage|p1a: Lopunny|0 fnt","|faint|p1a: Lopunny","|","|-weather|Sandstorm|[upkeep]","|","|switch|p1a: Blissey|Blissey, F, shiny|714/714","|turn|11","|","|move|p1a: Blissey|Toxic|p2a: implosion|[miss]","|-miss|p1a: Blissey|p2a: implosion","|move|p2a: implosion|Earth Power|p1a: Blissey","|-damage|p1a: Blissey|567/714","|","|-weather|Sandstorm|[upkeep]","|-damage|p1a: Blissey|523/714|[from] sandstorm","|-heal|p1a: Blissey|567/714|[from] item: Leftovers","|turn|12","|","|move|p1a: Blissey|Seismic Toss|p2a: implosion","|-damage|p2a: implosion|33/323","|move|p2a: implosion|Fire Blast|p1a: Blissey","|-damage|p1a: Blissey|375/714","|","|-weather|none","|-heal|p1a: Blissey|419/714|[from] item: Leftovers","|turn|13","|","|move|p1a: Blissey|Soft-Boiled|p1a: Blissey","|-heal|p1a: Blissey|714/714","|move|p2a: implosion|Earth Power|p1a: Blissey","|-damage|p1a: Blissey|572/714","|","|-heal|p1a: Blissey|616/714|[from] item: Leftovers","|turn|14","|","|move|p1a: Blissey|Seismic Toss|p2a: implosion","|-damage|p2a: implosion|0 fnt","|faint|p2a: implosion","|","|-heal|p1a: Blissey|660/714|[from] item: Leftovers","|","|switch|p2a: tuskonoir|Mamoswine, F, shiny|361/361","|turn|15","|","|switch|p1a: Porygon2|Porygon2|372/372","|-boost|p1a: Porygon2|spa|1|[from] ability: Download","|move|p2a: tuskonoir|Ice Shard|p1a: Porygon2","|-damage|p1a: Porygon2|308/372","|-damage|p2a: tuskonoir|325/361|[from] item: Life Orb","|","|turn|16","|","|move|p2a: tuskonoir|Earthquake|p1a: Porygon2","|-damage|p1a: Porygon2|147/372","|-damage|p2a: tuskonoir|289/361|[from] item: Life Orb","|move|p1a: Porygon2|Toxic|p2a: tuskonoir|[miss]","|-miss|p1a: Porygon2|p2a: tuskonoir","|","|turn|17","|","|move|p2a: tuskonoir|Icicle Spear|p1a: Porygon2","|-damage|p1a: Porygon2|112/372","|-damage|p1a: Porygon2|72/372","|-hitcount|p1a: Porygon2|2","|-damage|p2a: tuskonoir|253/361|[from] item: Life Orb","|move|p1a: Porygon2|Recover|p1a: Porygon2","|-heal|p1a: Porygon2|258/372","|","|turn|18","|","|move|p2a: tuskonoir|Earthquake|p1a: Porygon2","|-damage|p1a: Porygon2|116/372","|-damage|p2a: tuskonoir|217/361|[from] item: Life Orb","|move|p1a: Porygon2|Toxic|p2a: tuskonoir","|-status|p2a: tuskonoir|tox","|","|-damage|p2a: tuskonoir|195/361 tox|[from] psn","|turn|19","|","|move|p2a: tuskonoir|Earthquake|p1a: Porygon2","|-damage|p1a: Porygon2|0 fnt","|-damage|p2a: tuskonoir|159/361 tox|[from] item: Life Orb","|faint|p1a: Porygon2","|","|-damage|p2a: tuskonoir|115/361 tox|[from] psn","|","|switch|p1a: Ambipom|Ambipom, M|291/291","|turn|20","|","|move|p1a: Ambipom|Fake Out|p2a: tuskonoir","|-damage|p2a: tuskonoir|0 fnt","|-damage|p1a: Ambipom|262/291|[from] item: Life Orb","|faint|p2a: tuskonoir","|","|","|switch|p2a: Landorus-Therian|Landorus-Therian, M, shiny|367/367","|-ability|p2a: Landorus-Therian|Intimidate","|-unboost|p1a: Ambipom|atk|1","|turn|21","|","|switch|p1a: Blissey|Blissey, F, shiny|660/714","|move|p2a: Landorus-Therian|Earthquake|p1a: Blissey","|-damage|p1a: Blissey|0 fnt","|faint|p1a: Blissey","|","|","|switch|p1a: Porygon-Z|Porygon-Z, shiny|312/312","|turn|22","|","|move|p1a: Porygon-Z|Hyper Beam|p2a: Landorus-Therian","|-crit|p2a: Landorus-Therian","|-damage|p2a: Landorus-Therian|0 fnt","|faint|p2a: Landorus-Therian","|","|","|switch|p2a: jaws of life|Excadrill, M, shiny|361/361","|turn|23","|-mustrecharge|p1a: Porygon-Z","|-mustrecharge|p1a: Porygon-Z","|","|cant|p1a: Porygon-Z|recharge","|move|p2a: jaws of life|Iron Head|p1a: Porygon-Z","|-damage|p1a: Porygon-Z|0 fnt","|faint|p1a: Porygon-Z","|","|","|switch|p1a: Ambipom|Ambipom, M|262/291","|turn|24","|","|move|p1a: Ambipom|Fake Out|p2a: jaws of life","|-resisted|p2a: jaws of life","|-damage|p2a: jaws of life|279/361","|-damage|p1a: Ambipom|233/291|[from] item: Life Orb","|cant|p2a: jaws of life|flinch","|","|turn|25","|","|move|p1a: Ambipom|Last Resort|p2a: jaws of life","|-resisted|p2a: jaws of life","|-damage|p2a: jaws of life|83/361","|-damage|p1a: Ambipom|204/291|[from] item: Life Orb","|move|p2a: jaws of life|Iron Head|p1a: Ambipom","|-damage|p1a: Ambipom|0 fnt","|faint|p1a: Ambipom","|","|win|inferno sasuke"],"p1rating":{"entryid":"190364","serverid":"eos","formatid":"monotype","userid":"whitston","username":"Whitston","w":"1","l":2,"t":"0","gxe":42.3,"r":"1500","rd":"130","sigma":"0","rptime":"1440061200","rpr":1438.5610069233,"rprd":112.0279547815,"rpsigma":"0","acre":1023.4255080148,"lacre":1023.4255080148,"oldacre":"1040"},"p2rating":{"entryid":"45674","serverid":"eos","formatid":"monotype","userid":"infernosasuke","username":"Inferno Sasuke","w":4,"l":"11","t":"0","gxe":35.9,"r":"1364.2441066198","rd":"85.565669206916","sigma":"0","rptime":"1440061200","rpr":1388.0196454645,"rprd":78.669683625175,"rpsigma":"0","acre":1064.6797575662,"lacre":1064.6797575662,"oldacre":"1027.5196999047"},"endType":"normal"}