{"seed":[45657,24214,41616,41711],"turns":23,"p1":"Whitston","p2":"Rain Zeref","p1team":[{"name":"Sableye","species":"Sableye","item":"leftovers","ability":"Prankster","moves":["foulplay","willowisp","recover","taunt"],"nature":"Careful","evs":{"hp":252,"atk":0,"def":4,"spa":0,"spd":252,"spe":0},"ivs":{"hp":31,"atk":31,"def":31,"spa":31,"spd":31,"spe":31}},{"name":"Absol","species":"Absol","item":"absolite","ability":"Super Luck","moves":["playrough","cut","nightslash","suckerpunch"],"nature":"Jolly","evs":{"hp":0,"atk":252,"def":0,"spa":0,"spd":0,"spe":252},"ivs":{"hp":31,"atk":31,"def":31,"spa":31,"spd":31,"spe":31}},{"name":"Mandibuzz","species":"Mandibuzz","item":"leftovers","ability":"Overcoat","moves":["roost","foulplay","knockoff","defog"],"nature":"Impish","evs":{"hp":248,"atk":0,"def":136,"spa":0,"spd":108,"spe":16},"ivs":{"hp":31,"atk":31,"def":31,"spa":31,"spd":31,"spe":31}},{"name":"Tyranitar","species":"Tyranitar","item":"rockincense","ability":"Sand Stream","moves":["rockslide","dragondance","pursuit","stealthrock"],"nature":"Adamant","evs":{"hp":248,"atk":248,"def":0,"spa":0,"spd":0,"spe":12},"ivs":{"hp":31,"atk":31,"def":31,"spa":31,"spd":31,"spe":31}},{"name":"Hydreigon","species":"Hydreigon","item":"lifeorb","ability":"Levitate","moves":["dracometeor","fireblast","darkpulse","flashcannon"],"nature":"Timid","evs":{"hp":0,"atk":0,"def":0,"spa":252,"spd":0,"spe":252},"ivs":{"hp":31,"atk":31,"def":31,"spa":31,"spd":31,"spe":31}},{"name":"Houndoom","species":"Houndoom","item":"focussash","ability":"Flash Fire","moves":["flamethrower","darkpulse","nastyplot","destinybond"],"nature":"Timid","evs":{"hp":0,"atk":0,"def":0,"spa":252,"spd":0,"spe":252},"ivs":{"hp":31,"atk":31,"def":31,"spa":31,"spd":31,"spe":31}}],"p2team":[{"name":"DEEZ NUTS!","species":"bisharp","item":"choicescarf","ability":"Defiant","moves":["brickbreak","suckerpunch","knockoff","ironhead"],"nature":"Jolly","evs":{"hp":0,"atk":252,"def":0,"spa":0,"spd":4,"spe":252},"gender":"M","shiny":true,"ivs":{"hp":31,"atk":31,"def":31,"spa":31,"spd":31,"spe":31}},{"name":"DEEZ NUTS!!","species":"weavile","item":"choicescarf","ability":"Pressure","moves":["iceshard","iciclecrash","knockoff","brickbreak"],"nature":"Adamant","evs":{"hp":0,"atk":252,"def":0,"spa":0,"spd":4,"spe":252},"gender":"F","ivs":{"hp":31,"atk":31,"def":31,"spa":31,"spd":31,"spe":31}},{"name":"DEEZ NUTS!!!","species":"mandibuzz","item":"leftovers","ability":"Overcoat","moves":["toxic","roost","foulplay","whirlwind"],"nature":"Bold","evs":{"hp":252,"atk":0,"def":252,"spa":0,"spd":4,"spe":0},"shiny":true,"ivs":{"hp":31,"atk":31,"def":31,"spa":31,"spd":31,"spe":31}},{"name":"DEEZ NUTS!!!!","species":"zoroark","item":"choicespecs","ability":"Illusion","moves":["darkpulse","flamethrower","trick","extrasensory"],"nature":"Timid","evs":{"hp":0,"atk":0,"def":0,"spa":252,"spd":4,"spe":252},"gender":"F","shiny":true,"ivs":{"hp":31,"atk":31,"def":31,"spa":31,"spd":31,"spe":31}},{"name":"DEEZ NUTS!!!!!","species":"absol","item":"absolite","ability":"Super Luck","moves":["darkpulse","thunderbolt","flamethrower","playrough"],"nature":"Timid","evs":{"hp":0,"atk":0,"def":0,"spa":252,"spd":4,"spe":252},"gender":"F","shiny":true,"ivs":{"hp":31,"atk":31,"def":31,"spa":31,"spd":31,"spe":31}},{"name":"DEEZ NUTS!!!!!!","species":"hydreigon","item":"choicescarf","ability":"Levitate","moves":["dracometeor","flamethrower","flashcannon","darkpulse"],"nature":"Timid","evs":{"hp":0,"atk":0,"def":0,"spa":252,"spd":4,"spe":252},"gender":"M","shiny":true,"ivs":{"hp":31,"atk":31,"def":31,"spa":31,"spd":31,"spe":31}}],"log":["|player|p1|Whitston|290","|player|p2|Rain Zeref|rainzeref.png","|gametype|singles","|gen|6","|tier|Monotype","|rated","|rule|Baton Pass Clause: Limit one Baton Passer, can't pass Spe and other stats simultaneously","|rule|Swagger Clause: Swagger is banned","|rule|Same Type Clause: Pokémon in a team must share a type","|clearpoke","|poke|p1|Sableye, M","|poke|p1|Absol, M","|poke|p1|Mandibuzz, F","|poke|p1|Tyranitar, F","|poke|p1|Hydreigon, M","|poke|p1|Houndoom, F","|poke|p2|Bisharp, M, shiny","|poke|p2|Weavile, F","|poke|p2|Mandibuzz, F, shiny","|poke|p2|Zoroark, F, shiny","|poke|p2|Absol, F, shiny","|poke|p2|Hydreigon, M, shiny","|rule|Sleep Clause Mod: Limit one foe put to sleep","|rule|Species Clause: Limit one of each Pokémon","|rule|OHKO Clause: OHKO moves are banned","|rule|Moody Clause: Moody is banned","|rule|Evasion Moves Clause: Evasion moves are banned","|rule|Endless Battle Clause: Forcing endless battles is banned","|rule|HP Percentage Mod: HP is shown in percentages","|teampreview","|","|start","|switch|p1a: Absol|Absol, M|271/271","|switch|p2a: DEEZ NUTS!!!!!|Absol, F, shiny|271/271","|turn|1","|","|detailschange|p2a: DEEZ NUTS!!!!!|Absol-Mega, F, shiny","|-mega|p2a: DEEZ NUTS!!!!!|Absol|Absolite","|detailschange|p1a: Absol|Absol-Mega, M","|-mega|p1a: Absol|Absol|Absolite","|move|p1a: Absol|Play Rough|p2a: DEEZ NUTS!!!!!","|-supereffective|p2a: DEEZ NUTS!!!!!","|-damage|p2a: DEEZ NUTS!!!!!|0 fnt","|faint|p2a: DEEZ NUTS!!!!!","|","|","|switch|p2a: DEEZ NUTS!!!!!!|Hydreigon, M, shiny|325/325","|turn|2","|player|p1","|player|p1|Whitston|290","|","|move|p2a: DEEZ NUTS!!!!!!|Draco Meteor|p1a: Absol","|-damage|p1a: Absol|0 fnt","|-unboost|p2a: DEEZ NUTS!!!!!!|spa|2","|faint|p1a: Absol","|","|","|switch|p1a: Hydreigon|Hydreigon, M|325/325","|turn|3","|","|switch|p2a: DEEZ NUTS!!!|Mandibuzz, F, shiny|424/424","|move|p1a: Hydreigon|Draco Meteor|p2a: DEEZ NUTS!!!|[miss]","|-miss|p1a: Hydreigon|p2a: DEEZ NUTS!!!","|","|turn|4","|","|switch|p1a: Mandibuzz|Mandibuzz, F|423/423","|move|p2a: DEEZ NUTS!!!|Toxic|p1a: Mandibuzz","|-status|p1a: Mandibuzz|tox","|","|-damage|p1a: Mandibuzz|397/423 tox|[from] psn","|turn|5","|","|switch|p2a: DEEZ NUTS!|Bisharp, M, shiny|271/271","|move|p1a: Mandibuzz|Knock Off|p2a: DEEZ NUTS!","|-resisted|p2a: DEEZ NUTS!","|-damage|p2a: DEEZ NUTS!|232/271","|-enditem|p2a: DEEZ NUTS!|Choice Scarf|[from] move: Knock Off|[of] p1a: Mandibuzz","|","|-heal|p1a: Mandibuzz|423/423 tox|[from] item: Leftovers","|-damage|p1a: Mandibuzz|371/423 tox|[from] psn","|turn|6","|","|move|p2a: DEEZ NUTS!|Iron Head|p1a: Mandibuzz","|-crit|p1a: Mandibuzz","|-damage|p1a: Mandibuzz|209/423 tox","|move|p1a: Mandibuzz|Foul Play|p2a: DEEZ NUTS!","|-resisted|p2a: DEEZ NUTS!","|-damage|p2a: DEEZ NUTS!|151/271","|","|-heal|p1a: Mandibuzz|235/423 tox|[from] item: Leftovers","|-damage|p1a: Mandibuzz|157/423 tox|[from] psn","|turn|7","|","|switch|p2a: DEEZ NUTS!!!|Mandibuzz, F, shiny|424/424","|move|p1a: Mandibuzz|Foul Play|p2a: DEEZ NUTS!!!","|-crit|p2a: DEEZ NUTS!!!","|-resisted|p2a: DEEZ NUTS!!!","|-damage|p2a: DEEZ NUTS!!!|389/424","|","|-heal|p1a: Mandibuzz|183/423 tox|[from] item: Leftovers","|-heal|p2a: DEEZ NUTS!!!|415/424|[from] item: Leftovers","|-damage|p1a: Mandibuzz|79/423 tox|[from] psn","|turn|8","|","|switch|p2a: DEEZ NUTS!|Bisharp, M, shiny|151/271","|move|p1a: Mandibuzz|Knock Off|p2a: DEEZ NUTS!","|-resisted|p2a: DEEZ NUTS!","|-damage|p2a: DEEZ NUTS!|126/271","|","|-heal|p1a: Mandibuzz|105/423 tox|[from] item: Leftovers","|-damage|p1a: Mandibuzz|0 fnt|[from] psn","|faint|p1a: Mandibuzz","|","|switch|p1a: Houndoom|Houndoom, F|291/291","|turn|9","|","|move|p2a: DEEZ NUTS!|Sucker Punch|p1a: Houndoom","|-fail|p2a: DEEZ NUTS!","|move|p1a: Houndoom|Nasty Plot|p1a: Houndoom","|-boost|p1a: Houndoom|spa|2","|","|turn|10","|","|move|p1a: Houndoom|Flamethrower|p2a: DEEZ NUTS!","|-supereffective|p2a: DEEZ NUTS!","|-damage|p2a: DEEZ NUTS!|0 fnt","|faint|p2a: DEEZ NUTS!","|","|","|switch|p2a: DEEZ NUTS!!!!!!|Hydreigon, M, shiny|325/325","|turn|11","|","|move|p2a: DEEZ NUTS!!!!!!|Draco Meteor|p1a: Houndoom","|-damage|p1a: Houndoom|18/291","|-unboost|p2a: DEEZ NUTS!!!!!!|spa|2","|move|p1a: Houndoom|Flamethrower|p2a: DEEZ NUTS!!!!!!","|-resisted|p2a: DEEZ NUTS!!!!!!","|-damage|p2a: DEEZ NUTS!!!!!!|176/325","|","|turn|12","|","|move|p2a: DEEZ NUTS!!!!!!|Draco Meteor|p1a: Houndoom","|-damage|p1a: Houndoom|0 fnt","|-unboost|p2a: DEEZ NUTS!!!!!!|spa|2","|faint|p1a: Houndoom","|","|","|switch|p1a: Tyranitar|Tyranitar, F|403/403","|-weather|Sandstorm","|turn|13","|","|move|p1a: Tyranitar|Pursuit|p2a: DEEZ NUTS!!!!!!|[from]Pursuit","|-resisted|p2a: DEEZ NUTS!!!!!!","|-damage|p2a: DEEZ NUTS!!!!!!|90/325","|switch|p2a: DEEZ NUTS!!!|Mandibuzz, F, shiny|415/424","|","|-weather|Sandstorm|[upkeep]","|-heal|p2a: DEEZ NUTS!!!|424/424|[from] item: Leftovers","|turn|14","|","|move|p2a: DEEZ NUTS!!!|Toxic|p1a: Tyranitar","|-status|p1a: Tyranitar|tox","|move|p1a: Tyranitar|Rock Slide|p2a: DEEZ NUTS!!!","|-supereffective|p2a: DEEZ NUTS!!!","|-damage|p2a: DEEZ NUTS!!!|184/424","|","|-weather|Sandstorm|[upkeep]","|-heal|p2a: DEEZ NUTS!!!|210/424|[from] item: Leftovers","|-damage|p1a: Tyranitar|378/403 tox|[from] psn","|turn|15","|","|move|p2a: DEEZ NUTS!!!|Roost|p2a: DEEZ NUTS!!!","|-heal|p2a: DEEZ NUTS!!!|422/424","|move|p1a: Tyranitar|Rock Slide|p2a: DEEZ NUTS!!!","|-damage|p2a: DEEZ NUTS!!!|292/424","|","|-weather|Sandstorm|[upkeep]","|-heal|p2a: DEEZ NUTS!!!|318/424|[from] item: Leftovers","|-damage|p1a: Tyranitar|328/403 tox|[from] psn","|turn|16","|","|move|p2a: DEEZ NUTS!!!|Roost|p2a: DEEZ NUTS!!!","|-heal|p2a: DEEZ NUTS!!!|424/424","|move|p1a: Tyranitar|Dragon Dance|p1a: Tyranitar","|-boost|p1a: Tyranitar|atk|1","|-boost|p1a: Tyranitar|spe|1","|","|-weather|Sandstorm|[upkeep]","|-damage|p1a: Tyranitar|253/403 tox|[from] psn","|turn|17","|","|move|p1a: Tyranitar|Rock Slide|p2a: DEEZ NUTS!!!","|-supereffective|p2a: DEEZ NUTS!!!","|-damage|p2a: DEEZ NUTS!!!|80/424","|cant|p2a: DEEZ NUTS!!!|flinch","|","|-weather|none","|-heal|p2a: DEEZ NUTS!!!|106/424|[from] item: Leftovers","|-damage|p1a: Tyranitar|153/403 tox|[from] psn","|turn|18","|","|move|p1a: Tyranitar|Rock Slide|p2a: DEEZ NUTS!!!","|-supereffective|p2a: DEEZ NUTS!!!","|-damage|p2a: DEEZ NUTS!!!|0 fnt","|faint|p2a: DEEZ NUTS!!!","|","|-damage|p1a: Tyranitar|28/403 tox|[from] psn","|","|switch|p2a: DEEZ NUTS!!!!!!|Hydreigon, M, shiny|90/325","|turn|19","|","|move|p2a: DEEZ NUTS!!!!!!|Flash Cannon|p1a: Tyranitar","|-supereffective|p1a: Tyranitar","|-damage|p1a: Tyranitar|0 fnt","|faint|p1a: Tyranitar","|","|","|switch|p1a: Sableye|Sableye, M|304/304","|turn|20","|","|switch|p2a: DEEZ NUTS!!!!|Zoroark, F, shiny|261/261","|move|p1a: Sableye|Will-O-Wisp|p2a: DEEZ NUTS!!!!|[miss]","|-miss|p1a: Sableye|p2a: DEEZ NUTS!!!!","|","|turn|21","|","|move|p1a: Sableye|Will-O-Wisp|p2a: DEEZ NUTS!!!!|[miss]","|-miss|p1a: Sableye|p2a: DEEZ NUTS!!!!","|move|p2a: DEEZ NUTS!!!!|Trick|p1a: Sableye","|-activate|p2a: DEEZ NUTS!!!!|move: Trick|[of] p1a: Sableye","|-item|p1a: Sableye|Choice Specs|[from] move: Trick","|-item|p2a: DEEZ NUTS!!!!|Leftovers|[from] move: Trick","|","|turn|22","|","|move|p2a: DEEZ NUTS!!!!|Dark Pulse|p1a: Sableye","|-damage|p1a: Sableye|168/304","|move|p1a: Sableye|Foul Play|p2a: DEEZ NUTS!!!!","|-resisted|p2a: DEEZ NUTS!!!!","|-damage|p2a: DEEZ NUTS!!!!|177/261","|","|-heal|p2a: DEEZ NUTS!!!!|193/261|[from] item: Leftovers","|turn|23","|","|win|Rain Zeref"],"p1rating":{"entryid":"190364","serverid":"eos","formatid":"monotype","userid":"whitston","username":"Whitston","w":"2","l":5,"t":"0","gxe":38.5,"r":"1500","rd":"130","sigma":"0","rptime":"1440061200","rpr":1408.2771116058,"rprd":95.972423741489,"rpsigma":"0","acre":1017.9965369589,"lacre":1017.9965369589,"oldacre":"1034.7190739805"},"p2rating":{"entryid":"191502","serverid":"eos","formatid":"monotype","userid":"rainzeref","username":"Rain Zeref","w":1,"l":"5","t":"0","gxe":38.1,"r":"1500","rd":"130","sigma":"0","rptime":"1440061200","rpr":1405.0223941878,"rprd":100.01855608962,"rpsigma":"0","acre":1043.9839288769,"lacre":1043.9839288769,"oldacre":"1000"},"endType":"forfeit"}