{"seed":[14578,56462,942,58477],"turns":39,"p1":"Inferno Sableye","p2":"Twizzter","p1team":[{"name":"Not op","species":"sableye","item":"sablenite","ability":"Prankster","moves":["shadowball","recover","calmmind","willowisp"],"nature":"Bold","evs":{"hp":248,"atk":0,"def":252,"spa":0,"spd":8,"spe":0},"ivs":{"hp":31,"atk":0,"def":31,"spa":31,"spd":31,"spe":31}},{"name":"Rawwrrrr","species":"tyranitar","item":"leftovers","ability":"Sand Stream","moves":["stealthrock","thunderwave","rockslide","earthquake"],"nature":"Impish","evs":{"hp":252,"atk":0,"def":80,"spa":0,"spd":176,"spe":0},"ivs":{"hp":31,"atk":31,"def":31,"spa":31,"spd":31,"spe":31}},{"name":"Bish Plz","species":"bisharp","item":"lumberry","ability":"Defiant","moves":["knockoff","suckerpunch","ironhead","swordsdance"],"nature":"Adamant","evs":{"hp":0,"atk":252,"def":4,"spa":0,"spd":0,"spe":252},"gender":"M","shiny":true,"ivs":{"hp":31,"atk":31,"def":31,"spa":31,"spd":31,"spe":31}},{"name":"Oit of this world","species":"hoopaunbound","item":"choicescarf","ability":"Magician","moves":["gunkshot","hyperspacehole","hyperspacefury","drainpunch"],"nature":"Hasty","evs":{"hp":0,"atk":252,"def":0,"spa":4,"spd":0,"spe":252},"ivs":{"hp":31,"atk":31,"def":31,"spa":31,"spd":31,"spe":31}},{"name":"No pressure","species":"weavile","item":"lifeorb","ability":"Pressure","moves":["iciclecrash","iceshard","knockoff","lowkick"],"nature":"Jolly","evs":{"hp":0,"atk":252,"def":0,"spa":0,"spd":4,"spe":252},"ivs":{"hp":31,"atk":31,"def":31,"spa":31,"spd":31,"spe":31}},{"name":"Buzz off bitch","species":"mandibuzz","item":"rockyhelmet","ability":"Overcoat","moves":["roost","defog","whirlwind","foulplay"],"nature":"Bold","evs":{"hp":176,"atk":0,"def":252,"spa":0,"spd":80,"spe":0},"ivs":{"hp":31,"atk":31,"def":31,"spa":31,"spd":31,"spe":31}}],"p2team":[{"name":"Magnezone","species":"Magnezone","item":"leftovers","ability":"Sturdy","moves":["flashcannon","thunderbolt","protect","hiddenpowerice"],"nature":"Modest","evs":{"hp":76,"atk":0,"def":180,"spa":252,"spd":0,"spe":0},"ivs":{"hp":31,"atk":30,"def":30,"spa":31,"spd":31,"spe":31}},{"name":"Zapdos","species":"Zapdos","item":"leftovers","ability":"Pressure","moves":["discharge","heatwave","toxic","roost"],"nature":"Bold","evs":{"hp":4,"atk":0,"def":252,"spa":56,"spd":196,"spe":0},"ivs":{"hp":31,"atk":31,"def":31,"spa":31,"spd":31,"spe":31}},{"name":"Ampharos","species":"Ampharos","item":"ampharosite","ability":"Static","moves":["cottonguard","rest","sleeptalk","dragonpulse"],"nature":"Bold","evs":{"hp":0,"atk":0,"def":252,"spa":136,"spd":120,"spe":0},"ivs":{"hp":31,"atk":31,"def":31,"spa":31,"spd":31,"spe":31}},{"name":"Raikou","species":"Raikou","item":"leftovers","ability":"Pressure","moves":["calmmind","substitute","thunderbolt","extrasensory"],"nature":"Timid","evs":{"hp":0,"atk":0,"def":0,"spa":252,"spd":4,"spe":252},"ivs":{"hp":31,"atk":31,"def":31,"spa":31,"spd":31,"spe":31}},{"name":"Rotom-Wash","species":"Rotom-Wash","item":"choicescarf","ability":"Levitate","moves":["voltswitch","hydropump","willowisp","trick"],"nature":"Timid","evs":{"hp":0,"atk":0,"def":0,"spa":252,"spd":4,"spe":252},"ivs":{"hp":31,"atk":31,"def":31,"spa":31,"spd":31,"spe":31}},{"name":"Condom","species":"eelektross","item":"assaultvest","ability":"Levitate","moves":["gigadrain","thunderbolt","drainpunch","knockoff"],"nature":"Quiet","evs":{"hp":3,"atk":136,"def":0,"spa":108,"spd":252,"spe":0},"ivs":{"hp":31,"atk":31,"def":31,"spa":31,"spd":31,"spe":31}}],"log":["|player|p1|Inferno Sableye|infernosableye.gif","|player|p2|Twizzter|162","|gametype|singles","|gen|6","|tier|Monotype","|rated","|rule|Baton Pass Clause: Limit one Baton Passer, can't pass Spe and other stats simultaneously","|rule|Swagger Clause: Swagger is banned","|rule|Same Type Clause: Pokémon in a team must share a type","|clearpoke","|poke|p1|Sableye, F","|poke|p1|Tyranitar, F","|poke|p1|Bisharp, M, shiny","|poke|p1|Hoopa-Unbound","|poke|p1|Weavile, M","|poke|p1|Mandibuzz, F","|poke|p2|Magnezone","|poke|p2|Zapdos","|poke|p2|Ampharos, M","|poke|p2|Raikou","|poke|p2|Rotom-Wash","|poke|p2|Eelektross, M","|rule|Sleep Clause Mod: Limit one foe put to sleep","|rule|Species Clause: Limit one of each Pokémon","|rule|OHKO Clause: OHKO moves are banned","|rule|Moody Clause: Moody is banned","|rule|Evasion Moves Clause: Evasion moves are banned","|rule|Endless Battle Clause: Forcing endless battles is banned","|rule|HP Percentage Mod: HP is shown in percentages","|teampreview","|","|start","|switch|p1a: Not op|Sableye, F|303/303","|switch|p2a: Rotom-Wash|Rotom-Wash|241/241","|turn|1","|","|detailschange|p1a: Not op|Sableye-Mega, F","|-mega|p1a: Not op|Sableye|Sablenite","|move|p1a: Not op|Calm Mind|p1a: Not op","|-boost|p1a: Not op|spa|1","|-boost|p1a: Not op|spd|1","|move|p2a: Rotom-Wash|Volt Switch|p1a: Not op","|-damage|p1a: Not op|242/303","|","|switch|p2a: Raikou|Raikou|321/321","|-ability|p2a: Raikou|Pressure","|","|turn|2","|","|move|p2a: Raikou|Substitute|p2a: Raikou","|-start|p2a: Raikou|Substitute","|-damage|p2a: Raikou|241/321","|move|p1a: Not op|Calm Mind|p1a: Not op","|-boost|p1a: Not op|spa|1","|-boost|p1a: Not op|spd|1","|","|-heal|p2a: Raikou|261/321|[from] item: Leftovers","|turn|3","|","|move|p2a: Raikou|Calm Mind|p2a: Raikou","|-boost|p2a: Raikou|spa|1","|-boost|p2a: Raikou|spd|1","|move|p1a: Not op|Shadow Ball|p2a: Raikou","|-end|p2a: Raikou|Substitute","|","|-heal|p2a: Raikou|281/321|[from] item: Leftovers","|turn|4","|","|move|p2a: Raikou|Substitute|p2a: Raikou","|-start|p2a: Raikou|Substitute","|-damage|p2a: Raikou|201/321","|move|p1a: Not op|Shadow Ball|p2a: Raikou","|-end|p2a: Raikou|Substitute","|","|-heal|p2a: Raikou|221/321|[from] item: Leftovers","|turn|5","|","|move|p2a: Raikou|Calm Mind|p2a: Raikou","|-boost|p2a: Raikou|spa|1","|-boost|p2a: Raikou|spd|1","|move|p1a: Not op|Shadow Ball|p2a: Raikou","|-damage|p2a: Raikou|136/321","|","|-heal|p2a: Raikou|156/321|[from] item: Leftovers","|turn|6","|","|switch|p1a: Rawwrrrr|Tyranitar, F|404/404","|-weather|Sandstorm","|move|p2a: Raikou|Substitute|p2a: Raikou","|-start|p2a: Raikou|Substitute","|-damage|p2a: Raikou|76/321","|","|-weather|Sandstorm|[upkeep]","|-damage|p2a: Raikou|56/321|[from] sandstorm","|-heal|p2a: Raikou|76/321|[from] item: Leftovers","|turn|7","|","|move|p2a: Raikou|Thunderbolt|p1a: Rawwrrrr","|-damage|p1a: Rawwrrrr|247/404","|move|p1a: Rawwrrrr|Earthquake|p2a: Raikou","|-supereffective|p2a: Raikou","|-end|p2a: Raikou|Substitute","|","|-weather|Sandstorm|[upkeep]","|-damage|p2a: Raikou|56/321|[from] sandstorm","|-heal|p2a: Raikou|76/321|[from] item: Leftovers","|-heal|p1a: Rawwrrrr|272/404|[from] item: Leftovers","|turn|8","|","|move|p2a: Raikou|Thunderbolt|p1a: Rawwrrrr","|-damage|p1a: Rawwrrrr|115/404","|move|p1a: Rawwrrrr|Earthquake|p2a: Raikou","|-supereffective|p2a: Raikou","|-damage|p2a: Raikou|0 fnt","|faint|p2a: Raikou","|","|-weather|Sandstorm|[upkeep]","|-heal|p1a: Rawwrrrr|140/404|[from] item: Leftovers","|","|switch|p2a: Rotom-Wash|Rotom-Wash|241/241","|turn|9","|","|switch|p1a: Buzz off bitch|Mandibuzz, F|405/405","|move|p2a: Rotom-Wash|Volt Switch|p1a: Buzz off bitch","|-supereffective|p1a: Buzz off bitch","|-damage|p1a: Buzz off bitch|213/405","|","|switch|p2a: Zapdos|Zapdos|322/322","|-ability|p2a: Zapdos|Pressure","|","|-weather|Sandstorm|[upkeep]","|-damage|p2a: Zapdos|302/322|[from] sandstorm","|-heal|p2a: Zapdos|322/322|[from] item: Leftovers","|turn|10","|","|move|p2a: Zapdos|Discharge|p1a: Buzz off bitch","|-supereffective|p1a: Buzz off bitch","|-damage|p1a: Buzz off bitch|0 fnt","|faint|p1a: Buzz off bitch","|","|-weather|none","|","|switch|p1a: Rawwrrrr|Tyranitar, F|140/404","|-weather|Sandstorm","|turn|11","|","|move|p2a: Zapdos|Toxic|p1a: Rawwrrrr","|-status|p1a: Rawwrrrr|tox","|move|p1a: Rawwrrrr|Rock Slide|p2a: Zapdos","|-supereffective|p2a: Zapdos","|-damage|p2a: Zapdos|130/322","|","|-weather|Sandstorm|[upkeep]","|-damage|p2a: Zapdos|110/322|[from] sandstorm","|-heal|p2a: Zapdos|130/322|[from] item: Leftovers","|-heal|p1a: Rawwrrrr|165/404 tox|[from] item: Leftovers","|-damage|p1a: Rawwrrrr|140/404 tox|[from] psn","|turn|12","|","|switch|p2a: Magnezone|Magnezone|300/300","|move|p1a: Rawwrrrr|Earthquake|p2a: Magnezone","|-supereffective|p2a: Magnezone","|-ability|p2a: Magnezone|Sturdy","|-damage|p2a: Magnezone|1/300","|","|-weather|Sandstorm|[upkeep]","|-heal|p1a: Rawwrrrr|165/404 tox|[from] item: Leftovers","|-heal|p2a: Magnezone|19/300|[from] item: Leftovers","|-damage|p1a: Rawwrrrr|115/404 tox|[from] psn","|turn|13","|","|move|p2a: Magnezone|Protect|p2a: Magnezone","|-singleturn|p2a: Magnezone|Protect","|move|p1a: Rawwrrrr|Stealth Rock|p2a: Magnezone","|-sidestart|p2: Twizzter|move: Stealth Rock","|","|-weather|Sandstorm|[upkeep]","|-heal|p1a: Rawwrrrr|140/404 tox|[from] item: Leftovers","|-heal|p2a: Magnezone|37/300|[from] item: Leftovers","|-damage|p1a: Rawwrrrr|65/404 tox|[from] psn","|turn|14","|","|move|p1a: Rawwrrrr|Rock Slide|p2a: Magnezone","|-resisted|p2a: Magnezone","|-damage|p2a: Magnezone|0 fnt","|faint|p2a: Magnezone","|","|-weather|Sandstorm|[upkeep]","|-heal|p1a: Rawwrrrr|90/404 tox|[from] item: Leftovers","|-damage|p1a: Rawwrrrr|0 fnt|[from] psn","|faint|p1a: Rawwrrrr","|","|switch|p1a: No pressure|Weavile, M|281/281","|switch|p2a: Rotom-Wash|Rotom-Wash|241/241","|-damage|p2a: Rotom-Wash|211/241|[from] Stealth Rock","|-ability|p1a: No pressure|Pressure","|turn|15","|","|move|p2a: Rotom-Wash|Volt Switch|p1a: No pressure","|-crit|p1a: No pressure","|-damage|p1a: No pressure|112/281","|","|switch|p2a: Condom|Eelektross, M|311/311","|-damage|p2a: Condom|273/311|[from] Stealth Rock","|move|p1a: No pressure|Knock Off|p2a: Condom","|-damage|p2a: Condom|14/311","|-enditem|p2a: Condom|Assault Vest|[from] move: Knock Off|[of] p1a: No pressure","|-damage|p1a: No pressure|84/281|[from] item: Life Orb","|","|-weather|none","|turn|16","|","|move|p1a: No pressure|Ice Shard|p2a: Condom","|-damage|p2a: Condom|0 fnt","|-damage|p1a: No pressure|56/281|[from] item: Life Orb","|faint|p2a: Condom","|","|","|switch|p2a: Rotom-Wash|Rotom-Wash|211/241","|-damage|p2a: Rotom-Wash|181/241|[from] Stealth Rock","|turn|17","|","|switch|p1a: Oit of this world|Hoopa-Unbound|301/301","|move|p2a: Rotom-Wash|Volt Switch|p1a: Oit of this world","|-damage|p1a: Oit of this world|216/301","|","|switch|p2a: Ampharos|Ampharos, M|321/321","|-damage|p2a: Ampharos|281/321|[from] Stealth Rock","|","|turn|18","|","|detailschange|p2a: Ampharos|Ampharos-Mega, M","|-mega|p2a: Ampharos|Ampharos|Ampharosite","|-ability|p2a: Ampharos|Mold Breaker","|move|p1a: Oit of this world|Hyperspace Fury|p2a: Ampharos","|-damage|p2a: Ampharos|146/321","|-unboost|p1a: Oit of this world|def|1","|move|p2a: Ampharos|Dragon Pulse|p1a: Oit of this world","|-damage|p1a: Oit of this world|72/301","|","|turn|19","|","|move|p1a: Oit of this world|Hyperspace Fury|p2a: Ampharos","|-damage|p2a: Ampharos|10/321","|-unboost|p1a: Oit of this world|def|1","|move|p2a: Ampharos|Dragon Pulse|p1a: Oit of this world","|-damage|p1a: Oit of this world|0 fnt","|faint|p1a: Oit of this world","|","|","|switch|p1a: Bish Plz|Bisharp, M, shiny|271/271","|turn|20","|","|move|p1a: Bish Plz|Sucker Punch|p2a: Ampharos","|-fail|p1a: Bish Plz","|move|p2a: Ampharos|Rest|p2a: Ampharos","|-status|p2a: Ampharos|slp","|-heal|p2a: Ampharos|321/321 slp|[silent]","|-status|p2a: Ampharos|slp|[from] move: Rest","|","|turn|21","|","|move|p1a: Bish Plz|Swords Dance|p1a: Bish Plz","|-boost|p1a: Bish Plz|atk|2","|cant|p2a: Ampharos|slp","|move|p2a: Ampharos|Sleep Talk|p2a: Ampharos","|move|p2a: Ampharos|Dragon Pulse|p1a: Bish Plz|[from]Sleep Talk","|-resisted|p1a: Bish Plz","|-damage|p1a: Bish Plz|160/271","|","|turn|22","|","|move|p1a: Bish Plz|Swords Dance|p1a: Bish Plz","|-boost|p1a: Bish Plz|atk|2","|cant|p2a: Ampharos|slp","|move|p2a: Ampharos|Sleep Talk|p2a: Ampharos","|move|p2a: Ampharos|Dragon Pulse|p1a: Bish Plz|[from]Sleep Talk","|-resisted|p1a: Bish Plz","|-damage|p1a: Bish Plz|41/271","|","|turn|23","|","|move|p1a: Bish Plz|Sucker Punch|p2a: Ampharos","|-fail|p1a: Bish Plz","|-curestatus|p2a: Ampharos|slp","|move|p2a: Ampharos|Cotton Guard|p2a: Ampharos","|-boost|p2a: Ampharos|def|3","|","|turn|24","|","|move|p1a: Bish Plz|Knock Off|p2a: Ampharos","|-damage|p2a: Ampharos|224/321","|move|p2a: Ampharos|Dragon Pulse|p1a: Bish Plz","|-resisted|p1a: Bish Plz","|-damage|p1a: Bish Plz|0 fnt","|faint|p1a: Bish Plz","|","|","|switch|p1a: Not op|Sableye-Mega, F|242/303","|turn|25","|","|move|p2a: Ampharos|Dragon Pulse|p1a: Not op","|-damage|p1a: Not op|104/303","|move|p1a: Not op|Calm Mind|p1a: Not op","|-boost|p1a: Not op|spa|1","|-boost|p1a: Not op|spd|1","|","|turn|26","|","|move|p2a: Ampharos|Dragon Pulse|p1a: Not op","|-damage|p1a: Not op|8/303","|move|p1a: Not op|Recover|p1a: Not op","|-heal|p1a: Not op|160/303","|","|turn|27","|","|switch|p2a: Zapdos|Zapdos|130/322","|-damage|p2a: Zapdos|50/322|[from] Stealth Rock","|-ability|p2a: Zapdos|Pressure","|move|p1a: Not op|Recover|p1a: Not op","|-heal|p1a: Not op|303/303","|","|-heal|p2a: Zapdos|70/322|[from] item: Leftovers","|turn|28","|","|move|p2a: Zapdos|Discharge|p1a: Not op","|-damage|p1a: Not op|234/303","|move|p1a: Not op|Calm Mind|p1a: Not op","|-boost|p1a: Not op|spa|1","|-boost|p1a: Not op|spd|1","|","|-heal|p2a: Zapdos|90/322|[from] item: Leftovers","|turn|29","|","|move|p2a: Zapdos|Discharge|p1a: Not op","|-damage|p1a: Not op|177/303","|move|p1a: Not op|Shadow Ball|p2a: Zapdos","|-damage|p2a: Zapdos|0 fnt","|faint|p2a: Zapdos","|","|","|switch|p2a: Rotom-Wash|Rotom-Wash|181/241","|-damage|p2a: Rotom-Wash|151/241|[from] Stealth Rock","|turn|30","|","|move|p2a: Rotom-Wash|Hydro Pump|p1a: Not op","|-damage|p1a: Not op|102/303","|move|p1a: Not op|Recover|p1a: Not op","|-heal|p1a: Not op|254/303","|","|turn|31","|","|move|p2a: Rotom-Wash|Hydro Pump|p1a: Not op","|-damage|p1a: Not op|173/303","|move|p1a: Not op|Calm Mind|p1a: Not op","|-boost|p1a: Not op|spa|1","|-boost|p1a: Not op|spd|1","|","|turn|32","|","|move|p2a: Rotom-Wash|Hydro Pump|p1a: Not op","|-damage|p1a: Not op|118/303","|move|p1a: Not op|Recover|p1a: Not op","|-heal|p1a: Not op|270/303","|","|turn|33","|","|move|p2a: Rotom-Wash|Hydro Pump|p1a: Not op","|-damage|p1a: Not op|213/303","|move|p1a: Not op|Will-O-Wisp|p2a: Rotom-Wash","|-status|p2a: Rotom-Wash|brn","|","|-damage|p2a: Rotom-Wash|121/241 brn|[from] brn","|turn|34","|","|move|p2a: Rotom-Wash|Hydro Pump|p1a: Not op","|-damage|p1a: Not op|149/303","|move|p1a: Not op|Calm Mind|p1a: Not op","|-boost|p1a: Not op|spa|1","|-boost|p1a: Not op|spd|1","|","|-damage|p2a: Rotom-Wash|91/241 brn|[from] brn","|turn|35","|","|move|p2a: Rotom-Wash|Hydro Pump|p1a: Not op","|-damage|p1a: Not op|95/303","|move|p1a: Not op|Recover|p1a: Not op","|-heal|p1a: Not op|247/303","|","|-damage|p2a: Rotom-Wash|61/241 brn|[from] brn","|turn|36","|","|move|p2a: Rotom-Wash|Hydro Pump|p1a: Not op","|-damage|p1a: Not op|196/303","|move|p1a: Not op|Recover|p1a: Not op","|-heal|p1a: Not op|303/303","|","|-damage|p2a: Rotom-Wash|31/241 brn|[from] brn","|turn|37","|","|move|p2a: Rotom-Wash|Hydro Pump|p1a: Not op|[miss]","|-miss|p2a: Rotom-Wash|p1a: Not op","|move|p1a: Not op|Recover|p1a: Not op","|-fail|p1a: Not op","|","|-damage|p2a: Rotom-Wash|1/241 brn|[from] brn","|turn|38","|","|-activate|p2a: Rotom-Wash|move: Struggle","|move|p2a: Rotom-Wash|Struggle|p1a: Not op","|-damage|p1a: Not op|295/303","|-damage|p2a: Rotom-Wash|0 fnt|[from] recoil","|faint|p2a: Rotom-Wash","|move|p1a: Not op|Calm Mind|p1a: Not op","|-boost|p1a: Not op|spa|1","|-boost|p1a: Not op|spd|1","|","|","|switch|p2a: Ampharos|Ampharos-Mega, M|224/321","|-damage|p2a: Ampharos|184/321|[from] Stealth Rock","|-ability|p2a: Ampharos|Mold Breaker","|turn|39","|","|move|p2a: Ampharos|Dragon Pulse|p1a: Not op","|-damage|p1a: Not op|249/303","|move|p1a: Not op|Shadow Ball|p2a: Ampharos","|-damage|p2a: Ampharos|0 fnt","|faint|p2a: Ampharos","|","|win|Inferno Sableye"],"p1rating":{"entryid":"83803","serverid":"eos","formatid":"monotype","userid":"infernosableye","username":"Inferno Sableye","w":18,"l":"5","t":"0","gxe":70.5,"r":"1662.8474925572","rd":"72.058346226027","sigma":"0","rptime":"1440061200","rpr":1667.3734467362,"rprd":68.01139278857,"rpsigma":"0","acre":1258.3594208119,"lacre":1258.3594208119,"oldacre":"1246.548141038"},"p2rating":{"entryid":"191238","serverid":"eos","formatid":"monotype","userid":"twizzter","username":"Twizzter","w":"1","l":1,"t":"0","gxe":51.8,"r":"1500","rd":"130","sigma":"0","rptime":"1440061200","rpr":1514.5086095453,"rprd":117.2952512264,"rpsigma":"0","acre":1034.9428245555,"lacre":1034.9428245555,"oldacre":"1042.6928818999"},"endType":"normal"}