{"seed":[26601,1989,45470,8456],"turns":38,"p1":"Seven Swell","p2":"alliance - mxy","p1team":[{"name":"Mew","species":"Mew","item":"leftovers","ability":"Synchronize","moves":["roost","toxic","healbell","aurasphere"],"nature":"Calm","evs":{"hp":252,"atk":0,"def":0,"spa":4,"spd":252,"spe":0},"ivs":{"hp":31,"atk":0,"def":31,"spa":31,"spd":31,"spe":31}},{"name":"Slowbro","species":"Slowbro","item":"rockyhelmet","ability":"Regenerator","moves":["scald","yawn","flamethrower","slackoff"],"nature":"Bold","evs":{"hp":252,"atk":0,"def":252,"spa":4,"spd":0,"spe":0},"ivs":{"hp":31,"atk":0,"def":31,"spa":31,"spd":31,"spe":31}},{"name":"Deoxys-Speed","species":"Deoxys-Speed","item":"focussash","ability":"Pressure","moves":["stealthrock","thunderbolt","thunderwave","icebeam"],"nature":"Timid","evs":{"hp":252,"atk":0,"def":0,"spa":44,"spd":0,"spe":212},"ivs":{"hp":31,"atk":0,"def":31,"spa":31,"spd":31,"spe":31}},{"name":"Latias","species":"Latias","item":"leftovers","ability":"Levitate","moves":["dracometeor","psyshock","roost","defog"],"nature":"Timid","evs":{"hp":252,"atk":0,"def":0,"spa":4,"spd":0,"spe":252},"ivs":{"hp":31,"atk":0,"def":31,"spa":31,"spd":31,"spe":31}},{"name":"Hoopa-Unbound","species":"Hoopa-Unbound","item":"focussash","ability":"Magician","moves":["hyperspacefury","drainpunch","firepunch","gunkshot"],"nature":"Adamant","evs":{"hp":0,"atk":252,"def":0,"spa":0,"spd":4,"spe":252},"ivs":{"hp":31,"atk":31,"def":31,"spa":31,"spd":31,"spe":31}},{"name":"Gardevoir","species":"Gardevoir","item":"gardevoirite","ability":"Trace","moves":["hypervoice","psyshock","shadowball","taunt"],"nature":"Timid","evs":{"hp":0,"atk":0,"def":0,"spa":252,"spd":4,"spe":252},"ivs":{"hp":31,"atk":0,"def":31,"spa":31,"spd":31,"spe":31}}],"p2team":[{"name":"Lapras","species":"Lapras","item":"expertbelt","ability":"Water Absorb","moves":["freezedry","hydropump","hiddenpowerfire","healbell"],"nature":"Modest","evs":{"hp":184,"atk":0,"def":0,"spa":252,"spd":0,"spe":72},"ivs":{"hp":31,"atk":30,"def":31,"spa":30,"spd":31,"spe":30}},{"name":"Weavile","species":"Weavile","item":"lifeorb","ability":"Pressure","moves":["knockoff","iceshard","taunt","lowkick"],"nature":"Jolly","evs":{"hp":0,"atk":252,"def":0,"spa":0,"spd":4,"spe":252},"ivs":{"hp":31,"atk":31,"def":31,"spa":31,"spd":31,"spe":31}},{"name":"Froslass","species":"Froslass","item":"leftovers","ability":"Cursed Body","moves":["hex","destinybond","substitute","thunderwave"],"nature":"Timid","evs":{"hp":80,"atk":0,"def":0,"spa":176,"spd":0,"spe":252},"ivs":{"hp":31,"atk":31,"def":31,"spa":31,"spd":31,"spe":31}},{"name":"Articuno","species":"Articuno","item":"custapberry","ability":"Pressure","moves":["hurricane","defog","tailwind","endure"],"nature":"Calm","evs":{"hp":240,"atk":0,"def":0,"spa":16,"spd":252,"spe":0},"ivs":{"hp":31,"atk":31,"def":31,"spa":31,"spd":31,"spe":31}},{"name":"Homage to Broc","species":"aurorus","item":"focussash","ability":"Snow Warning","moves":["freezedry","stealthrock","thunderwave","blizzard"],"nature":"Modest","evs":{"hp":0,"atk":0,"def":0,"spa":252,"spd":4,"spe":252},"ivs":{"hp":31,"atk":31,"def":31,"spa":31,"spd":31,"spe":31}},{"name":"Mamoswine","species":"Mamoswine","item":"assaultvest","ability":"Thick Fat","moves":["earthquake","iceshard","iciclespear","stoneedge"],"nature":"Jolly","evs":{"hp":0,"atk":252,"def":0,"spa":0,"spd":4,"spe":252},"ivs":{"hp":31,"atk":31,"def":31,"spa":31,"spd":31,"spe":31}}],"log":["|player|p1|Seven Swell|sevenswell.png","|player|p2|alliance - mxy|270","|gametype|singles","|gen|6","|tier|Monotype","|rated","|rule|Baton Pass Clause: Limit one Baton Passer, can't pass Spe and other stats simultaneously","|rule|Swagger Clause: Swagger is banned","|rule|Same Type Clause: Pokémon in a team must share a type","|clearpoke","|poke|p1|Mew","|poke|p1|Slowbro, F","|poke|p1|Deoxys-Speed","|poke|p1|Latias, F","|poke|p1|Hoopa-Unbound","|poke|p1|Gardevoir, M","|poke|p2|Lapras, F","|poke|p2|Weavile, F","|poke|p2|Froslass, F","|poke|p2|Articuno","|poke|p2|Aurorus, F","|poke|p2|Mamoswine, F","|rule|Sleep Clause Mod: Limit one foe put to sleep","|rule|Species Clause: Limit one of each Pokémon","|rule|OHKO Clause: OHKO moves are banned","|rule|Moody Clause: Moody is banned","|rule|Evasion Moves Clause: Evasion moves are banned","|rule|Endless Battle Clause: Forcing endless battles is banned","|rule|HP Percentage Mod: HP is shown in percentages","|teampreview","|","|start","|switch|p1a: Hoopa-Unbound|Hoopa-Unbound|301/301","|switch|p2a: Weavile|Weavile, F|281/281","|-ability|p2a: Weavile|Pressure","|turn|1","|","|switch|p2a: Froslass|Froslass, F|301/301","|move|p1a: Hoopa-Unbound|Drain Punch|p2a: Froslass","|-immune|p2a: Froslass|[msg]","|","|turn|2","|","|move|p2a: Froslass|Substitute|p2a: Froslass","|-start|p2a: Froslass|Substitute","|-damage|p2a: Froslass|226/301","|move|p1a: Hoopa-Unbound|Hyperspace Fury|p2a: Froslass","|-supereffective|p2a: Froslass","|-damage|p2a: Froslass|0 fnt","|-start|p1a: Hoopa-Unbound|Disable|Hyperspace Fury","|-unboost|p1a: Hoopa-Unbound|def|1","|faint|p2a: Froslass","|","|","|switch|p2a: Weavile|Weavile, F|281/281","|-ability|p2a: Weavile|Pressure","|turn|3","|","|move|p2a: Weavile|Knock Off|p1a: Hoopa-Unbound","|-enditem|p1a: Hoopa-Unbound|Focus Sash","|-damage|p1a: Hoopa-Unbound|1/301","|-damage|p2a: Weavile|253/281|[from] item: Life Orb","|move|p1a: Hoopa-Unbound|Drain Punch|p2a: Weavile","|-supereffective|p2a: Weavile","|-damage|p2a: Weavile|0 fnt","|-heal|p1a: Hoopa-Unbound|128/301|[from] drain|[of] p2a: Weavile","|-item|p1a: Hoopa-Unbound|Life Orb|[from] ability: Magician|[of] p2a: Weavile","|-damage|p1a: Hoopa-Unbound|98/301|[from] item: Life Orb","|faint|p2a: Weavile","|","|","|switch|p2a: Homage to Broc|Aurorus, F|387/387","|-weather|Hail","|turn|4","|","|move|p1a: Hoopa-Unbound|Drain Punch|p2a: Homage to Broc","|-supereffective|p2a: Homage to Broc","|-enditem|p2a: Homage to Broc|Focus Sash","|-damage|p2a: Homage to Broc|1/387","|-heal|p1a: Hoopa-Unbound|291/301|[from] drain|[of] p2a: Homage to Broc","|-damage|p1a: Hoopa-Unbound|261/301|[from] item: Life Orb","|move|p2a: Homage to Broc|Thunder Wave|p1a: Hoopa-Unbound","|-status|p1a: Hoopa-Unbound|par","|","|-weather|Hail|[upkeep]","|-damage|p1a: Hoopa-Unbound|243/301 par|[from] hail","|turn|5","|","|switch|p1a: Mew|Mew|404/404","|move|p2a: Homage to Broc|Blizzard|p1a: Mew","|-damage|p1a: Mew|284/404","|","|-weather|Hail|[upkeep]","|-damage|p1a: Mew|259/404|[from] hail","|-heal|p1a: Mew|284/404|[from] item: Leftovers","|turn|6","|","|move|p1a: Mew|Heal Bell|p1a: Mew","|-cureteam|p1a: Mew|[from] move: HealBell","|move|p2a: Homage to Broc|Blizzard|p1a: Mew","|-damage|p1a: Mew|164/404","|","|-weather|Hail|[upkeep]","|-damage|p1a: Mew|139/404|[from] hail","|-heal|p1a: Mew|164/404|[from] item: Leftovers","|turn|7","|","|move|p1a: Mew|Roost|p1a: Mew","|-heal|p1a: Mew|366/404","|move|p2a: Homage to Broc|Blizzard|p1a: Mew","|-damage|p1a: Mew|245/404","|","|-weather|Hail|[upkeep]","|-damage|p1a: Mew|220/404|[from] hail","|-heal|p1a: Mew|245/404|[from] item: Leftovers","|turn|8","|","|move|p1a: Mew|Roost|p1a: Mew","|-heal|p1a: Mew|404/404","|move|p2a: Homage to Broc|Stealth Rock|p1a: Mew","|-sidestart|p1: Seven Swell|move: Stealth Rock","|","|-weather|none","|turn|9","|","|switch|p2a: Mamoswine|Mamoswine, F|361/361","|move|p1a: Mew|Aura Sphere|p2a: Mamoswine","|-supereffective|p2a: Mamoswine","|-damage|p2a: Mamoswine|243/361","|","|turn|10","|","|switch|p1a: Slowbro|Slowbro, F|394/394","|-damage|p1a: Slowbro|345/394|[from] Stealth Rock","|move|p2a: Mamoswine|Earthquake|p1a: Slowbro","|-damage|p1a: Slowbro|231/394","|","|turn|11","|","|move|p2a: Mamoswine|Earthquake|p1a: Slowbro","|-crit|p1a: Slowbro","|-damage|p1a: Slowbro|57/394","|move|p1a: Slowbro|Slack Off|p1a: Slowbro","|-heal|p1a: Slowbro|254/394","|","|turn|12","|","|switch|p2a: Lapras|Lapras, F|447/447","|move|p1a: Slowbro|Slack Off|p1a: Slowbro","|-heal|p1a: Slowbro|394/394","|","|turn|13","|","|switch|p1a: Latias|Latias, F|364/364","|-damage|p1a: Latias|319/364|[from] Stealth Rock","|move|p2a: Lapras|Freeze-Dry|p1a: Latias","|-supereffective|p1a: Latias","|-damage|p1a: Latias|117/364","|","|-heal|p1a: Latias|139/364|[from] item: Leftovers","|turn|14","|","|move|p1a: Latias|Defog|p2a: Lapras","|-unboost|p2a: Lapras|evasion|1","|-sideend|p1: Seven Swell|Stealth Rock|[from] move: Defog|[of] p1a: Latias","|move|p2a: Lapras|Freeze-Dry|p1a: Latias","|-supereffective|p1a: Latias","|-damage|p1a: Latias|0 fnt","|faint|p1a: Latias","|","|","|switch|p1a: Gardevoir|Gardevoir, M|277/277","|-ability|p1a: Gardevoir|Water Absorb|[from] ability: Trace|[of] p2a: Lapras","|turn|15","|","|switch|p2a: Articuno|Articuno|381/381","|-ability|p2a: Articuno|Pressure","|detailschange|p1a: Gardevoir|Gardevoir-Mega, M","|-mega|p1a: Gardevoir|Gardevoir|Gardevoirite","|move|p1a: Gardevoir|Hyper Voice|p2a: Articuno","|-damage|p2a: Articuno|237/381","|","|turn|16","|","|move|p1a: Gardevoir|Psyshock|p2a: Articuno","|-damage|p2a: Articuno|56/381","|move|p2a: Articuno|Hurricane|p1a: Gardevoir","|-damage|p1a: Gardevoir|171/277","|","|turn|17","|-enditem|p2a: Articuno|Custap Berry|[eat]","|-activate|p2a: Articuno|Custap Berry","|","|move|p2a: Articuno|Tailwind|p2a: Articuno","|-sidestart|p2: alliance - mxy|move: Tailwind","|move|p1a: Gardevoir|Hyper Voice|p2a: Articuno","|-damage|p2a: Articuno|0 fnt","|faint|p2a: Articuno","|","|","|switch|p2a: Mamoswine|Mamoswine, F|243/361","|turn|18","|","|switch|p2a: Homage to Broc|Aurorus, F|1/387","|-weather|Hail","|move|p1a: Gardevoir|Hyper Voice|p2a: Homage to Broc","|-damage|p2a: Homage to Broc|0 fnt","|faint|p2a: Homage to Broc","|","|-weather|Hail|[upkeep]","|-damage|p1a: Gardevoir|154/277|[from] hail","|","|switch|p2a: Mamoswine|Mamoswine, F|243/361","|turn|19","|","|move|p2a: Mamoswine|Earthquake|p1a: Gardevoir","|-damage|p1a: Gardevoir|0 fnt","|faint|p1a: Gardevoir","|","|-weather|Hail|[upkeep]","|","|switch|p1a: Deoxys-Speed|Deoxys-Speed|304/304","|-ability|p1a: Deoxys-Speed|Pressure","|turn|20","|","|move|p2a: Mamoswine|Icicle Spear|p1a: Deoxys-Speed","|-damage|p1a: Deoxys-Speed|255/304","|-damage|p1a: Deoxys-Speed|207/304","|-crit|p1a: Deoxys-Speed","|-damage|p1a: Deoxys-Speed|129/304","|-damage|p1a: Deoxys-Speed|77/304","|-damage|p1a: Deoxys-Speed|29/304","|-hitcount|p1a: Deoxys-Speed|5","|move|p1a: Deoxys-Speed|Stealth Rock|p2a: Mamoswine","|-sidestart|p2: alliance - mxy|move: Stealth Rock","|","|-weather|Hail|[upkeep]","|-damage|p1a: Deoxys-Speed|10/304|[from] hail","|-sideend|p2: alliance - mxy|move: Tailwind","|turn|21","|","|move|p2a: Mamoswine|Ice Shard|p1a: Deoxys-Speed","|-damage|p1a: Deoxys-Speed|0 fnt","|faint|p1a: Deoxys-Speed","|","|-weather|Hail|[upkeep]","|","|switch|p1a: Hoopa-Unbound|Hoopa-Unbound|243/301","|turn|22","|","|move|p2a: Mamoswine|Earthquake|p1a: Hoopa-Unbound","|-damage|p1a: Hoopa-Unbound|0 fnt","|faint|p1a: Hoopa-Unbound","|","|-weather|none","|","|switch|p1a: Slowbro|Slowbro, F|394/394","|turn|23","|","|switch|p2a: Lapras|Lapras, F|447/447","|-damage|p2a: Lapras|336/447|[from] Stealth Rock","|move|p1a: Slowbro|Yawn|p2a: Lapras","|-start|p2a: Lapras|move: Yawn|[of] p1a: Slowbro","|","|turn|24","|","|switch|p2a: Mamoswine|Mamoswine, F|243/361","|-damage|p2a: Mamoswine|198/361|[from] Stealth Rock","|switch|p1a: Mew|Mew|404/404","|","|turn|25","|","|switch|p1a: Slowbro|Slowbro, F|394/394","|move|p2a: Mamoswine|Icicle Spear|p1a: Slowbro","|-resisted|p1a: Slowbro","|-damage|p1a: Slowbro|379/394","|-resisted|p1a: Slowbro","|-damage|p1a: Slowbro|364/394","|-resisted|p1a: Slowbro","|-damage|p1a: Slowbro|348/394","|-hitcount|p1a: Slowbro|3","|","|turn|26","|","|move|p2a: Mamoswine|Earthquake|p1a: Slowbro","|-crit|p1a: Slowbro","|-damage|p1a: Slowbro|177/394","|move|p1a: Slowbro|Yawn|p2a: Mamoswine","|-start|p2a: Mamoswine|move: Yawn|[of] p1a: Slowbro","|","|turn|27","|","|move|p2a: Mamoswine|Earthquake|p1a: Slowbro","|-damage|p1a: Slowbro|60/394","|move|p1a: Slowbro|Slack Off|p1a: Slowbro","|-heal|p1a: Slowbro|257/394","|","|-end|p2a: Mamoswine|move: Yawn|[silent]","|-status|p2a: Mamoswine|slp","|turn|28","|","|switch|p1a: Mew|Mew|404/404","|cant|p2a: Mamoswine|slp","|","|turn|29","|","|cant|p2a: Mamoswine|slp","|move|p1a: Mew|Aura Sphere|p2a: Mamoswine","|-supereffective|p2a: Mamoswine","|-damage|p2a: Mamoswine|74/361 slp","|","|turn|30","|","|switch|p1a: Slowbro|Slowbro, F|388/394","|-curestatus|p2a: Mamoswine|slp","|move|p2a: Mamoswine|Earthquake|p1a: Slowbro","|-damage|p1a: Slowbro|264/394","|","|turn|31","|","|move|p2a: Mamoswine|Earthquake|p1a: Slowbro","|-damage|p1a: Slowbro|144/394","|move|p1a: Slowbro|Slack Off|p1a: Slowbro","|-heal|p1a: Slowbro|341/394","|","|turn|32","|","|move|p2a: Mamoswine|Earthquake|p1a: Slowbro","|-damage|p1a: Slowbro|229/394","|move|p1a: Slowbro|Yawn|p2a: Mamoswine","|-start|p2a: Mamoswine|move: Yawn|[of] p1a: Slowbro","|","|turn|33","|","|move|p2a: Mamoswine|Earthquake|p1a: Slowbro","|-damage|p1a: Slowbro|111/394","|move|p1a: Slowbro|Slack Off|p1a: Slowbro","|-heal|p1a: Slowbro|308/394","|","|-end|p2a: Mamoswine|move: Yawn|[silent]","|-status|p2a: Mamoswine|slp","|turn|34","|","|cant|p2a: Mamoswine|slp","|move|p1a: Slowbro|Scald|p2a: Mamoswine","|-supereffective|p2a: Mamoswine","|-damage|p2a: Mamoswine|0 fnt","|faint|p2a: Mamoswine","|","|","|switch|p2a: Lapras|Lapras, F|336/447","|-damage|p2a: Lapras|225/447|[from] Stealth Rock","|turn|35","|","|move|p2a: Lapras|Freeze-Dry|p1a: Slowbro","|-supereffective|p1a: Slowbro","|-damage|p1a: Slowbro|0 fnt","|faint|p1a: Slowbro","|","|","|switch|p1a: Mew|Mew|404/404","|turn|36","|","|move|p1a: Mew|Toxic|p2a: Lapras","|-status|p2a: Lapras|tox","|move|p2a: Lapras|Freeze-Dry|p1a: Mew","|-damage|p1a: Mew|334/404","|","|-heal|p1a: Mew|359/404|[from] item: Leftovers","|-damage|p2a: Lapras|198/447 tox|[from] psn","|turn|37","|","|move|p1a: Mew|Aura Sphere|p2a: Lapras","|-supereffective|p2a: Lapras","|-damage|p2a: Lapras|74/447 tox","|move|p2a: Lapras|Freeze-Dry|p1a: Mew","|-damage|p1a: Mew|287/404","|","|-heal|p1a: Mew|312/404|[from] item: Leftovers","|-damage|p2a: Lapras|20/447 tox|[from] psn","|turn|38","|","|move|p1a: Mew|Aura Sphere|p2a: Lapras","|-supereffective|p2a: Lapras","|-damage|p2a: Lapras|0 fnt","|faint|p2a: Lapras","|","|win|Seven Swell"],"p1rating":{"entryid":"86214","serverid":"eos","formatid":"monotype","userid":"sevenswell","username":"Seven Swell","w":18,"l":"3","t":"0","gxe":73.3,"r":"1657.3392056267","rd":"80.221831851584","sigma":"0","rptime":"1440061200","rpr":1693.8071958447,"rprd":70.614723576342,"rpsigma":"0","acre":1267.2095262537,"lacre":1267.2095262537,"oldacre":"1249.914080191"},"p2rating":{"entryid":"127788","serverid":"eos","formatid":"monotype","userid":"alliancemxy","username":"Alliance - Mxy","w":"9","l":5,"t":"0","gxe":58.4,"r":"1574.7622834084","rd":"102.97746436524","sigma":"0","rptime":"1440061200","rpr":1565.8041704662,"rprd":79.935581571093,"rpsigma":"0","acre":1121.9480490026,"lacre":1121.9480490026,"oldacre":"1139.2434950653"},"endType":"normal"}