{"seed":[37924,22637,58779,5474],"turns":28,"p1":"Doctor Vergi","p2":"Guard Wulf","p1team":[{"name":"Lisbeth","species":"mandibuzz","item":"leftovers","ability":"Overcoat","moves":["roost","foulplay","toxic","whirlwind"],"nature":"Bold","evs":{"hp":252,"atk":0,"def":252,"spa":0,"spd":4,"spe":0},"ivs":{"hp":31,"atk":31,"def":31,"spa":31,"spd":31,"spe":31}},{"name":"Crawdaunt","species":"Crawdaunt","item":"focussash","ability":"Adaptability","moves":["crabhammer","aquajet","dragondance","knockoff"],"nature":"Adamant","evs":{"hp":0,"atk":252,"def":0,"spa":0,"spd":4,"spe":252},"happiness":0,"ivs":{"hp":31,"atk":31,"def":31,"spa":31,"spd":31,"spe":31}},{"name":"Agil","species":"tyranitar","item":"assaultvest","ability":"Sand Stream","moves":["icepunch","stoneedge","earthquake","crunch"],"nature":"Careful","evs":{"hp":252,"atk":156,"def":0,"spa":0,"spd":100,"spe":0},"gender":"M","shiny":true,"ivs":{"hp":31,"atk":31,"def":31,"spa":31,"spd":31,"spe":31}},{"name":"Kirito","species":"hydreigon","item":"choicescarf","ability":"Levitate","moves":["dracometeor","flashcannon","darkpulse","fireblast"],"nature":"Timid","evs":{"hp":0,"atk":0,"def":0,"spa":252,"spd":4,"spe":252},"gender":"M","shiny":true,"ivs":{"hp":31,"atk":31,"def":31,"spa":31,"spd":31,"spe":31}},{"name":"Klein","species":"sableye","item":"leftovers","ability":"Prankster","moves":["willowisp","knockoff","taunt","recover"],"nature":"Careful","evs":{"hp":248,"atk":8,"def":0,"spa":0,"spd":252,"spe":0},"gender":"M","ivs":{"hp":31,"atk":31,"def":31,"spa":31,"spd":31,"spe":31}},{"name":"Silica","species":"umbreon","item":"leftovers","ability":"Synchronize","moves":["healbell","protect","wish","foulplay"],"nature":"Calm","evs":{"hp":252,"atk":0,"def":4,"spa":0,"spd":252,"spe":0},"gender":"F","shiny":true,"ivs":{"hp":31,"atk":31,"def":31,"spa":31,"spd":31,"spe":31}}],"p2team":[{"name":"Reuniclus","species":"Reuniclus","item":"lifeorb","ability":"Magic Guard","moves":["trickroom","psychic","shadowball","focusblast"],"nature":"Quiet","evs":{"hp":248,"atk":0,"def":0,"spa":252,"spd":8,"spe":0},"ivs":{"hp":31,"atk":31,"def":31,"spa":31,"spd":31,"spe":0}},{"name":"Slowbro","species":"Slowbro","item":"leftovers","ability":"Regenerator","moves":["scald","flamethrower","slackoff","thunderwave"],"nature":"Bold","evs":{"hp":252,"atk":0,"def":252,"spa":4,"spd":0,"spe":0},"ivs":{"hp":31,"atk":31,"def":31,"spa":31,"spd":31,"spe":31}},{"name":"Meloetta","species":"Meloetta","item":"leftovers","ability":"Serene Grace","moves":["dazzlinggleam","hypervoice","healbell","thunderwave"],"nature":"Calm","evs":{"hp":252,"atk":0,"def":4,"spa":0,"spd":252,"spe":0},"ivs":{"hp":31,"atk":31,"def":31,"spa":31,"spd":31,"spe":31}},{"name":"Gardevoir","species":"Gardevoir","item":"gardevoirite","ability":"Trace","moves":["hypervoice","substitute","focusblast","thunderbolt"],"nature":"Timid","evs":{"hp":0,"atk":0,"def":4,"spa":252,"spd":0,"spe":252},"ivs":{"hp":31,"atk":31,"def":31,"spa":31,"spd":31,"spe":31}},{"name":"Hoopa-Unbound","species":"Hoopa-Unbound","item":"choicescarf","ability":"Magician","moves":["hyperspacefury","drainpunch","knockoff","firepunch"],"nature":"Jolly","evs":{"hp":0,"atk":252,"def":0,"spa":0,"spd":4,"spe":252},"ivs":{"hp":31,"atk":31,"def":31,"spa":31,"spd":31,"spe":31}},{"name":"Latios","species":"Latios","item":"choicespecs","ability":"Levitate","moves":["dracometeor","psyshock","hiddenpowerfire","surf"],"nature":"Timid","evs":{"hp":0,"atk":0,"def":0,"spa":252,"spd":4,"spe":252},"ivs":{"hp":31,"atk":30,"def":31,"spa":30,"spd":31,"spe":30}}],"log":["|player|p1|Doctor Vergi|doctorvergi.png","|player|p2|Guard Wulf|143","|gametype|singles","|gen|6","|tier|Monotype","|rated","|rule|Baton Pass Clause: Limit one Baton Passer, can't pass Spe and other stats simultaneously","|rule|Swagger Clause: Swagger is banned","|rule|Same Type Clause: Pokémon in a team must share a type","|clearpoke","|poke|p1|Mandibuzz, F","|poke|p1|Crawdaunt, F","|poke|p1|Tyranitar, M, shiny","|poke|p1|Hydreigon, M, shiny","|poke|p1|Sableye, M","|poke|p1|Umbreon, F, shiny","|poke|p2|Reuniclus, M","|poke|p2|Slowbro, M","|poke|p2|Meloetta","|poke|p2|Gardevoir, M","|poke|p2|Hoopa-Unbound","|poke|p2|Latios, M","|rule|Sleep Clause Mod: Limit one foe put to sleep","|rule|Species Clause: Limit one of each Pokémon","|rule|OHKO Clause: OHKO moves are banned","|rule|Moody Clause: Moody is banned","|rule|Evasion Moves Clause: Evasion moves are banned","|rule|Endless Battle Clause: Forcing endless battles is banned","|rule|HP Percentage Mod: HP is shown in percentages","|teampreview","|","|start","|switch|p1a: Klein|Sableye, M|303/303","|switch|p2a: Reuniclus|Reuniclus, M|423/423","|turn|1","|","|move|p1a: Klein|Taunt|p2a: Reuniclus","|-start|p2a: Reuniclus|move: Taunt","|move|p2a: Reuniclus|Shadow Ball|p1a: Klein","|-damage|p1a: Klein|187/303","|","|-heal|p1a: Klein|205/303|[from] item: Leftovers","|turn|2","|","|move|p1a: Klein|Knock Off|p2a: Reuniclus","|-supereffective|p2a: Reuniclus","|-damage|p2a: Reuniclus|195/423","|-enditem|p2a: Reuniclus|Life Orb|[from] move: Knock Off|[of] p1a: Klein","|move|p2a: Reuniclus|Shadow Ball|p1a: Klein","|-damage|p1a: Klein|105/303","|-unboost|p1a: Klein|spd|1","|","|-heal|p1a: Klein|123/303|[from] item: Leftovers","|turn|3","|","|move|p1a: Klein|Recover|p1a: Klein","|-heal|p1a: Klein|275/303","|move|p2a: Reuniclus|Shadow Ball|p1a: Klein","|-damage|p1a: Klein|123/303","|","|-heal|p1a: Klein|141/303|[from] item: Leftovers","|-end|p2a: Reuniclus|move: Taunt","|turn|4","|","|switch|p1a: Kirito|Hydreigon, M, shiny|325/325","|move|p2a: Reuniclus|Trick Room|p2a: Reuniclus","|-fieldstart|move: Trick Room|[of] p2a: Reuniclus","|","|turn|5","|","|switch|p1a: Agil|Tyranitar, M, shiny|404/404","|-weather|Sandstorm","|move|p2a: Reuniclus|Focus Blast|p1a: Agil|[miss]","|-miss|p2a: Reuniclus|p1a: Agil","|","|-weather|Sandstorm|[upkeep]","|turn|6","|","|move|p2a: Reuniclus|Focus Blast|p1a: Agil","|-supereffective|p1a: Agil","|-damage|p1a: Agil|168/404","|move|p1a: Agil|Crunch|p2a: Reuniclus","|-crit|p2a: Reuniclus","|-supereffective|p2a: Reuniclus","|-damage|p2a: Reuniclus|0 fnt","|faint|p2a: Reuniclus","|","|-weather|Sandstorm|[upkeep]","|","|switch|p2a: Slowbro|Slowbro, M|394/394","|turn|7","|","|switch|p1a: Silica|Umbreon, F, shiny|394/394","|move|p2a: Slowbro|Scald|p1a: Silica","|-damage|p1a: Silica|336/394","|-status|p1a: Silica|brn","|-status|p2a: Slowbro|brn","|","|-weather|Sandstorm|[upkeep]","|-damage|p2a: Slowbro|370/394 brn|[from] sandstorm","|-damage|p1a: Silica|312/394 brn|[from] sandstorm","|-heal|p2a: Slowbro|394/394 brn|[from] item: Leftovers","|-heal|p1a: Silica|336/394 brn|[from] item: Leftovers","|-damage|p2a: Slowbro|345/394 brn|[from] brn","|-damage|p1a: Silica|287/394 brn|[from] brn","|turn|8","|","|switch|p2a: Gardevoir|Gardevoir, M|277/277","|-ability|p2a: Gardevoir|Synchronize|[from] ability: Trace|[of] p1a: Silica","|move|p1a: Silica|Wish|p1a: Silica","|","|-weather|Sandstorm|[upkeep]","|-damage|p1a: Silica|263/394 brn|[from] sandstorm","|-damage|p2a: Gardevoir|260/277|[from] sandstorm","|-heal|p1a: Silica|287/394 brn|[from] item: Leftovers","|-damage|p1a: Silica|238/394 brn|[from] brn","|-fieldend|move: Trick Room","|turn|9","|","|switch|p1a: Agil|Tyranitar, M, shiny|168/404","|detailschange|p2a: Gardevoir|Gardevoir-Mega, M","|-mega|p2a: Gardevoir|Gardevoir|Gardevoirite","|move|p2a: Gardevoir|Substitute|p2a: Gardevoir","|-start|p2a: Gardevoir|Substitute","|-damage|p2a: Gardevoir|191/277","|","|-weather|none","|-heal|p1a: Agil|365/404|[from] move: Wish|[wisher] Silica","|turn|10","|","|move|p2a: Gardevoir|Hyper Voice|p1a: Agil","|-crit|p1a: Agil","|-supereffective|p1a: Agil","|-damage|p1a: Agil|0 fnt","|faint|p1a: Agil","|","|","|switch|p1a: Crawdaunt|Crawdaunt, F|267/267","|turn|11","|","|move|p2a: Gardevoir|Hyper Voice|p1a: Crawdaunt","|-supereffective|p1a: Crawdaunt","|-enditem|p1a: Crawdaunt|Focus Sash","|-damage|p1a: Crawdaunt|1/267","|move|p1a: Crawdaunt|Knock Off|p2a: Gardevoir","|-end|p2a: Gardevoir|Substitute","|","|turn|12","|","|switch|p2a: Slowbro|Slowbro, M|394/394 brn","|move|p1a: Crawdaunt|Aqua Jet|p2a: Slowbro","|-resisted|p2a: Slowbro","|-damage|p2a: Slowbro|360/394 brn","|","|-heal|p2a: Slowbro|384/394 brn|[from] item: Leftovers","|-damage|p2a: Slowbro|335/394 brn|[from] brn","|turn|13","|","|move|p1a: Crawdaunt|Knock Off|p2a: Slowbro","|-supereffective|p2a: Slowbro","|-damage|p2a: Slowbro|31/394 brn","|-enditem|p2a: Slowbro|Leftovers|[from] move: Knock Off|[of] p1a: Crawdaunt","|move|p2a: Slowbro|Scald|p1a: Crawdaunt","|-resisted|p1a: Crawdaunt","|-damage|p1a: Crawdaunt|0 fnt","|faint|p1a: Crawdaunt","|","|-damage|p2a: Slowbro|0 fnt|[from] brn","|faint|p2a: Slowbro","|","|switch|p2a: Gardevoir|Gardevoir-Mega, M|191/277","|switch|p1a: Kirito|Hydreigon, M, shiny|325/325","|turn|14","|","|switch|p2a: Hoopa-Unbound|Hoopa-Unbound|301/301","|move|p1a: Kirito|Dark Pulse|p2a: Hoopa-Unbound","|-damage|p2a: Hoopa-Unbound|192/301","|","|turn|15","|","|switch|p1a: Lisbeth|Mandibuzz, F|424/424","|move|p2a: Hoopa-Unbound|Knock Off|p1a: Lisbeth","|-resisted|p1a: Lisbeth","|-damage|p1a: Lisbeth|360/424","|-enditem|p1a: Lisbeth|Leftovers|[from] move: Knock Off|[of] p2a: Hoopa-Unbound","|","|turn|16","|","|switch|p2a: Latios|Latios, M|301/301","|move|p1a: Lisbeth|Toxic|p2a: Latios","|-status|p2a: Latios|tox","|","|-damage|p2a: Latios|283/301 tox|[from] psn","|turn|17","|","|switch|p1a: Silica|Umbreon, F, shiny|238/394 brn","|move|p2a: Latios|Draco Meteor|p1a: Silica","|-damage|p1a: Silica|40/394 brn","|-unboost|p2a: Latios|spa|2","|","|-heal|p1a: Silica|64/394 brn|[from] item: Leftovers","|-damage|p2a: Latios|247/301 tox|[from] psn","|-damage|p1a: Silica|15/394 brn|[from] brn","|turn|18","|","|move|p2a: Latios|Draco Meteor|p1a: Silica","|-damage|p1a: Silica|0 fnt","|-unboost|p2a: Latios|spa|2","|faint|p1a: Silica","|","|-damage|p2a: Latios|193/301 tox|[from] psn","|","|switch|p1a: Klein|Sableye, M|141/303","|turn|19","|","|move|p1a: Klein|Recover|p1a: Klein","|-heal|p1a: Klein|293/303","|move|p2a: Latios|Draco Meteor|p1a: Klein","|-damage|p1a: Klein|176/303","|-unboost|p2a: Latios|spa|2","|","|-heal|p1a: Klein|194/303|[from] item: Leftovers","|-damage|p2a: Latios|121/301 tox|[from] psn","|turn|20","|","|switch|p2a: Hoopa-Unbound|Hoopa-Unbound|192/301","|move|p1a: Klein|Recover|p1a: Klein","|-heal|p1a: Klein|303/303","|","|turn|21","|","|switch|p2a: Latios|Latios, M|121/301 tox","|move|p1a: Klein|Will-O-Wisp|p2a: Latios","|-fail|p2a: Latios","|","|-damage|p2a: Latios|103/301 tox|[from] psn","|turn|22","|","|move|p1a: Klein|Recover|p1a: Klein","|-fail|p1a: Klein","|move|p2a: Latios|Draco Meteor|p1a: Klein","|-damage|p1a: Klein|0 fnt","|-unboost|p2a: Latios|spa|2","|faint|p1a: Klein","|","|-damage|p2a: Latios|67/301 tox|[from] psn","|","|switch|p1a: Kirito|Hydreigon, M, shiny|325/325","|turn|23","|","|move|p1a: Kirito|Dark Pulse|p2a: Latios","|-supereffective|p2a: Latios","|-damage|p2a: Latios|0 fnt","|faint|p2a: Latios","|","|","|switch|p2a: Meloetta|Meloetta|404/404","|turn|24","|","|move|p1a: Kirito|Dark Pulse|p2a: Meloetta","|-supereffective|p2a: Meloetta","|-damage|p2a: Meloetta|246/404","|cant|p2a: Meloetta|flinch","|","|-heal|p2a: Meloetta|271/404|[from] item: Leftovers","|turn|25","|","|move|p1a: Kirito|Dark Pulse|p2a: Meloetta","|-supereffective|p2a: Meloetta","|-damage|p2a: Meloetta|107/404","|move|p2a: Meloetta|Thunder Wave|p1a: Kirito","|-status|p1a: Kirito|par","|","|-heal|p2a: Meloetta|132/404|[from] item: Leftovers","|turn|26","|","|move|p2a: Meloetta|Dazzling Gleam|p1a: Kirito","|-supereffective|p1a: Kirito","|-damage|p1a: Kirito|0 fnt","|faint|p1a: Kirito","|","|-heal|p2a: Meloetta|157/404|[from] item: Leftovers","|","|switch|p1a: Lisbeth|Mandibuzz, F|360/424","|turn|27","|","|move|p2a: Meloetta|Thunder Wave|p1a: Lisbeth","|-status|p1a: Lisbeth|par","|move|p1a: Lisbeth|Foul Play|p2a: Meloetta","|-supereffective|p2a: Meloetta","|-damage|p2a: Meloetta|0 fnt","|faint|p2a: Meloetta","|","|","|switch|p2a: Gardevoir|Gardevoir-Mega, M|191/277","|turn|28","|","|move|p2a: Gardevoir|Hyper Voice|p1a: Lisbeth","|-supereffective|p1a: Lisbeth","|-damage|p1a: Lisbeth|0 fnt","|faint|p1a: Lisbeth","|","|win|Guard Wulf"],"p1rating":{"entryid":204669,"formatid":"monotype","userid":"doctorvergi","username":"Doctor Vergi","r":1500,"rd":130,"sigma":0,"rpr":1461.8495684771,"rprd":122.29675825909,"rpsigma":0,"rptime":1440061200,"w":0,"l":1,"t":0,"gxe":45.2,"acre":1000,"lacre":1000,"oldacre":1000},"p2rating":{"entryid":"152473","serverid":"eos","formatid":"monotype","userid":"guardwulf","username":"Guard Wulf","w":18,"l":"6","t":"0","gxe":65.2,"r":"1530.0091417388","rd":"83.32711138282","sigma":"0","rptime":"1440061200","rpr":1620.1097093027,"rprd":66.532046298564,"rpsigma":"0","acre":1244.9864491864,"lacre":1244.9864491864,"oldacre":"1234.7015153534"},"endType":"normal"}