{"seed":[48933,49407,3818,49786],"turns":56,"p1":"ELC13 Vegito","p2":"ELC13 IceyFire","p1team":[{"name":"Bunnies","species":"bunnelby","item":"choicescarf","ability":"Huge Power","moves":["return","uturn","earthquake","thief"],"nature":"Jolly","evs":{"hp":0,"atk":228,"def":52,"spa":0,"spd":0,"spe":220},"level":5,"ivs":{"hp":31,"atk":31,"def":31,"spa":31,"spd":31,"spe":31}},{"name":"Swag","species":"magnemite","item":"berryjuice","ability":"Magnet Pull","moves":["hiddenpowerfire","voltswitch","flashcannon","recycle"],"nature":"Modest","evs":{"hp":156,"atk":0,"def":36,"spa":240,"spd":76,"spe":0},"ivs":{"hp":31,"atk":30,"def":31,"spa":30,"spd":31,"spe":30},"level":5},{"name":"Rawr","species":"snubbull","item":"eviolite","ability":"Intimidate","moves":["thief","earthquake","playrough","healbell"],"nature":"Careful","evs":{"hp":36,"atk":36,"def":196,"spa":0,"spd":196,"spe":36},"shiny":true,"level":5,"ivs":{"hp":31,"atk":31,"def":31,"spa":31,"spd":31,"spe":31}},{"name":"Idek","species":"mienfoo","item":"eviolite","ability":"Regenerator","moves":["drainpunch","knockoff","uturn","acrobatics"],"nature":"Careful","evs":{"hp":196,"atk":0,"def":196,"spa":0,"spd":116,"spe":0},"level":5,"ivs":{"hp":31,"atk":31,"def":31,"spa":31,"spd":31,"spe":31}},{"name":"Yarn","species":"staryu","item":"eviolite","ability":"Natural Cure","moves":["rapidspin","scald","hiddenpowergrass","recover"],"nature":"Timid","evs":{"hp":116,"atk":0,"def":156,"spa":0,"spd":0,"spe":236},"ivs":{"hp":31,"atk":30,"def":31,"spa":30,"spd":31,"spe":31},"level":5},{"name":"Money","species":"abra","item":"lifeorb","ability":"Magic Guard","moves":["psychic","substitute","dazzlinggleam","energyball"],"nature":"Timid","evs":{"hp":0,"atk":0,"def":0,"spa":236,"spd":76,"spe":196},"ivs":{"hp":31,"atk":0,"def":31,"spa":31,"spd":31,"spe":31},"level":5}],"p2team":[{"name":"Starmaster","species":"ferroseed","item":"eviolite","ability":"Iron Barbs","moves":["bulletseed","thunderwave","leechseed","stealthrock"],"nature":"Careful","evs":{"hp":80,"atk":36,"def":188,"spa":0,"spd":148,"spe":36},"gender":"M","level":5,"ivs":{"hp":31,"atk":31,"def":31,"spa":31,"spd":31,"spe":31}},{"name":"SnoopingGil","species":"chinchou","item":"eviolite","ability":"Volt Absorb","moves":["scald","voltswitch","rest","sleeptalk"],"nature":"Bold","evs":{"hp":76,"atk":0,"def":212,"spa":0,"spd":148,"spe":69},"level":5,"ivs":{"hp":31,"atk":31,"def":31,"spa":31,"spd":31,"spe":31}},{"name":"Meteordash","species":"ponyta","item":"eviolite","ability":"Flame Body","moves":["flareblitz","wildcharge","willowisp","morningsun"],"nature":"Impish","evs":{"hp":0,"atk":0,"def":236,"spa":0,"spd":76,"spe":196},"level":5,"ivs":{"hp":31,"atk":31,"def":31,"spa":31,"spd":31,"spe":31}},{"name":"Briyella","species":"spritzee","item":"eviolite","ability":"Aroma Veil","moves":["moonblast","aromatherapy","wish","protect"],"nature":"Bold","evs":{"hp":212,"atk":0,"def":196,"spa":12,"spd":76,"spe":12},"level":5,"ivs":{"hp":31,"atk":31,"def":31,"spa":31,"spd":31,"spe":31}},{"name":"Trickster","species":"mienfoo","item":"eviolite","ability":"Regenerator","moves":["drainpunch","knockoff","uturn","taunt"],"nature":"Jolly","evs":{"hp":0,"atk":0,"def":196,"spa":0,"spd":36,"spe":236},"level":5,"ivs":{"hp":31,"atk":31,"def":31,"spa":31,"spd":31,"spe":31}},{"name":"DeathxShinigami","species":"gastly","item":"choicescarf","ability":"Levitate","moves":["shadowball","sludgebomb","dazzlinggleam","destinybond"],"nature":"Modest","evs":{"hp":0,"atk":0,"def":36,"spa":196,"spd":76,"spe":196},"level":5,"ivs":{"hp":31,"atk":31,"def":31,"spa":31,"spd":31,"spe":31}}],"log":["|player|p1|ELC13 Vegito|80","|player|p2|ELC13 IceyFire|17","|gametype|singles","|gen|6","|tier|LC","|rated","|clearpoke","|poke|p1|Bunnelby, L5, F","|poke|p1|Magnemite, L5","|poke|p1|Snubbull, L5, F, shiny","|poke|p1|Mienfoo, L5, M","|poke|p1|Staryu, L5","|poke|p1|Abra, L5, F","|poke|p2|Ferroseed, L5, M","|poke|p2|Chinchou, L5, F","|poke|p2|Ponyta, L5, F","|poke|p2|Spritzee, L5, M","|poke|p2|Mienfoo, L5, F","|poke|p2|Gastly, L5, F","|rule|Sleep Clause Mod: Limit one foe put to sleep","|rule|Species Clause: Limit one of each Pokémon","|rule|OHKO Clause: OHKO moves are banned","|rule|Moody Clause: Moody is banned","|rule|Evasion Moves Clause: Evasion moves are banned","|rule|Endless Battle Clause: Forcing endless battles is banned","|rule|HP Percentage Mod: HP is shown in percentages","|teampreview","|","|start","|switch|p1a: Idek|Mienfoo, L5, M|23/23","|switch|p2a: Starmaster|Ferroseed, L5, M|21/21","|turn|1","|","|move|p1a: Idek|Knock Off|p2a: Starmaster","|-damage|p2a: Starmaster|16/21","|-damage|p1a: Idek|21/23|[from] ability: Iron Barbs|[of] p2a: Starmaster","|-enditem|p2a: Starmaster|Eviolite|[from] move: Knock Off|[of] p1a: Idek","|move|p2a: Starmaster|Thunder Wave|p1a: Idek","|-status|p1a: Idek|par","|","|turn|2","|","|switch|p2a: Trickster|Mienfoo, L5, F|21/21","|move|p1a: Idek|Drain Punch|p2a: Trickster","|-damage|p2a: Trickster|14/21","|-heal|p1a: Idek|23/23 par|[from] drain|[of] p2a: Trickster","|","|turn|3","|","|move|p2a: Trickster|Drain Punch|p1a: Idek","|-damage|p1a: Idek|16/23 par","|-heal|p2a: Trickster|18/21|[from] drain|[of] p1a: Idek","|move|p1a: Idek|Acrobatics|p2a: Trickster","|-supereffective|p2a: Trickster","|-damage|p2a: Trickster|10/21","|","|turn|4","|","|switch|p2a: Briyella|Spritzee, L5, M|27/27","|cant|p1a: Idek|par","|","|turn|5","|","|switch|p1a: Swag|Magnemite, L5|21/21","|move|p2a: Briyella|Moonblast|p1a: Swag","|-resisted|p1a: Swag","|-damage|p1a: Swag|15/21","|","|turn|6","|","|move|p2a: Briyella|Protect|p2a: Briyella","|-singleturn|p2a: Briyella|Protect","|move|p1a: Swag|Flash Cannon|p2a: Briyella","|-activate|p2a: Briyella|Protect","|","|turn|7","|","|switch|p2a: SnoopingGil|Chinchou, L5, F|25/25","|move|p1a: Swag|Volt Switch|p2a: SnoopingGil","|-immune|p2a: SnoopingGil|[msg]","|","|turn|8","|","|switch|p1a: Idek|Mienfoo, L5, M|23/23 par","|move|p2a: SnoopingGil|Scald|p1a: Idek","|-damage|p1a: Idek|17/23 par","|","|turn|9","|","|move|p2a: SnoopingGil|Volt Switch|p1a: Idek","|-damage|p1a: Idek|10/23 par","|","|switch|p2a: Briyella|Spritzee, L5, M|27/27","|cant|p1a: Idek|par","|","|turn|10","|","|switch|p1a: Rawr|Snubbull, L5, F, shiny|23/23","|-ability|p1a: Rawr|Intimidate","|-unboost|p2a: Briyella|atk|1","|move|p2a: Briyella|Moonblast|p1a: Rawr","|-damage|p1a: Rawr|16/23","|-unboost|p1a: Rawr|spa|1","|","|turn|11","|","|move|p2a: Briyella|Protect|p2a: Briyella","|-singleturn|p2a: Briyella|Protect","|move|p1a: Rawr|Play Rough|p2a: Briyella","|-activate|p2a: Briyella|Protect","|","|turn|12","|","|move|p1a: Rawr|Play Rough|p2a: Briyella","|-damage|p2a: Briyella|20/27","|move|p2a: Briyella|Moonblast|p1a: Rawr","|-damage|p1a: Rawr|9/23","|","|turn|13","|","|switch|p1a: Swag|Magnemite, L5|15/21","|move|p2a: Briyella|Wish|p2a: Briyella","|","|turn|14","|","|switch|p1a: Rawr|Snubbull, L5, F, shiny|9/23","|-ability|p1a: Rawr|Intimidate","|-unboost|p2a: Briyella|atk|1","|switch|p2a: Trickster|Mienfoo, L5, F|17/21","|","|-heal|p2a: Trickster|21/21|[from] move: Wish|[wisher] Briyella","|turn|15","|","|move|p2a: Trickster|U-turn|p1a: Rawr","|-resisted|p1a: Rawr","|-damage|p1a: Rawr|7/23","|","|switch|p2a: Starmaster|Ferroseed, L5, M|16/21","|move|p1a: Rawr|Play Rough|p2a: Starmaster","|-resisted|p2a: Starmaster","|-damage|p2a: Starmaster|11/21","|-damage|p1a: Rawr|5/23|[from] ability: Iron Barbs|[of] p2a: Starmaster","|","|turn|16","|","|switch|p1a: Idek|Mienfoo, L5, M|17/23 par","|move|p2a: Starmaster|Leech Seed|p1a: Idek","|-start|p1a: Idek|move: Leech Seed","|","|-damage|p1a: Idek|15/23 par|[from] Leech Seed|[of] p2a: Starmaster","|-heal|p2a: Starmaster|13/21|[silent]","|turn|17","|","|switch|p2a: Briyella|Spritzee, L5, M|20/27","|move|p1a: Idek|Knock Off|p2a: Briyella","|-resisted|p2a: Briyella","|-damage|p2a: Briyella|18/27","|-enditem|p2a: Briyella|Eviolite|[from] move: Knock Off|[of] p1a: Idek","|","|-damage|p1a: Idek|13/23 par|[from] Leech Seed|[of] p2a: Briyella","|-heal|p2a: Briyella|20/27|[silent]","|turn|18","|","|switch|p1a: Swag|Magnemite, L5|15/21","|move|p2a: Briyella|Wish|p2a: Briyella","|","|turn|19","|","|switch|p2a: Starmaster|Ferroseed, L5, M|13/21","|move|p1a: Swag|Hidden Power|p2a: Starmaster","|-supereffective|p2a: Starmaster","|-damage|p2a: Starmaster|0 fnt","|faint|p2a: Starmaster","|","|","|switch|p2a: SnoopingGil|Chinchou, L5, F|25/25","|turn|20","|","|switch|p1a: Yarn|Staryu, L5|21/21","|move|p2a: SnoopingGil|Scald|p1a: Yarn","|-resisted|p1a: Yarn","|-damage|p1a: Yarn|18/21","|","|turn|21","|","|move|p1a: Yarn|Hidden Power|p2a: SnoopingGil","|-supereffective|p2a: SnoopingGil","|-damage|p2a: SnoopingGil|19/25","|move|p2a: SnoopingGil|Volt Switch|p1a: Yarn","|-supereffective|p1a: Yarn","|-damage|p1a: Yarn|6/21","|","|switch|p2a: Trickster|Mienfoo, L5, F|21/21","|","|turn|22","|","|switch|p1a: Rawr|Snubbull, L5, F, shiny|5/23","|-ability|p1a: Rawr|Intimidate","|-unboost|p2a: Trickster|atk|1","|move|p2a: Trickster|Drain Punch|p1a: Rawr","|-resisted|p1a: Rawr","|-damage|p1a: Rawr|3/23","|","|turn|23","|","|move|p2a: Trickster|U-turn|p1a: Rawr","|-resisted|p1a: Rawr","|-damage|p1a: Rawr|2/23","|","|switch|p2a: DeathxShinigami|Gastly, L5, F|19/19","|move|p1a: Rawr|Play Rough|p2a: DeathxShinigami","|-resisted|p2a: DeathxShinigami","|-damage|p2a: DeathxShinigami|11/19","|-unboost|p2a: DeathxShinigami|atk|1","|","|turn|24","|","|move|p2a: DeathxShinigami|Shadow Ball|p1a: Rawr","|-damage|p1a: Rawr|0 fnt","|faint|p1a: Rawr","|","|","|switch|p1a: Bunnies|Bunnelby, L5, F|20/20","|turn|25","|","|switch|p2a: Briyella|Spritzee, L5, M|20/27","|move|p1a: Bunnies|Thief|p2a: Briyella","|-resisted|p2a: Briyella","|-damage|p2a: Briyella|16/27","|","|turn|26","|","|switch|p1a: Yarn|Staryu, L5|6/21","|move|p2a: Briyella|Wish|p2a: Briyella","|","|turn|27","|","|move|p1a: Yarn|Recover|p1a: Yarn","|-heal|p1a: Yarn|17/21","|move|p2a: Briyella|Moonblast|p1a: Yarn","|-damage|p1a: Yarn|8/21","|","|-heal|p2a: Briyella|27/27|[from] move: Wish|[wisher] Briyella","|turn|28","|","|move|p1a: Yarn|Recover|p1a: Yarn","|-heal|p1a: Yarn|19/21","|move|p2a: Briyella|Moonblast|p1a: Yarn","|-damage|p1a: Yarn|10/21","|","|turn|29","|","|move|p1a: Yarn|Scald|p2a: Briyella","|-damage|p2a: Briyella|18/27","|move|p2a: Briyella|Moonblast|p1a: Yarn","|-damage|p1a: Yarn|1/21","|","|turn|30","|","|move|p1a: Yarn|Scald|p2a: Briyella","|-damage|p2a: Briyella|9/27","|move|p2a: Briyella|Wish|p2a: Briyella","|","|turn|31","|","|move|p2a: Briyella|Protect|p2a: Briyella","|-singleturn|p2a: Briyella|Protect","|move|p1a: Yarn|Recover|p1a: Yarn","|-heal|p1a: Yarn|12/21","|","|-heal|p2a: Briyella|22/27|[from] move: Wish|[wisher] Briyella","|turn|32","|","|switch|p2a: SnoopingGil|Chinchou, L5, F|19/25","|move|p1a: Yarn|Recover|p1a: Yarn","|-heal|p1a: Yarn|21/21","|","|turn|33","|","|move|p1a: Yarn|Hidden Power|p2a: SnoopingGil","|-supereffective|p2a: SnoopingGil","|-damage|p2a: SnoopingGil|13/25","|move|p2a: SnoopingGil|Volt Switch|p1a: Yarn","|-supereffective|p1a: Yarn","|-damage|p1a: Yarn|9/21","|","|switch|p2a: Trickster|Mienfoo, L5, F|21/21","|","|turn|34","|","|move|p1a: Yarn|Recover|p1a: Yarn","|-heal|p1a: Yarn|20/21","|move|p2a: Trickster|Knock Off|p1a: Yarn","|-damage|p1a: Yarn|14/21","|-enditem|p1a: Yarn|Eviolite|[from] move: Knock Off|[of] p2a: Trickster","|","|turn|35","|","|move|p1a: Yarn|Recover|p1a: Yarn","|-heal|p1a: Yarn|21/21","|move|p2a: Trickster|Drain Punch|p1a: Yarn","|-damage|p1a: Yarn|11/21","|","|turn|36","|","|move|p1a: Yarn|Scald|p2a: Trickster","|-damage|p2a: Trickster|14/21","|move|p2a: Trickster|Drain Punch|p1a: Yarn","|-damage|p1a: Yarn|1/21","|-heal|p2a: Trickster|19/21|[from] drain|[of] p1a: Yarn","|","|turn|37","|","|move|p1a: Yarn|Recover|p1a: Yarn","|-heal|p1a: Yarn|12/21","|move|p2a: Trickster|U-turn|p1a: Yarn","|-damage|p1a: Yarn|6/21","|","|switch|p2a: DeathxShinigami|Gastly, L5, F|11/19","|","|turn|38","|","|move|p2a: DeathxShinigami|Sludge Bomb|p1a: Yarn","|-crit|p1a: Yarn","|-damage|p1a: Yarn|0 fnt","|faint|p1a: Yarn","|","|","|switch|p1a: Swag|Magnemite, L5|15/21","|turn|39","|","|switch|p2a: SnoopingGil|Chinchou, L5, F|13/25","|move|p1a: Swag|Flash Cannon|p2a: SnoopingGil","|-resisted|p2a: SnoopingGil","|-damage|p2a: SnoopingGil|11/25","|","|turn|40","|","|move|p2a: SnoopingGil|Rest|p2a: SnoopingGil","|-status|p2a: SnoopingGil|slp","|-heal|p2a: SnoopingGil|25/25 slp|[silent]","|-status|p2a: SnoopingGil|slp|[from] move: Rest","|move|p1a: Swag|Flash Cannon|p2a: SnoopingGil","|-resisted|p2a: SnoopingGil","|-damage|p2a: SnoopingGil|23/25 slp","|","|turn|41","|","|switch|p1a: Idek|Mienfoo, L5, M|20/23 par","|cant|p2a: SnoopingGil|slp","|move|p2a: SnoopingGil|Sleep Talk|p2a: SnoopingGil","|move|p2a: SnoopingGil|Rest|p2a: SnoopingGil|[from]Sleep Talk","|-fail|p2a: SnoopingGil","|","|turn|42","|","|cant|p2a: SnoopingGil|slp","|move|p2a: SnoopingGil|Sleep Talk|p2a: SnoopingGil","|move|p2a: SnoopingGil|Rest|p2a: SnoopingGil|[from]Sleep Talk","|-fail|p2a: SnoopingGil","|move|p1a: Idek|Knock Off|p2a: SnoopingGil","|-damage|p2a: SnoopingGil|17/25 slp","|-enditem|p2a: SnoopingGil|Eviolite|[from] move: Knock Off|[of] p1a: Idek","|","|turn|43","|","|switch|p2a: Briyella|Spritzee, L5, M|22/27","|cant|p1a: Idek|par","|","|turn|44","|","|switch|p1a: Swag|Magnemite, L5|15/21","|move|p2a: Briyella|Aromatherapy|p2a: Briyella","|-cureteam|p2a: Briyella|[from] move: Aromatherapy","|","|turn|45","|","|switch|p2a: SnoopingGil|Chinchou, L5, F|17/25","|move|p1a: Swag|Flash Cannon|p2a: SnoopingGil","|-resisted|p2a: SnoopingGil","|-damage|p2a: SnoopingGil|14/25","|","|turn|46","|","|switch|p1a: Idek|Mienfoo, L5, M|23/23 par","|move|p2a: SnoopingGil|Rest|p2a: SnoopingGil","|-status|p2a: SnoopingGil|slp","|-heal|p2a: SnoopingGil|25/25 slp|[silent]","|-status|p2a: SnoopingGil|slp|[from] move: Rest","|","|turn|47","|","|switch|p2a: DeathxShinigami|Gastly, L5, F|11/19","|move|p1a: Idek|U-turn|p2a: DeathxShinigami","|-resisted|p2a: DeathxShinigami","|-damage|p2a: DeathxShinigami|9/19","|","|switch|p1a: Swag|Magnemite, L5|15/21","|","|turn|48","|","|move|p2a: DeathxShinigami|Destiny Bond|p2a: DeathxShinigami","|-singlemove|p2a: DeathxShinigami|Destiny Bond","|move|p1a: Swag|Volt Switch|p2a: DeathxShinigami","|-damage|p2a: DeathxShinigami|0 fnt","|faint|p2a: DeathxShinigami","|-activate|p2a: DeathxShinigami|Destiny Bond","|faint|p1a: Swag","|","|","|switch|p1a: Money|Abra, L5, F|19/19","|switch|p2a: Trickster|Mienfoo, L5, F|21/21","|turn|49","|","|move|p1a: Money|Substitute|p1a: Money","|-start|p1a: Money|Substitute","|-damage|p1a: Money|15/19","|move|p2a: Trickster|U-turn|p1a: Money","|-supereffective|p1a: Money","|-end|p1a: Money|Substitute","|","|switch|p2a: Meteordash|Ponyta, L5, F|21/21","|","|turn|50","|","|move|p1a: Money|Psychic|p2a: Meteordash","|-damage|p2a: Meteordash|9/21","|-unboost|p2a: Meteordash|spd|1","|move|p2a: Meteordash|Flare Blitz|p1a: Money","|-damage|p1a: Money|0 fnt","|-damage|p2a: Meteordash|4/21|[from] recoil|[of] p1a: Money","|faint|p1a: Money","|","|","|switch|p1a: Bunnies|Bunnelby, L5, F|20/20","|turn|51","|","|move|p1a: Bunnies|Earthquake|p2a: Meteordash","|-supereffective|p2a: Meteordash","|-damage|p2a: Meteordash|0 fnt","|faint|p2a: Meteordash","|","|","|switch|p2a: Briyella|Spritzee, L5, M|22/27","|turn|52","|","|switch|p1a: Idek|Mienfoo, L5, M|23/23 par","|move|p2a: Briyella|Aromatherapy|p2a: Briyella","|-cureteam|p2a: Briyella|[from] move: Aromatherapy","|","|turn|53","|","|move|p2a: Briyella|Moonblast|p1a: Idek","|-supereffective|p1a: Idek","|-damage|p1a: Idek|9/23 par","|move|p1a: Idek|Drain Punch|p2a: Briyella","|-resisted|p2a: Briyella","|-damage|p2a: Briyella|18/27","|-heal|p1a: Idek|11/23 par|[from] drain|[of] p2a: Briyella","|","|turn|54","|","|move|p2a: Briyella|Moonblast|p1a: Idek","|-supereffective|p1a: Idek","|-damage|p1a: Idek|0 fnt","|faint|p1a: Idek","|","|","|switch|p1a: Bunnies|Bunnelby, L5, F|20/20","|turn|55","|","|move|p1a: Bunnies|Return|p2a: Briyella","|-damage|p2a: Briyella|0 fnt","|faint|p2a: Briyella","|","|","|switch|p2a: Trickster|Mienfoo, L5, F|21/21","|turn|56","|","|move|p1a: Bunnies|Return|p2a: Trickster","|-damage|p2a: Trickster|5/21","|move|p2a: Trickster|Drain Punch|p1a: Bunnies","|-supereffective|p1a: Bunnies","|-damage|p1a: Bunnies|0 fnt","|-heal|p2a: Trickster|15/21|[from] drain|[of] p1a: Bunnies","|faint|p1a: Bunnies","|","|win|ELC13 IceyFire"],"p1rating":{"entryid":"7317873","serverid":"eos","formatid":"lc","userid":"elc13vegito","username":"ELC13 Vegito","w":"1","l":2,"t":"0","gxe":45.8,"r":"1500","rd":"130","sigma":"0","rptime":"1438419600","rpr":1466.9108216389,"rprd":111.51861011339,"rpsigma":"0","acre":1011.7990159859,"lacre":1011.7990159859,"oldacre":"1025.7674024105"},"p2rating":{"entryid":"7317808","serverid":"eos","formatid":"lc","userid":"elc13iceyfire","username":"ELC13 IceyFire","w":2,"l":"1","t":"0","gxe":54.2,"r":"1500","rd":"130","sigma":"0","rptime":"1438419600","rpr":1533.0891783611,"rprd":111.51861011339,"rpsigma":"0","acre":1059.9745673142,"lacre":1059.9745673142,"oldacre":"1023.1794357731"},"endType":"normal"}