{"seed":[16782,30861,55988,60368],"turns":26,"p1":"ELC13 Piers","p2":"ELC13 Vegito","p1team":[{"name":"Dreadlocks","species":"lileep","item":"eviolite","ability":"Storm Drain","moves":["stealthrock","gigadrain","toxic","recover"],"nature":"Bold","evs":{"hp":228,"atk":0,"def":220,"spa":0,"spd":60,"spe":0},"level":5,"ivs":{"hp":31,"atk":31,"def":31,"spa":31,"spd":31,"spe":31}},{"name":"Staryu","species":"Staryu","item":"eviolite","ability":"Natural Cure","moves":["rapidspin","scald","recover","thunderwave"],"nature":"Bold","evs":{"hp":0,"atk":0,"def":236,"spa":36,"spd":236,"spe":0},"level":5,"ivs":{"hp":31,"atk":31,"def":31,"spa":31,"spd":31,"spe":31}},{"name":"Mienfoo","species":"Mienfoo","item":"eviolite","ability":"Regenerator","moves":["fakeout","uturn","knockoff","drainpunch"],"nature":"Adamant","evs":{"hp":88,"atk":184,"def":0,"spa":0,"spd":0,"spe":236},"level":5,"ivs":{"hp":31,"atk":31,"def":31,"spa":31,"spd":31,"spe":31}},{"name":"Fletchling","species":"Fletchling","item":"berryjuice","ability":"Gale Wings","moves":["swordsdance","acrobatics","overheat","uturn"],"nature":"Naughty","evs":{"hp":0,"atk":196,"def":0,"spa":100,"spd":212,"spe":0},"level":5,"ivs":{"hp":31,"atk":31,"def":31,"spa":31,"spd":31,"spe":31}},{"name":"Ghostfire","species":"gastly","item":"choicescarf","ability":"Levitate","moves":["destinybond","shadowball","sludgebomb","hiddenpowerground"],"nature":"Timid","evs":{"hp":0,"atk":0,"def":0,"spa":200,"spd":112,"spe":196},"ivs":{"hp":31,"atk":31,"def":31,"spa":30,"spd":30,"spe":31},"level":5},{"name":"Sandile","species":"Sandile","item":"choicescarf","ability":"Intimidate","moves":["earthquake","crunch","stoneedge","firefang"],"nature":"Jolly","evs":{"hp":0,"atk":180,"def":0,"spa":0,"spd":92,"spe":236},"level":5,"ivs":{"hp":31,"atk":31,"def":31,"spa":31,"spd":31,"spe":31}}],"p2team":[{"name":"Bunnies","species":"bunnelby","item":"choicescarf","ability":"Huge Power","moves":["return","uturn","earthquake","thief"],"nature":"Jolly","evs":{"hp":0,"atk":228,"def":52,"spa":0,"spd":0,"spe":220},"level":5,"ivs":{"hp":31,"atk":31,"def":31,"spa":31,"spd":31,"spe":31}},{"name":"Swag","species":"magnemite","item":"berryjuice","ability":"Magnet Pull","moves":["hiddenpowerfire","voltswitch","flashcannon","recycle"],"nature":"Modest","evs":{"hp":156,"atk":0,"def":36,"spa":240,"spd":76,"spe":0},"ivs":{"hp":31,"atk":30,"def":31,"spa":30,"spd":31,"spe":30},"level":5},{"name":"Rawr","species":"snubbull","item":"eviolite","ability":"Intimidate","moves":["thief","earthquake","playrough","healbell"],"nature":"Careful","evs":{"hp":36,"atk":36,"def":196,"spa":0,"spd":196,"spe":36},"shiny":true,"level":5,"ivs":{"hp":31,"atk":31,"def":31,"spa":31,"spd":31,"spe":31}},{"name":"Idek","species":"mienfoo","item":"eviolite","ability":"Regenerator","moves":["drainpunch","knockoff","uturn","acrobatics"],"nature":"Careful","evs":{"hp":196,"atk":0,"def":196,"spa":0,"spd":116,"spe":0},"level":5,"ivs":{"hp":31,"atk":31,"def":31,"spa":31,"spd":31,"spe":31}},{"name":"Yarn","species":"staryu","item":"eviolite","ability":"Natural Cure","moves":["rapidspin","scald","hiddenpowergrass","recover"],"nature":"Timid","evs":{"hp":116,"atk":0,"def":156,"spa":0,"spd":0,"spe":236},"ivs":{"hp":31,"atk":30,"def":31,"spa":30,"spd":31,"spe":31},"level":5},{"name":"Money","species":"abra","item":"lifeorb","ability":"Magic Guard","moves":["psychic","substitute","dazzlinggleam","energyball"],"nature":"Timid","evs":{"hp":0,"atk":0,"def":0,"spa":236,"spd":76,"spe":196},"ivs":{"hp":31,"atk":0,"def":31,"spa":31,"spd":31,"spe":31},"level":5}],"log":["|player|p1|ELC13 Piers|piersnins.png","|player|p2|ELC13 Vegito|80","|gametype|singles","|gen|6","|tier|LC","|rated","|clearpoke","|poke|p1|Lileep, L5, M","|poke|p1|Staryu, L5","|poke|p1|Mienfoo, L5, M","|poke|p1|Fletchling, L5, F","|poke|p1|Gastly, L5, F","|poke|p1|Sandile, L5, F","|poke|p2|Bunnelby, L5, M","|poke|p2|Magnemite, L5","|poke|p2|Snubbull, L5, M, shiny","|poke|p2|Mienfoo, L5, M","|poke|p2|Staryu, L5","|poke|p2|Abra, L5, F","|rule|Sleep Clause Mod: Limit one foe put to sleep","|rule|Species Clause: Limit one of each Pokémon","|rule|OHKO Clause: OHKO moves are banned","|rule|Moody Clause: Moody is banned","|rule|Evasion Moves Clause: Evasion moves are banned","|rule|Endless Battle Clause: Forcing endless battles is banned","|rule|HP Percentage Mod: HP is shown in percentages","|teampreview","|","|start","|switch|p1a: Mienfoo|Mienfoo, L5, M|22/22","|switch|p2a: Rawr|Snubbull, L5, M, shiny|23/23","|-ability|p2a: Rawr|Intimidate","|-unboost|p1a: Mienfoo|atk|1","|turn|1","|","|move|p1a: Mienfoo|U-turn|p2a: Rawr","|-resisted|p2a: Rawr","|-damage|p2a: Rawr|21/23","|","|switch|p1a: Dreadlocks|Lileep, L5, M|26/26","|move|p2a: Rawr|Play Rough|p1a: Dreadlocks|[miss]","|-miss|p2a: Rawr|p1a: Dreadlocks","|","|turn|2","|","|switch|p2a: Idek|Mienfoo, L5, M|23/23","|move|p1a: Dreadlocks|Stealth Rock|p2a: Idek","|-sidestart|p2: ELC13 Vegito|move: Stealth Rock","|","|turn|3","|","|switch|p1a: Staryu|Staryu, L5|19/19","|move|p2a: Idek|Knock Off|p1a: Staryu","|-damage|p1a: Staryu|14/19","|-enditem|p1a: Staryu|Eviolite|[from] move: Knock Off|[of] p2a: Idek","|","|turn|4","|","|switch|p2a: Yarn|Staryu, L5|21/21","|-damage|p2a: Yarn|19/21|[from] Stealth Rock","|move|p1a: Staryu|Scald|p2a: Yarn","|-resisted|p2a: Yarn","|-damage|p2a: Yarn|16/21","|","|turn|5","|","|move|p2a: Yarn|Hidden Power|p1a: Staryu","|-supereffective|p1a: Staryu","|-damage|p1a: Staryu|4/19","|move|p1a: Staryu|Recover|p1a: Staryu","|-heal|p1a: Staryu|14/19","|","|turn|6","|","|move|p2a: Yarn|Rapid Spin|p1a: Staryu","|-damage|p1a: Staryu|13/19","|-sideend|p2: ELC13 Vegito|Stealth Rock|[from] move: Rapid Spin|[of] p2a: Yarn","|move|p1a: Staryu|Scald|p2a: Yarn","|-resisted|p2a: Yarn","|-damage|p2a: Yarn|13/21","|","|turn|7","|","|move|p2a: Yarn|Hidden Power|p1a: Staryu","|-supereffective|p1a: Staryu","|-damage|p1a: Staryu|3/19","|move|p1a: Staryu|Recover|p1a: Staryu","|-heal|p1a: Staryu|13/19","|","|turn|8","|","|move|p2a: Yarn|Recover|p2a: Yarn","|-heal|p2a: Yarn|21/21","|move|p1a: Staryu|Thunder Wave|p2a: Yarn","|-status|p2a: Yarn|par","|","|turn|9","|","|switch|p1a: Mienfoo|Mienfoo, L5, M|22/22","|switch|p2a: Swag|Magnemite, L5|21/21","|","|turn|10","|","|switch|p2a: Rawr|Snubbull, L5, M, shiny|21/23","|-ability|p2a: Rawr|Intimidate","|-unboost|p1a: Mienfoo|atk|1","|move|p1a: Mienfoo|Knock Off|p2a: Rawr","|-resisted|p2a: Rawr","|-damage|p2a: Rawr|19/23","|-enditem|p2a: Rawr|Eviolite|[from] move: Knock Off|[of] p1a: Mienfoo","|","|turn|11","|","|move|p1a: Mienfoo|U-turn|p2a: Rawr","|-resisted|p2a: Rawr","|-damage|p2a: Rawr|17/23","|","|switch|p1a: Dreadlocks|Lileep, L5, M|26/26","|move|p2a: Rawr|Thief|p1a: Dreadlocks","|-damage|p1a: Dreadlocks|23/26","|-item|p2a: Rawr|Eviolite|[from] move: Thief|[of] p1a: Dreadlocks","|","|turn|12","|","|switch|p2a: Idek|Mienfoo, L5, M|23/23","|move|p1a: Dreadlocks|Toxic|p2a: Idek","|-status|p2a: Idek|tox","|","|-damage|p2a: Idek|22/23 tox|[from] psn","|turn|13","|","|move|p2a: Idek|Knock Off|p1a: Dreadlocks","|-damage|p1a: Dreadlocks|18/26","|move|p1a: Dreadlocks|Stealth Rock|p2a: Idek","|-sidestart|p2: ELC13 Vegito|move: Stealth Rock","|","|-damage|p2a: Idek|20/23 tox|[from] psn","|turn|14","|","|move|p2a: Idek|Drain Punch|p1a: Dreadlocks","|-supereffective|p1a: Dreadlocks","|-damage|p1a: Dreadlocks|0 fnt","|-heal|p2a: Idek|23/23 tox|[from] drain|[of] p1a: Dreadlocks","|faint|p1a: Dreadlocks","|","|-damage|p2a: Idek|20/23 tox|[from] psn","|","|switch|p1a: Fletchling|Fletchling, L5, F|21/21","|turn|15","|","|move|p2a: Idek|Knock Off|p1a: Fletchling","|-crit|p1a: Fletchling","|-damage|p1a: Fletchling|5/21","|-enditem|p1a: Fletchling|Berry Juice|[from] move: Knock Off|[of] p2a: Idek","|move|p1a: Fletchling|Swords Dance|p1a: Fletchling","|-boost|p1a: Fletchling|atk|2","|","|-damage|p2a: Idek|16/23 tox|[from] psn","|turn|16","|","|move|p1a: Fletchling|Acrobatics|p2a: Idek","|-supereffective|p2a: Idek","|-damage|p2a: Idek|0 fnt","|faint|p2a: Idek","|","|","|switch|p2a: Yarn|Staryu, L5|21/21","|-damage|p2a: Yarn|19/21|[from] Stealth Rock","|turn|17","|","|move|p1a: Fletchling|Acrobatics|p2a: Yarn","|-damage|p2a: Yarn|0 fnt","|faint|p2a: Yarn","|","|","|switch|p2a: Rawr|Snubbull, L5, M, shiny|17/23","|-damage|p2a: Rawr|15/23|[from] Stealth Rock","|-ability|p2a: Rawr|Intimidate","|-unboost|p1a: Fletchling|atk|1","|turn|18","|","|move|p1a: Fletchling|Acrobatics|p2a: Rawr","|-damage|p2a: Rawr|2/23","|move|p2a: Rawr|Thief|p1a: Fletchling","|-damage|p1a: Fletchling|0 fnt","|faint|p1a: Fletchling","|","|","|switch|p1a: Sandile|Sandile, L5, F|21/21","|-ability|p1a: Sandile|Intimidate","|-unboost|p2a: Rawr|atk|1","|turn|19","|","|move|p1a: Sandile|Earthquake|p2a: Rawr","|-damage|p2a: Rawr|0 fnt","|faint|p2a: Rawr","|","|","|switch|p2a: Money|Abra, L5, F|19/19","|turn|20","|","|move|p1a: Sandile|Earthquake|p2a: Money","|-damage|p2a: Money|0 fnt","|faint|p2a: Money","|","|","|switch|p2a: Bunnies|Bunnelby, L5, M|20/20","|-damage|p2a: Bunnies|18/20|[from] Stealth Rock","|turn|21","|","|switch|p1a: Staryu|Staryu, L5|13/19","|move|p2a: Bunnies|Return|p1a: Staryu","|-damage|p1a: Staryu|0 fnt","|faint|p1a: Staryu","|","|","|switch|p1a: Mienfoo|Mienfoo, L5, M|22/22","|turn|22","|","|switch|p2a: Swag|Magnemite, L5|21/21","|-damage|p2a: Swag|20/21|[from] Stealth Rock","|move|p1a: Mienfoo|Fake Out|p2a: Swag","|-crit|p2a: Swag","|-resisted|p2a: Swag","|-damage|p2a: Swag|16/21","|","|turn|23","|","|move|p1a: Mienfoo|Drain Punch|p2a: Swag","|-supereffective|p2a: Swag","|-damage|p2a: Swag|0 fnt","|faint|p2a: Swag","|","|","|switch|p2a: Bunnies|Bunnelby, L5, M|18/20","|-damage|p2a: Bunnies|16/20|[from] Stealth Rock","|turn|24","|","|move|p2a: Bunnies|Return|p1a: Mienfoo","|-damage|p1a: Mienfoo|3/22","|move|p1a: Mienfoo|Knock Off|p2a: Bunnies","|-damage|p2a: Bunnies|5/20","|-enditem|p2a: Bunnies|Choice Scarf|[from] move: Knock Off|[of] p1a: Mienfoo","|","|turn|25","|","|move|p2a: Bunnies|Return|p1a: Mienfoo","|-damage|p1a: Mienfoo|0 fnt","|faint|p1a: Mienfoo","|","|","|switch|p1a: Sandile|Sandile, L5, F|21/21","|-ability|p1a: Sandile|Intimidate","|-unboost|p2a: Bunnies|atk|1","|turn|26","|","|move|p1a: Sandile|Earthquake|p2a: Bunnies","|-damage|p2a: Bunnies|0 fnt","|faint|p2a: Bunnies","|","|win|ELC13 Piers"],"p1rating":{"entryid":"7317809","serverid":"eos","formatid":"lc","userid":"elc13piers","username":"ELC13 Piers","w":1,"l":"1","t":"0","gxe":50,"r":"1500","rd":"130","sigma":"0","rptime":"1438419600","rpr":1500,"rprd":116.77753930647,"rpsigma":"0","acre":1045.1050381556,"lacre":1045.1050381556,"oldacre":"1000"},"p2rating":{"entryid":"7317873","serverid":"eos","formatid":"lc","userid":"elc13vegito","username":"ELC13 Vegito","w":"1","l":1,"t":"0","gxe":50,"r":"1500","rd":"130","sigma":"0","rptime":"1438419600","rpr":1500,"rprd":116.77753930647,"rpsigma":"0","acre":1025.7674024105,"lacre":1025.7674024105,"oldacre":"1044.584930701"},"endType":"normal"}