{"seed":[27112,37633,6120,36837],"turns":23,"p1":"ELC13 IceyFire","p2":"elc13 Poker","p1team":[{"name":"I'm a Crab Cake","species":"dwebble","item":"berryjuice","ability":"Sturdy","moves":["spikes","stealthrock","knockoff","counter"],"nature":"Jolly","evs":{"hp":0,"atk":236,"def":0,"spa":0,"spd":0,"spe":236},"level":5,"ivs":{"hp":31,"atk":31,"def":31,"spa":31,"spd":31,"spe":31}},{"name":"Heilloween","species":"pumpkaboosuper","item":"eviolite","ability":"Frisk","moves":["bulletseed","shadowsneak","willowisp","synthesis"],"nature":"Impish","evs":{"hp":204,"atk":80,"def":196,"spa":0,"spd":0,"spe":28},"level":5,"ivs":{"hp":31,"atk":31,"def":31,"spa":31,"spd":31,"spe":31}},{"name":"Soldier Ryan","species":"pawniard","item":"lifeorb","ability":"Defiant","moves":["ironhead","knockoff","suckerpunch","thunderwave"],"nature":"Jolly","evs":{"hp":0,"atk":236,"def":36,"spa":0,"spd":36,"spe":196},"ivs":{"hp":0,"atk":31,"def":31,"spa":31,"spd":31,"spe":31},"level":5},{"name":"Fuck birds","species":"archen","item":"berryjuice","ability":"Defeatist","moves":["acrobatics","rockslide","uturn","roost"],"nature":"Jolly","evs":{"hp":0,"atk":0,"def":156,"spa":0,"spd":156,"spe":196},"level":5,"ivs":{"hp":31,"atk":31,"def":31,"spa":31,"spd":31,"spe":31}},{"name":"Sebalter bitch","species":"staryu","item":"eviolite","ability":"Natural Cure","moves":["hydropump","psychic","recover","rapidspin"],"nature":"Timid","evs":{"hp":36,"atk":0,"def":0,"spa":196,"spd":0,"spe":236},"level":5,"ivs":{"hp":31,"atk":31,"def":31,"spa":31,"spd":31,"spe":31}},{"name":"Destruction.","species":"mienfoo","item":"choicescarf","ability":"Reckless","moves":["highjumpkick","drainpunch","knockoff","uturn"],"nature":"Adamant","evs":{"hp":0,"atk":236,"def":36,"spa":0,"spd":0,"spe":236},"level":5,"ivs":{"hp":31,"atk":31,"def":31,"spa":31,"spd":31,"spe":31}}],"p2team":[{"name":"Bomb","species":"skrelp","item":"eviolite","ability":"Adaptability","moves":["toxicspikes","scald","sludgewave","hydropump"],"nature":"Modest","evs":{"hp":0,"atk":0,"def":116,"spa":196,"spd":116,"spe":80},"level":5,"ivs":{"hp":31,"atk":31,"def":31,"spa":31,"spd":31,"spe":31}},{"name":"Pie Eater","species":"pumpkaboosuper","item":"eviolite","ability":"Frisk","moves":["bulletseed","leechseed","willowisp","synthesis"],"nature":"Careful","evs":{"hp":204,"atk":0,"def":36,"spa":0,"spd":236,"spe":28},"level":5,"ivs":{"hp":31,"atk":31,"def":31,"spa":31,"spd":31,"spe":31}},{"name":"Spinner","species":"drilbur","item":"eviolite","ability":"Mold Breaker","moves":["stealthrock","rapidspin","earthquake","rocktomb"],"nature":"Jolly","evs":{"hp":60,"atk":236,"def":0,"spa":0,"spd":0,"spe":212},"level":5,"ivs":{"hp":31,"atk":31,"def":31,"spa":31,"spd":31,"spe":31}},{"name":"Parrotkeet","species":"archen","item":"berryjuice","ability":"Defeatist","moves":["rockslide","uturn","earthquake","acrobatics"],"nature":"Jolly","evs":{"hp":132,"atk":180,"def":0,"spa":0,"spd":0,"spe":196},"level":5,"ivs":{"hp":31,"atk":31,"def":31,"spa":31,"spd":31,"spe":31}},{"name":"Calikush","species":"trubbish","item":"berryjuice","ability":"Sticky Hold","moves":["spikes","recycle","gunkshot","drainpunch"],"nature":"Jolly","evs":{"hp":116,"atk":36,"def":100,"spa":0,"spd":20,"spe":236},"level":5,"ivs":{"hp":31,"atk":31,"def":31,"spa":31,"spd":31,"spe":31}},{"name":"Sword Slicer","species":"pawniard","item":"eviolite","ability":"Defiant","moves":["knockoff","suckerpunch","ironhead","pursuit"],"nature":"Adamant","evs":{"hp":0,"atk":252,"def":4,"spa":0,"spd":0,"spe":252},"level":5,"ivs":{"hp":31,"atk":31,"def":31,"spa":31,"spd":31,"spe":31}}],"log":["|player|p1|ELC13 IceyFire|17","|player|p2|elc13 Poker|99","|gametype|singles","|gen|6","|tier|LC","|rated","|clearpoke","|poke|p1|Dwebble, L5, M","|poke|p1|Pumpkaboo-*, L5, F","|poke|p1|Pawniard, L5, M","|poke|p1|Archen, L5, M","|poke|p1|Staryu, L5","|poke|p1|Mienfoo, L5, M","|poke|p2|Skrelp, L5, F","|poke|p2|Pumpkaboo-*, L5, F","|poke|p2|Drilbur, L5, M","|poke|p2|Archen, L5, F","|poke|p2|Trubbish, L5, M","|poke|p2|Pawniard, L5, F","|rule|Sleep Clause Mod: Limit one foe put to sleep","|rule|Species Clause: Limit one of each Pokémon","|rule|OHKO Clause: OHKO moves are banned","|rule|Moody Clause: Moody is banned","|rule|Evasion Moves Clause: Evasion moves are banned","|rule|Endless Battle Clause: Forcing endless battles is banned","|rule|HP Percentage Mod: HP is shown in percentages","|teampreview","|","|start","|switch|p1a: Sebalter bitch|Staryu, L5|20/20","|switch|p2a: Pie Eater|Pumpkaboo-Super, L5, F|25/25","|-item|p1a: Sebalter bitch|Eviolite|[from] ability: Frisk|[of] p2a: Pie Eater|[identify]","|turn|1","|","|switch|p1a: Destruction.|Mienfoo, L5, M|21/21","|move|p2a: Pie Eater|Bullet Seed|p1a: Destruction.","|-crit|p1a: Destruction.","|-damage|p1a: Destruction.|14/21","|-damage|p1a: Destruction.|10/21","|-hitcount|p1a: Destruction.|2","|","|turn|2","|","|switch|p2a: Calikush|Trubbish, L5, M|23/23","|move|p1a: Destruction.|U-turn|p2a: Calikush","|-resisted|p2a: Calikush","|-damage|p2a: Calikush|19/23","|","|switch|p1a: Sebalter bitch|Staryu, L5|20/20","|","|turn|3","|","|move|p1a: Sebalter bitch|Hydro Pump|p2a: Calikush|[miss]","|-miss|p1a: Sebalter bitch|p2a: Calikush","|move|p2a: Calikush|Gunk Shot|p1a: Sebalter bitch","|-damage|p1a: Sebalter bitch|10/20","|-status|p1a: Sebalter bitch|psn","|","|-damage|p1a: Sebalter bitch|8/20 psn|[from] psn","|turn|4","|","|switch|p2a: Pie Eater|Pumpkaboo-Super, L5, F|25/25","|-item|p1a: Sebalter bitch|Eviolite|[from] ability: Frisk|[of] p2a: Pie Eater|[identify]","|move|p1a: Sebalter bitch|Psychic|p2a: Pie Eater","|-damage|p2a: Pie Eater|20/25","|","|-damage|p1a: Sebalter bitch|6/20 psn|[from] psn","|turn|5","|","|switch|p1a: Soldier Ryan|Pawniard, L5, M|19/19","|move|p2a: Pie Eater|Will-O-Wisp|p1a: Soldier Ryan","|-status|p1a: Soldier Ryan|brn","|","|-damage|p1a: Soldier Ryan|17/19 brn|[from] brn","|turn|6","|","|switch|p2a: Calikush|Trubbish, L5, M|19/23","|move|p1a: Soldier Ryan|Knock Off|p2a: Calikush","|-damage|p2a: Calikush|10/23","|-activate|p2a: Calikush|ability: Sticky Hold","|-damage|p1a: Soldier Ryan|16/19 brn|[from] item: Life Orb","|-enditem|p2a: Calikush|Berry Juice","|-heal|p2a: Calikush|23/23|[from] item: Berry Juice","|","|-damage|p1a: Soldier Ryan|14/19 brn|[from] brn","|turn|7","|","|move|p2a: Calikush|Drain Punch|p1a: Soldier Ryan","|-supereffective|p1a: Soldier Ryan","|-damage|p1a: Soldier Ryan|0 fnt","|faint|p1a: Soldier Ryan","|","|","|switch|p1a: Heilloween|Pumpkaboo-Super, L5, F|25/25","|turn|8","|","|move|p2a: Calikush|Spikes|p1a: Heilloween","|-sidestart|p1: ELC13 IceyFire|Spikes","|move|p1a: Heilloween|Will-O-Wisp|p2a: Calikush","|-status|p2a: Calikush|brn","|","|-damage|p2a: Calikush|21/23 brn|[from] brn","|turn|9","|","|switch|p1a: Fuck birds|Archen, L5, M|22/22","|move|p2a: Calikush|Spikes|p1a: Fuck birds","|-sidestart|p1: ELC13 IceyFire|Spikes","|","|-damage|p2a: Calikush|19/23 brn|[from] brn","|turn|10","|","|switch|p2a: Spinner|Drilbur, L5, M|23/23","|-ability|p2a: Spinner|Mold Breaker","|move|p1a: Fuck birds|Rock Slide|p2a: Spinner","|-resisted|p2a: Spinner","|-damage|p2a: Spinner|19/23","|","|turn|11","|","|move|p1a: Fuck birds|Rock Slide|p2a: Spinner","|-resisted|p2a: Spinner","|-damage|p2a: Spinner|14/23","|move|p2a: Spinner|Rock Tomb|p1a: Fuck birds|[miss]","|-miss|p2a: Spinner|p1a: Fuck birds","|","|turn|12","|","|move|p2a: Spinner|Rock Tomb|p1a: Fuck birds","|-supereffective|p1a: Fuck birds","|-damage|p1a: Fuck birds|8/22","|-unboost|p1a: Fuck birds|spe|1","|-enditem|p1a: Fuck birds|Berry Juice","|-heal|p1a: Fuck birds|22/22|[from] item: Berry Juice","|move|p1a: Fuck birds|Rock Slide|p2a: Spinner","|-resisted|p2a: Spinner","|-damage|p2a: Spinner|9/23","|","|turn|13","|","|move|p2a: Spinner|Rock Tomb|p1a: Fuck birds","|-supereffective|p1a: Fuck birds","|-damage|p1a: Fuck birds|10/22","|-unboost|p1a: Fuck birds|spe|1","|move|p1a: Fuck birds|Acrobatics|p2a: Spinner","|-damage|p2a: Spinner|2/23","|","|turn|14","|","|move|p2a: Spinner|Rock Tomb|p1a: Fuck birds","|-crit|p1a: Fuck birds","|-supereffective|p1a: Fuck birds","|-damage|p1a: Fuck birds|0 fnt","|faint|p1a: Fuck birds","|","|","|switch|p1a: Heilloween|Pumpkaboo-Super, L5, F|25/25","|-damage|p1a: Heilloween|21/25|[from] Spikes","|-item|p2a: Spinner|Eviolite|[from] ability: Frisk|[of] p1a: Heilloween|[identify]","|turn|15","|","|move|p1a: Heilloween|Shadow Sneak|p2a: Spinner","|-damage|p2a: Spinner|0 fnt","|faint|p2a: Spinner","|","|","|switch|p2a: Sword Slicer|Pawniard, L5, F|21/21","|turn|16","|","|move|p2a: Sword Slicer|Knock Off|p1a: Heilloween","|-supereffective|p1a: Heilloween","|-damage|p1a: Heilloween|1/25","|-enditem|p1a: Heilloween|Eviolite|[from] move: Knock Off|[of] p2a: Sword Slicer","|move|p1a: Heilloween|Will-O-Wisp|p2a: Sword Slicer","|-status|p2a: Sword Slicer|brn","|","|-damage|p2a: Sword Slicer|19/21 brn|[from] brn","|turn|17","|","|move|p1a: Heilloween|Shadow Sneak|p2a: Sword Slicer","|-resisted|p2a: Sword Slicer","|-damage|p2a: Sword Slicer|17/21 brn","|move|p2a: Sword Slicer|Pursuit|p1a: Heilloween","|-supereffective|p1a: Heilloween","|-damage|p1a: Heilloween|0 fnt","|faint|p1a: Heilloween","|","|-damage|p2a: Sword Slicer|15/21 brn|[from] brn","|","|switch|p1a: Destruction.|Mienfoo, L5, M|10/21","|-damage|p1a: Destruction.|7/21|[from] Spikes","|turn|18","|","|move|p1a: Destruction.|Knock Off|p2a: Sword Slicer","|-resisted|p2a: Sword Slicer","|-damage|p2a: Sword Slicer|11/21 brn","|-enditem|p2a: Sword Slicer|Eviolite|[from] move: Knock Off|[of] p1a: Destruction.","|move|p2a: Sword Slicer|Iron Head|p1a: Destruction.","|-damage|p1a: Destruction.|0 fnt","|faint|p1a: Destruction.","|","|-damage|p2a: Sword Slicer|9/21 brn|[from] brn","|","|switch|p1a: Sebalter bitch|Staryu, L5|6/20","|-damage|p1a: Sebalter bitch|3/20|[from] Spikes","|turn|19","|","|move|p1a: Sebalter bitch|Hydro Pump|p2a: Sword Slicer","|-damage|p2a: Sword Slicer|0 fnt","|faint|p2a: Sword Slicer","|","|","|switch|p2a: Pie Eater|Pumpkaboo-Super, L5, F|20/25","|-item|p1a: Sebalter bitch|Eviolite|[from] ability: Frisk|[of] p2a: Pie Eater|[identify]","|turn|20","|","|move|p1a: Sebalter bitch|Psychic|p2a: Pie Eater","|-damage|p2a: Pie Eater|15/25","|-unboost|p2a: Pie Eater|spd|1","|move|p2a: Pie Eater|Bullet Seed|p1a: Sebalter bitch","|-supereffective|p1a: Sebalter bitch","|-damage|p1a: Sebalter bitch|0 fnt","|-hitcount|p1a: Sebalter bitch|1","|faint|p1a: Sebalter bitch","|","|","|switch|p1a: I'm a Crab Cake|Dwebble, L5, M|21/21","|-damage|p1a: I'm a Crab Cake|18/21|[from] Spikes","|turn|21","|","|move|p1a: I'm a Crab Cake|Knock Off|p2a: Pie Eater","|-supereffective|p2a: Pie Eater","|-damage|p2a: Pie Eater|3/25","|-enditem|p2a: Pie Eater|Eviolite|[from] move: Knock Off|[of] p1a: I'm a Crab Cake","|move|p2a: Pie Eater|Will-O-Wisp|p1a: I'm a Crab Cake","|-status|p1a: I'm a Crab Cake|brn","|","|-damage|p1a: I'm a Crab Cake|16/21 brn|[from] brn","|turn|22","|","|move|p1a: I'm a Crab Cake|Knock Off|p2a: Pie Eater","|-supereffective|p2a: Pie Eater","|-damage|p2a: Pie Eater|0 fnt","|faint|p2a: Pie Eater","|","|-damage|p1a: I'm a Crab Cake|14/21 brn|[from] brn","|","|switch|p2a: Bomb|Skrelp, L5, F|21/21","|turn|23","|","|move|p1a: I'm a Crab Cake|Knock Off|p2a: Bomb","|-damage|p2a: Bomb|18/21","|-enditem|p2a: Bomb|Eviolite|[from] move: Knock Off|[of] p1a: I'm a Crab Cake","|move|p2a: Bomb|Scald|p1a: I'm a Crab Cake","|-supereffective|p1a: I'm a Crab Cake","|-damage|p1a: I'm a Crab Cake|0 fnt","|faint|p1a: I'm a Crab Cake","|","|win|elc13 Poker"],"p1rating":{"entryid":"7317808","serverid":"eos","formatid":"lc","userid":"elc13iceyfire","username":"ELC13 IceyFire","w":"1","l":1,"t":"0","gxe":50,"r":"1500","rd":"130","sigma":"0","rptime":"1438419600","rpr":1500,"rprd":116.77753930647,"rpsigma":"0","acre":1023.1794357731,"lacre":1023.1794357731,"oldacre":"1040"},"p2rating":{"entryid":"7317776","serverid":"eos","formatid":"lc","userid":"elc13poker","username":"elc13 Poker","w":2,"l":"1","t":"0","gxe":54.2,"r":"1500","rd":"130","sigma":"0","rptime":"1438419600","rpr":1533.0891783611,"rprd":111.51861011339,"rpsigma":"0","acre":1060.7220155408,"lacre":1060.7220155408,"oldacre":"1022.1660277196"},"endType":"normal"}