{"seed":[22841,48939,29995,34712],"turns":35,"p1":"ELC13 IceyFire","p2":"ELC13 Piers","p1team":[{"name":"I'm a Crab Cake","species":"dwebble","item":"berryjuice","ability":"Sturdy","moves":["spikes","stealthrock","knockoff","counter"],"nature":"Jolly","evs":{"hp":0,"atk":236,"def":0,"spa":0,"spd":0,"spe":236},"level":5,"ivs":{"hp":31,"atk":31,"def":31,"spa":31,"spd":31,"spe":31}},{"name":"Heilloween","species":"pumpkaboosuper","item":"eviolite","ability":"Frisk","moves":["bulletseed","shadowsneak","willowisp","synthesis"],"nature":"Impish","evs":{"hp":204,"atk":80,"def":196,"spa":0,"spd":0,"spe":28},"level":5,"ivs":{"hp":31,"atk":31,"def":31,"spa":31,"spd":31,"spe":31}},{"name":"Soldier Ryan","species":"pawniard","item":"lifeorb","ability":"Defiant","moves":["ironhead","knockoff","suckerpunch","thunderwave"],"nature":"Jolly","evs":{"hp":0,"atk":236,"def":36,"spa":0,"spd":36,"spe":196},"ivs":{"hp":0,"atk":31,"def":31,"spa":31,"spd":31,"spe":31},"level":5},{"name":"Fuck birds","species":"archen","item":"berryjuice","ability":"Defeatist","moves":["acrobatics","rockslide","uturn","roost"],"nature":"Jolly","evs":{"hp":0,"atk":0,"def":156,"spa":0,"spd":156,"spe":196},"level":5,"ivs":{"hp":31,"atk":31,"def":31,"spa":31,"spd":31,"spe":31}},{"name":"Sebalter bitch","species":"staryu","item":"eviolite","ability":"Natural Cure","moves":["hydropump","psychic","recover","rapidspin"],"nature":"Timid","evs":{"hp":36,"atk":0,"def":0,"spa":196,"spd":0,"spe":236},"level":5,"ivs":{"hp":31,"atk":31,"def":31,"spa":31,"spd":31,"spe":31}},{"name":"Destruction.","species":"mienfoo","item":"choicescarf","ability":"Reckless","moves":["highjumpkick","drainpunch","knockoff","uturn"],"nature":"Adamant","evs":{"hp":0,"atk":236,"def":36,"spa":0,"spd":0,"spe":236},"level":5,"ivs":{"hp":31,"atk":31,"def":31,"spa":31,"spd":31,"spe":31}}],"p2team":[{"name":"Dreadlocks","species":"lileep","item":"eviolite","ability":"Storm Drain","moves":["stealthrock","gigadrain","toxic","recover"],"nature":"Bold","evs":{"hp":228,"atk":0,"def":220,"spa":0,"spd":60,"spe":0},"level":5,"ivs":{"hp":31,"atk":31,"def":31,"spa":31,"spd":31,"spe":31}},{"name":"Staryu","species":"Staryu","item":"eviolite","ability":"Natural Cure","moves":["rapidspin","scald","recover","thunderwave"],"nature":"Bold","evs":{"hp":0,"atk":0,"def":236,"spa":36,"spd":236,"spe":0},"level":5,"ivs":{"hp":31,"atk":31,"def":31,"spa":31,"spd":31,"spe":31}},{"name":"Mienfoo","species":"Mienfoo","item":"eviolite","ability":"Regenerator","moves":["fakeout","uturn","knockoff","drainpunch"],"nature":"Adamant","evs":{"hp":88,"atk":184,"def":0,"spa":0,"spd":0,"spe":236},"level":5,"ivs":{"hp":31,"atk":31,"def":31,"spa":31,"spd":31,"spe":31}},{"name":"Fletchling","species":"Fletchling","item":"berryjuice","ability":"Gale Wings","moves":["swordsdance","acrobatics","overheat","uturn"],"nature":"Naughty","evs":{"hp":0,"atk":196,"def":0,"spa":100,"spd":212,"spe":0},"level":5,"ivs":{"hp":31,"atk":31,"def":31,"spa":31,"spd":31,"spe":31}},{"name":"Ghostfire","species":"gastly","item":"choicescarf","ability":"Levitate","moves":["destinybond","shadowball","sludgebomb","hiddenpowerground"],"nature":"Timid","evs":{"hp":0,"atk":0,"def":0,"spa":200,"spd":112,"spe":196},"ivs":{"hp":31,"atk":31,"def":31,"spa":30,"spd":30,"spe":31},"level":5},{"name":"Filth","species":"koffing","item":"eviolite","ability":"Levitate","moves":["clearsmog","fireblast","painsplit","willowisp"],"nature":"Bold","evs":{"hp":36,"atk":0,"def":236,"spa":0,"spd":236,"spe":0},"level":5,"ivs":{"hp":31,"atk":31,"def":31,"spa":31,"spd":31,"spe":31}}],"log":["|player|p1|ELC13 IceyFire|17","|player|p2|ELC13 Piers|piersnins.png","|gametype|singles","|gen|6","|tier|LC","|rated","|clearpoke","|poke|p1|Dwebble, L5, F","|poke|p1|Pumpkaboo-*, L5, F","|poke|p1|Pawniard, L5, F","|poke|p1|Archen, L5, F","|poke|p1|Staryu, L5","|poke|p1|Mienfoo, L5, F","|poke|p2|Lileep, L5, M","|poke|p2|Staryu, L5","|poke|p2|Mienfoo, L5, M","|poke|p2|Fletchling, L5, M","|poke|p2|Gastly, L5, F","|poke|p2|Koffing, L5, F","|rule|Sleep Clause Mod: Limit one foe put to sleep","|rule|Species Clause: Limit one of each Pokémon","|rule|OHKO Clause: OHKO moves are banned","|rule|Moody Clause: Moody is banned","|rule|Evasion Moves Clause: Evasion moves are banned","|rule|Endless Battle Clause: Forcing endless battles is banned","|rule|HP Percentage Mod: HP is shown in percentages","|teampreview","|","|start","|switch|p1a: Destruction.|Mienfoo, L5, F|21/21","|switch|p2a: Mienfoo|Mienfoo, L5, M|22/22","|turn|1","|","|move|p2a: Mienfoo|Fake Out|p1a: Destruction.","|-crit|p1a: Destruction.","|-damage|p1a: Destruction.|13/21","|cant|p1a: Destruction.|flinch","|","|turn|2","|","|move|p1a: Destruction.|Drain Punch|p2a: Mienfoo","|-damage|p2a: Mienfoo|10/22","|-heal|p1a: Destruction.|19/21|[from] drain|[of] p2a: Mienfoo","|move|p2a: Mienfoo|Knock Off|p1a: Destruction.","|-resisted|p1a: Destruction.","|-damage|p1a: Destruction.|13/21","|-enditem|p1a: Destruction.|Choice Scarf|[from] move: Knock Off|[of] p2a: Mienfoo","|","|turn|3","|","|switch|p2a: Filth|Koffing, L5, F|21/21","|move|p1a: Destruction.|Drain Punch|p2a: Filth","|-resisted|p2a: Filth","|-damage|p2a: Filth|18/21","|-heal|p1a: Destruction.|15/21|[from] drain|[of] p2a: Filth","|","|turn|4","|","|move|p1a: Destruction.|U-turn|p2a: Filth","|-resisted|p2a: Filth","|-damage|p2a: Filth|16/21","|","|switch|p1a: Soldier Ryan|Pawniard, L5, F|19/19","|move|p2a: Filth|Will-O-Wisp|p1a: Soldier Ryan|[miss]","|-miss|p2a: Filth|p1a: Soldier Ryan","|","|turn|5","|","|switch|p1a: Sebalter bitch|Staryu, L5|20/20","|move|p2a: Filth|Will-O-Wisp|p1a: Sebalter bitch","|-status|p1a: Sebalter bitch|brn","|","|-damage|p1a: Sebalter bitch|18/20 brn|[from] brn","|turn|6","|","|switch|p2a: Staryu|Staryu, L5|19/19","|move|p1a: Sebalter bitch|Psychic|p2a: Staryu","|-damage|p2a: Staryu|13/19","|","|-damage|p1a: Sebalter bitch|16/20 brn|[from] brn","|turn|7","|","|switch|p1a: Heilloween|Pumpkaboo-Super, L5, F|25/25","|-item|p2a: Staryu|Eviolite|[from] ability: Frisk|[of] p1a: Heilloween|[identify]","|move|p2a: Staryu|Scald|p1a: Heilloween","|-resisted|p1a: Heilloween","|-damage|p1a: Heilloween|22/25","|","|turn|8","|","|switch|p2a: Dreadlocks|Lileep, L5, M|26/26","|move|p1a: Heilloween|Bullet Seed|p2a: Dreadlocks","|-damage|p2a: Dreadlocks|23/26","|-damage|p2a: Dreadlocks|20/26","|-damage|p2a: Dreadlocks|17/26","|-hitcount|p2a: Dreadlocks|3","|","|turn|9","|","|move|p1a: Heilloween|Will-O-Wisp|p2a: Dreadlocks|[miss]","|-miss|p1a: Heilloween|p2a: Dreadlocks","|move|p2a: Dreadlocks|Stealth Rock|p1a: Heilloween","|-sidestart|p1: ELC13 IceyFire|move: Stealth Rock","|","|turn|10","|","|move|p1a: Heilloween|Will-O-Wisp|p2a: Dreadlocks","|-status|p2a: Dreadlocks|brn","|move|p2a: Dreadlocks|Toxic|p1a: Heilloween","|-status|p1a: Heilloween|tox","|","|-damage|p1a: Heilloween|21/25 tox|[from] psn","|-damage|p2a: Dreadlocks|14/26 brn|[from] brn","|turn|11","|","|move|p1a: Heilloween|Bullet Seed|p2a: Dreadlocks","|-damage|p2a: Dreadlocks|11/26 brn","|-damage|p2a: Dreadlocks|8/26 brn","|-hitcount|p2a: Dreadlocks|2","|move|p2a: Dreadlocks|Recover|p2a: Dreadlocks","|-heal|p2a: Dreadlocks|21/26 brn","|","|-damage|p1a: Heilloween|19/25 tox|[from] psn","|-damage|p2a: Dreadlocks|18/26 brn|[from] brn","|turn|12","|","|switch|p1a: I'm a Crab Cake|Dwebble, L5, F|21/21","|-damage|p1a: I'm a Crab Cake|16/21|[from] Stealth Rock","|move|p2a: Dreadlocks|Recover|p2a: Dreadlocks","|-heal|p2a: Dreadlocks|26/26 brn","|","|-damage|p2a: Dreadlocks|23/26 brn|[from] brn","|turn|13","|","|move|p1a: I'm a Crab Cake|Stealth Rock|p2a: Dreadlocks","|-sidestart|p2: ELC13 Piers|move: Stealth Rock","|move|p2a: Dreadlocks|Giga Drain|p1a: I'm a Crab Cake","|-damage|p1a: I'm a Crab Cake|6/21","|-heal|p2a: Dreadlocks|26/26 brn|[from] drain|[of] p1a: I'm a Crab Cake","|-enditem|p1a: I'm a Crab Cake|Berry Juice","|-heal|p1a: I'm a Crab Cake|21/21|[from] item: Berry Juice","|","|-damage|p2a: Dreadlocks|23/26 brn|[from] brn","|turn|14","|","|move|p1a: I'm a Crab Cake|Knock Off|p2a: Dreadlocks","|-damage|p2a: Dreadlocks|18/26 brn","|-enditem|p2a: Dreadlocks|Eviolite|[from] move: Knock Off|[of] p1a: I'm a Crab Cake","|move|p2a: Dreadlocks|Toxic|p1a: I'm a Crab Cake","|-status|p1a: I'm a Crab Cake|tox","|","|-damage|p1a: I'm a Crab Cake|20/21 tox|[from] psn","|-damage|p2a: Dreadlocks|15/26 brn|[from] brn","|turn|15","|","|move|p1a: I'm a Crab Cake|Spikes|p2a: Dreadlocks","|-sidestart|p2: ELC13 Piers|Spikes","|move|p2a: Dreadlocks|Recover|p2a: Dreadlocks","|-heal|p2a: Dreadlocks|26/26 brn","|","|-damage|p1a: I'm a Crab Cake|18/21 tox|[from] psn","|-damage|p2a: Dreadlocks|23/26 brn|[from] brn","|turn|16","|","|move|p1a: I'm a Crab Cake|Spikes|p2a: Dreadlocks","|-sidestart|p2: ELC13 Piers|Spikes","|move|p2a: Dreadlocks|Giga Drain|p1a: I'm a Crab Cake","|-damage|p1a: I'm a Crab Cake|6/21 tox","|-heal|p2a: Dreadlocks|26/26 brn|[from] drain|[of] p1a: I'm a Crab Cake","|","|-damage|p1a: I'm a Crab Cake|3/21 tox|[from] psn","|-damage|p2a: Dreadlocks|23/26 brn|[from] brn","|turn|17","|","|move|p1a: I'm a Crab Cake|Spikes|p2a: Dreadlocks","|-sidestart|p2: ELC13 Piers|Spikes","|move|p2a: Dreadlocks|Recover|p2a: Dreadlocks","|-heal|p2a: Dreadlocks|26/26 brn","|","|-damage|p1a: I'm a Crab Cake|0 fnt|[from] psn","|-damage|p2a: Dreadlocks|23/26 brn|[from] brn","|faint|p1a: I'm a Crab Cake","|","|switch|p1a: Destruction.|Mienfoo, L5, F|15/21","|-damage|p1a: Destruction.|14/21|[from] Stealth Rock","|turn|18","|","|switch|p2a: Filth|Koffing, L5, F|16/21","|-damage|p2a: Filth|14/21|[from] Stealth Rock","|move|p1a: Destruction.|Drain Punch|p2a: Filth","|-resisted|p2a: Filth","|-damage|p2a: Filth|11/21","|-heal|p1a: Destruction.|16/21|[from] drain|[of] p2a: Filth","|","|turn|19","|","|switch|p1a: Heilloween|Pumpkaboo-Super, L5, F|19/25 tox","|-damage|p1a: Heilloween|16/25 tox|[from] Stealth Rock","|-item|p2a: Filth|Eviolite|[from] ability: Frisk|[of] p1a: Heilloween|[identify]","|move|p2a: Filth|Pain Split|p1a: Heilloween","|-sethp|p1a: Heilloween|13/25 tox|p2a: Filth|13/21|[from] move: Pain Split","|","|-damage|p1a: Heilloween|12/25 tox|[from] psn","|turn|20","|","|move|p1a: Heilloween|Will-O-Wisp|p2a: Filth","|-status|p2a: Filth|brn","|move|p2a: Filth|Fire Blast|p1a: Heilloween","|-supereffective|p1a: Heilloween","|-damage|p1a: Heilloween|0 fnt","|faint|p1a: Heilloween","|","|-damage|p2a: Filth|11/21 brn|[from] brn","|","|switch|p1a: Fuck birds|Archen, L5, F|22/22","|-damage|p1a: Fuck birds|17/22|[from] Stealth Rock","|turn|21","|","|move|p1a: Fuck birds|Rock Slide|p2a: Filth","|-damage|p2a: Filth|5/21 brn","|move|p2a: Filth|Will-O-Wisp|p1a: Fuck birds","|-status|p1a: Fuck birds|brn","|","|-damage|p1a: Fuck birds|15/22 brn|[from] brn","|-damage|p2a: Filth|3/21 brn|[from] brn","|turn|22","|","|move|p1a: Fuck birds|Rock Slide|p2a: Filth","|-damage|p2a: Filth|0 fnt","|faint|p2a: Filth","|","|-damage|p1a: Fuck birds|13/22 brn|[from] brn","|","|switch|p2a: Staryu|Staryu, L5|13/19","|-damage|p2a: Staryu|9/19|[from] Spikes","|-damage|p2a: Staryu|7/19|[from] Stealth Rock","|turn|23","|","|move|p1a: Fuck birds|U-turn|p2a: Staryu","|-damage|p2a: Staryu|5/19","|","|switch|p1a: Soldier Ryan|Pawniard, L5, F|19/19","|-damage|p1a: Soldier Ryan|18/19|[from] Stealth Rock","|move|p2a: Staryu|Rapid Spin|p1a: Soldier Ryan","|-resisted|p1a: Soldier Ryan","|-damage|p1a: Soldier Ryan|17/19","|-sideend|p2: ELC13 Piers|Spikes|[from] move: Rapid Spin|[of] p2a: Staryu","|-sideend|p2: ELC13 Piers|Stealth Rock|[from] move: Rapid Spin|[of] p2a: Staryu","|","|turn|24","|","|move|p1a: Soldier Ryan|Knock Off|p2a: Staryu","|-damage|p2a: Staryu|0 fnt","|-enditem|p2a: Staryu|Eviolite|[from] move: Knock Off|[of] p1a: Soldier Ryan","|-damage|p1a: Soldier Ryan|16/19|[from] item: Life Orb","|faint|p2a: Staryu","|","|","|switch|p2a: Mienfoo|Mienfoo, L5, M|17/22","|turn|25","|","|switch|p1a: Fuck birds|Archen, L5, F|13/22 brn","|-damage|p1a: Fuck birds|8/22 brn|[from] Stealth Rock","|-enditem|p1a: Fuck birds|Berry Juice","|-heal|p1a: Fuck birds|22/22 brn|[from] item: Berry Juice","|move|p2a: Mienfoo|Drain Punch|p1a: Fuck birds","|-damage|p1a: Fuck birds|10/22 brn","|-heal|p2a: Mienfoo|22/22|[from] drain|[of] p1a: Fuck birds","|","|-damage|p1a: Fuck birds|8/22 brn|[from] brn","|turn|26","|","|switch|p2a: Dreadlocks|Lileep, L5, M|23/26 brn","|move|p1a: Fuck birds|Acrobatics|p2a: Dreadlocks","|-damage|p2a: Dreadlocks|20/26 brn","|","|-damage|p1a: Fuck birds|6/22 brn|[from] brn","|-damage|p2a: Dreadlocks|17/26 brn|[from] brn","|turn|27","|","|move|p1a: Fuck birds|Roost|p1a: Fuck birds","|-heal|p1a: Fuck birds|17/22 brn","|move|p2a: Dreadlocks|Giga Drain|p1a: Fuck birds","|-supereffective|p1a: Fuck birds","|-damage|p1a: Fuck birds|0 fnt","|-heal|p2a: Dreadlocks|26/26 brn|[from] drain|[of] p1a: Fuck birds","|faint|p1a: Fuck birds","|","|-damage|p2a: Dreadlocks|23/26 brn|[from] brn","|","|switch|p1a: Destruction.|Mienfoo, L5, F|16/21","|-damage|p1a: Destruction.|15/21|[from] Stealth Rock","|turn|28","|","|move|p1a: Destruction.|Drain Punch|p2a: Dreadlocks","|-supereffective|p2a: Dreadlocks","|-damage|p2a: Dreadlocks|3/26 brn","|-heal|p1a: Destruction.|21/21|[from] drain|[of] p2a: Dreadlocks","|move|p2a: Dreadlocks|Toxic|p1a: Destruction.","|-status|p1a: Destruction.|tox","|","|-damage|p1a: Destruction.|20/21 tox|[from] psn","|-damage|p2a: Dreadlocks|0 fnt|[from] brn","|faint|p2a: Dreadlocks","|","|switch|p2a: Fletchling|Fletchling, L5, M|21/21","|turn|29","|","|move|p1a: Destruction.|High Jump Kick|p2a: Fletchling","|-damage|p2a: Fletchling|0 fnt","|faint|p2a: Fletchling","|","|-damage|p1a: Destruction.|18/21 tox|[from] psn","|","|switch|p2a: Mienfoo|Mienfoo, L5, M|22/22","|turn|30","|","|move|p2a: Mienfoo|Fake Out|p1a: Destruction.","|-damage|p1a: Destruction.|13/21 tox","|cant|p1a: Destruction.|flinch","|","|-damage|p1a: Destruction.|10/21 tox|[from] psn","|turn|31","|","|move|p2a: Mienfoo|Drain Punch|p1a: Destruction.","|-crit|p1a: Destruction.","|-damage|p1a: Destruction.|0 fnt","|faint|p1a: Destruction.","|","|","|switch|p1a: Sebalter bitch|Staryu, L5|16/20","|-damage|p1a: Sebalter bitch|14/20|[from] Stealth Rock","|turn|32","|","|move|p1a: Sebalter bitch|Psychic|p2a: Mienfoo","|-supereffective|p2a: Mienfoo","|-damage|p2a: Mienfoo|8/22","|move|p2a: Mienfoo|Knock Off|p1a: Sebalter bitch","|-damage|p1a: Sebalter bitch|6/20","|-enditem|p1a: Sebalter bitch|Eviolite|[from] move: Knock Off|[of] p2a: Mienfoo","|","|turn|33","|","|move|p1a: Sebalter bitch|Psychic|p2a: Mienfoo","|-supereffective|p2a: Mienfoo","|-damage|p2a: Mienfoo|0 fnt","|faint|p2a: Mienfoo","|","|","|switch|p2a: Ghostfire|Gastly, L5, F|19/19","|turn|34","|","|move|p2a: Ghostfire|Hidden Power|p1a: Sebalter bitch","|-damage|p1a: Sebalter bitch|0 fnt","|faint|p1a: Sebalter bitch","|","|","|switch|p1a: Soldier Ryan|Pawniard, L5, F|16/19","|-damage|p1a: Soldier Ryan|15/19|[from] Stealth Rock","|turn|35","|","|move|p1a: Soldier Ryan|Sucker Punch|p2a: Ghostfire","|-supereffective|p2a: Ghostfire","|-damage|p2a: Ghostfire|0 fnt","|-damage|p1a: Soldier Ryan|14/19|[from] item: Life Orb","|faint|p2a: Ghostfire","|","|win|ELC13 IceyFire"],"p1rating":{"entryid":7317808,"formatid":"lc","userid":"elc13iceyfire","username":"ELC13 IceyFire","r":1500,"rd":130,"sigma":0,"rpr":1540.1606143388,"rprd":122.8583080769,"rpsigma":0,"rptime":1438419600,"w":1,"l":0,"t":0,"gxe":55,"acre":1040,"lacre":1040,"oldacre":1000},"p2rating":{"entryid":7317809,"formatid":"lc","userid":"elc13piers","username":"ELC13 Piers","r":1500,"rd":130,"sigma":0,"rpr":1459.8393856612,"rprd":122.8583080769,"rpsigma":0,"rptime":1438419600,"w":0,"l":1,"t":0,"gxe":45,"acre":1000,"lacre":1000,"oldacre":1000},"endType":"normal"}