{"seed":[48838,18660,3989,20168],"turns":36,"p1":"ELC13 DC","p2":"elc13 Poker","p1team":[{"name":"prem","species":"mienfoo","item":"lifeorb","ability":"Regenerator","moves":["highjumpkick","fakeout","stoneedge","uturn"],"nature":"Jolly","evs":{"hp":0,"atk":236,"def":36,"spa":0,"spd":0,"spe":236},"gender":"M","level":5,"ivs":{"hp":31,"atk":31,"def":31,"spa":31,"spd":31,"spe":31}},{"name":"Timburr","species":"Timburr","item":"eviolite","ability":"Guts","moves":["drainpunch","bulkup","payback","machpunch"],"nature":"Careful","evs":{"hp":76,"atk":196,"def":0,"spa":0,"spd":236,"spe":0},"gender":"F","level":5,"ivs":{"hp":31,"atk":31,"def":31,"spa":31,"spd":31,"spe":31}},{"name":"Ray Jay","species":"ferroseed","item":"eviolite","ability":"Iron Barbs","moves":["bulletseed","leechseed","stealthrock","protect"],"nature":"Sassy","evs":{"hp":84,"atk":36,"def":188,"spa":0,"spd":152,"spe":0},"gender":"M","level":5,"ivs":{"hp":31,"atk":31,"def":31,"spa":31,"spd":31,"spe":31}},{"name":"AlphaJolt","species":"koffing","item":"eviolite","ability":"Levitate","moves":["painsplit","willowisp","clearsmog","sludgebomb"],"nature":"Bold","evs":{"hp":196,"atk":0,"def":156,"spa":0,"spd":156,"spe":0},"gender":"M","level":5,"ivs":{"hp":31,"atk":31,"def":31,"spa":31,"spd":31,"spe":31}},{"name":"little_gk","species":"porygon","item":"eviolite","ability":"Trace","moves":["thunderwave","triattack","shadowball","recover"],"nature":"Bold","evs":{"hp":236,"atk":0,"def":196,"spa":0,"spd":76,"spe":0},"level":5,"ivs":{"hp":31,"atk":31,"def":31,"spa":31,"spd":31,"spe":31}},{"name":"emma","species":"staryu","item":"eviolite","ability":"Natural Cure","moves":["recover","rapidspin","hydropump","psychic"],"nature":"Timid","evs":{"hp":36,"atk":0,"def":0,"spa":200,"spd":0,"spe":240},"level":5,"ivs":{"hp":31,"atk":31,"def":31,"spa":31,"spd":31,"spe":31}}],"p2team":[{"name":"Bomb","species":"skrelp","item":"eviolite","ability":"Adaptability","moves":["toxicspikes","scald","sludgewave","hydropump"],"nature":"Modest","evs":{"hp":0,"atk":0,"def":116,"spa":196,"spd":116,"spe":80},"level":5,"ivs":{"hp":31,"atk":31,"def":31,"spa":31,"spd":31,"spe":31}},{"name":"Pie Eater","species":"pumpkaboosuper","item":"eviolite","ability":"Frisk","moves":["bulletseed","leechseed","willowisp","synthesis"],"nature":"Careful","evs":{"hp":204,"atk":0,"def":36,"spa":0,"spd":236,"spe":28},"level":5,"ivs":{"hp":31,"atk":31,"def":31,"spa":31,"spd":31,"spe":31}},{"name":"Spinner","species":"drilbur","item":"eviolite","ability":"Mold Breaker","moves":["stealthrock","rapidspin","earthquake","rocktomb"],"nature":"Jolly","evs":{"hp":60,"atk":236,"def":0,"spa":0,"spd":0,"spe":212},"level":5,"ivs":{"hp":31,"atk":31,"def":31,"spa":31,"spd":31,"spe":31}},{"name":"Parrotkeet","species":"archen","item":"berryjuice","ability":"Defeatist","moves":["rockslide","uturn","earthquake","acrobatics"],"nature":"Jolly","evs":{"hp":132,"atk":180,"def":0,"spa":0,"spd":0,"spe":196},"level":5,"ivs":{"hp":31,"atk":31,"def":31,"spa":31,"spd":31,"spe":31}},{"name":"Calikush","species":"trubbish","item":"berryjuice","ability":"Sticky Hold","moves":["spikes","recycle","gunkshot","drainpunch"],"nature":"Jolly","evs":{"hp":116,"atk":36,"def":100,"spa":0,"spd":20,"spe":236},"level":5,"ivs":{"hp":31,"atk":31,"def":31,"spa":31,"spd":31,"spe":31}},{"name":"Sword Slicer","species":"pawniard","item":"eviolite","ability":"Defiant","moves":["knockoff","suckerpunch","ironhead","pursuit"],"nature":"Adamant","evs":{"hp":0,"atk":252,"def":4,"spa":0,"spd":0,"spe":252},"level":5,"ivs":{"hp":31,"atk":31,"def":31,"spa":31,"spd":31,"spe":31}}],"log":["|player|p1|ELC13 DC|dragoncrusher.gif","|player|p2|elc13 Poker|99","|gametype|singles","|gen|6","|tier|LC","|rated","|clearpoke","|poke|p1|Mienfoo, L5, M","|poke|p1|Timburr, L5, F","|poke|p1|Ferroseed, L5, M","|poke|p1|Koffing, L5, M","|poke|p1|Porygon, L5","|poke|p1|Staryu, L5","|poke|p2|Skrelp, L5, M","|poke|p2|Pumpkaboo-*, L5, F","|poke|p2|Drilbur, L5, M","|poke|p2|Archen, L5, M","|poke|p2|Trubbish, L5, M","|poke|p2|Pawniard, L5, M","|rule|Sleep Clause Mod: Limit one foe put to sleep","|rule|Species Clause: Limit one of each Pokémon","|rule|OHKO Clause: OHKO moves are banned","|rule|Moody Clause: Moody is banned","|rule|Evasion Moves Clause: Evasion moves are banned","|rule|Endless Battle Clause: Forcing endless battles is banned","|rule|HP Percentage Mod: HP is shown in percentages","|teampreview","|","|start","|switch|p1a: emma|Staryu, L5|20/20","|switch|p2a: Pie Eater|Pumpkaboo-Super, L5, F|25/25","|-item|p1a: emma|Eviolite|[from] ability: Frisk|[of] p2a: Pie Eater|[identify]","|turn|1","|","|move|p1a: emma|Psychic|p2a: Pie Eater","|-damage|p2a: Pie Eater|20/25","|move|p2a: Pie Eater|Leech Seed|p1a: emma","|-start|p1a: emma|move: Leech Seed","|","|-damage|p1a: emma|18/20|[from] Leech Seed|[of] p2a: Pie Eater","|-heal|p2a: Pie Eater|22/25|[silent]","|turn|2","|","|switch|p1a: Timburr|Timburr, L5, F|25/25","|move|p2a: Pie Eater|Bullet Seed|p1a: Timburr","|-damage|p1a: Timburr|22/25","|-damage|p1a: Timburr|19/25","|-hitcount|p1a: Timburr|2","|","|turn|3","|","|move|p2a: Pie Eater|Bullet Seed|p1a: Timburr","|-damage|p1a: Timburr|16/25","|-crit|p1a: Timburr","|-damage|p1a: Timburr|12/25","|-hitcount|p1a: Timburr|2","|move|p1a: Timburr|Payback|p2a: Pie Eater","|-supereffective|p2a: Pie Eater","|-damage|p2a: Pie Eater|8/25","|","|turn|4","|","|move|p2a: Pie Eater|Synthesis|p2a: Pie Eater","|-heal|p2a: Pie Eater|20/25","|move|p1a: Timburr|Payback|p2a: Pie Eater","|-supereffective|p2a: Pie Eater","|-damage|p2a: Pie Eater|6/25","|","|turn|5","|","|switch|p2a: Bomb|Skrelp, L5, M|21/21","|move|p1a: Timburr|Payback|p2a: Bomb","|-damage|p2a: Bomb|17/21","|","|turn|6","|","|move|p1a: Timburr|Drain Punch|p2a: Bomb","|-resisted|p2a: Bomb","|-damage|p2a: Bomb|14/21","|-heal|p1a: Timburr|14/25|[from] drain|[of] p2a: Bomb","|move|p2a: Bomb|Hydro Pump|p1a: Timburr","|-damage|p1a: Timburr|0 fnt","|faint|p1a: Timburr","|","|","|switch|p1a: little_gk|Porygon, L5|26/26","|-ability|p1a: little_gk|Adaptability|[from] ability: Trace|[of] p2a: Bomb","|turn|7","|","|switch|p2a: Sword Slicer|Pawniard, L5, M|21/21","|move|p1a: little_gk|Tri Attack|p2a: Sword Slicer","|-resisted|p2a: Sword Slicer","|-damage|p2a: Sword Slicer|14/21","|","|turn|8","|","|move|p2a: Sword Slicer|Knock Off|p1a: little_gk","|-damage|p1a: little_gk|17/26","|-enditem|p1a: little_gk|Eviolite|[from] move: Knock Off|[of] p2a: Sword Slicer","|move|p1a: little_gk|Tri Attack|p2a: Sword Slicer","|-resisted|p2a: Sword Slicer","|-damage|p2a: Sword Slicer|8/21","|-status|p2a: Sword Slicer|brn","|","|-damage|p2a: Sword Slicer|6/21 brn|[from] brn","|turn|9","|","|switch|p2a: Pie Eater|Pumpkaboo-Super, L5, F|6/25","|move|p1a: little_gk|Recover|p1a: little_gk","|-heal|p1a: little_gk|26/26","|","|turn|10","|","|move|p2a: Pie Eater|Synthesis|p2a: Pie Eater","|-heal|p2a: Pie Eater|18/25","|move|p1a: little_gk|Shadow Ball|p2a: Pie Eater","|-supereffective|p2a: Pie Eater","|-damage|p2a: Pie Eater|8/25","|","|turn|11","|","|move|p2a: Pie Eater|Synthesis|p2a: Pie Eater","|-heal|p2a: Pie Eater|20/25","|move|p1a: little_gk|Shadow Ball|p2a: Pie Eater","|-supereffective|p2a: Pie Eater","|-damage|p2a: Pie Eater|10/25","|","|turn|12","|","|move|p2a: Pie Eater|Synthesis|p2a: Pie Eater","|-heal|p2a: Pie Eater|22/25","|move|p1a: little_gk|Shadow Ball|p2a: Pie Eater","|-supereffective|p2a: Pie Eater","|-damage|p2a: Pie Eater|12/25","|","|turn|13","|","|move|p2a: Pie Eater|Leech Seed|p1a: little_gk|[miss]","|-miss|p2a: Pie Eater|p1a: little_gk","|move|p1a: little_gk|Shadow Ball|p2a: Pie Eater","|-supereffective|p2a: Pie Eater","|-damage|p2a: Pie Eater|2/25","|","|turn|14","|","|move|p2a: Pie Eater|Synthesis|p2a: Pie Eater","|-heal|p2a: Pie Eater|14/25","|move|p1a: little_gk|Shadow Ball|p2a: Pie Eater","|-supereffective|p2a: Pie Eater","|-damage|p2a: Pie Eater|4/25","|","|turn|15","|","|move|p2a: Pie Eater|Leech Seed|p1a: little_gk","|-start|p1a: little_gk|move: Leech Seed","|move|p1a: little_gk|Shadow Ball|p2a: Pie Eater","|-supereffective|p2a: Pie Eater","|-damage|p2a: Pie Eater|0 fnt","|faint|p2a: Pie Eater","|","|","|switch|p2a: Calikush|Trubbish, L5, M|23/23","|turn|16","|","|move|p2a: Calikush|Gunk Shot|p1a: little_gk","|-damage|p1a: little_gk|16/26","|move|p1a: little_gk|Tri Attack|p2a: Calikush","|-damage|p2a: Calikush|7/23","|-enditem|p2a: Calikush|Berry Juice","|-heal|p2a: Calikush|23/23|[from] item: Berry Juice","|","|-damage|p1a: little_gk|13/26|[from] Leech Seed|[of] p2a: Calikush","|turn|17","|","|move|p2a: Calikush|Recycle|p2a: Calikush","|-item|p2a: Calikush|Berry Juice|[from] move: Recycle","|move|p1a: little_gk|Tri Attack|p2a: Calikush","|-damage|p2a: Calikush|7/23","|-enditem|p2a: Calikush|Berry Juice","|-heal|p2a: Calikush|23/23|[from] item: Berry Juice","|","|-damage|p1a: little_gk|10/26|[from] Leech Seed|[of] p2a: Calikush","|turn|18","|","|move|p2a: Calikush|Recycle|p2a: Calikush","|-item|p2a: Calikush|Berry Juice|[from] move: Recycle","|move|p1a: little_gk|Thunder Wave|p2a: Calikush","|-status|p2a: Calikush|par","|","|-damage|p1a: little_gk|7/26|[from] Leech Seed|[of] p2a: Calikush","|turn|19","|","|move|p1a: little_gk|Recover|p1a: little_gk","|-heal|p1a: little_gk|20/26","|cant|p2a: Calikush|par","|","|-damage|p1a: little_gk|17/26|[from] Leech Seed|[of] p2a: Calikush","|turn|20","|","|move|p1a: little_gk|Tri Attack|p2a: Calikush","|-damage|p2a: Calikush|7/23 par","|-enditem|p2a: Calikush|Berry Juice","|-heal|p2a: Calikush|23/23 par|[from] item: Berry Juice","|move|p2a: Calikush|Gunk Shot|p1a: little_gk","|-damage|p1a: little_gk|7/26","|-status|p1a: little_gk|psn","|","|-damage|p1a: little_gk|4/26 psn|[from] Leech Seed|[of] p2a: Calikush","|-damage|p1a: little_gk|1/26 psn|[from] psn","|turn|21","|","|move|p1a: little_gk|Tri Attack|p2a: Calikush","|-damage|p2a: Calikush|7/23 par","|move|p2a: Calikush|Recycle|p2a: Calikush","|-item|p2a: Calikush|Berry Juice|[from] move: Recycle","|-enditem|p2a: Calikush|Berry Juice","|-heal|p2a: Calikush|23/23 par|[from] item: Berry Juice","|","|-damage|p1a: little_gk|0 fnt|[from] Leech Seed|[of] p2a: Calikush","|faint|p1a: little_gk","|","|switch|p1a: emma|Staryu, L5|18/20","|turn|22","|","|move|p1a: emma|Psychic|p2a: Calikush","|-supereffective|p2a: Calikush","|-damage|p2a: Calikush|5/23 par","|move|p2a: Calikush|Gunk Shot|p1a: emma","|-crit|p1a: emma","|-damage|p1a: emma|2/20","|","|turn|23","|","|move|p1a: emma|Psychic|p2a: Calikush","|-supereffective|p2a: Calikush","|-damage|p2a: Calikush|0 fnt","|faint|p2a: Calikush","|","|","|switch|p2a: Parrotkeet|Archen, L5, M|23/23","|turn|24","|","|move|p1a: emma|Hydro Pump|p2a: Parrotkeet|[miss]","|-miss|p1a: emma|p2a: Parrotkeet","|move|p2a: Parrotkeet|Acrobatics|p1a: emma","|-damage|p1a: emma|0 fnt","|faint|p1a: emma","|","|","|switch|p1a: AlphaJolt|Koffing, L5, M|23/23","|turn|25","|","|switch|p2a: Sword Slicer|Pawniard, L5, M|6/21 brn","|move|p1a: AlphaJolt|Will-O-Wisp|p2a: Sword Slicer","|-fail|p2a: Sword Slicer|brn","|","|-damage|p2a: Sword Slicer|4/21 brn|[from] brn","|turn|26","|","|switch|p1a: Ray Jay|Ferroseed, L5, M|22/22","|move|p2a: Sword Slicer|Knock Off|p1a: Ray Jay","|-damage|p1a: Ray Jay|18/22","|-damage|p2a: Sword Slicer|2/21 brn|[from] ability: Iron Barbs|[of] p1a: Ray Jay","|-enditem|p1a: Ray Jay|Eviolite|[from] move: Knock Off|[of] p2a: Sword Slicer","|","|-damage|p2a: Sword Slicer|0 fnt|[from] brn","|faint|p2a: Sword Slicer","|","|switch|p2a: Spinner|Drilbur, L5, M|23/23","|-ability|p2a: Spinner|Mold Breaker","|turn|27","|","|move|p2a: Spinner|Stealth Rock|p1a: Ray Jay","|-sidestart|p1: ELC13 DC|move: Stealth Rock","|move|p1a: Ray Jay|Bullet Seed|p2a: Spinner","|-supereffective|p2a: Spinner","|-damage|p2a: Spinner|17/23","|-supereffective|p2a: Spinner","|-damage|p2a: Spinner|11/23","|-hitcount|p2a: Spinner|2","|","|turn|28","|","|move|p2a: Spinner|Earthquake|p1a: Ray Jay","|-damage|p1a: Ray Jay|5/22","|move|p1a: Ray Jay|Bullet Seed|p2a: Spinner","|-supereffective|p2a: Spinner","|-damage|p2a: Spinner|5/23","|-supereffective|p2a: Spinner","|-damage|p2a: Spinner|0 fnt","|-hitcount|p2a: Spinner|2","|faint|p2a: Spinner","|","|","|switch|p2a: Bomb|Skrelp, L5, M|14/21","|turn|29","|","|move|p2a: Bomb|Hydro Pump|p1a: Ray Jay|[miss]","|-miss|p2a: Bomb|p1a: Ray Jay","|move|p1a: Ray Jay|Bullet Seed|p2a: Bomb","|-damage|p2a: Bomb|11/21","|-damage|p2a: Bomb|8/21","|-hitcount|p2a: Bomb|2","|","|turn|30","|","|move|p2a: Bomb|Hydro Pump|p1a: Ray Jay","|-resisted|p1a: Ray Jay","|-damage|p1a: Ray Jay|0 fnt","|faint|p1a: Ray Jay","|","|","|switch|p1a: prem|Mienfoo, L5, M|21/21","|-damage|p1a: prem|20/21|[from] Stealth Rock","|turn|31","|","|switch|p2a: Parrotkeet|Archen, L5, M|23/23","|move|p1a: prem|Fake Out|p2a: Parrotkeet","|-resisted|p2a: Parrotkeet","|-damage|p2a: Parrotkeet|20/23","|-damage|p1a: prem|18/21|[from] item: Life Orb","|","|turn|32","|","|move|p2a: Parrotkeet|Acrobatics|p1a: prem","|-supereffective|p1a: prem","|-damage|p1a: prem|0 fnt","|faint|p1a: prem","|","|","|switch|p1a: AlphaJolt|Koffing, L5, M|23/23","|-damage|p1a: AlphaJolt|21/23|[from] Stealth Rock","|turn|33","|","|switch|p2a: Bomb|Skrelp, L5, M|8/21","|move|p1a: AlphaJolt|Will-O-Wisp|p2a: Bomb","|-status|p2a: Bomb|brn","|","|-damage|p2a: Bomb|6/21 brn|[from] brn","|turn|34","|","|move|p2a: Bomb|Hydro Pump|p1a: AlphaJolt","|-damage|p1a: AlphaJolt|5/23","|move|p1a: AlphaJolt|Sludge Bomb|p2a: Bomb","|-resisted|p2a: Bomb","|-damage|p2a: Bomb|3/21 brn","|","|-damage|p2a: Bomb|1/21 brn|[from] brn","|turn|35","|","|move|p1a: AlphaJolt|Clear Smog|p2a: Bomb","|-resisted|p2a: Bomb","|-damage|p2a: Bomb|0 fnt","|-clearboost|p2a: Bomb","|faint|p2a: Bomb","|","|","|switch|p2a: Parrotkeet|Archen, L5, M|20/23","|turn|36","|","|move|p2a: Parrotkeet|Rock Slide|p1a: AlphaJolt","|-damage|p1a: AlphaJolt|0 fnt","|faint|p1a: AlphaJolt","|","|win|elc13 Poker"],"p1rating":{"entryid":"7318076","serverid":"eos","formatid":"lc","userid":"elc13dc","username":"ELC13 DC","w":"3","l":1,"t":"0","gxe":57.7,"r":"1500","rd":"130","sigma":"0","rptime":"1438419600","rpr":1560.8234906758,"rprd":106.91164920561,"rpsigma":"0","acre":1079.0990980791,"lacre":1079.0990980791,"oldacre":"1104.5460402264"},"p2rating":{"entryid":"7317776","serverid":"eos","formatid":"lc","userid":"elc13poker","username":"elc13 Poker","w":5,"l":"2","t":"0","gxe":59.3,"r":"1500","rd":"130","sigma":"0","rptime":"1438419600","rpr":1573.4141666569,"rprd":95.903325256722,"rpsigma":"0","acre":1124.0353386702,"lacre":1124.0353386702,"oldacre":"1098.3340340949"},"endType":"normal"}