{"seed":[12941,23866,30482,13776],"turns":24,"p1":"Traine✘ MaxDerp","p2":"Piersnins","p1team":[{"name":"Kid Elekid","species":"elekid","item":"lifeorb","ability":"Static","moves":["thunderpunch","crosschop","doubleedge","icepunch"],"nature":"Jolly","evs":{"hp":0,"atk":252,"def":0,"spa":0,"spd":20,"spe":236},"level":5,"ivs":{"hp":31,"atk":31,"def":31,"spa":31,"spd":31,"spe":31}},{"name":"LuLu","species":"riolu","item":"focussash","ability":"Prankster","moves":["copycat","highjumpkick","earthquake","icepunch"],"nature":"Adamant","evs":{"hp":4,"atk":196,"def":112,"spa":0,"spd":196,"spe":0},"level":5,"ivs":{"hp":31,"atk":31,"def":31,"spa":31,"spd":31,"spe":31}},{"name":"AMabra","species":"abra","item":"focussash","ability":"Magic Guard","moves":["psychic","shadowball","hiddenpowerfighting","signalbeam"],"nature":"Timid","evs":{"hp":0,"atk":0,"def":0,"spa":240,"spd":68,"spe":200},"ivs":{"hp":31,"atk":31,"def":30,"spa":30,"spd":30,"spe":30},"level":5},{"name":"Pixels","species":"vulpix","item":"choicescarf","ability":"Drought","moves":["fireblast","energyball","extrasensory","overheat"],"nature":"Timid","evs":{"hp":4,"atk":0,"def":0,"spa":196,"spd":72,"spe":236},"level":5,"ivs":{"hp":31,"atk":31,"def":31,"spa":31,"spd":31,"spe":31}},{"name":"Bellatrix","species":"bellsprout","item":"expertbelt","ability":"Chlorophyll","moves":["solarbeam","weatherball","sludgebomb","suckerpunch"],"nature":"Rash","evs":{"hp":0,"atk":116,"def":0,"spa":196,"spd":0,"spe":196},"level":5,"ivs":{"hp":31,"atk":31,"def":31,"spa":31,"spd":31,"spe":31}},{"name":"Pawn or nah","species":"pawniard","item":"focussash","ability":"Defiant","moves":["suckerpunch","ironhead","thunderwave","psychocut"],"nature":"Adamant","evs":{"hp":0,"atk":236,"def":76,"spa":0,"spd":196,"spe":0},"level":5,"ivs":{"hp":31,"atk":31,"def":31,"spa":31,"spd":31,"spe":31}}],"p2team":[{"name":"Dreadlocks","species":"lileep","item":"eviolite","ability":"Storm Drain","moves":["stealthrock","gigadrain","toxic","recover"],"nature":"Bold","evs":{"hp":228,"atk":0,"def":220,"spa":0,"spd":60,"spe":0},"level":5,"ivs":{"hp":31,"atk":31,"def":31,"spa":31,"spd":31,"spe":31}},{"name":"Staryu","species":"Staryu","item":"eviolite","ability":"Natural Cure","moves":["rapidspin","scald","recover","thunderwave"],"nature":"Bold","evs":{"hp":0,"atk":0,"def":236,"spa":36,"spd":236,"spe":0},"level":5,"ivs":{"hp":31,"atk":31,"def":31,"spa":31,"spd":31,"spe":31}},{"name":"Mienfoo","species":"Mienfoo","item":"eviolite","ability":"Regenerator","moves":["fakeout","uturn","knockoff","drainpunch"],"nature":"Adamant","evs":{"hp":88,"atk":184,"def":0,"spa":0,"spd":0,"spe":236},"level":5,"ivs":{"hp":31,"atk":31,"def":31,"spa":31,"spd":31,"spe":31}},{"name":"Fletchling","species":"Fletchling","item":"berryjuice","ability":"Gale Wings","moves":["swordsdance","acrobatics","overheat","uturn"],"nature":"Naughty","evs":{"hp":0,"atk":196,"def":0,"spa":100,"spd":212,"spe":0},"level":5,"ivs":{"hp":31,"atk":31,"def":31,"spa":31,"spd":31,"spe":31}},{"name":"Ghostfire","species":"gastly","item":"choicescarf","ability":"Levitate","moves":["destinybond","shadowball","sludgebomb","hiddenpowerground"],"nature":"Timid","evs":{"hp":0,"atk":0,"def":0,"spa":200,"spd":112,"spe":196},"ivs":{"hp":31,"atk":31,"def":31,"spa":30,"spd":30,"spe":31},"level":5},{"name":"Filth","species":"koffing","item":"eviolite","ability":"Levitate","moves":["clearsmog","fireblast","painsplit","willowisp"],"nature":"Bold","evs":{"hp":36,"atk":0,"def":236,"spa":0,"spd":236,"spe":0},"level":5,"ivs":{"hp":31,"atk":31,"def":31,"spa":31,"spd":31,"spe":31}}],"log":["|player|p1|Traine✘ MaxDerp|3","|player|p2|Piersnins|piersnins.png","|gametype|singles","|gen|6","|tier|LC","|rated","|clearpoke","|poke|p1|Elekid, L5, M","|poke|p1|Riolu, L5, F","|poke|p1|Abra, L5, F","|poke|p1|Vulpix, L5, F","|poke|p1|Bellsprout, L5, M","|poke|p1|Pawniard, L5, M","|poke|p2|Lileep, L5, M","|poke|p2|Staryu, L5","|poke|p2|Mienfoo, L5, M","|poke|p2|Fletchling, L5, F","|poke|p2|Gastly, L5, M","|poke|p2|Koffing, L5, F","|rule|Sleep Clause Mod: Limit one foe put to sleep","|rule|Species Clause: Limit one of each Pokémon","|rule|OHKO Clause: OHKO moves are banned","|rule|Moody Clause: Moody is banned","|rule|Evasion Moves Clause: Evasion moves are banned","|rule|Endless Battle Clause: Forcing endless battles is banned","|rule|HP Percentage Mod: HP is shown in percentages","|teampreview","|","|start","|switch|p1a: LuLu|Riolu, L5, F|20/20","|switch|p2a: Fletchling|Fletchling, L5, F|21/21","|turn|1","|","|move|p1a: LuLu|High Jump Kick|p2a: Fletchling","|-damage|p2a: Fletchling|0 fnt","|faint|p2a: Fletchling","|","|","|switch|p2a: Filth|Koffing, L5, F|21/21","|turn|2","|","|move|p1a: LuLu|Copycat|p1a: LuLu","|move|p1a: LuLu|High Jump Kick|p2a: Filth|[from]Copycat","|-resisted|p2a: Filth","|-damage|p2a: Filth|17/21","|move|p2a: Filth|Will-O-Wisp|p1a: LuLu","|-status|p1a: LuLu|brn","|","|-damage|p1a: LuLu|18/20 brn|[from] brn","|turn|3","|","|move|p1a: LuLu|Ice Punch|p2a: Filth","|-damage|p2a: Filth|15/21","|move|p2a: Filth|Fire Blast|p1a: LuLu|[miss]","|-miss|p2a: Filth|p1a: LuLu","|","|-damage|p1a: LuLu|16/20 brn|[from] brn","|turn|4","|","|switch|p2a: Mienfoo|Mienfoo, L5, M|22/22","|move|p1a: LuLu|Copycat|p1a: LuLu","|move|p1a: LuLu|Fire Blast|p2a: Mienfoo|[from]Copycat","|-damage|p2a: Mienfoo|17/22","|","|-damage|p1a: LuLu|14/20 brn|[from] brn","|turn|5","|","|move|p2a: Mienfoo|Fake Out|p1a: LuLu","|-damage|p1a: LuLu|8/20 brn","|cant|p1a: LuLu|flinch","|","|-damage|p1a: LuLu|6/20 brn|[from] brn","|turn|6","|","|move|p2a: Mienfoo|Drain Punch|p1a: LuLu","|-damage|p1a: LuLu|0 fnt","|-heal|p2a: Mienfoo|20/22|[from] drain|[of] p1a: LuLu","|faint|p1a: LuLu","|","|","|switch|p1a: AMabra|Abra, L5, F|19/19","|turn|7","|","|switch|p2a: Staryu|Staryu, L5|19/19","|move|p1a: AMabra|Psychic|p2a: Staryu","|-damage|p2a: Staryu|9/19","|","|turn|8","|","|switch|p2a: Dreadlocks|Lileep, L5, M|26/26","|move|p1a: AMabra|Psychic|p2a: Dreadlocks","|-crit|p2a: Dreadlocks","|-damage|p2a: Dreadlocks|11/26","|","|turn|9","|","|move|p1a: AMabra|Hidden Power|p2a: Dreadlocks","|-supereffective|p2a: Dreadlocks","|-damage|p2a: Dreadlocks|1/26","|move|p2a: Dreadlocks|Recover|p2a: Dreadlocks","|-heal|p2a: Dreadlocks|14/26","|","|turn|10","|","|move|p1a: AMabra|Shadow Ball|p2a: Dreadlocks","|-damage|p2a: Dreadlocks|8/26","|move|p2a: Dreadlocks|Recover|p2a: Dreadlocks","|-heal|p2a: Dreadlocks|21/26","|","|turn|11","|","|move|p1a: AMabra|Signal Beam|p2a: Dreadlocks","|-supereffective|p2a: Dreadlocks","|-damage|p2a: Dreadlocks|11/26","|move|p2a: Dreadlocks|Giga Drain|p1a: AMabra","|-damage|p1a: AMabra|9/19","|-heal|p2a: Dreadlocks|16/26|[from] drain|[of] p1a: AMabra","|","|turn|12","|","|move|p1a: AMabra|Shadow Ball|p2a: Dreadlocks","|-damage|p2a: Dreadlocks|10/26","|move|p2a: Dreadlocks|Recover|p2a: Dreadlocks","|-heal|p2a: Dreadlocks|23/26","|","|turn|13","|","|move|p1a: AMabra|Shadow Ball|p2a: Dreadlocks","|-damage|p2a: Dreadlocks|17/26","|move|p2a: Dreadlocks|Giga Drain|p1a: AMabra","|-damage|p1a: AMabra|0 fnt","|-heal|p2a: Dreadlocks|22/26|[from] drain|[of] p1a: AMabra","|faint|p1a: AMabra","|","|","|switch|p1a: Pawn or nah|Pawniard, L5, M|21/21","|turn|14","|","|move|p1a: Pawn or nah|Iron Head|p2a: Dreadlocks","|-supereffective|p2a: Dreadlocks","|-damage|p2a: Dreadlocks|8/26","|move|p2a: Dreadlocks|Stealth Rock|p1a: Pawn or nah","|-sidestart|p1: Traine✘ MaxDerp|move: Stealth Rock","|","|turn|15","|","|move|p1a: Pawn or nah|Iron Head|p2a: Dreadlocks","|-supereffective|p2a: Dreadlocks","|-damage|p2a: Dreadlocks|0 fnt","|faint|p2a: Dreadlocks","|","|","|switch|p2a: Filth|Koffing, L5, F|15/21","|turn|16","|","|move|p1a: Pawn or nah|Psycho Cut|p2a: Filth","|-supereffective|p2a: Filth","|-damage|p2a: Filth|7/21","|move|p2a: Filth|Will-O-Wisp|p1a: Pawn or nah|[miss]","|-miss|p2a: Filth|p1a: Pawn or nah","|","|turn|17","|","|move|p1a: Pawn or nah|Psycho Cut|p2a: Filth","|-supereffective|p2a: Filth","|-damage|p2a: Filth|0 fnt","|faint|p2a: Filth","|","|","|switch|p2a: Mienfoo|Mienfoo, L5, M|22/22","|turn|18","|","|move|p1a: Pawn or nah|Sucker Punch|p2a: Mienfoo","|-resisted|p2a: Mienfoo","|-damage|p2a: Mienfoo|16/22","|move|p2a: Mienfoo|Drain Punch|p1a: Pawn or nah","|-supereffective|p1a: Pawn or nah","|-enditem|p1a: Pawn or nah|Focus Sash","|-damage|p1a: Pawn or nah|1/21","|-heal|p2a: Mienfoo|22/22|[from] drain|[of] p1a: Pawn or nah","|","|turn|19","|","|move|p2a: Mienfoo|U-turn|p1a: Pawn or nah","|-damage|p1a: Pawn or nah|0 fnt","|faint|p1a: Pawn or nah","|","|switch|p2a: Staryu|Staryu, L5|9/19","|","|","|switch|p1a: Kid Elekid|Elekid, L5, M|21/21","|-damage|p1a: Kid Elekid|19/21|[from] Stealth Rock","|turn|20","|","|move|p1a: Kid Elekid|Thunder Punch|p2a: Staryu","|-supereffective|p2a: Staryu","|-damage|p2a: Staryu|0 fnt","|-damage|p1a: Kid Elekid|17/21|[from] item: Life Orb","|faint|p2a: Staryu","|","|","|switch|p2a: Ghostfire|Gastly, L5, M|19/19","|turn|21","|","|move|p2a: Ghostfire|Hidden Power|p1a: Kid Elekid","|-supereffective|p1a: Kid Elekid","|-damage|p1a: Kid Elekid|1/21","|move|p1a: Kid Elekid|Thunder Punch|p2a: Ghostfire","|-damage|p2a: Ghostfire|0 fnt","|-damage|p1a: Kid Elekid|0 fnt|[from] item: Life Orb","|faint|p2a: Ghostfire","|faint|p1a: Kid Elekid","|","|","|switch|p1a: Pixels|Vulpix, L5, F|20/20","|switch|p2a: Mienfoo|Mienfoo, L5, M|22/22","|-damage|p1a: Pixels|15/20|[from] Stealth Rock","|-weather|SunnyDay","|turn|22","|","|move|p2a: Mienfoo|Fake Out|p1a: Pixels","|-damage|p1a: Pixels|9/20","|cant|p1a: Pixels|flinch","|","|-weather|SunnyDay|[upkeep]","|turn|23","|","|move|p1a: Pixels|Overheat|p2a: Mienfoo","|-damage|p2a: Mienfoo|3/22","|-unboost|p1a: Pixels|spa|2","|move|p2a: Mienfoo|Drain Punch|p1a: Pixels","|-damage|p1a: Pixels|0 fnt","|-heal|p2a: Mienfoo|8/22|[from] drain|[of] p1a: Pixels","|faint|p1a: Pixels","|","|-weather|SunnyDay|[upkeep]","|","|switch|p1a: Bellatrix|Bellsprout, L5, M|21/21","|-damage|p1a: Bellatrix|19/21|[from] Stealth Rock","|turn|24","|","|move|p1a: Bellatrix|Solar Beam|p2a: Mienfoo|[still]","|-prepare|p1a: Bellatrix|Solar Beam|p2a: Mienfoo","|-anim|p1a: Bellatrix|Solar Beam|p2a: Mienfoo","|-damage|p2a: Mienfoo|0 fnt","|faint|p2a: Mienfoo","|","|win|Traine✘ MaxDerp"],"p1rating":{"entryid":7317700,"formatid":"lc","userid":"trainemaxderp","username":"Traine✘ MaxDerp","r":1500,"rd":130,"sigma":0,"rpr":1540.1606143388,"rprd":122.8583080769,"rpsigma":0,"rptime":1438419600,"w":1,"l":0,"t":0,"gxe":55,"acre":1040,"lacre":1040,"oldacre":1000},"p2rating":{"entryid":7317701,"formatid":"lc","userid":"piersnins","username":"Piersnins","r":1500,"rd":130,"sigma":0,"rpr":1459.8393856612,"rprd":122.8583080769,"rpsigma":0,"rptime":1438419600,"w":0,"l":1,"t":0,"gxe":45,"acre":1000,"lacre":1000,"oldacre":1000},"endType":"normal"}