{"seed":[24621,3765,57446,21695],"turns":26,"p1":"ELC13 Zarif","p2":"elc13 Poker","p1team":[{"name":"Starmaster","species":"ferroseed","item":"eviolite","ability":"Iron Barbs","moves":["bulletseed","thunderwave","leechseed","stealthrock"],"nature":"Careful","evs":{"hp":80,"atk":36,"def":188,"spa":0,"spd":148,"spe":36},"gender":"M","level":5,"ivs":{"hp":31,"atk":31,"def":31,"spa":31,"spd":31,"spe":31}},{"name":"SnoopingGil","species":"chinchou","item":"eviolite","ability":"Volt Absorb","moves":["scald","voltswitch","rest","sleeptalk"],"nature":"Bold","evs":{"hp":76,"atk":0,"def":212,"spa":0,"spd":148,"spe":69},"level":5,"ivs":{"hp":31,"atk":31,"def":31,"spa":31,"spd":31,"spe":31}},{"name":"Meteordash","species":"ponyta","item":"eviolite","ability":"Flame Body","moves":["flareblitz","wildcharge","willowisp","morningsun"],"nature":"Impish","evs":{"hp":0,"atk":0,"def":236,"spa":0,"spd":76,"spe":196},"level":5,"ivs":{"hp":31,"atk":31,"def":31,"spa":31,"spd":31,"spe":31}},{"name":"Briyella","species":"spritzee","item":"eviolite","ability":"Aroma Veil","moves":["moonblast","aromatherapy","wish","protect"],"nature":"Bold","evs":{"hp":212,"atk":0,"def":196,"spa":12,"spd":76,"spe":12},"level":5,"ivs":{"hp":31,"atk":31,"def":31,"spa":31,"spd":31,"spe":31}},{"name":"Trickster","species":"mienfoo","item":"eviolite","ability":"Regenerator","moves":["drainpunch","knockoff","uturn","taunt"],"nature":"Jolly","evs":{"hp":0,"atk":0,"def":196,"spa":0,"spd":36,"spe":236},"level":5,"ivs":{"hp":31,"atk":31,"def":31,"spa":31,"spd":31,"spe":31}},{"name":"DeathxShinigami","species":"gastly","item":"choicescarf","ability":"Levitate","moves":["shadowball","sludgebomb","dazzlinggleam","destinybond"],"nature":"Modest","evs":{"hp":0,"atk":0,"def":36,"spa":196,"spd":76,"spe":196},"level":5,"ivs":{"hp":31,"atk":31,"def":31,"spa":31,"spd":31,"spe":31}}],"p2team":[{"name":"Bomb","species":"skrelp","item":"eviolite","ability":"Adaptability","moves":["toxicspikes","scald","sludgewave","hydropump"],"nature":"Modest","evs":{"hp":0,"atk":0,"def":116,"spa":196,"spd":116,"spe":80},"level":5,"ivs":{"hp":31,"atk":31,"def":31,"spa":31,"spd":31,"spe":31}},{"name":"Pie Eater","species":"pumpkaboosuper","item":"eviolite","ability":"Frisk","moves":["bulletseed","leechseed","willowisp","synthesis"],"nature":"Careful","evs":{"hp":204,"atk":0,"def":36,"spa":0,"spd":236,"spe":28},"level":5,"ivs":{"hp":31,"atk":31,"def":31,"spa":31,"spd":31,"spe":31}},{"name":"Spinner","species":"drilbur","item":"eviolite","ability":"Mold Breaker","moves":["stealthrock","rapidspin","earthquake","rocktomb"],"nature":"Jolly","evs":{"hp":60,"atk":236,"def":0,"spa":0,"spd":0,"spe":212},"level":5,"ivs":{"hp":31,"atk":31,"def":31,"spa":31,"spd":31,"spe":31}},{"name":"Parrotkeet","species":"archen","item":"berryjuice","ability":"Defeatist","moves":["rockslide","uturn","earthquake","acrobatics"],"nature":"Jolly","evs":{"hp":132,"atk":180,"def":0,"spa":0,"spd":0,"spe":196},"level":5,"ivs":{"hp":31,"atk":31,"def":31,"spa":31,"spd":31,"spe":31}},{"name":"Calikush","species":"trubbish","item":"berryjuice","ability":"Sticky Hold","moves":["spikes","recycle","gunkshot","drainpunch"],"nature":"Jolly","evs":{"hp":116,"atk":36,"def":100,"spa":0,"spd":20,"spe":236},"level":5,"ivs":{"hp":31,"atk":31,"def":31,"spa":31,"spd":31,"spe":31}},{"name":"Sword Slicer","species":"pawniard","item":"eviolite","ability":"Defiant","moves":["knockoff","suckerpunch","ironhead","pursuit"],"nature":"Adamant","evs":{"hp":0,"atk":252,"def":4,"spa":0,"spd":0,"spe":252},"level":5,"ivs":{"hp":31,"atk":31,"def":31,"spa":31,"spd":31,"spe":31}}],"log":["|player|p1|ELC13 Zarif|aeralyst.png","|player|p2|elc13 Poker|99","|gametype|singles","|gen|6","|tier|LC","|rated","|clearpoke","|poke|p1|Ferroseed, L5, M","|poke|p1|Chinchou, L5, M","|poke|p1|Ponyta, L5, M","|poke|p1|Spritzee, L5, F","|poke|p1|Mienfoo, L5, M","|poke|p1|Gastly, L5, F","|poke|p2|Skrelp, L5, M","|poke|p2|Pumpkaboo-*, L5, F","|poke|p2|Drilbur, L5, M","|poke|p2|Archen, L5, F","|poke|p2|Trubbish, L5, M","|poke|p2|Pawniard, L5, M","|rule|Sleep Clause Mod: Limit one foe put to sleep","|rule|Species Clause: Limit one of each Pokémon","|rule|OHKO Clause: OHKO moves are banned","|rule|Moody Clause: Moody is banned","|rule|Evasion Moves Clause: Evasion moves are banned","|rule|Endless Battle Clause: Forcing endless battles is banned","|rule|HP Percentage Mod: HP is shown in percentages","|teampreview","|","|start","|switch|p1a: Meteordash|Ponyta, L5, M|21/21","|switch|p2a: Calikush|Trubbish, L5, M|23/23","|turn|1","|","|move|p1a: Meteordash|Flare Blitz|p2a: Calikush","|-damage|p2a: Calikush|7/23","|-damage|p1a: Meteordash|16/21|[from] recoil|[of] p2a: Calikush","|-enditem|p2a: Calikush|Berry Juice","|-heal|p2a: Calikush|23/23|[from] item: Berry Juice","|move|p2a: Calikush|Gunk Shot|p1a: Meteordash|[miss]","|-miss|p2a: Calikush|p1a: Meteordash","|","|turn|2","|","|switch|p1a: Starmaster|Ferroseed, L5, M|21/21","|move|p2a: Calikush|Recycle|p2a: Calikush","|-item|p2a: Calikush|Berry Juice|[from] move: Recycle","|","|turn|3","|","|move|p2a: Calikush|Spikes|p1a: Starmaster","|-sidestart|p1: ELC13 Zarif|Spikes","|move|p1a: Starmaster|Leech Seed|p2a: Calikush|[miss]","|-miss|p1a: Starmaster|p2a: Calikush","|","|turn|4","|","|switch|p2a: Pie Eater|Pumpkaboo-Super, L5, F|25/25","|-item|p1a: Starmaster|Eviolite|[from] ability: Frisk|[of] p2a: Pie Eater|[identify]","|move|p1a: Starmaster|Stealth Rock|p2a: Pie Eater","|-sidestart|p2: elc13 Poker|move: Stealth Rock","|","|turn|5","|","|move|p2a: Pie Eater|Leech Seed|p1a: Starmaster","|-immune|p1a: Starmaster|[msg]","|move|p1a: Starmaster|Thunder Wave|p2a: Pie Eater","|-status|p2a: Pie Eater|par","|","|turn|6","|","|switch|p1a: DeathxShinigami|Gastly, L5, F|19/19","|move|p2a: Pie Eater|Leech Seed|p1a: DeathxShinigami","|-start|p1a: DeathxShinigami|move: Leech Seed","|","|-damage|p1a: DeathxShinigami|17/19|[from] Leech Seed|[of] p2a: Pie Eater","|turn|7","|","|move|p1a: DeathxShinigami|Dazzling Gleam|p2a: Pie Eater","|-crit|p2a: Pie Eater","|-damage|p2a: Pie Eater|17/25 par","|move|p2a: Pie Eater|Bullet Seed|p1a: DeathxShinigami","|-resisted|p1a: DeathxShinigami","|-damage|p1a: DeathxShinigami|15/19","|-resisted|p1a: DeathxShinigami","|-damage|p1a: DeathxShinigami|13/19","|-resisted|p1a: DeathxShinigami","|-damage|p1a: DeathxShinigami|11/19","|-hitcount|p1a: DeathxShinigami|3","|","|-damage|p1a: DeathxShinigami|9/19|[from] Leech Seed|[of] p2a: Pie Eater","|-heal|p2a: Pie Eater|19/25 par|[silent]","|turn|8","|","|switch|p1a: Starmaster|Ferroseed, L5, M|21/21","|-damage|p1a: Starmaster|19/21|[from] Spikes","|switch|p2a: Sword Slicer|Pawniard, L5, M|21/21","|-damage|p2a: Sword Slicer|20/21|[from] Stealth Rock","|","|turn|9","|","|move|p2a: Sword Slicer|Knock Off|p1a: Starmaster","|-damage|p1a: Starmaster|10/21","|-damage|p2a: Sword Slicer|18/21|[from] ability: Iron Barbs|[of] p1a: Starmaster","|-enditem|p1a: Starmaster|Eviolite|[from] move: Knock Off|[of] p2a: Sword Slicer","|move|p1a: Starmaster|Leech Seed|p2a: Sword Slicer","|-start|p2a: Sword Slicer|move: Leech Seed","|","|-damage|p2a: Sword Slicer|16/21|[from] Leech Seed|[of] p1a: Starmaster","|-heal|p1a: Starmaster|12/21|[silent]","|turn|10","|","|switch|p2a: Pie Eater|Pumpkaboo-Super, L5, F|19/25 par","|-damage|p2a: Pie Eater|16/25 par|[from] Stealth Rock","|move|p1a: Starmaster|Thunder Wave|p2a: Pie Eater","|-fail|p2a: Pie Eater|par","|","|turn|11","|","|move|p1a: Starmaster|Bullet Seed|p2a: Pie Eater","|-resisted|p2a: Pie Eater","|-damage|p2a: Pie Eater|15/25 par","|-resisted|p2a: Pie Eater","|-damage|p2a: Pie Eater|14/25 par","|-resisted|p2a: Pie Eater","|-damage|p2a: Pie Eater|13/25 par","|-hitcount|p2a: Pie Eater|3","|move|p2a: Pie Eater|Will-O-Wisp|p1a: Starmaster","|-status|p1a: Starmaster|brn","|","|-damage|p1a: Starmaster|10/21 brn|[from] brn","|turn|12","|","|move|p1a: Starmaster|Bullet Seed|p2a: Pie Eater","|-resisted|p2a: Pie Eater","|-damage|p2a: Pie Eater|12/25 par","|-resisted|p2a: Pie Eater","|-damage|p2a: Pie Eater|11/25 par","|-hitcount|p2a: Pie Eater|2","|move|p2a: Pie Eater|Synthesis|p2a: Pie Eater","|-heal|p2a: Pie Eater|23/25 par","|","|-damage|p1a: Starmaster|8/21 brn|[from] brn","|turn|13","|","|move|p1a: Starmaster|Bullet Seed|p2a: Pie Eater","|-resisted|p2a: Pie Eater","|-damage|p2a: Pie Eater|22/25 par","|-resisted|p2a: Pie Eater","|-damage|p2a: Pie Eater|21/25 par","|-resisted|p2a: Pie Eater","|-damage|p2a: Pie Eater|20/25 par","|-hitcount|p2a: Pie Eater|3","|move|p2a: Pie Eater|Bullet Seed|p1a: Starmaster","|-resisted|p1a: Starmaster","|-damage|p1a: Starmaster|7/21 brn","|-resisted|p1a: Starmaster","|-damage|p1a: Starmaster|6/21 brn","|-resisted|p1a: Starmaster","|-damage|p1a: Starmaster|5/21 brn","|-resisted|p1a: Starmaster","|-damage|p1a: Starmaster|4/21 brn","|-hitcount|p1a: Starmaster|4","|","|-damage|p1a: Starmaster|2/21 brn|[from] brn","|turn|14","|","|move|p1a: Starmaster|Bullet Seed|p2a: Pie Eater","|-crit|p2a: Pie Eater","|-resisted|p2a: Pie Eater","|-damage|p2a: Pie Eater|19/25 par","|-resisted|p2a: Pie Eater","|-damage|p2a: Pie Eater|18/25 par","|-hitcount|p2a: Pie Eater|2","|move|p2a: Pie Eater|Leech Seed|p1a: Starmaster","|-immune|p1a: Starmaster|[msg]","|","|-damage|p1a: Starmaster|0 fnt|[from] brn","|faint|p1a: Starmaster","|","|switch|p1a: Meteordash|Ponyta, L5, M|16/21","|-damage|p1a: Meteordash|14/21|[from] Spikes","|turn|15","|","|switch|p2a: Bomb|Skrelp, L5, M|21/21","|-damage|p2a: Bomb|19/21|[from] Stealth Rock","|move|p1a: Meteordash|Flare Blitz|p2a: Bomb","|-resisted|p2a: Bomb","|-damage|p2a: Bomb|15/21","|-damage|p1a: Meteordash|13/21|[from] recoil|[of] p2a: Bomb","|","|turn|16","|","|move|p1a: Meteordash|Wild Charge|p2a: Bomb","|-supereffective|p2a: Bomb","|-damage|p2a: Bomb|3/21","|-damage|p1a: Meteordash|10/21|[from] recoil|[of] p2a: Bomb","|move|p2a: Bomb|Toxic Spikes|p1a: Meteordash","|-sidestart|p1: ELC13 Zarif|move: Toxic Spikes","|","|turn|17","|","|move|p1a: Meteordash|Flare Blitz|p2a: Bomb","|-resisted|p2a: Bomb","|-damage|p2a: Bomb|0 fnt","|-damage|p1a: Meteordash|9/21|[from] recoil|[of] p2a: Bomb","|faint|p2a: Bomb","|","|","|switch|p2a: Spinner|Drilbur, L5, M|23/23","|-damage|p2a: Spinner|22/23|[from] Stealth Rock","|-ability|p2a: Spinner|Mold Breaker","|turn|18","|","|move|p1a: Meteordash|Will-O-Wisp|p2a: Spinner","|-status|p2a: Spinner|brn","|move|p2a: Spinner|Earthquake|p1a: Meteordash","|-supereffective|p1a: Meteordash","|-damage|p1a: Meteordash|0 fnt","|faint|p1a: Meteordash","|","|-damage|p2a: Spinner|20/23 brn|[from] brn","|","|switch|p1a: Trickster|Mienfoo, L5, M|21/21","|-damage|p1a: Trickster|19/21|[from] Spikes","|-status|p1a: Trickster|psn","|turn|19","|","|move|p1a: Trickster|Drain Punch|p2a: Spinner","|-damage|p2a: Spinner|11/23 brn","|-heal|p1a: Trickster|21/21 psn|[from] drain|[of] p2a: Spinner","|move|p2a: Spinner|Rapid Spin|p1a: Trickster","|-damage|p1a: Trickster|20/21 psn","|-sideend|p2: elc13 Poker|Stealth Rock|[from] move: Rapid Spin|[of] p2a: Spinner","|","|-damage|p1a: Trickster|18/21 psn|[from] psn","|-damage|p2a: Spinner|9/23 brn|[from] brn","|turn|20","|","|move|p1a: Trickster|Knock Off|p2a: Spinner","|-damage|p2a: Spinner|1/23 brn","|-enditem|p2a: Spinner|Eviolite|[from] move: Knock Off|[of] p1a: Trickster","|move|p2a: Spinner|Stealth Rock|p1a: Trickster","|-sidestart|p1: ELC13 Zarif|move: Stealth Rock","|","|-damage|p1a: Trickster|16/21 psn|[from] psn","|-damage|p2a: Spinner|0 fnt|[from] brn","|faint|p2a: Spinner","|","|switch|p2a: Calikush|Trubbish, L5, M|23/23","|turn|21","|","|move|p2a: Calikush|Spikes|p1a: Trickster","|-sidestart|p1: ELC13 Zarif|Spikes","|move|p1a: Trickster|Knock Off|p2a: Calikush","|-damage|p2a: Calikush|14/23","|-activate|p2a: Calikush|ability: Sticky Hold","|","|-damage|p1a: Trickster|14/21 psn|[from] psn","|turn|22","|","|move|p2a: Calikush|Spikes|p1a: Trickster","|-sidestart|p1: ELC13 Zarif|Spikes","|move|p1a: Trickster|Taunt|p2a: Calikush","|-start|p2a: Calikush|move: Taunt","|","|-damage|p1a: Trickster|12/21 psn|[from] psn","|turn|23","|","|move|p1a: Trickster|Drain Punch|p2a: Calikush","|-resisted|p2a: Calikush","|-damage|p2a: Calikush|9/23","|-heal|p1a: Trickster|15/21 psn|[from] drain|[of] p2a: Calikush","|-enditem|p2a: Calikush|Berry Juice","|-heal|p2a: Calikush|23/23|[from] item: Berry Juice","|move|p2a: Calikush|Drain Punch|p1a: Trickster","|-damage|p1a: Trickster|11/21 psn","|","|-damage|p1a: Trickster|9/21 psn|[from] psn","|turn|24","|","|move|p2a: Calikush|Gunk Shot|p1a: Trickster","|-damage|p1a: Trickster|0 fnt","|faint|p1a: Trickster","|","|","|switch|p1a: SnoopingGil|Chinchou, L5, M|25/25","|-damage|p1a: SnoopingGil|22/25|[from] Stealth Rock","|-status|p1a: SnoopingGil|psn","|-damage|p1a: SnoopingGil|16/25 psn|[from] Spikes","|turn|25","|","|switch|p2a: Pie Eater|Pumpkaboo-Super, L5, F|18/25 par","|-item|p1a: SnoopingGil|Eviolite|[from] ability: Frisk|[of] p2a: Pie Eater|[identify]","|move|p1a: SnoopingGil|Scald|p2a: Pie Eater","|-resisted|p2a: Pie Eater","|-damage|p2a: Pie Eater|15/25 par","|","|-damage|p1a: SnoopingGil|13/25 psn|[from] psn","|turn|26","|","|win|elc13 Poker"],"p1rating":{"entryid":7317775,"formatid":"lc","userid":"elc13zarif","username":"ELC13 Zarif","r":1500,"rd":130,"sigma":0,"rpr":1459.8393856612,"rprd":122.8583080769,"rpsigma":0,"rptime":1438419600,"w":0,"l":1,"t":0,"gxe":45,"acre":1000,"lacre":1000,"oldacre":1000},"p2rating":{"entryid":7317776,"formatid":"lc","userid":"elc13poker","username":"elc13 Poker","r":1500,"rd":130,"sigma":0,"rpr":1540.1606143388,"rprd":122.8583080769,"rpsigma":0,"rptime":1438419600,"w":1,"l":0,"t":0,"gxe":55,"acre":1040,"lacre":1040,"oldacre":1000},"endType":"forfeit"}