{"seed":[49252,45523,7063,34508],"turns":30,"p1":"ELC13 DC","p2":"elc13 Poker","p1team":[{"name":"prem","species":"mienfoo","item":"lifeorb","ability":"Regenerator","moves":["highjumpkick","fakeout","stoneedge","uturn"],"nature":"Jolly","evs":{"hp":0,"atk":236,"def":36,"spa":0,"spd":0,"spe":236},"gender":"M","level":5,"ivs":{"hp":31,"atk":31,"def":31,"spa":31,"spd":31,"spe":31}},{"name":"Timburr","species":"Timburr","item":"eviolite","ability":"Guts","moves":["drainpunch","bulkup","payback","machpunch"],"nature":"Careful","evs":{"hp":76,"atk":196,"def":0,"spa":0,"spd":236,"spe":0},"gender":"F","level":5,"ivs":{"hp":31,"atk":31,"def":31,"spa":31,"spd":31,"spe":31}},{"name":"Ray Jay","species":"ferroseed","item":"eviolite","ability":"Iron Barbs","moves":["bulletseed","leechseed","stealthrock","protect"],"nature":"Sassy","evs":{"hp":84,"atk":36,"def":188,"spa":0,"spd":152,"spe":0},"gender":"M","level":5,"ivs":{"hp":31,"atk":31,"def":31,"spa":31,"spd":31,"spe":31}},{"name":"AlphaJolt","species":"koffing","item":"eviolite","ability":"Levitate","moves":["painsplit","willowisp","clearsmog","sludgebomb"],"nature":"Bold","evs":{"hp":196,"atk":0,"def":156,"spa":0,"spd":156,"spe":0},"gender":"M","level":5,"ivs":{"hp":31,"atk":31,"def":31,"spa":31,"spd":31,"spe":31}},{"name":"little_gk","species":"porygon","item":"eviolite","ability":"Trace","moves":["thunderwave","triattack","shadowball","recover"],"nature":"Bold","evs":{"hp":236,"atk":0,"def":196,"spa":0,"spd":76,"spe":0},"level":5,"ivs":{"hp":31,"atk":31,"def":31,"spa":31,"spd":31,"spe":31}},{"name":"emma","species":"staryu","item":"eviolite","ability":"Natural Cure","moves":["recover","rapidspin","hydropump","psychic"],"nature":"Timid","evs":{"hp":36,"atk":0,"def":0,"spa":200,"spd":0,"spe":240},"level":5,"ivs":{"hp":31,"atk":31,"def":31,"spa":31,"spd":31,"spe":31}}],"p2team":[{"name":"Bomb","species":"skrelp","item":"eviolite","ability":"Adaptability","moves":["toxicspikes","scald","sludgewave","hydropump"],"nature":"Modest","evs":{"hp":0,"atk":0,"def":116,"spa":196,"spd":116,"spe":80},"level":5,"ivs":{"hp":31,"atk":31,"def":31,"spa":31,"spd":31,"spe":31}},{"name":"Pie Eater","species":"pumpkaboosuper","item":"eviolite","ability":"Frisk","moves":["bulletseed","leechseed","willowisp","synthesis"],"nature":"Careful","evs":{"hp":204,"atk":0,"def":36,"spa":0,"spd":236,"spe":28},"level":5,"ivs":{"hp":31,"atk":31,"def":31,"spa":31,"spd":31,"spe":31}},{"name":"Spinner","species":"drilbur","item":"eviolite","ability":"Mold Breaker","moves":["stealthrock","rapidspin","earthquake","rocktomb"],"nature":"Jolly","evs":{"hp":60,"atk":236,"def":0,"spa":0,"spd":0,"spe":212},"level":5,"ivs":{"hp":31,"atk":31,"def":31,"spa":31,"spd":31,"spe":31}},{"name":"Parrotkeet","species":"archen","item":"berryjuice","ability":"Defeatist","moves":["rockslide","uturn","earthquake","acrobatics"],"nature":"Jolly","evs":{"hp":132,"atk":180,"def":0,"spa":0,"spd":0,"spe":196},"level":5,"ivs":{"hp":31,"atk":31,"def":31,"spa":31,"spd":31,"spe":31}},{"name":"Calikush","species":"trubbish","item":"berryjuice","ability":"Sticky Hold","moves":["spikes","recycle","gunkshot","drainpunch"],"nature":"Jolly","evs":{"hp":116,"atk":36,"def":100,"spa":0,"spd":20,"spe":236},"level":5,"ivs":{"hp":31,"atk":31,"def":31,"spa":31,"spd":31,"spe":31}},{"name":"Sword Slicer","species":"pawniard","item":"eviolite","ability":"Defiant","moves":["knockoff","suckerpunch","ironhead","pursuit"],"nature":"Adamant","evs":{"hp":0,"atk":252,"def":4,"spa":0,"spd":0,"spe":252},"level":5,"ivs":{"hp":31,"atk":31,"def":31,"spa":31,"spd":31,"spe":31}}],"log":["|player|p1|ELC13 DC|dragoncrusher.gif","|player|p2|elc13 Poker|99","|gametype|singles","|gen|6","|tier|LC","|rated","|clearpoke","|poke|p1|Mienfoo, L5, M","|poke|p1|Timburr, L5, F","|poke|p1|Ferroseed, L5, M","|poke|p1|Koffing, L5, M","|poke|p1|Porygon, L5","|poke|p1|Staryu, L5","|poke|p2|Skrelp, L5, F","|poke|p2|Pumpkaboo-*, L5, F","|poke|p2|Drilbur, L5, F","|poke|p2|Archen, L5, F","|poke|p2|Trubbish, L5, F","|poke|p2|Pawniard, L5, M","|rule|Sleep Clause Mod: Limit one foe put to sleep","|rule|Species Clause: Limit one of each Pokémon","|rule|OHKO Clause: OHKO moves are banned","|rule|Moody Clause: Moody is banned","|rule|Evasion Moves Clause: Evasion moves are banned","|rule|Endless Battle Clause: Forcing endless battles is banned","|rule|HP Percentage Mod: HP is shown in percentages","|teampreview","|","|start","|switch|p1a: emma|Staryu, L5|20/20","|switch|p2a: Calikush|Trubbish, L5, F|23/23","|turn|1","|","|switch|p2a: Sword Slicer|Pawniard, L5, M|21/21","|move|p1a: emma|Psychic|p2a: Sword Slicer","|-immune|p2a: Sword Slicer|[msg]","|","|turn|2","|","|move|p1a: emma|Hydro Pump|p2a: Sword Slicer","|-damage|p2a: Sword Slicer|6/21","|move|p2a: Sword Slicer|Knock Off|p1a: emma","|-damage|p1a: emma|5/20","|-enditem|p1a: emma|Eviolite|[from] move: Knock Off|[of] p2a: Sword Slicer","|","|turn|3","|","|move|p2a: Sword Slicer|Sucker Punch|p1a: emma","|-damage|p1a: emma|0 fnt","|faint|p1a: emma","|","|","|switch|p1a: Timburr|Timburr, L5, F|25/25","|turn|4","|","|switch|p2a: Calikush|Trubbish, L5, F|23/23","|move|p1a: Timburr|Bulk Up|p1a: Timburr","|-boost|p1a: Timburr|atk|1","|-boost|p1a: Timburr|def|1","|","|turn|5","|","|move|p2a: Calikush|Spikes|p1a: Timburr","|-sidestart|p1: ELC13 DC|Spikes","|move|p1a: Timburr|Payback|p2a: Calikush","|-damage|p2a: Calikush|9/23","|-enditem|p2a: Calikush|Berry Juice","|-heal|p2a: Calikush|23/23|[from] item: Berry Juice","|","|turn|6","|","|move|p2a: Calikush|Spikes|p1a: Timburr","|-sidestart|p1: ELC13 DC|Spikes","|move|p1a: Timburr|Payback|p2a: Calikush","|-damage|p2a: Calikush|10/23","|","|turn|7","|","|move|p2a: Calikush|Gunk Shot|p1a: Timburr","|-damage|p1a: Timburr|18/25","|-status|p1a: Timburr|psn","|move|p1a: Timburr|Payback|p2a: Calikush","|-damage|p2a: Calikush|0 fnt","|faint|p2a: Calikush","|","|-damage|p1a: Timburr|15/25 psn|[from] psn","|","|switch|p2a: Bomb|Skrelp, L5, F|21/21","|turn|8","|","|move|p1a: Timburr|Payback|p2a: Bomb","|-damage|p2a: Bomb|12/21","|move|p2a: Bomb|Hydro Pump|p1a: Timburr","|-damage|p1a: Timburr|1/25 psn","|","|-damage|p1a: Timburr|0 fnt|[from] psn","|faint|p1a: Timburr","|","|switch|p1a: little_gk|Porygon, L5|26/26","|-damage|p1a: little_gk|22/26|[from] Spikes","|-ability|p1a: little_gk|Adaptability|[from] ability: Trace|[of] p2a: Bomb","|turn|9","|","|switch|p2a: Spinner|Drilbur, L5, F|23/23","|-ability|p2a: Spinner|Mold Breaker","|move|p1a: little_gk|Tri Attack|p2a: Spinner","|-damage|p2a: Spinner|9/23","|","|turn|10","|","|move|p2a: Spinner|Stealth Rock|p1a: little_gk","|-sidestart|p1: ELC13 DC|move: Stealth Rock","|move|p1a: little_gk|Tri Attack|p2a: Spinner","|-damage|p2a: Spinner|0 fnt","|faint|p2a: Spinner","|","|","|switch|p2a: Sword Slicer|Pawniard, L5, M|6/21","|turn|11","|","|move|p2a: Sword Slicer|Knock Off|p1a: little_gk","|-crit|p1a: little_gk","|-damage|p1a: little_gk|9/26","|-enditem|p1a: little_gk|Eviolite|[from] move: Knock Off|[of] p2a: Sword Slicer","|move|p1a: little_gk|Tri Attack|p2a: Sword Slicer","|-resisted|p2a: Sword Slicer","|-damage|p2a: Sword Slicer|0 fnt","|faint|p2a: Sword Slicer","|","|","|switch|p2a: Parrotkeet|Archen, L5, F|23/23","|turn|12","|","|move|p2a: Parrotkeet|Rock Slide|p1a: little_gk","|-damage|p1a: little_gk|0 fnt","|faint|p1a: little_gk","|","|","|switch|p1a: AlphaJolt|Koffing, L5, M|23/23","|-damage|p1a: AlphaJolt|21/23|[from] Stealth Rock","|turn|13","|","|move|p2a: Parrotkeet|U-turn|p1a: AlphaJolt","|-resisted|p1a: AlphaJolt","|-damage|p1a: AlphaJolt|19/23","|","|switch|p2a: Pie Eater|Pumpkaboo-Super, L5, F|25/25","|-item|p1a: AlphaJolt|Eviolite|[from] ability: Frisk|[of] p2a: Pie Eater|[identify]","|move|p1a: AlphaJolt|Will-O-Wisp|p2a: Pie Eater","|-status|p2a: Pie Eater|brn","|","|-damage|p2a: Pie Eater|22/25 brn|[from] brn","|turn|14","|","|move|p2a: Pie Eater|Will-O-Wisp|p1a: AlphaJolt","|-status|p1a: AlphaJolt|brn","|move|p1a: AlphaJolt|Sludge Bomb|p2a: Pie Eater","|-damage|p2a: Pie Eater|16/25 brn","|","|-damage|p2a: Pie Eater|13/25 brn|[from] brn","|-damage|p1a: AlphaJolt|17/23 brn|[from] brn","|turn|15","|","|move|p2a: Pie Eater|Leech Seed|p1a: AlphaJolt|[miss]","|-miss|p2a: Pie Eater|p1a: AlphaJolt","|move|p1a: AlphaJolt|Sludge Bomb|p2a: Pie Eater","|-damage|p2a: Pie Eater|7/25 brn","|","|-damage|p2a: Pie Eater|4/25 brn|[from] brn","|-damage|p1a: AlphaJolt|15/23 brn|[from] brn","|turn|16","|","|move|p2a: Pie Eater|Synthesis|p2a: Pie Eater","|-heal|p2a: Pie Eater|16/25 brn","|move|p1a: AlphaJolt|Sludge Bomb|p2a: Pie Eater","|-damage|p2a: Pie Eater|10/25 brn","|","|-damage|p2a: Pie Eater|7/25 brn|[from] brn","|-damage|p1a: AlphaJolt|13/23 brn|[from] brn","|turn|17","|","|switch|p1a: prem|Mienfoo, L5, M|21/21","|-damage|p1a: prem|18/21|[from] Spikes","|-damage|p1a: prem|17/21|[from] Stealth Rock","|move|p2a: Pie Eater|Synthesis|p2a: Pie Eater","|-heal|p2a: Pie Eater|19/25 brn","|","|-damage|p2a: Pie Eater|16/25 brn|[from] brn","|turn|18","|","|move|p1a: prem|Stone Edge|p2a: Pie Eater","|-damage|p2a: Pie Eater|7/25 brn","|-damage|p1a: prem|15/21|[from] item: Life Orb","|move|p2a: Pie Eater|Leech Seed|p1a: prem","|-start|p1a: prem|move: Leech Seed","|","|-damage|p1a: prem|13/21|[from] Leech Seed|[of] p2a: Pie Eater","|-heal|p2a: Pie Eater|9/25 brn|[silent]","|-damage|p2a: Pie Eater|6/25 brn|[from] brn","|turn|19","|","|move|p1a: prem|U-turn|p2a: Pie Eater","|-damage|p2a: Pie Eater|0 fnt","|-damage|p1a: prem|11/21|[from] item: Life Orb","|faint|p2a: Pie Eater","|","|switch|p1a: Ray Jay|Ferroseed, L5, M|22/22","|-damage|p1a: Ray Jay|21/22|[from] Stealth Rock","|-damage|p1a: Ray Jay|18/22|[from] Spikes","|","|","|switch|p2a: Bomb|Skrelp, L5, F|12/21","|turn|20","|","|move|p2a: Bomb|Hydro Pump|p1a: Ray Jay","|-resisted|p1a: Ray Jay","|-damage|p1a: Ray Jay|12/22","|move|p1a: Ray Jay|Leech Seed|p2a: Bomb","|-start|p2a: Bomb|move: Leech Seed","|","|-damage|p2a: Bomb|10/21|[from] Leech Seed|[of] p1a: Ray Jay","|-heal|p1a: Ray Jay|14/22|[silent]","|turn|21","|","|move|p1a: Ray Jay|Protect|p1a: Ray Jay","|-singleturn|p1a: Ray Jay|Protect","|move|p2a: Bomb|Hydro Pump|p1a: Ray Jay","|-activate|p1a: Ray Jay|Protect","|","|-damage|p2a: Bomb|8/21|[from] Leech Seed|[of] p1a: Ray Jay","|-heal|p1a: Ray Jay|16/22|[silent]","|turn|22","|","|move|p2a: Bomb|Hydro Pump|p1a: Ray Jay","|-resisted|p1a: Ray Jay","|-damage|p1a: Ray Jay|10/22","|move|p1a: Ray Jay|Bullet Seed|p2a: Bomb","|-damage|p2a: Bomb|5/21","|-damage|p2a: Bomb|2/21","|-damage|p2a: Bomb|0 fnt","|-hitcount|p2a: Bomb|3","|faint|p2a: Bomb","|","|","|switch|p2a: Parrotkeet|Archen, L5, F|23/23","|turn|23","|","|move|p2a: Parrotkeet|Earthquake|p1a: Ray Jay","|-damage|p1a: Ray Jay|4/22","|move|p1a: Ray Jay|Leech Seed|p2a: Parrotkeet","|-start|p2a: Parrotkeet|move: Leech Seed","|","|-damage|p2a: Parrotkeet|21/23|[from] Leech Seed|[of] p1a: Ray Jay","|-heal|p1a: Ray Jay|6/22|[silent]","|turn|24","|","|move|p1a: Ray Jay|Protect|p1a: Ray Jay","|-singleturn|p1a: Ray Jay|Protect","|move|p2a: Parrotkeet|Earthquake|p1a: Ray Jay","|-activate|p1a: Ray Jay|Protect","|","|-damage|p2a: Parrotkeet|19/23|[from] Leech Seed|[of] p1a: Ray Jay","|-heal|p1a: Ray Jay|8/22|[silent]","|turn|25","|","|move|p2a: Parrotkeet|Earthquake|p1a: Ray Jay","|-damage|p1a: Ray Jay|2/22","|move|p1a: Ray Jay|Bullet Seed|p2a: Parrotkeet","|-damage|p2a: Parrotkeet|15/23","|-damage|p2a: Parrotkeet|11/23","|-enditem|p2a: Parrotkeet|Berry Juice","|-heal|p2a: Parrotkeet|23/23|[from] item: Berry Juice","|-damage|p2a: Parrotkeet|19/23","|-damage|p2a: Parrotkeet|15/23","|-hitcount|p2a: Parrotkeet|4","|","|-damage|p2a: Parrotkeet|13/23|[from] Leech Seed|[of] p1a: Ray Jay","|-heal|p1a: Ray Jay|4/22|[silent]","|turn|26","|","|move|p1a: Ray Jay|Protect|p1a: Ray Jay","|-singleturn|p1a: Ray Jay|Protect","|move|p2a: Parrotkeet|Acrobatics|p1a: Ray Jay","|-activate|p1a: Ray Jay|Protect","|","|-damage|p2a: Parrotkeet|11/23|[from] Leech Seed|[of] p1a: Ray Jay","|-heal|p1a: Ray Jay|6/22|[silent]","|turn|27","|","|move|p2a: Parrotkeet|Acrobatics|p1a: Ray Jay","|-damage|p1a: Ray Jay|0 fnt","|-damage|p2a: Parrotkeet|9/23|[from] ability: Iron Barbs|[of] p1a: Ray Jay","|faint|p1a: Ray Jay","|","|","|switch|p1a: prem|Mienfoo, L5, M|18/21","|-damage|p1a: prem|17/21|[from] Stealth Rock","|-damage|p1a: prem|14/21|[from] Spikes","|turn|28","|","|move|p1a: prem|Fake Out|p2a: Parrotkeet","|-resisted|p2a: Parrotkeet","|-damage|p2a: Parrotkeet|6/23","|-damage|p1a: prem|12/21|[from] item: Life Orb","|cant|p2a: Parrotkeet|flinch","|","|-damage|p2a: Parrotkeet|4/23|[from] Leech Seed|[of] p1a: prem","|-heal|p1a: prem|14/21|[silent]","|turn|29","|","|move|p1a: prem|High Jump Kick|p2a: Parrotkeet|[miss]","|-miss|p1a: prem|p2a: Parrotkeet","|-damage|p1a: prem|4/21|[from] highjumpkick","|move|p2a: Parrotkeet|Acrobatics|p1a: prem","|-crit|p1a: prem","|-supereffective|p1a: prem","|-damage|p1a: prem|0 fnt","|faint|p1a: prem","|","|","|switch|p1a: AlphaJolt|Koffing, L5, M|13/23 brn","|-damage|p1a: AlphaJolt|11/23 brn|[from] Stealth Rock","|turn|30","|","|move|p2a: Parrotkeet|Acrobatics|p1a: AlphaJolt","|-damage|p1a: AlphaJolt|5/23 brn","|move|p1a: AlphaJolt|Sludge Bomb|p2a: Parrotkeet","|-resisted|p2a: Parrotkeet","|-damage|p2a: Parrotkeet|0 fnt","|faint|p2a: Parrotkeet","|","|win|ELC13 DC"],"p1rating":{"entryid":7318076,"formatid":"lc","userid":"elc13dc","username":"ELC13 DC","r":1500,"rd":130,"sigma":0,"rpr":1540.1606143388,"rprd":122.8583080769,"rpsigma":0,"rptime":1438419600,"w":1,"l":0,"t":0,"gxe":55,"acre":1046.9205600375,"lacre":1046.9205600375,"oldacre":1000},"p2rating":{"entryid":"7317776","serverid":"eos","formatid":"lc","userid":"elc13poker","username":"elc13 Poker","w":"2","l":2,"t":"0","gxe":50,"r":"1500","rd":"130","sigma":"0","rptime":"1438419600","rpr":1500,"rprd":106.91164920561,"rpsigma":"0","acre":1038.3077093722,"lacre":1038.3077093722,"oldacre":"1060.7220155408"},"endType":"normal"}