{"seed":[61520,24364,34477,7446],"turns":35,"p1":"ELC13 DC","p2":"ELC13 Vegito","p1team":[{"name":"prem","species":"mienfoo","item":"lifeorb","ability":"Regenerator","moves":["highjumpkick","fakeout","stoneedge","uturn"],"nature":"Jolly","evs":{"hp":0,"atk":236,"def":36,"spa":0,"spd":0,"spe":236},"gender":"M","level":5,"ivs":{"hp":31,"atk":31,"def":31,"spa":31,"spd":31,"spe":31}},{"name":"Timburr","species":"Timburr","item":"eviolite","ability":"Guts","moves":["drainpunch","bulkup","payback","machpunch"],"nature":"Careful","evs":{"hp":76,"atk":196,"def":0,"spa":0,"spd":236,"spe":0},"gender":"F","level":5,"ivs":{"hp":31,"atk":31,"def":31,"spa":31,"spd":31,"spe":31}},{"name":"Ray Jay","species":"ferroseed","item":"eviolite","ability":"Iron Barbs","moves":["bulletseed","leechseed","stealthrock","protect"],"nature":"Sassy","evs":{"hp":84,"atk":36,"def":188,"spa":0,"spd":152,"spe":0},"gender":"M","level":5,"ivs":{"hp":31,"atk":31,"def":31,"spa":31,"spd":31,"spe":31}},{"name":"AlphaJolt","species":"koffing","item":"eviolite","ability":"Levitate","moves":["painsplit","willowisp","clearsmog","sludgebomb"],"nature":"Bold","evs":{"hp":196,"atk":0,"def":156,"spa":0,"spd":156,"spe":0},"gender":"M","level":5,"ivs":{"hp":31,"atk":31,"def":31,"spa":31,"spd":31,"spe":31}},{"name":"little_gk","species":"porygon","item":"eviolite","ability":"Trace","moves":["thunderwave","triattack","shadowball","recover"],"nature":"Bold","evs":{"hp":236,"atk":0,"def":196,"spa":0,"spd":76,"spe":0},"level":5,"ivs":{"hp":31,"atk":31,"def":31,"spa":31,"spd":31,"spe":31}},{"name":"emma","species":"staryu","item":"eviolite","ability":"Natural Cure","moves":["recover","rapidspin","hydropump","psychic"],"nature":"Timid","evs":{"hp":36,"atk":0,"def":0,"spa":200,"spd":0,"spe":240},"level":5,"ivs":{"hp":31,"atk":31,"def":31,"spa":31,"spd":31,"spe":31}}],"p2team":[{"name":"Bunnies","species":"bunnelby","item":"choicescarf","ability":"Huge Power","moves":["return","uturn","earthquake","thief"],"nature":"Jolly","evs":{"hp":0,"atk":228,"def":52,"spa":0,"spd":0,"spe":220},"level":5,"ivs":{"hp":31,"atk":31,"def":31,"spa":31,"spd":31,"spe":31}},{"name":"Swag","species":"magnemite","item":"berryjuice","ability":"Magnet Pull","moves":["hiddenpowerfire","voltswitch","flashcannon","recycle"],"nature":"Modest","evs":{"hp":156,"atk":0,"def":36,"spa":240,"spd":76,"spe":0},"ivs":{"hp":31,"atk":30,"def":31,"spa":30,"spd":31,"spe":30},"level":5},{"name":"Rawr","species":"snubbull","item":"eviolite","ability":"Intimidate","moves":["thief","earthquake","playrough","healbell"],"nature":"Careful","evs":{"hp":36,"atk":36,"def":196,"spa":0,"spd":196,"spe":36},"shiny":true,"level":5,"ivs":{"hp":31,"atk":31,"def":31,"spa":31,"spd":31,"spe":31}},{"name":"Idek","species":"mienfoo","item":"eviolite","ability":"Regenerator","moves":["drainpunch","knockoff","uturn","acrobatics"],"nature":"Careful","evs":{"hp":196,"atk":0,"def":196,"spa":0,"spd":116,"spe":0},"level":5,"ivs":{"hp":31,"atk":31,"def":31,"spa":31,"spd":31,"spe":31}},{"name":"Yarn","species":"staryu","item":"eviolite","ability":"Natural Cure","moves":["rapidspin","scald","hiddenpowergrass","recover"],"nature":"Timid","evs":{"hp":116,"atk":0,"def":156,"spa":0,"spd":0,"spe":236},"ivs":{"hp":31,"atk":30,"def":31,"spa":30,"spd":31,"spe":31},"level":5},{"name":"Money","species":"abra","item":"lifeorb","ability":"Magic Guard","moves":["psychic","substitute","dazzlinggleam","energyball"],"nature":"Timid","evs":{"hp":0,"atk":0,"def":0,"spa":236,"spd":76,"spe":196},"ivs":{"hp":31,"atk":0,"def":31,"spa":31,"spd":31,"spe":31},"level":5}],"log":["|player|p1|ELC13 DC|dragoncrusher.gif","|player|p2|ELC13 Vegito|80","|gametype|singles","|gen|6","|tier|LC","|rated","|clearpoke","|poke|p1|Mienfoo, L5, M","|poke|p1|Timburr, L5, F","|poke|p1|Ferroseed, L5, M","|poke|p1|Koffing, L5, M","|poke|p1|Porygon, L5","|poke|p1|Staryu, L5","|poke|p2|Bunnelby, L5, M","|poke|p2|Magnemite, L5","|poke|p2|Snubbull, L5, M, shiny","|poke|p2|Mienfoo, L5, M","|poke|p2|Staryu, L5","|poke|p2|Abra, L5, F","|rule|Sleep Clause Mod: Limit one foe put to sleep","|rule|Species Clause: Limit one of each Pokémon","|rule|OHKO Clause: OHKO moves are banned","|rule|Moody Clause: Moody is banned","|rule|Evasion Moves Clause: Evasion moves are banned","|rule|Endless Battle Clause: Forcing endless battles is banned","|rule|HP Percentage Mod: HP is shown in percentages","|teampreview","|","|start","|switch|p1a: Timburr|Timburr, L5, F|25/25","|switch|p2a: Money|Abra, L5, F|19/19","|turn|1","|","|switch|p1a: Ray Jay|Ferroseed, L5, M|22/22","|move|p2a: Money|Substitute|p2a: Money","|-start|p2a: Money|Substitute","|-damage|p2a: Money|15/19","|","|turn|2","|","|move|p2a: Money|Psychic|p1a: Ray Jay","|-resisted|p1a: Ray Jay","|-damage|p1a: Ray Jay|17/22","|move|p1a: Ray Jay|Bullet Seed|p2a: Money","|-end|p2a: Money|Substitute","|-damage|p2a: Money|9/19","|-damage|p2a: Money|3/19","|-hitcount|p2a: Money|3","|","|turn|3","|","|switch|p2a: Swag|Magnemite, L5|21/21","|move|p1a: Ray Jay|Bullet Seed|p2a: Swag","|-resisted|p2a: Swag","|-damage|p2a: Swag|20/21","|-resisted|p2a: Swag","|-damage|p2a: Swag|19/21","|-resisted|p2a: Swag","|-damage|p2a: Swag|18/21","|-resisted|p2a: Swag","|-damage|p2a: Swag|17/21","|-hitcount|p2a: Swag|4","|","|turn|4","|","|move|p2a: Swag|Hidden Power|p1a: Ray Jay","|-supereffective|p1a: Ray Jay","|-damage|p1a: Ray Jay|1/22","|move|p1a: Ray Jay|Leech Seed|p2a: Swag","|-start|p2a: Swag|move: Leech Seed","|","|-damage|p2a: Swag|15/21|[from] Leech Seed|[of] p1a: Ray Jay","|-heal|p1a: Ray Jay|3/22|[silent]","|turn|5","|","|move|p1a: Ray Jay|Protect|p1a: Ray Jay","|-singleturn|p1a: Ray Jay|Protect","|move|p2a: Swag|Hidden Power|p1a: Ray Jay","|-activate|p1a: Ray Jay|Protect","|","|-damage|p2a: Swag|13/21|[from] Leech Seed|[of] p1a: Ray Jay","|-heal|p1a: Ray Jay|5/22|[silent]","|turn|6","|","|move|p2a: Swag|Hidden Power|p1a: Ray Jay","|-supereffective|p1a: Ray Jay","|-damage|p1a: Ray Jay|0 fnt","|faint|p1a: Ray Jay","|","|","|switch|p1a: Timburr|Timburr, L5, F|25/25","|turn|7","|","|switch|p2a: Rawr|Snubbull, L5, M, shiny|23/23","|-ability|p2a: Rawr|Intimidate","|-unboost|p1a: Timburr|atk|1","|move|p1a: Timburr|Drain Punch|p2a: Rawr","|-resisted|p2a: Rawr","|-damage|p2a: Rawr|20/23","|","|turn|8","|","|switch|p1a: AlphaJolt|Koffing, L5, M|23/23","|move|p2a: Rawr|Play Rough|p1a: AlphaJolt","|-resisted|p1a: AlphaJolt","|-damage|p1a: AlphaJolt|20/23","|","|turn|9","|","|switch|p2a: Swag|Magnemite, L5|13/21","|move|p1a: AlphaJolt|Will-O-Wisp|p2a: Swag","|-status|p2a: Swag|brn","|","|-damage|p2a: Swag|11/21 brn|[from] brn","|turn|10","|","|switch|p1a: Timburr|Timburr, L5, F|25/25","|move|p2a: Swag|Flash Cannon|p1a: Timburr","|-damage|p1a: Timburr|15/25","|","|-damage|p2a: Swag|9/21 brn|[from] brn","|-enditem|p2a: Swag|Berry Juice","|-heal|p2a: Swag|21/21 brn|[from] item: Berry Juice","|turn|11","|","|switch|p2a: Rawr|Snubbull, L5, M, shiny|20/23","|-ability|p2a: Rawr|Intimidate","|-unboost|p1a: Timburr|atk|1","|move|p1a: Timburr|Drain Punch|p2a: Rawr","|-resisted|p2a: Rawr","|-damage|p2a: Rawr|17/23","|-heal|p1a: Timburr|17/25|[from] drain|[of] p2a: Rawr","|","|turn|12","|","|switch|p1a: AlphaJolt|Koffing, L5, M|20/23","|move|p2a: Rawr|Play Rough|p1a: AlphaJolt","|-resisted|p1a: AlphaJolt","|-damage|p1a: AlphaJolt|17/23","|-unboost|p1a: AlphaJolt|atk|1","|","|turn|13","|","|switch|p2a: Idek|Mienfoo, L5, M|23/23","|move|p1a: AlphaJolt|Sludge Bomb|p2a: Idek","|-damage|p2a: Idek|16/23","|-status|p2a: Idek|psn","|","|-damage|p2a: Idek|14/23 psn|[from] psn","|turn|14","|","|move|p2a: Idek|Knock Off|p1a: AlphaJolt","|-damage|p1a: AlphaJolt|12/23","|-enditem|p1a: AlphaJolt|Eviolite|[from] move: Knock Off|[of] p2a: Idek","|move|p1a: AlphaJolt|Sludge Bomb|p2a: Idek","|-damage|p2a: Idek|7/23 psn","|","|-damage|p2a: Idek|5/23 psn|[from] psn","|turn|15","|","|switch|p2a: Swag|Magnemite, L5|21/21 brn","|move|p1a: AlphaJolt|Sludge Bomb|p2a: Swag","|-immune|p2a: Swag|[msg]","|","|-damage|p2a: Swag|19/21 brn|[from] brn","|turn|16","|","|switch|p1a: Timburr|Timburr, L5, F|17/25","|move|p2a: Swag|Volt Switch|p1a: Timburr","|-damage|p1a: Timburr|8/25","|","|switch|p2a: Rawr|Snubbull, L5, M, shiny|17/23","|-ability|p2a: Rawr|Intimidate","|-unboost|p1a: Timburr|atk|1","|","|turn|17","|","|move|p1a: Timburr|Drain Punch|p2a: Rawr","|-resisted|p2a: Rawr","|-damage|p2a: Rawr|14/23","|-heal|p1a: Timburr|10/25|[from] drain|[of] p2a: Rawr","|move|p2a: Rawr|Heal Bell|p2a: Rawr","|-cureteam|p2a: Rawr|[from] move: HealBell","|","|turn|18","|","|switch|p1a: little_gk|Porygon, L5|26/26","|-ability|p1a: little_gk|Intimidate|[from] ability: Trace|[of] p2a: Rawr","|-ability|p1a: little_gk|Intimidate","|-unboost|p2a: Rawr|atk|1","|move|p2a: Rawr|Play Rough|p1a: little_gk","|-crit|p1a: little_gk","|-damage|p1a: little_gk|14/26","|","|turn|19","|","|switch|p2a: Yarn|Staryu, L5|21/21","|move|p1a: little_gk|Tri Attack|p2a: Yarn","|-damage|p2a: Yarn|12/21","|","|turn|20","|","|move|p2a: Yarn|Scald|p1a: little_gk","|-damage|p1a: little_gk|8/26","|move|p1a: little_gk|Tri Attack|p2a: Yarn","|-damage|p2a: Yarn|3/21","|","|turn|21","|","|move|p2a: Yarn|Scald|p1a: little_gk","|-damage|p1a: little_gk|2/26","|move|p1a: little_gk|Tri Attack|p2a: Yarn","|-damage|p2a: Yarn|0 fnt","|faint|p2a: Yarn","|","|","|switch|p2a: Money|Abra, L5, F|3/19","|turn|22","|","|move|p2a: Money|Psychic|p1a: little_gk","|-damage|p1a: little_gk|0 fnt","|faint|p1a: little_gk","|","|","|switch|p1a: prem|Mienfoo, L5, M|21/21","|turn|23","|","|move|p1a: prem|Fake Out|p2a: Money","|-damage|p2a: Money|0 fnt","|-damage|p1a: prem|19/21|[from] item: Life Orb","|faint|p2a: Money","|","|","|switch|p2a: Rawr|Snubbull, L5, M, shiny|14/23","|-ability|p2a: Rawr|Intimidate","|-unboost|p1a: prem|atk|1","|turn|24","|","|move|p1a: prem|U-turn|p2a: Rawr","|-resisted|p2a: Rawr","|-damage|p2a: Rawr|11/23","|-damage|p1a: prem|17/21|[from] item: Life Orb","|","|switch|p1a: AlphaJolt|Koffing, L5, M|12/23","|move|p2a: Rawr|Play Rough|p1a: AlphaJolt","|-resisted|p1a: AlphaJolt","|-damage|p1a: AlphaJolt|9/23","|","|turn|25","|","|switch|p2a: Swag|Magnemite, L5|19/21","|move|p1a: AlphaJolt|Sludge Bomb|p2a: Swag","|-immune|p2a: Swag|[msg]","|","|turn|26","|","|switch|p1a: Timburr|Timburr, L5, F|10/25","|move|p2a: Swag|Flash Cannon|p1a: Timburr","|-damage|p1a: Timburr|0 fnt","|faint|p1a: Timburr","|","|","|switch|p1a: prem|Mienfoo, L5, M|21/21","|turn|27","|","|switch|p2a: Rawr|Snubbull, L5, M, shiny|11/23","|-ability|p2a: Rawr|Intimidate","|-unboost|p1a: prem|atk|1","|move|p1a: prem|High Jump Kick|p2a: Rawr","|-resisted|p2a: Rawr","|-damage|p2a: Rawr|6/23","|-damage|p1a: prem|19/21|[from] item: Life Orb","|","|turn|28","|","|move|p1a: prem|U-turn|p2a: Rawr","|-resisted|p2a: Rawr","|-damage|p2a: Rawr|3/23","|-damage|p1a: prem|17/21|[from] item: Life Orb","|","|switch|p1a: AlphaJolt|Koffing, L5, M|9/23","|move|p2a: Rawr|Play Rough|p1a: AlphaJolt","|-resisted|p1a: AlphaJolt","|-damage|p1a: AlphaJolt|5/23","|","|turn|29","|","|move|p2a: Rawr|Play Rough|p1a: AlphaJolt","|-resisted|p1a: AlphaJolt","|-damage|p1a: AlphaJolt|1/23","|move|p1a: AlphaJolt|Pain Split|p2a: Rawr","|-sethp|p2a: Rawr|2/23|p1a: AlphaJolt|2/23|[from] move: Pain Split","|","|turn|30","|","|switch|p2a: Swag|Magnemite, L5|19/21","|move|p1a: AlphaJolt|Clear Smog|p2a: Swag","|-immune|p2a: Swag|[msg]","|","|turn|31","|","|move|p2a: Swag|Volt Switch|p1a: AlphaJolt","|-damage|p1a: AlphaJolt|0 fnt","|faint|p1a: AlphaJolt","|","|switch|p2a: Bunnies|Bunnelby, L5, M|20/20","|","|","|switch|p1a: prem|Mienfoo, L5, M|21/21","|turn|32","|","|move|p1a: prem|Fake Out|p2a: Bunnies","|-damage|p2a: Bunnies|12/20","|-damage|p1a: prem|19/21|[from] item: Life Orb","|cant|p2a: Bunnies|flinch","|","|turn|33","|","|move|p2a: Bunnies|Return|p1a: prem","|-damage|p1a: prem|0 fnt","|faint|p1a: prem","|","|","|switch|p1a: emma|Staryu, L5|20/20","|turn|34","|","|move|p2a: Bunnies|Return|p1a: emma","|-damage|p1a: emma|4/20","|move|p1a: emma|Psychic|p2a: Bunnies","|-damage|p2a: Bunnies|0 fnt","|faint|p2a: Bunnies","|","|","|switch|p2a: Swag|Magnemite, L5|19/21","|turn|35","|","|move|p1a: emma|Hydro Pump|p2a: Swag","|-damage|p2a: Swag|3/21","|move|p2a: Swag|Volt Switch|p1a: emma","|-supereffective|p1a: emma","|-damage|p1a: emma|0 fnt","|faint|p1a: emma","|","|win|ELC13 Vegito"],"p1rating":{"entryid":"7318076","serverid":"eos","formatid":"lc","userid":"elc13dc","username":"ELC13 DC","w":"3","l":2,"t":"0","gxe":53.6,"r":"1500","rd":"130","sigma":"0","rptime":"1438419600","rpr":1528.1351692769,"rprd":102.83219891053,"rpsigma":"0","acre":1052.4685314549,"lacre":1052.4685314549,"oldacre":"1079.0990980791"},"p2rating":{"entryid":"7317873","serverid":"eos","formatid":"lc","userid":"elc13vegito","username":"ELC13 Vegito","w":2,"l":"3","t":"0","gxe":46.4,"r":"1500","rd":"130","sigma":"0","rptime":"1438419600","rpr":1471.8648307231,"rprd":102.83219891053,"rpsigma":"0","acre":1050.4649453685,"lacre":1050.4649453685,"oldacre":"1002.1368741178"},"endType":"normal"}