{"seed":[15909,3913,6909,26912],"turns":50,"p1":"elc13 Poker","p2":"ELC13 IceyFire","p1team":[{"name":"Bomb","species":"skrelp","item":"eviolite","ability":"Adaptability","moves":["toxicspikes","scald","sludgewave","hydropump"],"nature":"Modest","evs":{"hp":0,"atk":0,"def":116,"spa":196,"spd":116,"spe":80},"level":5,"ivs":{"hp":31,"atk":31,"def":31,"spa":31,"spd":31,"spe":31}},{"name":"Pie Eater","species":"pumpkaboosuper","item":"eviolite","ability":"Frisk","moves":["bulletseed","leechseed","willowisp","synthesis"],"nature":"Careful","evs":{"hp":204,"atk":0,"def":36,"spa":0,"spd":236,"spe":28},"level":5,"ivs":{"hp":31,"atk":31,"def":31,"spa":31,"spd":31,"spe":31}},{"name":"Spinner","species":"drilbur","item":"eviolite","ability":"Mold Breaker","moves":["stealthrock","rapidspin","earthquake","rocktomb"],"nature":"Jolly","evs":{"hp":60,"atk":236,"def":0,"spa":0,"spd":0,"spe":212},"level":5,"ivs":{"hp":31,"atk":31,"def":31,"spa":31,"spd":31,"spe":31}},{"name":"Parrotkeet","species":"archen","item":"berryjuice","ability":"Defeatist","moves":["rockslide","uturn","earthquake","acrobatics"],"nature":"Jolly","evs":{"hp":132,"atk":180,"def":0,"spa":0,"spd":0,"spe":196},"level":5,"ivs":{"hp":31,"atk":31,"def":31,"spa":31,"spd":31,"spe":31}},{"name":"Calikush","species":"trubbish","item":"berryjuice","ability":"Sticky Hold","moves":["spikes","recycle","gunkshot","drainpunch"],"nature":"Jolly","evs":{"hp":116,"atk":36,"def":100,"spa":0,"spd":20,"spe":236},"level":5,"ivs":{"hp":31,"atk":31,"def":31,"spa":31,"spd":31,"spe":31}},{"name":"Sword Slicer","species":"pawniard","item":"eviolite","ability":"Defiant","moves":["knockoff","suckerpunch","ironhead","pursuit"],"nature":"Adamant","evs":{"hp":0,"atk":252,"def":4,"spa":0,"spd":0,"spe":252},"level":5,"ivs":{"hp":31,"atk":31,"def":31,"spa":31,"spd":31,"spe":31}}],"p2team":[{"name":"Starmaster","species":"ferroseed","item":"eviolite","ability":"Iron Barbs","moves":["bulletseed","thunderwave","leechseed","stealthrock"],"nature":"Careful","evs":{"hp":80,"atk":36,"def":188,"spa":0,"spd":148,"spe":36},"gender":"M","level":5,"ivs":{"hp":31,"atk":31,"def":31,"spa":31,"spd":31,"spe":31}},{"name":"SnoopingGil","species":"chinchou","item":"eviolite","ability":"Volt Absorb","moves":["scald","voltswitch","rest","sleeptalk"],"nature":"Bold","evs":{"hp":76,"atk":0,"def":212,"spa":0,"spd":148,"spe":69},"level":5,"ivs":{"hp":31,"atk":31,"def":31,"spa":31,"spd":31,"spe":31}},{"name":"Meteordash","species":"ponyta","item":"eviolite","ability":"Flame Body","moves":["flareblitz","wildcharge","willowisp","morningsun"],"nature":"Impish","evs":{"hp":0,"atk":0,"def":236,"spa":0,"spd":76,"spe":196},"level":5,"ivs":{"hp":31,"atk":31,"def":31,"spa":31,"spd":31,"spe":31}},{"name":"Briyella","species":"spritzee","item":"eviolite","ability":"Aroma Veil","moves":["moonblast","aromatherapy","wish","protect"],"nature":"Bold","evs":{"hp":212,"atk":0,"def":196,"spa":12,"spd":76,"spe":12},"level":5,"ivs":{"hp":31,"atk":31,"def":31,"spa":31,"spd":31,"spe":31}},{"name":"Trickster","species":"mienfoo","item":"eviolite","ability":"Regenerator","moves":["drainpunch","knockoff","uturn","taunt"],"nature":"Jolly","evs":{"hp":0,"atk":0,"def":196,"spa":0,"spd":36,"spe":236},"level":5,"ivs":{"hp":31,"atk":31,"def":31,"spa":31,"spd":31,"spe":31}},{"name":"DeathxShinigami","species":"gastly","item":"choicescarf","ability":"Levitate","moves":["shadowball","sludgebomb","dazzlinggleam","destinybond"],"nature":"Modest","evs":{"hp":0,"atk":0,"def":36,"spa":196,"spd":76,"spe":196},"level":5,"ivs":{"hp":31,"atk":31,"def":31,"spa":31,"spd":31,"spe":31}}],"log":["|player|p1|elc13 Poker|99","|player|p2|ELC13 IceyFire|17","|gametype|singles","|gen|6","|tier|LC","|rated","|clearpoke","|poke|p1|Skrelp, L5, F","|poke|p1|Pumpkaboo-*, L5, F","|poke|p1|Drilbur, L5, M","|poke|p1|Archen, L5, F","|poke|p1|Trubbish, L5, M","|poke|p1|Pawniard, L5, F","|poke|p2|Ferroseed, L5, M","|poke|p2|Chinchou, L5, F","|poke|p2|Ponyta, L5, F","|poke|p2|Spritzee, L5, F","|poke|p2|Mienfoo, L5, F","|poke|p2|Gastly, L5, F","|rule|Sleep Clause Mod: Limit one foe put to sleep","|rule|Species Clause: Limit one of each Pokémon","|rule|OHKO Clause: OHKO moves are banned","|rule|Moody Clause: Moody is banned","|rule|Evasion Moves Clause: Evasion moves are banned","|rule|Endless Battle Clause: Forcing endless battles is banned","|rule|HP Percentage Mod: HP is shown in percentages","|teampreview","|","|start","|switch|p1a: Spinner|Drilbur, L5, M|23/23","|switch|p2a: Trickster|Mienfoo, L5, F|21/21","|-ability|p1a: Spinner|Mold Breaker","|turn|1","|","|move|p2a: Trickster|Taunt|p1a: Spinner","|-start|p1a: Spinner|move: Taunt","|cant|p1a: Spinner|move: Taunt|Stealth Rock","|","|turn|2","|","|move|p1a: Spinner|Earthquake|p2a: Trickster","|-damage|p2a: Trickster|11/21","|move|p2a: Trickster|Knock Off|p1a: Spinner","|-damage|p1a: Spinner|16/23","|-enditem|p1a: Spinner|Eviolite|[from] move: Knock Off|[of] p2a: Trickster","|","|turn|3","|","|switch|p1a: Pie Eater|Pumpkaboo-Super, L5, F|25/25","|-item|p2a: Trickster|Eviolite|[from] ability: Frisk|[of] p1a: Pie Eater|[identify]","|move|p2a: Trickster|Drain Punch|p1a: Pie Eater","|-immune|p1a: Pie Eater|[msg]","|","|turn|4","|","|switch|p1a: Calikush|Trubbish, L5, M|23/23","|move|p2a: Trickster|U-turn|p1a: Calikush","|-resisted|p1a: Calikush","|-damage|p1a: Calikush|20/23","|","|switch|p2a: Meteordash|Ponyta, L5, F|21/21","|","|turn|5","|","|move|p2a: Meteordash|Will-O-Wisp|p1a: Calikush|[miss]","|-miss|p2a: Meteordash|p1a: Calikush","|move|p1a: Calikush|Gunk Shot|p2a: Meteordash","|-damage|p2a: Meteordash|14/21","|-status|p2a: Meteordash|psn","|","|-damage|p2a: Meteordash|12/21 psn|[from] psn","|turn|6","|","|switch|p2a: Briyella|Spritzee, L5, F|27/27","|switch|p1a: Bomb|Skrelp, L5, F|21/21","|","|turn|7","|","|switch|p2a: Starmaster|Ferroseed, L5, M|21/21","|move|p1a: Bomb|Sludge Wave|p2a: Starmaster","|-immune|p2a: Starmaster|[msg]","|","|turn|8","|","|switch|p1a: Pie Eater|Pumpkaboo-Super, L5, F|25/25","|-item|p2a: Starmaster|Eviolite|[from] ability: Frisk|[of] p1a: Pie Eater|[identify]","|move|p2a: Starmaster|Thunder Wave|p1a: Pie Eater","|-status|p1a: Pie Eater|par","|","|turn|9","|","|switch|p2a: Meteordash|Ponyta, L5, F|12/21 psn","|move|p1a: Pie Eater|Leech Seed|p2a: Meteordash","|-start|p2a: Meteordash|move: Leech Seed","|","|-damage|p2a: Meteordash|10/21 psn|[from] Leech Seed|[of] p1a: Pie Eater","|-damage|p2a: Meteordash|8/21 psn|[from] psn","|turn|10","|","|switch|p2a: Briyella|Spritzee, L5, F|27/27","|switch|p1a: Bomb|Skrelp, L5, F|21/21","|","|turn|11","|","|switch|p2a: Starmaster|Ferroseed, L5, M|21/21","|move|p1a: Bomb|Sludge Wave|p2a: Starmaster","|-immune|p2a: Starmaster|[msg]","|","|turn|12","|","|switch|p1a: Pie Eater|Pumpkaboo-Super, L5, F|25/25 par","|-item|p2a: Starmaster|Eviolite|[from] ability: Frisk|[of] p1a: Pie Eater|[identify]","|move|p2a: Starmaster|Stealth Rock|p1a: Pie Eater","|-sidestart|p1: elc13 Poker|move: Stealth Rock","|","|turn|13","|","|move|p2a: Starmaster|Leech Seed|p1a: Pie Eater","|-immune|p1a: Pie Eater|[msg]","|move|p1a: Pie Eater|Leech Seed|p2a: Starmaster|[miss]","|-miss|p1a: Pie Eater|p2a: Starmaster","|","|turn|14","|","|move|p2a: Starmaster|Bullet Seed|p1a: Pie Eater","|-resisted|p1a: Pie Eater","|-damage|p1a: Pie Eater|24/25 par","|-resisted|p1a: Pie Eater","|-damage|p1a: Pie Eater|23/25 par","|-hitcount|p1a: Pie Eater|2","|move|p1a: Pie Eater|Leech Seed|p2a: Starmaster","|-immune|p2a: Starmaster|[msg]","|","|turn|15","|","|move|p2a: Starmaster|Bullet Seed|p1a: Pie Eater","|-resisted|p1a: Pie Eater","|-damage|p1a: Pie Eater|22/25 par","|-resisted|p1a: Pie Eater","|-damage|p1a: Pie Eater|21/25 par","|-resisted|p1a: Pie Eater","|-damage|p1a: Pie Eater|20/25 par","|-hitcount|p1a: Pie Eater|3","|cant|p1a: Pie Eater|par","|","|turn|16","|","|move|p2a: Starmaster|Leech Seed|p1a: Pie Eater","|-immune|p1a: Pie Eater|[msg]","|move|p1a: Pie Eater|Bullet Seed|p2a: Starmaster","|-resisted|p2a: Starmaster","|-damage|p2a: Starmaster|20/21","|-resisted|p2a: Starmaster","|-damage|p2a: Starmaster|19/21","|-hitcount|p2a: Starmaster|2","|","|turn|17","|","|switch|p2a: DeathxShinigami|Gastly, L5, F|19/19","|cant|p1a: Pie Eater|par","|","|turn|18","|","|switch|p1a: Sword Slicer|Pawniard, L5, F|21/21","|-damage|p1a: Sword Slicer|20/21|[from] Stealth Rock","|move|p2a: DeathxShinigami|Shadow Ball|p1a: Sword Slicer","|-resisted|p1a: Sword Slicer","|-damage|p1a: Sword Slicer|14/21","|","|turn|19","|","|move|p1a: Sword Slicer|Pursuit|p2a: DeathxShinigami|[from]Pursuit","|-supereffective|p2a: DeathxShinigami","|-damage|p2a: DeathxShinigami|0 fnt","|faint|p2a: DeathxShinigami","|","|","|switch|p2a: Trickster|Mienfoo, L5, F|18/21","|turn|20","|","|switch|p1a: Bomb|Skrelp, L5, F|21/21","|-damage|p1a: Bomb|19/21|[from] Stealth Rock","|move|p2a: Trickster|Drain Punch|p1a: Bomb","|-resisted|p1a: Bomb","|-damage|p1a: Bomb|16/21","|-heal|p2a: Trickster|20/21|[from] drain|[of] p1a: Bomb","|","|turn|21","|","|move|p2a: Trickster|Knock Off|p1a: Bomb","|-damage|p1a: Bomb|10/21","|-enditem|p1a: Bomb|Eviolite|[from] move: Knock Off|[of] p2a: Trickster","|move|p1a: Bomb|Toxic Spikes|p2a: Trickster","|-sidestart|p2: ELC13 IceyFire|move: Toxic Spikes","|","|turn|22","|","|move|p2a: Trickster|Taunt|p1a: Bomb","|-start|p1a: Bomb|move: Taunt","|cant|p1a: Bomb|move: Taunt|Toxic Spikes","|","|turn|23","|","|switch|p2a: Starmaster|Ferroseed, L5, M|19/21","|move|p1a: Bomb|Hydro Pump|p2a: Starmaster","|-resisted|p2a: Starmaster","|-damage|p2a: Starmaster|12/21","|","|turn|24","|","|switch|p1a: Pie Eater|Pumpkaboo-Super, L5, F|20/25 par","|-damage|p1a: Pie Eater|17/25 par|[from] Stealth Rock","|-item|p2a: Starmaster|Eviolite|[from] ability: Frisk|[of] p1a: Pie Eater|[identify]","|move|p2a: Starmaster|Bullet Seed|p1a: Pie Eater","|-resisted|p1a: Pie Eater","|-damage|p1a: Pie Eater|16/25 par","|-resisted|p1a: Pie Eater","|-damage|p1a: Pie Eater|15/25 par","|-hitcount|p1a: Pie Eater|2","|","|turn|25","|","|move|p2a: Starmaster|Bullet Seed|p1a: Pie Eater","|-resisted|p1a: Pie Eater","|-damage|p1a: Pie Eater|14/25 par","|-resisted|p1a: Pie Eater","|-damage|p1a: Pie Eater|13/25 par","|-resisted|p1a: Pie Eater","|-damage|p1a: Pie Eater|12/25 par","|-resisted|p1a: Pie Eater","|-damage|p1a: Pie Eater|11/25 par","|-resisted|p1a: Pie Eater","|-damage|p1a: Pie Eater|10/25 par","|-hitcount|p1a: Pie Eater|5","|move|p1a: Pie Eater|Synthesis|p1a: Pie Eater","|-heal|p1a: Pie Eater|22/25 par","|","|turn|26","|","|switch|p2a: Briyella|Spritzee, L5, F|27/27","|-status|p2a: Briyella|psn","|move|p1a: Pie Eater|Will-O-Wisp|p2a: Briyella|[miss]","|-miss|p1a: Pie Eater|p2a: Briyella","|","|-damage|p2a: Briyella|24/27 psn|[from] psn","|turn|27","|","|move|p2a: Briyella|Aromatherapy|p2a: Briyella","|-cureteam|p2a: Briyella|[from] move: Aromatherapy","|move|p1a: Pie Eater|Bullet Seed|p2a: Briyella","|-damage|p2a: Briyella|21/27","|-crit|p2a: Briyella","|-damage|p2a: Briyella|17/27","|-damage|p2a: Briyella|14/27","|-damage|p2a: Briyella|11/27","|-hitcount|p2a: Briyella|4","|","|turn|28","|","|move|p2a: Briyella|Wish|p2a: Briyella","|cant|p1a: Pie Eater|par","|","|turn|29","|","|move|p2a: Briyella|Moonblast|p1a: Pie Eater","|-damage|p1a: Pie Eater|15/25 par","|move|p1a: Pie Eater|Leech Seed|p2a: Briyella","|-start|p2a: Briyella|move: Leech Seed","|","|-heal|p2a: Briyella|24/27|[from] move: Wish|[wisher] Briyella","|-damage|p2a: Briyella|21/27|[from] Leech Seed|[of] p1a: Pie Eater","|-heal|p1a: Pie Eater|18/25 par|[silent]","|turn|30","|","|switch|p2a: Starmaster|Ferroseed, L5, M|12/21","|switch|p1a: Spinner|Drilbur, L5, M|16/23","|-damage|p1a: Spinner|15/23|[from] Stealth Rock","|-ability|p1a: Spinner|Mold Breaker","|","|turn|31","|","|move|p1a: Spinner|Stealth Rock|p2a: Starmaster","|-sidestart|p2: ELC13 IceyFire|move: Stealth Rock","|move|p2a: Starmaster|Bullet Seed|p1a: Spinner","|-supereffective|p1a: Spinner","|-damage|p1a: Spinner|7/23","|-supereffective|p1a: Spinner","|-damage|p1a: Spinner|0 fnt","|-hitcount|p1a: Spinner|2","|faint|p1a: Spinner","|","|","|switch|p1a: Pie Eater|Pumpkaboo-Super, L5, F|18/25 par","|-damage|p1a: Pie Eater|15/25 par|[from] Stealth Rock","|-item|p2a: Starmaster|Eviolite|[from] ability: Frisk|[of] p1a: Pie Eater|[identify]","|turn|32","|","|switch|p2a: Trickster|Mienfoo, L5, F|21/21","|-damage|p2a: Trickster|20/21|[from] Stealth Rock","|-status|p2a: Trickster|psn","|move|p1a: Pie Eater|Will-O-Wisp|p2a: Trickster","|-fail|p2a: Trickster","|","|-damage|p2a: Trickster|18/21 psn|[from] psn","|turn|33","|","|move|p2a: Trickster|Drain Punch|p1a: Pie Eater","|-immune|p1a: Pie Eater|[msg]","|move|p1a: Pie Eater|Synthesis|p1a: Pie Eater","|-heal|p1a: Pie Eater|25/25 par","|","|-damage|p2a: Trickster|16/21 psn|[from] psn","|turn|34","|","|move|p2a: Trickster|Taunt|p1a: Pie Eater","|-start|p1a: Pie Eater|move: Taunt","|move|p1a: Pie Eater|Bullet Seed|p2a: Trickster","|-damage|p2a: Trickster|13/21 psn","|-damage|p2a: Trickster|10/21 psn","|-hitcount|p2a: Trickster|2","|","|-damage|p2a: Trickster|8/21 psn|[from] psn","|turn|35","|","|switch|p2a: Starmaster|Ferroseed, L5, M|12/21","|-damage|p2a: Starmaster|11/21|[from] Stealth Rock","|move|p1a: Pie Eater|Bullet Seed|p2a: Starmaster","|-resisted|p2a: Starmaster","|-damage|p2a: Starmaster|10/21","|-resisted|p2a: Starmaster","|-damage|p2a: Starmaster|9/21","|-resisted|p2a: Starmaster","|-damage|p2a: Starmaster|8/21","|-resisted|p2a: Starmaster","|-damage|p2a: Starmaster|7/21","|-crit|p2a: Starmaster","|-resisted|p2a: Starmaster","|-damage|p2a: Starmaster|6/21","|-hitcount|p2a: Starmaster|5","|","|turn|36","|","|move|p2a: Starmaster|Bullet Seed|p1a: Pie Eater","|-resisted|p1a: Pie Eater","|-damage|p1a: Pie Eater|24/25 par","|-resisted|p1a: Pie Eater","|-damage|p1a: Pie Eater|23/25 par","|-resisted|p1a: Pie Eater","|-damage|p1a: Pie Eater|22/25 par","|-hitcount|p1a: Pie Eater|3","|move|p1a: Pie Eater|Bullet Seed|p2a: Starmaster","|-resisted|p2a: Starmaster","|-damage|p2a: Starmaster|5/21","|-resisted|p2a: Starmaster","|-damage|p2a: Starmaster|4/21","|-resisted|p2a: Starmaster","|-damage|p2a: Starmaster|3/21","|-hitcount|p2a: Starmaster|3","|","|-end|p1a: Pie Eater|move: Taunt","|turn|37","|","|move|p2a: Starmaster|Bullet Seed|p1a: Pie Eater","|-resisted|p1a: Pie Eater","|-damage|p1a: Pie Eater|21/25 par","|-resisted|p1a: Pie Eater","|-damage|p1a: Pie Eater|20/25 par","|-resisted|p1a: Pie Eater","|-damage|p1a: Pie Eater|19/25 par","|-resisted|p1a: Pie Eater","|-damage|p1a: Pie Eater|18/25 par","|-resisted|p1a: Pie Eater","|-damage|p1a: Pie Eater|17/25 par","|-hitcount|p1a: Pie Eater|5","|move|p1a: Pie Eater|Bullet Seed|p2a: Starmaster","|-resisted|p2a: Starmaster","|-damage|p2a: Starmaster|2/21","|-resisted|p2a: Starmaster","|-damage|p2a: Starmaster|1/21","|-resisted|p2a: Starmaster","|-damage|p2a: Starmaster|0 fnt","|-hitcount|p2a: Starmaster|3","|faint|p2a: Starmaster","|","|","|switch|p2a: Briyella|Spritzee, L5, F|21/27","|-status|p2a: Briyella|psn","|-damage|p2a: Briyella|18/27 psn|[from] Stealth Rock","|turn|38","|","|switch|p1a: Calikush|Trubbish, L5, M|20/23","|-damage|p1a: Calikush|18/23|[from] Stealth Rock","|move|p2a: Briyella|Wish|p2a: Briyella","|","|-damage|p2a: Briyella|15/27 psn|[from] psn","|turn|39","|","|switch|p2a: Trickster|Mienfoo, L5, F|15/21 psn","|-damage|p2a: Trickster|14/21 psn|[from] Stealth Rock","|move|p1a: Calikush|Gunk Shot|p2a: Trickster","|-damage|p2a: Trickster|5/21 psn","|","|-heal|p2a: Trickster|18/21 psn|[from] move: Wish|[wisher] Briyella","|-damage|p2a: Trickster|16/21 psn|[from] psn","|turn|40","|","|move|p1a: Calikush|Spikes|p2a: Trickster","|-sidestart|p2: ELC13 IceyFire|Spikes","|move|p2a: Trickster|Knock Off|p1a: Calikush","|-damage|p1a: Calikush|9/23","|-activate|p1a: Calikush|ability: Sticky Hold","|-enditem|p1a: Calikush|Berry Juice","|-heal|p1a: Calikush|23/23|[from] item: Berry Juice","|","|-damage|p2a: Trickster|14/21 psn|[from] psn","|turn|41","|","|move|p2a: Trickster|Knock Off|p1a: Calikush","|-damage|p1a: Calikush|17/23","|move|p1a: Calikush|Recycle|p1a: Calikush","|-item|p1a: Calikush|Berry Juice|[from] move: Recycle","|","|-damage|p2a: Trickster|12/21 psn|[from] psn","|turn|42","|","|move|p1a: Calikush|Gunk Shot|p2a: Trickster","|-damage|p2a: Trickster|3/21 psn","|move|p2a: Trickster|U-turn|p1a: Calikush","|-resisted|p1a: Calikush","|-damage|p1a: Calikush|14/23","|","|switch|p2a: Meteordash|Ponyta, L5, F|8/21","|-status|p2a: Meteordash|psn","|-damage|p2a: Meteordash|6/21 psn|[from] Spikes","|-damage|p2a: Meteordash|1/21 psn|[from] Stealth Rock","|","|-damage|p2a: Meteordash|0 fnt|[from] psn","|faint|p2a: Meteordash","|","|switch|p2a: SnoopingGil|Chinchou, L5, F|25/25","|-damage|p2a: SnoopingGil|22/25|[from] Stealth Rock","|-status|p2a: SnoopingGil|psn","|-damage|p2a: SnoopingGil|19/25 psn|[from] Spikes","|turn|43","|","|move|p1a: Calikush|Spikes|p2a: SnoopingGil","|-sidestart|p2: ELC13 IceyFire|Spikes","|move|p2a: SnoopingGil|Rest|p2a: SnoopingGil","|-status|p2a: SnoopingGil|slp","|-heal|p2a: SnoopingGil|25/25 slp|[silent]","|-status|p2a: SnoopingGil|slp|[from] move: Rest","|","|turn|44","|","|move|p1a: Calikush|Spikes|p2a: SnoopingGil","|-sidestart|p2: ELC13 IceyFire|Spikes","|cant|p2a: SnoopingGil|slp","|move|p2a: SnoopingGil|Sleep Talk|p2a: SnoopingGil","|move|p2a: SnoopingGil|Volt Switch|p1a: Calikush|[from]Sleep Talk","|-damage|p1a: Calikush|5/23","|-enditem|p1a: Calikush|Berry Juice","|-heal|p1a: Calikush|23/23|[from] item: Berry Juice","|","|switch|p2a: Briyella|Spritzee, L5, F|15/27 psn","|-damage|p2a: Briyella|9/27 psn|[from] Spikes","|-damage|p2a: Briyella|6/27 psn|[from] Stealth Rock","|","|-damage|p2a: Briyella|3/27 psn|[from] psn","|turn|45","|","|move|p1a: Calikush|Drain Punch|p2a: Briyella","|-resisted|p2a: Briyella","|-damage|p2a: Briyella|1/27 psn","|move|p2a: Briyella|Moonblast|p1a: Calikush","|-resisted|p1a: Calikush","|-damage|p1a: Calikush|17/23","|-unboost|p1a: Calikush|spa|1","|","|-damage|p2a: Briyella|0 fnt|[from] psn","|faint|p2a: Briyella","|","|switch|p2a: Trickster|Mienfoo, L5, F|10/21 psn","|-damage|p2a: Trickster|5/21 psn|[from] Spikes","|-damage|p2a: Trickster|4/21 psn|[from] Stealth Rock","|turn|46","|","|move|p1a: Calikush|Drain Punch|p2a: Trickster","|-damage|p2a: Trickster|0 fnt","|-heal|p1a: Calikush|19/23|[from] drain|[of] p2a: Trickster","|faint|p2a: Trickster","|","|","|switch|p2a: SnoopingGil|Chinchou, L5, F|25/25 slp","|-damage|p2a: SnoopingGil|19/25 slp|[from] Spikes","|-damage|p2a: SnoopingGil|16/25 slp|[from] Stealth Rock","|turn|47","|","|switch|p1a: Pie Eater|Pumpkaboo-Super, L5, F|17/25 par","|-damage|p1a: Pie Eater|14/25 par|[from] Stealth Rock","|-item|p2a: SnoopingGil|Eviolite|[from] ability: Frisk|[of] p1a: Pie Eater|[identify]","|cant|p2a: SnoopingGil|slp","|move|p2a: SnoopingGil|Sleep Talk|p2a: SnoopingGil","|move|p2a: SnoopingGil|Rest|p2a: SnoopingGil|[from]Sleep Talk","|-fail|p2a: SnoopingGil","|","|turn|48","|","|-curestatus|p2a: SnoopingGil|slp","|move|p2a: SnoopingGil|Sleep Talk|p2a: SnoopingGil","|-fail|p2a: SnoopingGil","|move|p1a: Pie Eater|Leech Seed|p2a: SnoopingGil","|-start|p2a: SnoopingGil|move: Leech Seed","|","|-damage|p2a: SnoopingGil|13/25|[from] Leech Seed|[of] p1a: Pie Eater","|-heal|p1a: Pie Eater|17/25 par|[silent]","|turn|49","|","|move|p2a: SnoopingGil|Scald|p1a: Pie Eater","|-resisted|p1a: Pie Eater","|-damage|p1a: Pie Eater|14/25 par","|cant|p1a: Pie Eater|par","|","|-damage|p2a: SnoopingGil|10/25|[from] Leech Seed|[of] p1a: Pie Eater","|-heal|p1a: Pie Eater|17/25 par|[silent]","|turn|50","|","|move|p2a: SnoopingGil|Volt Switch|p1a: Pie Eater","|-resisted|p1a: Pie Eater","|-damage|p1a: Pie Eater|14/25 par","|move|p1a: Pie Eater|Bullet Seed|p2a: SnoopingGil","|-supereffective|p2a: SnoopingGil","|-damage|p2a: SnoopingGil|4/25","|-supereffective|p2a: SnoopingGil","|-damage|p2a: SnoopingGil|0 fnt","|-hitcount|p2a: SnoopingGil|2","|faint|p2a: SnoopingGil","|","|win|elc13 Poker"],"p1rating":{"entryid":"7317776","serverid":"eos","formatid":"lc","userid":"elc13poker","username":"elc13 Poker","w":3,"l":"2","t":"0","gxe":53.6,"r":"1500","rd":"130","sigma":"0","rptime":"1438419600","rpr":1528.1351692769,"rprd":102.83219891053,"rpsigma":"0","acre":1074.6949341533,"lacre":1074.6949341533,"oldacre":"1038.3077093722"},"p2rating":{"entryid":"7317808","serverid":"eos","formatid":"lc","userid":"elc13iceyfire","username":"ELC13 IceyFire","w":"2","l":2,"t":"0","gxe":50,"r":"1500","rd":"130","sigma":"0","rptime":"1438419600","rpr":1500,"rprd":106.91164920561,"rpsigma":"0","acre":1039.7952710781,"lacre":1039.7952710781,"oldacre":"1059.9745673142"},"endType":"normal"}