{"seed":[52219,8068,50660,16429],"turns":34,"p1":"ELC13 DC","p2":"ELC13 Piers","p1team":[{"name":"prem","species":"mienfoo","item":"lifeorb","ability":"Regenerator","moves":["highjumpkick","fakeout","stoneedge","uturn"],"nature":"Jolly","evs":{"hp":0,"atk":236,"def":36,"spa":0,"spd":0,"spe":236},"gender":"M","level":5,"ivs":{"hp":31,"atk":31,"def":31,"spa":31,"spd":31,"spe":31}},{"name":"Timburr","species":"Timburr","item":"eviolite","ability":"Guts","moves":["drainpunch","bulkup","payback","machpunch"],"nature":"Careful","evs":{"hp":76,"atk":196,"def":0,"spa":0,"spd":236,"spe":0},"gender":"F","level":5,"ivs":{"hp":31,"atk":31,"def":31,"spa":31,"spd":31,"spe":31}},{"name":"Ray Jay","species":"ferroseed","item":"eviolite","ability":"Iron Barbs","moves":["bulletseed","leechseed","stealthrock","protect"],"nature":"Sassy","evs":{"hp":84,"atk":36,"def":188,"spa":0,"spd":152,"spe":0},"gender":"M","level":5,"ivs":{"hp":31,"atk":31,"def":31,"spa":31,"spd":31,"spe":31}},{"name":"AlphaJolt","species":"koffing","item":"eviolite","ability":"Levitate","moves":["painsplit","willowisp","clearsmog","sludgebomb"],"nature":"Bold","evs":{"hp":196,"atk":0,"def":156,"spa":0,"spd":156,"spe":0},"gender":"M","level":5,"ivs":{"hp":31,"atk":31,"def":31,"spa":31,"spd":31,"spe":31}},{"name":"little_gk","species":"porygon","item":"eviolite","ability":"Trace","moves":["thunderwave","triattack","shadowball","recover"],"nature":"Bold","evs":{"hp":236,"atk":0,"def":196,"spa":0,"spd":76,"spe":0},"level":5,"ivs":{"hp":31,"atk":31,"def":31,"spa":31,"spd":31,"spe":31}},{"name":"emma","species":"staryu","item":"eviolite","ability":"Natural Cure","moves":["recover","rapidspin","hydropump","psychic"],"nature":"Timid","evs":{"hp":36,"atk":0,"def":0,"spa":200,"spd":0,"spe":240},"level":5,"ivs":{"hp":31,"atk":31,"def":31,"spa":31,"spd":31,"spe":31}}],"p2team":[{"name":"Dreadlocks","species":"lileep","item":"eviolite","ability":"Storm Drain","moves":["stealthrock","gigadrain","toxic","recover"],"nature":"Bold","evs":{"hp":228,"atk":0,"def":220,"spa":0,"spd":60,"spe":0},"level":5,"ivs":{"hp":31,"atk":31,"def":31,"spa":31,"spd":31,"spe":31}},{"name":"Staryu","species":"Staryu","item":"eviolite","ability":"Natural Cure","moves":["rapidspin","scald","recover","thunderwave"],"nature":"Bold","evs":{"hp":0,"atk":0,"def":236,"spa":36,"spd":236,"spe":0},"level":5,"ivs":{"hp":31,"atk":31,"def":31,"spa":31,"spd":31,"spe":31}},{"name":"Mienfoo","species":"Mienfoo","item":"eviolite","ability":"Regenerator","moves":["fakeout","uturn","knockoff","drainpunch"],"nature":"Adamant","evs":{"hp":88,"atk":184,"def":0,"spa":0,"spd":0,"spe":236},"level":5,"ivs":{"hp":31,"atk":31,"def":31,"spa":31,"spd":31,"spe":31}},{"name":"Fletchling","species":"Fletchling","item":"berryjuice","ability":"Gale Wings","moves":["swordsdance","acrobatics","overheat","uturn"],"nature":"Naughty","evs":{"hp":0,"atk":196,"def":0,"spa":100,"spd":212,"spe":0},"level":5,"ivs":{"hp":31,"atk":31,"def":31,"spa":31,"spd":31,"spe":31}},{"name":"Ghostfire","species":"gastly","item":"choicescarf","ability":"Levitate","moves":["destinybond","shadowball","sludgebomb","hiddenpowerground"],"nature":"Timid","evs":{"hp":0,"atk":0,"def":0,"spa":200,"spd":112,"spe":196},"ivs":{"hp":31,"atk":31,"def":31,"spa":30,"spd":30,"spe":31},"level":5},{"name":"Sandile","species":"Sandile","item":"choicescarf","ability":"Intimidate","moves":["earthquake","crunch","stoneedge","firefang"],"nature":"Jolly","evs":{"hp":0,"atk":180,"def":0,"spa":0,"spd":92,"spe":236},"level":5,"ivs":{"hp":31,"atk":31,"def":31,"spa":31,"spd":31,"spe":31}}],"log":["|player|p1|ELC13 DC|dragoncrusher.gif","|player|p2|ELC13 Piers|piersnins.png","|gametype|singles","|gen|6","|tier|LC","|rated","|clearpoke","|poke|p1|Mienfoo, L5, M","|poke|p1|Timburr, L5, F","|poke|p1|Ferroseed, L5, M","|poke|p1|Koffing, L5, M","|poke|p1|Porygon, L5","|poke|p1|Staryu, L5","|poke|p2|Lileep, L5, M","|poke|p2|Staryu, L5","|poke|p2|Mienfoo, L5, M","|poke|p2|Fletchling, L5, F","|poke|p2|Gastly, L5, M","|poke|p2|Sandile, L5, F","|rule|Sleep Clause Mod: Limit one foe put to sleep","|rule|Species Clause: Limit one of each Pokémon","|rule|OHKO Clause: OHKO moves are banned","|rule|Moody Clause: Moody is banned","|rule|Evasion Moves Clause: Evasion moves are banned","|rule|Endless Battle Clause: Forcing endless battles is banned","|rule|HP Percentage Mod: HP is shown in percentages","|teampreview","|","|start","|switch|p1a: emma|Staryu, L5|20/20","|switch|p2a: Fletchling|Fletchling, L5, F|21/21","|turn|1","|","|switch|p2a: Dreadlocks|Lileep, L5, M|26/26","|move|p1a: emma|Psychic|p2a: Dreadlocks","|-damage|p2a: Dreadlocks|21/26","|","|turn|2","|","|switch|p1a: prem|Mienfoo, L5, M|21/21","|move|p2a: Dreadlocks|Stealth Rock|p1a: prem","|-sidestart|p1: ELC13 DC|move: Stealth Rock","|","|turn|3","|","|switch|p2a: Staryu|Staryu, L5|19/19","|move|p1a: prem|Fake Out|p2a: Staryu","|-damage|p2a: Staryu|15/19","|-damage|p1a: prem|19/21|[from] item: Life Orb","|","|turn|4","|","|move|p1a: prem|High Jump Kick|p2a: Staryu","|-damage|p2a: Staryu|2/19","|-damage|p1a: prem|17/21|[from] item: Life Orb","|move|p2a: Staryu|Scald|p1a: prem","|-damage|p1a: prem|4/21","|","|turn|5","|","|switch|p2a: Ghostfire|Gastly, L5, M|19/19","|move|p1a: prem|U-turn|p2a: Ghostfire","|-resisted|p2a: Ghostfire","|-damage|p2a: Ghostfire|16/19","|-damage|p1a: prem|2/21|[from] item: Life Orb","|","|switch|p1a: little_gk|Porygon, L5|26/26","|-damage|p1a: little_gk|23/26|[from] Stealth Rock","|-ability|p1a: little_gk|Levitate|[from] ability: Trace|[of] p2a: Ghostfire","|","|turn|6","|","|move|p2a: Ghostfire|Destiny Bond|p2a: Ghostfire","|-singlemove|p2a: Ghostfire|Destiny Bond","|move|p1a: little_gk|Thunder Wave|p2a: Ghostfire","|-status|p2a: Ghostfire|par","|","|turn|7","|","|switch|p2a: Staryu|Staryu, L5|2/19","|move|p1a: little_gk|Shadow Ball|p2a: Staryu","|-damage|p2a: Staryu|0 fnt","|faint|p2a: Staryu","|","|","|switch|p2a: Mienfoo|Mienfoo, L5, M|22/22","|turn|8","|","|move|p2a: Mienfoo|Knock Off|p1a: little_gk","|-damage|p1a: little_gk|17/26","|-enditem|p1a: little_gk|Eviolite|[from] move: Knock Off|[of] p2a: Mienfoo","|move|p1a: little_gk|Tri Attack|p2a: Mienfoo","|-damage|p2a: Mienfoo|12/22","|","|turn|9","|","|move|p2a: Mienfoo|Drain Punch|p1a: little_gk","|-supereffective|p1a: little_gk","|-damage|p1a: little_gk|0 fnt","|-heal|p2a: Mienfoo|21/22|[from] drain|[of] p1a: little_gk","|faint|p1a: little_gk","|","|","|switch|p1a: AlphaJolt|Koffing, L5, M|23/23","|-damage|p1a: AlphaJolt|21/23|[from] Stealth Rock","|turn|10","|","|move|p2a: Mienfoo|U-turn|p1a: AlphaJolt","|-resisted|p1a: AlphaJolt","|-damage|p1a: AlphaJolt|19/23","|","|switch|p2a: Ghostfire|Gastly, L5, M|16/19 par","|move|p1a: AlphaJolt|Will-O-Wisp|p2a: Ghostfire","|-fail|p2a: Ghostfire","|","|turn|11","|","|switch|p1a: Timburr|Timburr, L5, F|25/25","|-damage|p1a: Timburr|24/25|[from] Stealth Rock","|move|p2a: Ghostfire|Shadow Ball|p1a: Timburr","|-damage|p1a: Timburr|15/25","|-unboost|p1a: Timburr|spd|1","|","|turn|12","|","|move|p1a: Timburr|Payback|p2a: Ghostfire","|-supereffective|p2a: Ghostfire","|-damage|p2a: Ghostfire|0 fnt","|faint|p2a: Ghostfire","|","|","|switch|p2a: Fletchling|Fletchling, L5, F|21/21","|turn|13","|","|move|p1a: Timburr|Mach Punch|p2a: Fletchling","|-damage|p2a: Fletchling|12/21","|move|p2a: Fletchling|Swords Dance|p2a: Fletchling","|-boost|p2a: Fletchling|atk|2","|","|turn|14","|","|move|p2a: Fletchling|Acrobatics|p1a: Timburr","|-supereffective|p1a: Timburr","|-damage|p1a: Timburr|0 fnt","|faint|p1a: Timburr","|","|","|switch|p1a: prem|Mienfoo, L5, M|9/21","|-damage|p1a: prem|8/21|[from] Stealth Rock","|turn|15","|","|move|p1a: prem|Fake Out|p2a: Fletchling","|-damage|p2a: Fletchling|3/21","|-damage|p1a: prem|6/21|[from] item: Life Orb","|-enditem|p2a: Fletchling|Berry Juice","|-heal|p2a: Fletchling|21/21|[from] item: Berry Juice","|cant|p2a: Fletchling|flinch","|","|turn|16","|","|move|p2a: Fletchling|Acrobatics|p1a: prem","|-supereffective|p1a: prem","|-damage|p1a: prem|0 fnt","|faint|p1a: prem","|","|","|switch|p1a: AlphaJolt|Koffing, L5, M|19/23","|-damage|p1a: AlphaJolt|17/23|[from] Stealth Rock","|turn|17","|","|move|p2a: Fletchling|Swords Dance|p2a: Fletchling","|-boost|p2a: Fletchling|atk|2","|move|p1a: AlphaJolt|Clear Smog|p2a: Fletchling","|-damage|p2a: Fletchling|14/21","|-clearboost|p2a: Fletchling","|","|turn|18","|","|move|p2a: Fletchling|U-turn|p1a: AlphaJolt","|-crit|p1a: AlphaJolt","|-resisted|p1a: AlphaJolt","|-damage|p1a: AlphaJolt|14/23","|","|switch|p2a: Dreadlocks|Lileep, L5, M|21/26","|move|p1a: AlphaJolt|Will-O-Wisp|p2a: Dreadlocks","|-status|p2a: Dreadlocks|brn","|","|-damage|p2a: Dreadlocks|18/26 brn|[from] brn","|turn|19","|","|move|p1a: AlphaJolt|Sludge Bomb|p2a: Dreadlocks","|-damage|p2a: Dreadlocks|12/26 brn","|move|p2a: Dreadlocks|Recover|p2a: Dreadlocks","|-heal|p2a: Dreadlocks|25/26 brn","|","|-damage|p2a: Dreadlocks|22/26 brn|[from] brn","|turn|20","|","|move|p1a: AlphaJolt|Pain Split|p2a: Dreadlocks","|-sethp|p2a: Dreadlocks|18/26 brn|p1a: AlphaJolt|18/23|[from] move: Pain Split","|move|p2a: Dreadlocks|Recover|p2a: Dreadlocks","|-heal|p2a: Dreadlocks|26/26 brn","|","|-damage|p2a: Dreadlocks|23/26 brn|[from] brn","|turn|21","|","|move|p1a: AlphaJolt|Sludge Bomb|p2a: Dreadlocks","|-damage|p2a: Dreadlocks|17/26 brn","|move|p2a: Dreadlocks|Giga Drain|p1a: AlphaJolt","|-resisted|p1a: AlphaJolt","|-damage|p1a: AlphaJolt|15/23","|-heal|p2a: Dreadlocks|19/26 brn|[from] drain|[of] p1a: AlphaJolt","|","|-damage|p2a: Dreadlocks|16/26 brn|[from] brn","|turn|22","|","|move|p1a: AlphaJolt|Sludge Bomb|p2a: Dreadlocks","|-damage|p2a: Dreadlocks|10/26 brn","|move|p2a: Dreadlocks|Recover|p2a: Dreadlocks","|-heal|p2a: Dreadlocks|23/26 brn","|","|-damage|p2a: Dreadlocks|20/26 brn|[from] brn","|turn|23","|","|move|p1a: AlphaJolt|Sludge Bomb|p2a: Dreadlocks","|-damage|p2a: Dreadlocks|14/26 brn","|move|p2a: Dreadlocks|Giga Drain|p1a: AlphaJolt","|-resisted|p1a: AlphaJolt","|-damage|p1a: AlphaJolt|12/23","|-heal|p2a: Dreadlocks|16/26 brn|[from] drain|[of] p1a: AlphaJolt","|","|-damage|p2a: Dreadlocks|13/26 brn|[from] brn","|turn|24","|","|move|p1a: AlphaJolt|Sludge Bomb|p2a: Dreadlocks","|-damage|p2a: Dreadlocks|7/26 brn","|move|p2a: Dreadlocks|Recover|p2a: Dreadlocks","|-heal|p2a: Dreadlocks|20/26 brn","|","|-damage|p2a: Dreadlocks|17/26 brn|[from] brn","|turn|25","|","|move|p1a: AlphaJolt|Clear Smog|p2a: Dreadlocks","|-damage|p2a: Dreadlocks|13/26 brn","|-clearboost|p2a: Dreadlocks","|move|p2a: Dreadlocks|Giga Drain|p1a: AlphaJolt","|-resisted|p1a: AlphaJolt","|-damage|p1a: AlphaJolt|9/23","|-heal|p2a: Dreadlocks|15/26 brn|[from] drain|[of] p1a: AlphaJolt","|","|-damage|p2a: Dreadlocks|12/26 brn|[from] brn","|turn|26","|","|move|p1a: AlphaJolt|Sludge Bomb|p2a: Dreadlocks","|-crit|p2a: Dreadlocks","|-damage|p2a: Dreadlocks|3/26 brn","|move|p2a: Dreadlocks|Giga Drain|p1a: AlphaJolt","|-resisted|p1a: AlphaJolt","|-damage|p1a: AlphaJolt|6/23","|-heal|p2a: Dreadlocks|5/26 brn|[from] drain|[of] p1a: AlphaJolt","|","|-damage|p2a: Dreadlocks|2/26 brn|[from] brn","|turn|27","|","|move|p1a: AlphaJolt|Sludge Bomb|p2a: Dreadlocks","|-damage|p2a: Dreadlocks|0 fnt","|faint|p2a: Dreadlocks","|","|","|switch|p2a: Mienfoo|Mienfoo, L5, M|22/22","|turn|28","|","|move|p2a: Mienfoo|Fake Out|p1a: AlphaJolt","|-damage|p1a: AlphaJolt|3/23","|cant|p1a: AlphaJolt|flinch","|","|turn|29","|","|move|p2a: Mienfoo|Knock Off|p1a: AlphaJolt","|-damage|p1a: AlphaJolt|0 fnt","|-enditem|p1a: AlphaJolt|Eviolite|[from] move: Knock Off|[of] p2a: Mienfoo","|faint|p1a: AlphaJolt","|","|","|switch|p1a: emma|Staryu, L5|20/20","|-damage|p1a: emma|18/20|[from] Stealth Rock","|turn|30","|","|move|p1a: emma|Psychic|p2a: Mienfoo","|-crit|p2a: Mienfoo","|-supereffective|p2a: Mienfoo","|-damage|p2a: Mienfoo|0 fnt","|faint|p2a: Mienfoo","|","|","|switch|p2a: Fletchling|Fletchling, L5, F|14/21","|turn|31","|","|move|p2a: Fletchling|Acrobatics|p1a: emma","|-damage|p1a: emma|6/20","|move|p1a: emma|Psychic|p2a: Fletchling","|-crit|p2a: Fletchling","|-damage|p2a: Fletchling|0 fnt","|faint|p2a: Fletchling","|","|","|switch|p2a: Sandile|Sandile, L5, F|21/21","|-ability|p2a: Sandile|Intimidate","|-unboost|p1a: emma|atk|1","|turn|32","|","|move|p2a: Sandile|Earthquake|p1a: emma","|-damage|p1a: emma|0 fnt","|faint|p1a: emma","|","|","|switch|p1a: Ray Jay|Ferroseed, L5, M|22/22","|-damage|p1a: Ray Jay|21/22|[from] Stealth Rock","|turn|33","|","|move|p2a: Sandile|Earthquake|p1a: Ray Jay","|-damage|p1a: Ray Jay|12/22","|move|p1a: Ray Jay|Bullet Seed|p2a: Sandile","|-supereffective|p2a: Sandile","|-damage|p2a: Sandile|9/21","|-supereffective|p2a: Sandile","|-damage|p2a: Sandile|1/21","|-hitcount|p2a: Sandile|2","|","|turn|34","|","|move|p2a: Sandile|Earthquake|p1a: Ray Jay","|-damage|p1a: Ray Jay|5/22","|move|p1a: Ray Jay|Bullet Seed|p2a: Sandile","|-supereffective|p2a: Sandile","|-damage|p2a: Sandile|0 fnt","|-hitcount|p2a: Sandile|1","|faint|p2a: Sandile","|","|win|ELC13 DC"],"p1rating":{"entryid":"7318076","serverid":"eos","formatid":"lc","userid":"elc13dc","username":"ELC13 DC","w":2,"l":"0","t":"0","gxe":59,"r":"1500","rd":"130","sigma":"0","rptime":"1438419600","rpr":1572.5671258289,"rprd":116.77753930647,"rpsigma":"0","acre":1079.7102353704,"lacre":1079.7102353704,"oldacre":"1046.9205600375"},"p2rating":{"entryid":"7317809","serverid":"eos","formatid":"lc","userid":"elc13piers","username":"ELC13 Piers","w":"1","l":2,"t":"0","gxe":45.8,"r":"1500","rd":"130","sigma":"0","rptime":"1438419600","rpr":1466.9108216389,"rprd":111.51861011339,"rpsigma":"0","acre":1028.4268909577,"lacre":1028.4268909577,"oldacre":"1045.1050381556"},"endType":"normal"}