{"seed":[58578,2977,20174,332],"turns":21,"p1":"GTX♅Wild","p2":"Alliance - Mxy","p1team":[{"name":"Autozone","species":"magnezone","item":"lifeorb","ability":"Magnet Pull","moves":["hiddenpowerfire","thunder","flashcannon","voltswitch"],"nature":"Serious","evs":{"hp":252,"atk":0,"def":4,"spa":252,"spd":0,"spe":0},"ivs":{"hp":31,"atk":30,"def":31,"spa":30,"spd":31,"spe":30}},{"name":"Icarus 2.0","species":"skarmory","item":"leftovers","ability":"Sturdy","moves":["defog","bravebird","stealthrock","roost"],"nature":"Impish","evs":{"hp":252,"atk":0,"def":232,"spa":0,"spd":0,"spe":24},"ivs":{"hp":31,"atk":31,"def":31,"spa":31,"spd":31,"spe":31}},{"name":"Hephaestus","species":"heatran","item":"airballoon","ability":"Flash Fire","moves":["earthpower","magmastorm","dragonpulse","flashcannon"],"nature":"Modest","evs":{"hp":248,"atk":0,"def":0,"spa":252,"spd":8,"spe":0},"ivs":{"hp":31,"atk":31,"def":31,"spa":31,"spd":31,"spe":31}},{"name":"Bisharp","species":"Bisharp","item":"focussash","ability":"Defiant","moves":["swordsdance","psychocut","brickbreak","nightslash"],"nature":"Adamant","evs":{"hp":248,"atk":252,"def":0,"spa":0,"spd":8,"spe":0},"ivs":{"hp":31,"atk":31,"def":31,"spa":31,"spd":31,"spe":31}},{"name":"Anubis","species":"lucario","item":"choiceband","ability":"Justified","moves":["bulletpunch","drainpunch","crunch","icepunch"],"nature":"Adamant","evs":{"hp":200,"atk":252,"def":0,"spa":0,"spd":0,"spe":56},"ivs":{"hp":31,"atk":31,"def":31,"spa":31,"spd":31,"spe":31}},{"name":"Altair","species":"jirachi","item":"choicescarf","ability":"Serene Grace","moves":["ironhead","zenheadbutt","drainpunch","trick"],"nature":"Adamant","evs":{"hp":0,"atk":252,"def":0,"spa":0,"spd":4,"spe":252},"ivs":{"hp":31,"atk":31,"def":31,"spa":31,"spd":31,"spe":31}}],"p2team":[{"name":"Beedrill","species":"Beedrill","item":"beedrillite","ability":"Swarm","moves":["uturn","poisonjab","knockoff","protect"],"nature":"Jolly","evs":{"hp":0,"atk":252,"def":0,"spa":0,"spd":4,"spe":252},"ivs":{"hp":31,"atk":31,"def":31,"spa":31,"spd":31,"spe":31}},{"name":"Weezing","species":"Weezing","item":"blacksludge","ability":"Levitate","moves":["fireblast","sludgewave","willowisp","painsplit"],"nature":"Bold","evs":{"hp":248,"atk":0,"def":252,"spa":8,"spd":0,"spe":0},"ivs":{"hp":31,"atk":0,"def":31,"spa":31,"spd":31,"spe":31}},{"name":"Nidoqueen","species":"Nidoqueen","item":"lifeorb","ability":"Sheer Force","moves":["earthpower","fireblast","icebeam","stealthrock"],"nature":"Modest","evs":{"hp":128,"atk":0,"def":0,"spa":168,"spd":0,"spe":212},"ivs":{"hp":31,"atk":31,"def":31,"spa":31,"spd":31,"spe":31}},{"name":"Dragalge","species":"Dragalge","item":"airballoon","ability":"Adaptability","moves":["toxicspikes","dragontail","sludgewave","scald"],"nature":"Modest","evs":{"hp":248,"atk":0,"def":60,"spa":172,"spd":28,"spe":0},"ivs":{"hp":31,"atk":0,"def":31,"spa":31,"spd":31,"spe":31}},{"name":"Drapion","species":"Drapion","item":"choicescarf","ability":"Sniper","moves":["knockoff","earthquake","rockslide","thunderfang"],"nature":"Adamant","evs":{"hp":0,"atk":252,"def":4,"spa":0,"spd":0,"spe":252},"ivs":{"hp":31,"atk":31,"def":31,"spa":31,"spd":31,"spe":31}},{"name":"Crobat","species":"Crobat","item":"leftovers","ability":"Infiltrator","moves":["bravebird","roost","taunt","toxic"],"nature":"Jolly","evs":{"hp":120,"atk":136,"def":0,"spa":0,"spd":0,"spe":252},"ivs":{"hp":31,"atk":31,"def":31,"spa":31,"spd":31,"spe":31}}],"log":["|player|p1|GTX♅Wild|1","|player|p2|Alliance - Mxy|270","|gametype|singles","|gen|6","|tier|Monotype","|rated","|rule|Baton Pass Clause: Limit one Baton Passer, can't pass Spe and other stats simultaneously","|rule|Swagger Clause: Swagger is banned","|rule|Same Type Clause: Pokémon in a team must share a type","|clearpoke","|poke|p1|Magnezone","|poke|p1|Skarmory, F","|poke|p1|Heatran, M","|poke|p1|Bisharp, F","|poke|p1|Lucario, F","|poke|p1|Jirachi","|poke|p2|Beedrill, F","|poke|p2|Weezing, M","|poke|p2|Nidoqueen, F","|poke|p2|Dragalge, M","|poke|p2|Drapion, F","|poke|p2|Crobat, M","|rule|Sleep Clause Mod: Limit one foe put to sleep","|rule|Species Clause: Limit one of each Pokémon","|rule|OHKO Clause: OHKO moves are banned","|rule|Moody Clause: Moody is banned","|rule|Evasion Moves Clause: Evasion moves are banned","|rule|Endless Battle Clause: Forcing endless battles is banned","|rule|HP Percentage Mod: HP is shown in percentages","|teampreview","|","|start","|switch|p1a: Icarus 2.0|Skarmory, F|334/334","|switch|p2a: Nidoqueen|Nidoqueen, F|353/353","|turn|1","|","|move|p2a: Nidoqueen|Stealth Rock|p1a: Icarus 2.0","|-sidestart|p1: GTX♅Wild|move: Stealth Rock","|move|p1a: Icarus 2.0|Stealth Rock|p2a: Nidoqueen","|-sidestart|p2: Alliance - Mxy|move: Stealth Rock","|","|turn|2","|","|move|p2a: Nidoqueen|Ice Beam|p1a: Icarus 2.0","|-crit|p1a: Icarus 2.0","|-damage|p1a: Icarus 2.0|69/334","|move|p1a: Icarus 2.0|Roost|p1a: Icarus 2.0","|-heal|p1a: Icarus 2.0|236/334","|","|-heal|p1a: Icarus 2.0|256/334|[from] item: Leftovers","|turn|3","|","|switch|p1a: Hephaestus|Heatran, M|385/385","|-damage|p1a: Hephaestus|337/385|[from] Stealth Rock","|-item|p1a: Hephaestus|Air Balloon","|move|p2a: Nidoqueen|Ice Beam|p1a: Hephaestus","|-resisted|p1a: Hephaestus","|-damage|p1a: Hephaestus|310/385","|-enditem|p1a: Hephaestus|Air Balloon","|","|turn|4","|","|switch|p1a: Icarus 2.0|Skarmory, F|256/334","|-damage|p1a: Icarus 2.0|215/334|[from] Stealth Rock","|move|p2a: Nidoqueen|Earth Power|p1a: Icarus 2.0","|-immune|p1a: Icarus 2.0|[msg]","|","|-heal|p1a: Icarus 2.0|235/334|[from] item: Leftovers","|turn|5","|","|move|p2a: Nidoqueen|Ice Beam|p1a: Icarus 2.0","|-damage|p1a: Icarus 2.0|76/334","|move|p1a: Icarus 2.0|Brave Bird|p2a: Nidoqueen","|-damage|p2a: Nidoqueen|224/353","|-damage|p1a: Icarus 2.0|33/334|[from] recoil|[of] p2a: Nidoqueen","|","|-heal|p1a: Icarus 2.0|53/334|[from] item: Leftovers","|turn|6","|","|switch|p1a: Altair|Jirachi|341/341","|-damage|p1a: Altair|320/341|[from] Stealth Rock","|move|p2a: Nidoqueen|Earth Power|p1a: Altair","|-supereffective|p1a: Altair","|-damage|p1a: Altair|0 fnt","|faint|p1a: Altair","|","|","|switch|p1a: Anubis|Lucario, F|331/331","|-damage|p1a: Anubis|321/331|[from] Stealth Rock","|turn|7","|","|switch|p2a: Weezing|Weezing, M|333/333","|-damage|p2a: Weezing|292/333|[from] Stealth Rock","|move|p1a: Anubis|Drain Punch|p2a: Weezing","|-resisted|p2a: Weezing","|-damage|p2a: Weezing|232/333","|-heal|p1a: Anubis|331/331|[from] drain|[of] p2a: Weezing","|","|-heal|p2a: Weezing|252/333|[from] item: Black Sludge","|turn|8","|","|switch|p1a: Hephaestus|Heatran, M|310/385","|-damage|p1a: Hephaestus|262/385|[from] Stealth Rock","|switch|p2a: Drapion|Drapion, F|281/281","|-damage|p2a: Drapion|246/281|[from] Stealth Rock","|","|turn|9","|","|move|p2a: Drapion|Knock Off|p1a: Hephaestus","|-damage|p1a: Hephaestus|159/385","|move|p1a: Hephaestus|Earth Power|p2a: Drapion","|-crit|p2a: Drapion","|-supereffective|p2a: Drapion","|-damage|p2a: Drapion|0 fnt","|faint|p2a: Drapion","|","|","|switch|p2a: Dragalge|Dragalge, M|333/333","|-damage|p2a: Dragalge|292/333|[from] Stealth Rock","|-item|p2a: Dragalge|Air Balloon","|turn|10","|","|switch|p1a: Autozone|Magnezone|344/344","|-damage|p1a: Autozone|323/344|[from] Stealth Rock","|move|p2a: Dragalge|Scald|p1a: Autozone","|-damage|p1a: Autozone|235/344","|","|turn|11","|","|switch|p2a: Nidoqueen|Nidoqueen, F|224/353","|-damage|p2a: Nidoqueen|202/353|[from] Stealth Rock","|move|p1a: Autozone|Flash Cannon|p2a: Nidoqueen","|-damage|p2a: Nidoqueen|0 fnt","|-damage|p1a: Autozone|201/344|[from] item: Life Orb","|faint|p2a: Nidoqueen","|","|","|switch|p2a: Beedrill|Beedrill, F|271/271","|-damage|p2a: Beedrill|204/271|[from] Stealth Rock","|turn|12","|","|detailschange|p2a: Beedrill|Beedrill-Mega, F","|-mega|p2a: Beedrill|Beedrill|Beedrillite","|move|p2a: Beedrill|Knock Off|p1a: Autozone","|-damage|p1a: Autozone|92/344","|-enditem|p1a: Autozone|Life Orb|[from] move: Knock Off|[of] p2a: Beedrill","|move|p1a: Autozone|Volt Switch|p2a: Beedrill","|-damage|p2a: Beedrill|68/271","|","|switch|p1a: Anubis|Lucario, F|331/331","|-damage|p1a: Anubis|321/331|[from] Stealth Rock","|","|turn|13","|","|move|p1a: Anubis|Bullet Punch|p2a: Beedrill","|-damage|p2a: Beedrill|0 fnt","|faint|p2a: Beedrill","|","|","|switch|p2a: Crobat|Crobat, M|341/341","|-damage|p2a: Crobat|256/341|[from] Stealth Rock","|turn|14","|","|switch|p1a: Icarus 2.0|Skarmory, F|53/334","|-damage|p1a: Icarus 2.0|12/334|[from] Stealth Rock","|move|p2a: Crobat|Brave Bird|p1a: Icarus 2.0","|-resisted|p1a: Icarus 2.0","|-damage|p1a: Icarus 2.0|0 fnt","|-damage|p2a: Crobat|252/341|[from] recoil|[of] p1a: Icarus 2.0","|faint|p1a: Icarus 2.0","|","|-heal|p2a: Crobat|273/341|[from] item: Leftovers","|","|switch|p1a: Bisharp|Bisharp, F|333/333","|-damage|p1a: Bisharp|313/333|[from] Stealth Rock","|turn|15","|","|move|p2a: Crobat|Taunt|p1a: Bisharp","|-start|p1a: Bisharp|move: Taunt","|move|p1a: Bisharp|Night Slash|p2a: Crobat","|-damage|p2a: Crobat|99/341","|","|-heal|p2a: Crobat|120/341|[from] item: Leftovers","|turn|16","|","|move|p2a: Crobat|Roost|p2a: Crobat","|-heal|p2a: Crobat|291/341","|move|p1a: Bisharp|Night Slash|p2a: Crobat","|-damage|p2a: Crobat|138/341","|","|-heal|p2a: Crobat|159/341|[from] item: Leftovers","|turn|17","|","|move|p2a: Crobat|Brave Bird|p1a: Bisharp","|-resisted|p1a: Bisharp","|-damage|p1a: Bisharp|238/333","|-damage|p2a: Crobat|134/341|[from] recoil|[of] p1a: Bisharp","|move|p1a: Bisharp|Psycho Cut|p2a: Crobat","|-supereffective|p2a: Crobat","|-damage|p2a: Crobat|0 fnt","|faint|p2a: Crobat","|","|-end|p1a: Bisharp|move: Taunt","|","|switch|p2a: Dragalge|Dragalge, M|292/333","|-damage|p2a: Dragalge|251/333|[from] Stealth Rock","|-item|p2a: Dragalge|Air Balloon","|turn|18","|","|move|p1a: Bisharp|Psycho Cut|p2a: Dragalge","|-supereffective|p2a: Dragalge","|-damage|p2a: Dragalge|81/333","|-enditem|p2a: Dragalge|Air Balloon","|move|p2a: Dragalge|Scald|p1a: Bisharp","|-damage|p1a: Bisharp|140/333","|","|turn|19","|","|move|p1a: Bisharp|Psycho Cut|p2a: Dragalge","|-crit|p2a: Dragalge","|-supereffective|p2a: Dragalge","|-damage|p2a: Dragalge|0 fnt","|faint|p2a: Dragalge","|","|","|switch|p2a: Weezing|Weezing, M|252/333","|-damage|p2a: Weezing|211/333|[from] Stealth Rock","|turn|20","|","|move|p1a: Bisharp|Psycho Cut|p2a: Weezing","|-crit|p2a: Weezing","|-supereffective|p2a: Weezing","|-damage|p2a: Weezing|31/333","|move|p2a: Weezing|Fire Blast|p1a: Bisharp","|-supereffective|p1a: Bisharp","|-damage|p1a: Bisharp|0 fnt","|faint|p1a: Bisharp","|","|-heal|p2a: Weezing|51/333|[from] item: Black Sludge","|","|switch|p1a: Anubis|Lucario, F|321/331","|-damage|p1a: Anubis|311/331|[from] Stealth Rock","|turn|21","|","|move|p1a: Anubis|Bullet Punch|p2a: Weezing","|-damage|p2a: Weezing|0 fnt","|faint|p2a: Weezing","|","|win|GTX♅Wild"],"p1rating":{"entryid":"670822","serverid":"eos","formatid":"monotype","userid":"gtxwild","username":"GTX♅Wild","w":11,"l":"10","t":"0","gxe":49.6,"r":"1477.7341838036","rd":"69.883552660291","sigma":"0","rptime":"1441184400","rpr":1496.7929384587,"rprd":68.773971096079,"rpsigma":"0","acre":1153.9663822303,"lacre":1153.9663822303,"oldacre":"1124.9265594258"},"p2rating":{"entryid":"127788","serverid":"eos","formatid":"monotype","userid":"alliancemxy","username":"Alliance - Mxy","w":"36","l":20,"t":"0","gxe":62.1,"r":"1634.547004251","rd":"51.038176239993","sigma":"0","rptime":"1441184400","rpr":1593.5038635177,"rprd":48.849763561854,"rpsigma":"0","acre":1152.5263415164,"lacre":1152.5263415164,"oldacre":"1181.5661643209"},"endType":"normal"}