{"seed":[20206,2557,2527,39240],"turns":43,"p1":"Apex✦Quilluminati","p2":"Twizz","p1team":[{"name":"Aggron","species":"Aggron","item":"aggronite","ability":"Sturdy","moves":["heavyslam","curse","rest","sleeptalk"],"nature":"Impish","evs":{"hp":252,"atk":0,"def":16,"spa":0,"spd":240,"spe":0},"shiny":true,"ivs":{"hp":31,"atk":31,"def":31,"spa":31,"spd":31,"spe":31}},{"name":"Aerodactyl","species":"Aerodactyl","item":"focussash","ability":"Rock Head","moves":["aerialace","honeclaws","stoneedge","defog"],"nature":"Jolly","evs":{"hp":0,"atk":252,"def":0,"spa":0,"spd":4,"spe":252},"ivs":{"hp":31,"atk":31,"def":31,"spa":31,"spd":31,"spe":31}},{"name":"Cradily","species":"Cradily","item":"rockyhelmet","ability":"Storm Drain","moves":["gigadrain","stockpile","recover","toxic"],"nature":"Calm","evs":{"hp":44,"atk":0,"def":216,"spa":108,"spd":140,"spe":0},"ivs":{"hp":31,"atk":31,"def":31,"spa":31,"spd":31,"spe":31}},{"name":"Tyranitar","species":"Tyranitar","item":"assaultvest","ability":"Sand Stream","moves":["fireblast","crunch","earthquake","stoneedge"],"nature":"Naughty","evs":{"hp":252,"atk":152,"def":0,"spa":104,"spd":0,"spe":0},"ivs":{"hp":31,"atk":31,"def":31,"spa":31,"spd":31,"spe":31}},{"name":"Terrakion","species":"Terrakion","item":"choicescarf","ability":"Justified","moves":["closecombat","earthquake","ironhead","stoneedge"],"nature":"Jolly","evs":{"hp":0,"atk":252,"def":0,"spa":0,"spd":4,"spe":252},"ivs":{"hp":31,"atk":31,"def":31,"spa":31,"spd":31,"spe":31}},{"name":"Omastar","species":"Omastar","item":"focussash","ability":"Shell Armor","moves":["shellsmash","icebeam","scald","earthpower"],"nature":"Modest","evs":{"hp":0,"atk":0,"def":0,"spa":252,"spd":4,"spe":252},"ivs":{"hp":31,"atk":31,"def":31,"spa":31,"spd":31,"spe":31}}],"p2team":[{"name":"0.F.U","species":"magnezone","item":"leftovers","ability":"Sturdy","moves":["flashcannon","thunderbolt","protect","hiddenpowerice"],"nature":"Modest","evs":{"hp":76,"atk":0,"def":180,"spa":252,"spd":0,"spe":0},"ivs":{"hp":31,"atk":30,"def":30,"spa":31,"spd":31,"spe":31}},{"name":"Nope","species":"zapdos","item":"leftovers","ability":"Pressure","moves":["discharge","heatwave","toxic","roost"],"nature":"Bold","evs":{"hp":4,"atk":0,"def":252,"spa":56,"spd":196,"spe":0},"ivs":{"hp":31,"atk":31,"def":31,"spa":31,"spd":31,"spe":31}},{"name":"Amphabulous","species":"ampharos","item":"ampharosite","ability":"Static","moves":["cottonguard","rest","sleeptalk","dragonpulse"],"nature":"Bold","evs":{"hp":0,"atk":0,"def":252,"spa":136,"spd":120,"spe":0},"ivs":{"hp":31,"atk":31,"def":31,"spa":31,"spd":31,"spe":31}},{"name":"Anti-Venusaur","species":"raikou","item":"leftovers","ability":"Pressure","moves":["calmmind","substitute","thunderbolt","hiddenpowerice"],"nature":"Timid","evs":{"hp":0,"atk":0,"def":0,"spa":252,"spd":4,"spe":252},"ivs":{"hp":31,"atk":30,"def":30,"spa":31,"spd":31,"spe":31}},{"name":"Fuck you","species":"rotomwash","item":"choicescarf","ability":"Levitate","moves":["voltswitch","hydropump","willowisp","trick"],"nature":"Timid","evs":{"hp":0,"atk":0,"def":0,"spa":252,"spd":4,"spe":252},"ivs":{"hp":31,"atk":31,"def":31,"spa":31,"spd":31,"spe":31}},{"name":"Anti-Venusaur 2.0","species":"thundurus","item":"lifeorb","ability":"Prankster","moves":["thunderwave","thunderbolt","uturn","hiddenpowerflying"],"nature":"Serious","evs":{"hp":4,"atk":96,"def":0,"spa":156,"spd":0,"spe":252},"ivs":{"hp":30,"atk":30,"def":30,"spa":30,"spd":30,"spe":31}}],"log":["|player|p1|Apex✦Quilluminati|101","|player|p2|Twizz|80","|gametype|singles","|gen|6","|tier|Monotype","|rated","|rule|Baton Pass Clause: Limit one Baton Passer, can't pass Spe and other stats simultaneously","|rule|Swagger Clause: Swagger is banned","|rule|Same Type Clause: Pokémon in a team must share a type","|clearpoke","|poke|p1|Aggron, M, shiny","|poke|p1|Aerodactyl, M","|poke|p1|Cradily, F","|poke|p1|Tyranitar, M","|poke|p1|Terrakion","|poke|p1|Omastar, F","|poke|p2|Magnezone","|poke|p2|Zapdos","|poke|p2|Ampharos, F","|poke|p2|Raikou","|poke|p2|Rotom-Wash","|poke|p2|Thundurus, M","|rule|Sleep Clause Mod: Limit one foe put to sleep","|rule|Species Clause: Limit one of each Pokémon","|rule|OHKO Clause: OHKO moves are banned","|rule|Moody Clause: Moody is banned","|rule|Evasion Moves Clause: Evasion moves are banned","|rule|Endless Battle Clause: Forcing endless battles is banned","|rule|HP Percentage Mod: HP is shown in percentages","|teampreview","|","|start","|switch|p1a: Tyranitar|Tyranitar, M|404/404","|switch|p2a: Fuck you|Rotom-Wash|241/241","|-weather|Sandstorm","|turn|1","|","|move|p2a: Fuck you|Will-O-Wisp|p1a: Tyranitar","|-status|p1a: Tyranitar|brn","|move|p1a: Tyranitar|Crunch|p2a: Fuck you","|-damage|p2a: Fuck you|173/241","|","|-weather|Sandstorm|[upkeep]","|-damage|p2a: Fuck you|158/241|[from] sandstorm","|-damage|p1a: Tyranitar|354/404 brn|[from] brn","|turn|2","|","|switch|p2a: 0.F.U|Magnezone|300/300","|move|p1a: Tyranitar|Crunch|p2a: 0.F.U","|-damage|p2a: 0.F.U|248/300","|-unboost|p2a: 0.F.U|def|1","|","|-weather|Sandstorm|[upkeep]","|-heal|p2a: 0.F.U|266/300|[from] item: Leftovers","|-damage|p1a: Tyranitar|304/404 brn|[from] brn","|turn|3","|","|move|p2a: 0.F.U|Protect|p2a: 0.F.U","|-singleturn|p2a: 0.F.U|Protect","|move|p1a: Tyranitar|Earthquake|p2a: 0.F.U","|-activate|p2a: 0.F.U|Protect","|","|-weather|Sandstorm|[upkeep]","|-heal|p2a: 0.F.U|284/300|[from] item: Leftovers","|-damage|p1a: Tyranitar|254/404 brn|[from] brn","|turn|4","|","|switch|p2a: Nope|Zapdos|322/322","|-ability|p2a: Nope|Pressure","|move|p1a: Tyranitar|Stone Edge|p2a: Nope","|-supereffective|p2a: Nope","|-damage|p2a: Nope|169/322","|","|-weather|Sandstorm|[upkeep]","|-damage|p2a: Nope|149/322|[from] sandstorm","|-heal|p2a: Nope|169/322|[from] item: Leftovers","|-damage|p1a: Tyranitar|204/404 brn|[from] brn","|turn|5","|","|move|p2a: Nope|Discharge|p1a: Tyranitar","|-damage|p1a: Tyranitar|143/404 brn","|move|p1a: Tyranitar|Stone Edge|p2a: Nope","|-supereffective|p2a: Nope","|-damage|p2a: Nope|10/322","|","|-weather|none","|-heal|p2a: Nope|30/322|[from] item: Leftovers","|-damage|p1a: Tyranitar|93/404 brn|[from] brn","|turn|6","|","|move|p2a: Nope|Discharge|p1a: Tyranitar","|-damage|p1a: Tyranitar|5/404 brn","|move|p1a: Tyranitar|Crunch|p2a: Nope","|-damage|p2a: Nope|0 fnt","|faint|p2a: Nope","|","|-damage|p1a: Tyranitar|0 fnt|[from] brn","|faint|p1a: Tyranitar","|","|switch|p1a: Omastar|Omastar, F|281/281","|switch|p2a: 0.F.U|Magnezone|284/300","|turn|7","|","|move|p1a: Omastar|Shell Smash|p1a: Omastar","|-unboost|p1a: Omastar|def|1","|-unboost|p1a: Omastar|spd|1","|-boost|p1a: Omastar|atk|2","|-boost|p1a: Omastar|spa|2","|-boost|p1a: Omastar|spe|2","|move|p2a: 0.F.U|Thunderbolt|p1a: Omastar","|-supereffective|p1a: Omastar","|-enditem|p1a: Omastar|Focus Sash","|-damage|p1a: Omastar|1/281","|","|-heal|p2a: 0.F.U|300/300|[from] item: Leftovers","|turn|8","|","|move|p2a: 0.F.U|Protect|p2a: 0.F.U","|-singleturn|p2a: 0.F.U|Protect","|move|p1a: Omastar|Earth Power|p2a: 0.F.U","|-activate|p2a: 0.F.U|Protect","|","|turn|9","|","|move|p1a: Omastar|Earth Power|p2a: 0.F.U","|-supereffective|p2a: 0.F.U","|-ability|p2a: 0.F.U|Sturdy","|-damage|p2a: 0.F.U|1/300","|move|p2a: 0.F.U|Thunderbolt|p1a: Omastar","|-supereffective|p1a: Omastar","|-damage|p1a: Omastar|0 fnt","|faint|p1a: Omastar","|","|-heal|p2a: 0.F.U|19/300|[from] item: Leftovers","|","|switch|p1a: Terrakion|Terrakion|323/323","|turn|10","|","|move|p2a: 0.F.U|Protect|p2a: 0.F.U","|-singleturn|p2a: 0.F.U|Protect","|move|p1a: Terrakion|Close Combat|p2a: 0.F.U","|-activate|p2a: 0.F.U|Protect","|","|-heal|p2a: 0.F.U|37/300|[from] item: Leftovers","|turn|11","|","|move|p1a: Terrakion|Close Combat|p2a: 0.F.U","|-supereffective|p2a: 0.F.U","|-damage|p2a: 0.F.U|0 fnt","|-unboost|p1a: Terrakion|def|1","|-unboost|p1a: Terrakion|spd|1","|faint|p2a: 0.F.U","|","|","|switch|p2a: Anti-Venusaur 2.0|Thundurus, M|299/299","|turn|12","|","|switch|p1a: Aggron|Aggron, M, shiny|344/344","|move|p2a: Anti-Venusaur 2.0|Thunder Wave|p1a: Aggron","|-status|p1a: Aggron|par","|","|turn|13","|","|detailschange|p1a: Aggron|Aggron-Mega, M, shiny","|-mega|p1a: Aggron|Aggron|Aggronite","|move|p2a: Anti-Venusaur 2.0|U-turn|p1a: Aggron","|-resisted|p1a: Aggron","|-damage|p1a: Aggron|325/344 par","|-damage|p2a: Anti-Venusaur 2.0|270/299|[from] item: Life Orb","|","|switch|p2a: Fuck you|Rotom-Wash|158/241","|cant|p1a: Aggron|par","|","|turn|14","|","|move|p2a: Fuck you|Hydro Pump|p1a: Aggron","|-damage|p1a: Aggron|174/344 par","|move|p1a: Aggron|Rest|p1a: Aggron","|-status|p1a: Aggron|slp","|-heal|p1a: Aggron|344/344 slp|[silent]","|-status|p1a: Aggron|slp|[from] move: Rest","|","|turn|15","|","|switch|p2a: Amphabulous|Ampharos, F|321/321","|switch|p1a: Cradily|Cradily, F|324/324","|","|turn|16","|","|switch|p2a: Anti-Venusaur 2.0|Thundurus, M|270/299","|move|p1a: Cradily|Toxic|p2a: Anti-Venusaur 2.0","|-status|p2a: Anti-Venusaur 2.0|tox","|","|-damage|p2a: Anti-Venusaur 2.0|252/299 tox|[from] psn","|turn|17","|","|move|p2a: Anti-Venusaur 2.0|U-turn|p1a: Cradily","|-supereffective|p1a: Cradily","|-damage|p1a: Cradily|181/324","|-damage|p2a: Anti-Venusaur 2.0|203/299 tox|[from] item: Rocky Helmet|[of] p1a: Cradily","|-damage|p2a: Anti-Venusaur 2.0|174/299 tox|[from] item: Life Orb","|","|switch|p2a: Anti-Venusaur|Raikou|321/321","|-ability|p2a: Anti-Venusaur|Pressure","|move|p1a: Cradily|Stockpile|p1a: Cradily","|-start|p1a: Cradily|stockpile1","|-boost|p1a: Cradily|def|1","|-boost|p1a: Cradily|spd|1","|","|turn|18","|","|move|p2a: Anti-Venusaur|Substitute|p2a: Anti-Venusaur","|-start|p2a: Anti-Venusaur|Substitute","|-damage|p2a: Anti-Venusaur|241/321","|move|p1a: Cradily|Toxic|p2a: Anti-Venusaur","|-fail|p2a: Anti-Venusaur","|","|-heal|p2a: Anti-Venusaur|261/321|[from] item: Leftovers","|turn|19","|","|switch|p1a: Terrakion|Terrakion|323/323","|move|p2a: Anti-Venusaur|Calm Mind|p2a: Anti-Venusaur","|-boost|p2a: Anti-Venusaur|spa|1","|-boost|p2a: Anti-Venusaur|spd|1","|","|-heal|p2a: Anti-Venusaur|281/321|[from] item: Leftovers","|turn|20","|","|move|p1a: Terrakion|Earthquake|p2a: Anti-Venusaur","|-supereffective|p2a: Anti-Venusaur","|-end|p2a: Anti-Venusaur|Substitute","|move|p2a: Anti-Venusaur|Thunderbolt|p1a: Terrakion","|-damage|p1a: Terrakion|94/323","|","|-heal|p2a: Anti-Venusaur|301/321|[from] item: Leftovers","|turn|21","|","|switch|p2a: Fuck you|Rotom-Wash|158/241","|move|p1a: Terrakion|Earthquake|p2a: Fuck you","|-immune|p2a: Fuck you|[msg]","|","|turn|22","|","|switch|p1a: Aggron|Aggron-Mega, M, shiny|344/344 slp","|move|p2a: Fuck you|Volt Switch|p1a: Aggron","|-damage|p1a: Aggron|248/344 slp","|","|switch|p2a: Amphabulous|Ampharos, F|321/321","|","|turn|23","|","|detailschange|p2a: Amphabulous|Ampharos-Mega, F","|-mega|p2a: Amphabulous|Ampharos|Ampharosite","|-ability|p2a: Amphabulous|Mold Breaker","|move|p2a: Amphabulous|Cotton Guard|p2a: Amphabulous","|-boost|p2a: Amphabulous|def|3","|cant|p1a: Aggron|slp","|move|p1a: Aggron|Sleep Talk|p1a: Aggron","|move|p1a: Aggron|Rest|p1a: Aggron|[from]Sleep Talk","|-fail|p1a: Aggron","|","|turn|24","|","|switch|p1a: Cradily|Cradily, F|181/324","|move|p2a: Amphabulous|Dragon Pulse|p1a: Cradily","|-damage|p1a: Cradily|60/324","|","|turn|25","|","|move|p2a: Amphabulous|Dragon Pulse|p1a: Cradily","|-damage|p1a: Cradily|0 fnt","|faint|p1a: Cradily","|","|","|switch|p1a: Aggron|Aggron-Mega, M, shiny|248/344 slp","|turn|26","|","|cant|p1a: Aggron|slp","|move|p1a: Aggron|Sleep Talk|p1a: Aggron","|move|p1a: Aggron|Rest|p1a: Aggron|[from]Sleep Talk","|-fail|p1a: Aggron","|move|p2a: Amphabulous|Cotton Guard|p2a: Amphabulous","|-boost|p2a: Amphabulous|def|3","|","|turn|27","|","|-curestatus|p1a: Aggron|slp","|move|p1a: Aggron|Curse|p1a: Aggron","|-unboost|p1a: Aggron|spe|1","|-boost|p1a: Aggron|atk|1","|-boost|p1a: Aggron|def|1","|move|p2a: Amphabulous|Dragon Pulse|p1a: Aggron","|-resisted|p1a: Aggron","|-damage|p1a: Aggron|166/344","|","|turn|28","|","|move|p2a: Amphabulous|Dragon Pulse|p1a: Aggron","|-resisted|p1a: Aggron","|-damage|p1a: Aggron|89/344","|move|p1a: Aggron|Rest|p1a: Aggron","|-status|p1a: Aggron|slp","|-heal|p1a: Aggron|344/344 slp|[silent]","|-status|p1a: Aggron|slp|[from] move: Rest","|","|turn|29","|","|switch|p2a: Anti-Venusaur|Raikou|301/321","|-ability|p2a: Anti-Venusaur|Pressure","|cant|p1a: Aggron|slp","|move|p1a: Aggron|Sleep Talk|p1a: Aggron","|move|p1a: Aggron|Curse|p1a: Aggron|[from]Sleep Talk","|-unboost|p1a: Aggron|spe|1","|-boost|p1a: Aggron|atk|1","|-boost|p1a: Aggron|def|1","|","|-heal|p2a: Anti-Venusaur|321/321|[from] item: Leftovers","|turn|30","|","|move|p2a: Anti-Venusaur|Substitute|p2a: Anti-Venusaur","|-start|p2a: Anti-Venusaur|Substitute","|-damage|p2a: Anti-Venusaur|241/321","|cant|p1a: Aggron|slp","|move|p1a: Aggron|Sleep Talk|p1a: Aggron","|move|p1a: Aggron|Rest|p1a: Aggron|[from]Sleep Talk","|-fail|p1a: Aggron","|","|-heal|p2a: Anti-Venusaur|261/321|[from] item: Leftovers","|turn|31","|","|move|p2a: Anti-Venusaur|Calm Mind|p2a: Anti-Venusaur","|-boost|p2a: Anti-Venusaur|spa|1","|-boost|p2a: Anti-Venusaur|spd|1","|-curestatus|p1a: Aggron|slp","|move|p1a: Aggron|Heavy Slam|p2a: Anti-Venusaur","|-resisted|p2a: Anti-Venusaur","|-end|p2a: Anti-Venusaur|Substitute","|","|-heal|p2a: Anti-Venusaur|281/321|[from] item: Leftovers","|turn|32","|","|move|p2a: Anti-Venusaur|Substitute|p2a: Anti-Venusaur","|-start|p2a: Anti-Venusaur|Substitute","|-damage|p2a: Anti-Venusaur|201/321","|move|p1a: Aggron|Heavy Slam|p2a: Anti-Venusaur","|-resisted|p2a: Anti-Venusaur","|-end|p2a: Anti-Venusaur|Substitute","|","|-heal|p2a: Anti-Venusaur|221/321|[from] item: Leftovers","|turn|33","|","|move|p2a: Anti-Venusaur|Substitute|p2a: Anti-Venusaur","|-start|p2a: Anti-Venusaur|Substitute","|-damage|p2a: Anti-Venusaur|141/321","|move|p1a: Aggron|Heavy Slam|p2a: Anti-Venusaur","|-resisted|p2a: Anti-Venusaur","|-end|p2a: Anti-Venusaur|Substitute","|","|-heal|p2a: Anti-Venusaur|161/321|[from] item: Leftovers","|turn|34","|","|move|p2a: Anti-Venusaur|Substitute|p2a: Anti-Venusaur","|-start|p2a: Anti-Venusaur|Substitute","|-damage|p2a: Anti-Venusaur|81/321","|move|p1a: Aggron|Heavy Slam|p2a: Anti-Venusaur","|-crit|p2a: Anti-Venusaur","|-resisted|p2a: Anti-Venusaur","|-end|p2a: Anti-Venusaur|Substitute","|","|-heal|p2a: Anti-Venusaur|101/321|[from] item: Leftovers","|turn|35","|","|move|p2a: Anti-Venusaur|Substitute|p2a: Anti-Venusaur","|-start|p2a: Anti-Venusaur|Substitute","|-damage|p2a: Anti-Venusaur|21/321","|move|p1a: Aggron|Heavy Slam|p2a: Anti-Venusaur","|-resisted|p2a: Anti-Venusaur","|-end|p2a: Anti-Venusaur|Substitute","|","|-heal|p2a: Anti-Venusaur|41/321|[from] item: Leftovers","|turn|36","|","|move|p2a: Anti-Venusaur|Thunderbolt|p1a: Aggron","|-damage|p1a: Aggron|142/344","|move|p1a: Aggron|Heavy Slam|p2a: Anti-Venusaur","|-resisted|p2a: Anti-Venusaur","|-damage|p2a: Anti-Venusaur|0 fnt","|faint|p2a: Anti-Venusaur","|","|","|switch|p2a: Anti-Venusaur 2.0|Thundurus, M|174/299 tox","|turn|37","|","|move|p2a: Anti-Venusaur 2.0|Thunderbolt|p1a: Aggron","|-damage|p1a: Aggron|0 fnt","|-damage|p2a: Anti-Venusaur 2.0|145/299 tox|[from] item: Life Orb","|faint|p1a: Aggron","|","|-damage|p2a: Anti-Venusaur 2.0|127/299 tox|[from] psn","|","|switch|p1a: Aerodactyl|Aerodactyl, M|301/301","|turn|38","|","|move|p2a: Anti-Venusaur 2.0|Thunder Wave|p1a: Aerodactyl","|-status|p1a: Aerodactyl|par","|move|p1a: Aerodactyl|Stone Edge|p2a: Anti-Venusaur 2.0","|-supereffective|p2a: Anti-Venusaur 2.0","|-damage|p2a: Anti-Venusaur 2.0|0 fnt","|faint|p2a: Anti-Venusaur 2.0","|","|","|switch|p2a: Amphabulous|Ampharos-Mega, F|321/321","|-ability|p2a: Amphabulous|Mold Breaker","|turn|39","|","|move|p2a: Amphabulous|Cotton Guard|p2a: Amphabulous","|-boost|p2a: Amphabulous|def|3","|cant|p1a: Aerodactyl|par","|","|turn|40","|","|move|p2a: Amphabulous|Cotton Guard|p2a: Amphabulous","|-boost|p2a: Amphabulous|def|3","|move|p1a: Aerodactyl|Hone Claws|p1a: Aerodactyl","|-boost|p1a: Aerodactyl|atk|1","|-boost|p1a: Aerodactyl|accuracy|1","|","|turn|41","|","|move|p2a: Amphabulous|Dragon Pulse|p1a: Aerodactyl","|-damage|p1a: Aerodactyl|81/301 par","|move|p1a: Aerodactyl|Hone Claws|p1a: Aerodactyl","|-boost|p1a: Aerodactyl|atk|1","|-boost|p1a: Aerodactyl|accuracy|1","|","|turn|42","|","|move|p2a: Amphabulous|Dragon Pulse|p1a: Aerodactyl","|-damage|p1a: Aerodactyl|0 fnt","|faint|p1a: Aerodactyl","|","|","|switch|p1a: Terrakion|Terrakion|94/323","|turn|43","|","|move|p1a: Terrakion|Stone Edge|p2a: Amphabulous|[miss]","|-miss|p1a: Terrakion|p2a: Amphabulous","|move|p2a: Amphabulous|Dragon Pulse|p1a: Terrakion","|-damage|p1a: Terrakion|0 fnt","|faint|p1a: Terrakion","|","|win|Twizz"],"p1rating":{"entryid":"777566","serverid":"eos","formatid":"monotype","userid":"apexquilluminati","username":"Apex✦Quilluminati","w":"0","l":2,"t":"0","gxe":40.3,"r":"1500","rd":"130","sigma":"0","rptime":"1441184400","rpr":1421.8577799604,"rprd":116.04563244999,"rpsigma":"0","acre":1000,"lacre":1000,"oldacre":"1000"},"p2rating":{"entryid":"66045","serverid":"eos","formatid":"monotype","userid":"twizz","username":"Twizz","w":28,"l":"31","t":"0","gxe":46.2,"r":"1463.2023076418","rd":"48.150353274748","sigma":"0","rptime":"1441184400","rpr":1471.0531687427,"rprd":46.256630881794,"rpsigma":"0","acre":1109.018207342,"lacre":1109.018207342,"oldacre":"1089.0606026971"},"endType":"normal"}