{"seed":[26668,54805,3584,35249],"turns":21,"p1":"Twizz","p2":"Crystal Bronze","p1team":[{"name":"0.F.U","species":"magnezone","item":"leftovers","ability":"Sturdy","moves":["flashcannon","thunderbolt","protect","hiddenpowerice"],"nature":"Modest","evs":{"hp":76,"atk":0,"def":180,"spa":252,"spd":0,"spe":0},"ivs":{"hp":31,"atk":30,"def":30,"spa":31,"spd":31,"spe":31}},{"name":"Nope","species":"zapdos","item":"leftovers","ability":"Pressure","moves":["discharge","heatwave","toxic","roost"],"nature":"Bold","evs":{"hp":4,"atk":0,"def":252,"spa":56,"spd":196,"spe":0},"ivs":{"hp":31,"atk":31,"def":31,"spa":31,"spd":31,"spe":31}},{"name":"Amphabulous","species":"ampharos","item":"ampharosite","ability":"Static","moves":["cottonguard","rest","sleeptalk","dragonpulse"],"nature":"Bold","evs":{"hp":0,"atk":0,"def":252,"spa":136,"spd":120,"spe":0},"ivs":{"hp":31,"atk":31,"def":31,"spa":31,"spd":31,"spe":31}},{"name":"Anti-Venusaur","species":"raikou","item":"leftovers","ability":"Pressure","moves":["calmmind","substitute","thunderbolt","hiddenpowerice"],"nature":"Timid","evs":{"hp":0,"atk":0,"def":0,"spa":252,"spd":4,"spe":252},"ivs":{"hp":31,"atk":30,"def":30,"spa":31,"spd":31,"spe":31}},{"name":"Fuck you","species":"rotomwash","item":"choicescarf","ability":"Levitate","moves":["voltswitch","hydropump","willowisp","trick"],"nature":"Timid","evs":{"hp":0,"atk":0,"def":0,"spa":252,"spd":4,"spe":252},"ivs":{"hp":31,"atk":31,"def":31,"spa":31,"spd":31,"spe":31}},{"name":"Anti-Venusaur 2.0","species":"thundurus","item":"lifeorb","ability":"Prankster","moves":["thunderwave","thunderbolt","uturn","hiddenpowerflying"],"nature":"Serious","evs":{"hp":4,"atk":96,"def":0,"spa":156,"spd":0,"spe":252},"ivs":{"hp":30,"atk":30,"def":30,"spa":30,"spd":30,"spe":31}}],"p2team":[{"name":"Onyx","species":"durant","item":"choiceband","ability":"Hustle","moves":["gigaimpact","ironhead","xscissor","rockslide"],"nature":"Jolly","evs":{"hp":0,"atk":252,"def":0,"spa":0,"spd":4,"spe":252},"gender":"M","ivs":{"hp":31,"atk":31,"def":31,"spa":31,"spd":31,"spe":31}},{"name":"Shuckle","species":"Shuckle","item":"leftovers","ability":"Contrary","moves":["shellsmash","rest","toxic","infestation"],"nature":"Careful","evs":{"hp":248,"atk":8,"def":0,"spa":0,"spd":252,"spe":0},"gender":"M","ivs":{"hp":31,"atk":0,"def":31,"spa":31,"spd":31,"spe":31}},{"name":"Sunstone","species":"larvesta","item":"eviolite","ability":"Flame Body","moves":["willowisp","morningsun","amnesia","endure"],"nature":"Impish","evs":{"hp":252,"atk":0,"def":168,"spa":0,"spd":88,"spe":0},"gender":"M","ivs":{"hp":31,"atk":0,"def":31,"spa":31,"spd":31,"spe":31}},{"name":"Chysolite","species":"volcarona","item":"focussash","ability":"Flame Body","moves":["bugbuzz","fierydance","gigadrain","quiverdance"],"nature":"Timid","evs":{"hp":0,"atk":0,"def":0,"spa":252,"spd":4,"spe":252},"gender":"F","ivs":{"hp":31,"atk":0,"def":30,"spa":30,"spd":31,"spe":31},"shiny":true},{"name":"Pinsir","species":"Pinsir","item":"pinsirite","ability":"Moxie","moves":["quickattack","closecombat","return","swordsdance"],"nature":"Jolly","evs":{"hp":0,"atk":252,"def":0,"spa":0,"spd":0,"spe":252},"gender":"M","ivs":{"hp":31,"atk":31,"def":31,"spa":31,"spd":31,"spe":31}},{"name":"Diopside","species":"yanmega","item":"lifeorb","ability":"Speed Boost","moves":["airslash","bugbuzz","hiddenpowerground","detect"],"nature":"Modest","evs":{"hp":0,"atk":0,"def":0,"spa":252,"spd":4,"spe":252},"gender":"M","ivs":{"hp":31,"atk":0,"def":31,"spa":30,"spd":30,"spe":31}}],"log":["|player|p1|Twizz|264","|player|p2|Crystal Bronze|274","|gametype|singles","|gen|6","|tier|Monotype","|rated","|rule|Baton Pass Clause: Limit one Baton Passer, can't pass Spe and other stats simultaneously","|rule|Swagger Clause: Swagger is banned","|rule|Same Type Clause: Pokémon in a team must share a type","|clearpoke","|poke|p1|Magnezone","|poke|p1|Zapdos","|poke|p1|Ampharos, M","|poke|p1|Raikou","|poke|p1|Rotom-Wash","|poke|p1|Thundurus, M","|poke|p2|Durant, M","|poke|p2|Shuckle, M","|poke|p2|Larvesta, M","|poke|p2|Volcarona, F, shiny","|poke|p2|Pinsir, M","|poke|p2|Yanmega, M","|rule|Sleep Clause Mod: Limit one foe put to sleep","|rule|Species Clause: Limit one of each Pokémon","|rule|OHKO Clause: OHKO moves are banned","|rule|Moody Clause: Moody is banned","|rule|Evasion Moves Clause: Evasion moves are banned","|rule|Endless Battle Clause: Forcing endless battles is banned","|rule|HP Percentage Mod: HP is shown in percentages","|teampreview","|","|start","|switch|p1a: Fuck you|Rotom-Wash|241/241","|switch|p2a: Chysolite|Volcarona, F, shiny|311/311","|turn|1","|","|move|p1a: Fuck you|Trick|p2a: Chysolite","|-activate|p1a: Fuck you|move: Trick|[of] p2a: Chysolite","|-item|p2a: Chysolite|Choice Scarf|[from] move: Trick","|-item|p1a: Fuck you|Focus Sash|[from] move: Trick","|move|p2a: Chysolite|Quiver Dance|p2a: Chysolite","|-boost|p2a: Chysolite|spa|1","|-boost|p2a: Chysolite|spd|1","|-boost|p2a: Chysolite|spe|1","|","|turn|2","|","|switch|p2a: Diopside|Yanmega, M|313/313","|move|p1a: Fuck you|Will-O-Wisp|p2a: Diopside","|-status|p2a: Diopside|brn","|","|-damage|p2a: Diopside|274/313 brn|[from] brn","|turn|3","|","|move|p1a: Fuck you|Volt Switch|p2a: Diopside","|-supereffective|p2a: Diopside","|-damage|p2a: Diopside|0 fnt","|faint|p2a: Diopside","|","|switch|p1a: Anti-Venusaur 2.0|Thundurus, M|299/299","|","|","|switch|p2a: Chysolite|Volcarona, F, shiny|311/311","|turn|4","|","|move|p1a: Anti-Venusaur 2.0|Thunder Wave|p2a: Chysolite","|-status|p2a: Chysolite|par","|move|p2a: Chysolite|Fiery Dance|p1a: Anti-Venusaur 2.0","|-damage|p1a: Anti-Venusaur 2.0|112/299","|-boost|p2a: Chysolite|spa|1","|","|turn|5","|","|move|p1a: Anti-Venusaur 2.0|Thunderbolt|p2a: Chysolite","|-damage|p2a: Chysolite|132/311 par","|-damage|p1a: Anti-Venusaur 2.0|83/299|[from] item: Life Orb","|cant|p2a: Chysolite|par","|","|turn|6","|","|move|p1a: Anti-Venusaur 2.0|U-turn|p2a: Chysolite","|-resisted|p2a: Chysolite","|-damage|p2a: Chysolite|74/311 par","|-damage|p1a: Anti-Venusaur 2.0|54/299|[from] item: Life Orb","|","|switch|p1a: Fuck you|Rotom-Wash|241/241","|move|p2a: Chysolite|Fiery Dance|p1a: Fuck you","|-resisted|p1a: Fuck you","|-damage|p1a: Fuck you|145/241","|","|turn|7","|","|move|p1a: Fuck you|Volt Switch|p2a: Chysolite","|-damage|p2a: Chysolite|0 fnt","|faint|p2a: Chysolite","|","|switch|p1a: Anti-Venusaur 2.0|Thundurus, M|54/299","|","|","|switch|p2a: Shuckle|Shuckle, M|243/243","|turn|8","|","|move|p1a: Anti-Venusaur 2.0|Thunder Wave|p2a: Shuckle","|-status|p2a: Shuckle|par","|move|p2a: Shuckle|Shell Smash|p2a: Shuckle","|-boost|p2a: Shuckle|def|1","|-boost|p2a: Shuckle|spd|1","|-unboost|p2a: Shuckle|atk|2","|-unboost|p2a: Shuckle|spa|2","|-unboost|p2a: Shuckle|spe|2","|","|turn|9","|","|move|p1a: Anti-Venusaur 2.0|Thunderbolt|p2a: Shuckle","|-damage|p2a: Shuckle|199/243 par","|-damage|p1a: Anti-Venusaur 2.0|25/299|[from] item: Life Orb","|move|p2a: Shuckle|Shell Smash|p2a: Shuckle","|-boost|p2a: Shuckle|def|1","|-boost|p2a: Shuckle|spd|1","|-unboost|p2a: Shuckle|atk|2","|-unboost|p2a: Shuckle|spa|2","|-unboost|p2a: Shuckle|spe|2","|","|-heal|p2a: Shuckle|214/243 par|[from] item: Leftovers","|turn|10","|","|move|p1a: Anti-Venusaur 2.0|Thunderbolt|p2a: Shuckle","|-damage|p2a: Shuckle|178/243 par","|-damage|p1a: Anti-Venusaur 2.0|0 fnt|[from] item: Life Orb","|faint|p1a: Anti-Venusaur 2.0","|move|p2a: Shuckle|Shell Smash|p2a: Shuckle","|-boost|p2a: Shuckle|def|1","|-boost|p2a: Shuckle|spd|1","|-unboost|p2a: Shuckle|atk|2","|-unboost|p2a: Shuckle|spa|2","|-unboost|p2a: Shuckle|spe|2","|","|-heal|p2a: Shuckle|193/243 par|[from] item: Leftovers","|","|switch|p1a: Anti-Venusaur|Raikou|321/321","|-ability|p1a: Anti-Venusaur|Pressure","|turn|11","|","|move|p1a: Anti-Venusaur|Substitute|p1a: Anti-Venusaur","|-start|p1a: Anti-Venusaur|Substitute","|-damage|p1a: Anti-Venusaur|241/321","|move|p2a: Shuckle|Toxic|p1a: Anti-Venusaur","|-fail|p1a: Anti-Venusaur","|","|-heal|p1a: Anti-Venusaur|261/321|[from] item: Leftovers","|-heal|p2a: Shuckle|208/243 par|[from] item: Leftovers","|turn|12","|","|switch|p2a: Sunstone|Larvesta, M|314/314","|move|p1a: Anti-Venusaur|Calm Mind|p1a: Anti-Venusaur","|-boost|p1a: Anti-Venusaur|spa|1","|-boost|p1a: Anti-Venusaur|spd|1","|","|-heal|p1a: Anti-Venusaur|281/321|[from] item: Leftovers","|turn|13","|","|move|p1a: Anti-Venusaur|Thunderbolt|p2a: Sunstone","|-damage|p2a: Sunstone|91/314","|move|p2a: Sunstone|Amnesia|p2a: Sunstone","|-boost|p2a: Sunstone|spd|2","|","|-heal|p1a: Anti-Venusaur|301/321|[from] item: Leftovers","|turn|14","|","|move|p1a: Anti-Venusaur|Thunderbolt|p2a: Sunstone","|-damage|p2a: Sunstone|0 fnt","|faint|p2a: Sunstone","|","|-heal|p1a: Anti-Venusaur|321/321|[from] item: Leftovers","|","|switch|p2a: Pinsir|Pinsir, M|271/271","|turn|15","|","|detailschange|p2a: Pinsir|Pinsir-Mega, M","|-mega|p2a: Pinsir|Pinsir|Pinsirite","|move|p1a: Anti-Venusaur|Thunderbolt|p2a: Pinsir","|-supereffective|p2a: Pinsir","|-damage|p2a: Pinsir|0 fnt","|faint|p2a: Pinsir","|","|","|switch|p2a: Shuckle|Shuckle, M|208/243 par","|turn|16","|","|move|p1a: Anti-Venusaur|Calm Mind|p1a: Anti-Venusaur","|-boost|p1a: Anti-Venusaur|spa|1","|-boost|p1a: Anti-Venusaur|spd|1","|move|p2a: Shuckle|Infestation|p1a: Anti-Venusaur","|-activate|p1a: Anti-Venusaur|Substitute|[damage]","|","|-heal|p2a: Shuckle|223/243 par|[from] item: Leftovers","|turn|17","|","|move|p1a: Anti-Venusaur|Calm Mind|p1a: Anti-Venusaur","|-boost|p1a: Anti-Venusaur|spa|1","|-boost|p1a: Anti-Venusaur|spd|1","|move|p2a: Shuckle|Infestation|p1a: Anti-Venusaur","|-activate|p1a: Anti-Venusaur|Substitute|[damage]","|","|-heal|p2a: Shuckle|238/243 par|[from] item: Leftovers","|turn|18","|","|move|p1a: Anti-Venusaur|Calm Mind|p1a: Anti-Venusaur","|-boost|p1a: Anti-Venusaur|spa|1","|-boost|p1a: Anti-Venusaur|spd|1","|cant|p2a: Shuckle|par","|","|-heal|p2a: Shuckle|243/243 par|[from] item: Leftovers","|turn|19","|","|move|p1a: Anti-Venusaur|Thunderbolt|p2a: Shuckle","|-damage|p2a: Shuckle|83/243 par","|move|p2a: Shuckle|Infestation|p1a: Anti-Venusaur","|-activate|p1a: Anti-Venusaur|Substitute|[damage]","|","|-heal|p2a: Shuckle|98/243 par|[from] item: Leftovers","|turn|20","|","|move|p1a: Anti-Venusaur|Thunderbolt|p2a: Shuckle","|-damage|p2a: Shuckle|0 fnt","|faint|p2a: Shuckle","|","|","|switch|p2a: Onyx|Durant, M|257/257","|turn|21","|","|move|p1a: Anti-Venusaur|Thunderbolt|p2a: Onyx","|-damage|p2a: Onyx|0 fnt","|faint|p2a: Onyx","|","|win|Twizz"],"p1rating":{"entryid":"66045","serverid":"eos","formatid":"monotype","userid":"twizz","username":"Twizz","w":26,"l":"30","t":"0","gxe":45.2,"r":"1463.2023076418","rd":"48.150353274748","sigma":"0","rptime":"1441184400","rpr":1463.7165210309,"rprd":47.334115461502,"rpsigma":"0","acre":1104.852831727,"lacre":1104.852831727,"oldacre":"1073.4217357559"},"p2rating":{"entryid":"100398","serverid":"eos","formatid":"monotype","userid":"crystalbronze","username":"Crystal Bronze","w":"10","l":12,"t":"0","gxe":45.8,"r":"1471.6935270287","rd":"75.643307999392","sigma":"0","rptime":"1441184400","rpr":1467.3941998543,"rprd":68.918213078944,"rpsigma":"0","acre":1075.6814112958,"lacre":1075.6814112958,"oldacre":"1102.7895790004"},"endType":"normal"}