{"seed":[23515,45011,15759,11573],"turns":38,"p1":"ryan1","p2":"Rain ☆ S.Herbs","p1team":[{"name":"Klefki","species":"Klefki","item":"lightclay","ability":"Prankster","moves":["lightscreen","reflect","spikes","thunderwave"],"nature":"Bold","evs":{"hp":248,"atk":0,"def":252,"spa":0,"spd":8,"spe":0},"gender":"M","ivs":{"hp":31,"atk":31,"def":31,"spa":31,"spd":31,"spe":31}},{"name":"Slurpuff","species":"Slurpuff","item":"sitrusberry","ability":"Unburden","moves":["bellydrum","drainpunch","playrough","return"],"nature":"Adamant","evs":{"hp":4,"atk":252,"def":0,"spa":0,"spd":0,"spe":252},"gender":"F","shiny":true,"ivs":{"hp":31,"atk":31,"def":31,"spa":31,"spd":31,"spe":31}},{"name":"Sylveon","species":"Sylveon","item":"lifeorb","ability":"Pixilate","moves":["calmmind","substitute","hypervoice","wish"],"nature":"Bold","evs":{"hp":248,"atk":0,"def":252,"spa":8,"spd":0,"spe":0},"gender":"M","ivs":{"hp":31,"atk":31,"def":31,"spa":31,"spd":31,"spe":31}},{"name":"Clefable","species":"Clefable","item":"leftovers","ability":"Magic Guard","moves":["protect","calmmind","storedpower","moonblast"],"nature":"Modest","evs":{"hp":252,"atk":0,"def":0,"spa":252,"spd":4,"spe":0},"gender":"F","ivs":{"hp":31,"atk":31,"def":31,"spa":31,"spd":31,"spe":31}},{"name":"Mawile","species":"Mawile","item":"leftovers","ability":"Intimidate","moves":["suckerpunch","playrough","swordsdance","ironhead"],"nature":"Adamant","evs":{"hp":252,"atk":252,"def":0,"spa":0,"spd":4,"spe":0},"gender":"F","ivs":{"hp":31,"atk":31,"def":31,"spa":31,"spd":31,"spe":31}},{"name":"Azumarill","species":"Azumarill","item":"sitrusberry","ability":"Huge Power","moves":["aquajet","playrough","icepunch","bellydrum"],"nature":"Adamant","evs":{"hp":252,"atk":252,"def":0,"spa":0,"spd":4,"spe":0},"gender":"M","ivs":{"hp":31,"atk":31,"def":31,"spa":31,"spd":31,"spe":31}}],"p2team":[{"name":"Cofa'","species":"cofagrigus","item":"leftovers","ability":"Mummy","moves":["toxicspikes","infestation","hex","willowisp"],"nature":"Calm","evs":{"hp":252,"atk":0,"def":0,"spa":4,"spd":252,"spe":0},"shiny":true,"ivs":{"hp":31,"atk":31,"def":31,"spa":31,"spd":31,"spe":31}},{"name":"Gengar","species":"Gengar","item":"lifeorb","ability":"Levitate","moves":["shadowball","sludgewave","focusblast","energyball"],"nature":"Timid","evs":{"hp":0,"atk":0,"def":0,"spa":252,"spd":4,"spe":252},"shiny":true,"ivs":{"hp":31,"atk":31,"def":31,"spa":31,"spd":31,"spe":31}},{"name":"Aegislash","species":"Aegislash","item":"leftovers","ability":"Stance Change","moves":["swordsdance","shadowsneak","sacredsword","kingsshield"],"nature":"Adamant","evs":{"hp":252,"atk":252,"def":0,"spa":0,"spd":4,"spe":0},"shiny":true,"ivs":{"hp":31,"atk":31,"def":31,"spa":31,"spd":31,"spe":31}},{"name":"Sableye","species":"Sableye","item":"sablenite","ability":"Prankster","moves":["calmmind","willowisp","recover","shadowball"],"nature":"Careful","evs":{"hp":252,"atk":0,"def":112,"spa":0,"spd":144,"spe":0},"shiny":true,"ivs":{"hp":31,"atk":31,"def":31,"spa":31,"spd":31,"spe":31}},{"name":"Spiritomb","species":"Spiritomb","item":"leftovers","ability":"Infiltrator","moves":["confuseray","darkpulse","psychic","shadowsneak"],"nature":"Modest","evs":{"hp":252,"atk":4,"def":0,"spa":252,"spd":0,"spe":0},"shiny":true,"ivs":{"hp":31,"atk":31,"def":31,"spa":31,"spd":31,"spe":31}},{"name":"Golurk","species":"Golurk","item":"choicescarf","ability":"No Guard","moves":["dynamicpunch","earthquake","icepunch","firepunch"],"nature":"Jolly","evs":{"hp":0,"atk":252,"def":0,"spa":0,"spd":4,"spe":252},"shiny":true,"ivs":{"hp":31,"atk":31,"def":31,"spa":31,"spd":31,"spe":31}}],"log":["|player|p1|ryan1|180","|player|p2|Rain ☆ S.Herbs|154","|gametype|singles","|gen|6","|tier|Monotype","|rated","|rule|Baton Pass Clause: Limit one Baton Passer, can't pass Spe and other stats simultaneously","|rule|Swagger Clause: Swagger is banned","|rule|Same Type Clause: Pokémon in a team must share a type","|clearpoke","|poke|p1|Klefki, M","|poke|p1|Slurpuff, F, shiny","|poke|p1|Sylveon, M","|poke|p1|Clefable, F","|poke|p1|Mawile, F","|poke|p1|Azumarill, M","|poke|p2|Cofagrigus, F, shiny","|poke|p2|Gengar, M, shiny","|poke|p2|Aegislash, M, shiny","|poke|p2|Sableye, M, shiny","|poke|p2|Spiritomb, M, shiny","|poke|p2|Golurk, shiny","|rule|Sleep Clause Mod: Limit one foe put to sleep","|rule|Species Clause: Limit one of each Pokémon","|rule|OHKO Clause: OHKO moves are banned","|rule|Moody Clause: Moody is banned","|rule|Evasion Moves Clause: Evasion moves are banned","|rule|Endless Battle Clause: Forcing endless battles is banned","|rule|HP Percentage Mod: HP is shown in percentages","|teampreview","|","|start","|switch|p1a: Klefki|Klefki, M|317/317","|switch|p2a: Golurk|Golurk, shiny|319/319","|turn|1","|","|move|p1a: Klefki|Reflect|p1a: Klefki","|-sidestart|p1: ryan1|Reflect","|move|p2a: Golurk|Dynamic Punch|p1a: Klefki","|-damage|p1a: Klefki|276/317","|-start|p1a: Klefki|confusion","|","|turn|2","|","|switch|p2a: Sableye|Sableye, M, shiny|304/304","|-activate|p1a: Klefki|confusion","|-damage|p1a: Klefki|257/317|[from] confusion","|","|turn|3","|","|-activate|p1a: Klefki|confusion","|move|p1a: Klefki|Light Screen|p1a: Klefki","|-sidestart|p1: ryan1|move: Light Screen","|move|p2a: Sableye|Will-O-Wisp|p1a: Klefki","|-status|p1a: Klefki|brn","|","|-damage|p1a: Klefki|218/317 brn|[from] brn","|turn|4","|","|detailschange|p2a: Sableye|Sableye-Mega, M, shiny","|-mega|p2a: Sableye|Sableye|Sablenite","|-activate|p1a: Klefki|confusion","|-damage|p1a: Klefki|209/317 brn|[from] confusion","|move|p2a: Sableye|Calm Mind|p2a: Sableye","|-boost|p2a: Sableye|spa|1","|-boost|p2a: Sableye|spd|1","|","|-damage|p1a: Klefki|170/317 brn|[from] brn","|turn|5","|","|switch|p1a: Sylveon|Sylveon, M|393/393","|move|p2a: Sableye|Calm Mind|p2a: Sableye","|-boost|p2a: Sableye|spa|1","|-boost|p2a: Sableye|spd|1","|","|turn|6","|","|move|p1a: Sylveon|Substitute|p1a: Sylveon","|-start|p1a: Sylveon|Substitute","|-damage|p1a: Sylveon|295/393","|move|p2a: Sableye|Shadow Ball|p1a: Sylveon","|-activate|p1a: Sylveon|Substitute|[damage]","|","|turn|7","|","|move|p1a: Sylveon|Calm Mind|p1a: Sylveon","|-boost|p1a: Sylveon|spa|1","|-boost|p1a: Sylveon|spd|1","|move|p2a: Sableye|Shadow Ball|p1a: Sylveon","|-end|p1a: Sylveon|Substitute","|","|turn|8","|","|move|p1a: Sylveon|Hyper Voice|p2a: Sableye","|-supereffective|p2a: Sableye","|-damage|p2a: Sableye|106/304","|-damage|p1a: Sylveon|256/393|[from] item: Life Orb","|move|p2a: Sableye|Calm Mind|p2a: Sableye","|-boost|p2a: Sableye|spa|1","|-boost|p2a: Sableye|spd|1","|","|-sideend|p1: ryan1|Reflect","|turn|9","|","|move|p1a: Sylveon|Hyper Voice|p2a: Sableye","|-supereffective|p2a: Sableye","|-damage|p2a: Sableye|0 fnt","|-damage|p1a: Sylveon|217/393|[from] item: Life Orb","|faint|p2a: Sableye","|","|","|switch|p2a: Aegislash|Aegislash, M, shiny|324/324","|turn|10","|","|move|p2a: Aegislash|Swords Dance|p2a: Aegislash","|-boost|p2a: Aegislash|atk|2","|move|p1a: Sylveon|Substitute|p1a: Sylveon","|-start|p1a: Sylveon|Substitute","|-damage|p1a: Sylveon|119/393","|","|-sideend|p1: ryan1|move: Light Screen","|turn|11","|","|-formechange|p2a: Aegislash|Aegislash-Blade","|move|p2a: Aegislash|Shadow Sneak|p1a: Sylveon","|-end|p1a: Sylveon|Substitute","|move|p1a: Sylveon|Wish|p1a: Sylveon","|","|turn|12","|","|switch|p1a: Klefki|Klefki, M|170/317 brn","|move|p2a: Aegislash|Shadow Sneak|p1a: Klefki","|-damage|p1a: Klefki|32/317 brn","|","|-heal|p1a: Klefki|228/317 brn|[from] move: Wish|[wisher] Sylveon","|-damage|p1a: Klefki|189/317 brn|[from] brn","|turn|13","|","|-formechange|p2a: Aegislash|Aegislash","|move|p2a: Aegislash|King's Shield|p2a: Aegislash","|-singleturn|p2a: Aegislash|Protect","|move|p1a: Klefki|Reflect|p1a: Klefki","|-sidestart|p1: ryan1|Reflect","|","|-damage|p1a: Klefki|150/317 brn|[from] brn","|turn|14","|","|move|p1a: Klefki|Thunder Wave|p2a: Aegislash","|-status|p2a: Aegislash|par","|move|p2a: Aegislash|Swords Dance|p2a: Aegislash","|-boost|p2a: Aegislash|atk|2","|","|-damage|p1a: Klefki|111/317 brn|[from] brn","|turn|15","|","|move|p1a: Klefki|Light Screen|p1a: Klefki","|-sidestart|p1: ryan1|move: Light Screen","|-formechange|p2a: Aegislash|Aegislash-Blade","|move|p2a: Aegislash|Shadow Sneak|p1a: Klefki","|-damage|p1a: Klefki|5/317 brn","|","|-damage|p1a: Klefki|0 fnt|[from] brn","|faint|p1a: Klefki","|","|switch|p1a: Sylveon|Sylveon, M|119/393","|turn|16","|","|move|p2a: Aegislash|Shadow Sneak|p1a: Sylveon","|-damage|p1a: Sylveon|0 fnt","|faint|p1a: Sylveon","|","|","|switch|p1a: Mawile|Mawile, F|304/304","|-ability|p1a: Mawile|Intimidate","|-unboost|p2a: Aegislash|atk|1","|turn|17","|","|-formechange|p2a: Aegislash|Aegislash","|move|p2a: Aegislash|King's Shield|p2a: Aegislash","|-singleturn|p2a: Aegislash|Protect","|move|p1a: Mawile|Swords Dance|p1a: Mawile","|-boost|p1a: Mawile|atk|2","|","|turn|18","|","|switch|p2a: Cofa'|Cofagrigus, F, shiny|320/320","|move|p1a: Mawile|Swords Dance|p1a: Mawile","|-boost|p1a: Mawile|atk|2","|","|turn|19","|","|move|p1a: Mawile|Swords Dance|p1a: Mawile","|-boost|p1a: Mawile|atk|2","|move|p2a: Cofa'|Will-O-Wisp|p1a: Mawile","|-status|p1a: Mawile|brn","|","|-damage|p1a: Mawile|266/304 brn|[from] brn","|turn|20","|","|switch|p2a: Spiritomb|Spiritomb, M, shiny|304/304","|move|p1a: Mawile|Play Rough|p2a: Spiritomb","|-supereffective|p2a: Spiritomb","|-damage|p2a: Spiritomb|0 fnt","|faint|p2a: Spiritomb","|","|-heal|p1a: Mawile|285/304 brn|[from] item: Leftovers","|-damage|p1a: Mawile|247/304 brn|[from] brn","|-sideend|p1: ryan1|Reflect","|","|switch|p2a: Golurk|Golurk, shiny|319/319","|turn|21","|","|move|p1a: Mawile|Sucker Punch|p2a: Golurk","|-supereffective|p2a: Golurk","|-damage|p2a: Golurk|0 fnt","|faint|p2a: Golurk","|","|-heal|p1a: Mawile|266/304 brn|[from] item: Leftovers","|-damage|p1a: Mawile|228/304 brn|[from] brn","|","|switch|p2a: Cofa'|Cofagrigus, F, shiny|320/320","|turn|22","|","|move|p1a: Mawile|Play Rough|p2a: Cofa'","|-damage|p2a: Cofa'|116/320","|-activate|p2a: Cofa'|ability: Mummy|intimidate|[of] p1a: Mawile","|-unboost|p2a: Cofa'|atk|1","|move|p2a: Cofa'|Infestation|p1a: Mawile","|-resisted|p1a: Mawile","|-damage|p1a: Mawile|225/304 brn","|-activate|p1a: Mawile|move: Infestation|[of] p2a: Cofa'","|","|-heal|p1a: Mawile|244/304 brn|[from] item: Leftovers","|-heal|p2a: Cofa'|136/320|[from] item: Leftovers","|-damage|p1a: Mawile|206/304 brn|[from] brn","|-damage|p1a: Mawile|168/304 brn|[from] move: Infestation|[partiallytrapped]","|-sideend|p1: ryan1|move: Light Screen","|turn|23","|","|move|p1a: Mawile|Play Rough|p2a: Cofa'","|-damage|p2a: Cofa'|0 fnt","|faint|p2a: Cofa'","|","|-heal|p1a: Mawile|187/304 brn|[from] item: Leftovers","|-damage|p1a: Mawile|149/304 brn|[from] brn","|","|switch|p2a: Aegislash|Aegislash, M, shiny|324/324 par","|turn|24","|","|move|p1a: Mawile|Swords Dance|p1a: Mawile","|-fail|p1a: Mawile","|move|p2a: Aegislash|Swords Dance|p2a: Aegislash","|-boost|p2a: Aegislash|atk|2","|","|-heal|p1a: Mawile|168/304 brn|[from] item: Leftovers","|-damage|p1a: Mawile|130/304 brn|[from] brn","|turn|25","|","|move|p2a: Aegislash|King's Shield|p2a: Aegislash","|-singleturn|p2a: Aegislash|Protect","|move|p1a: Mawile|Sucker Punch|p2a: Aegislash","|-fail|p1a: Mawile","|","|-heal|p1a: Mawile|149/304 brn|[from] item: Leftovers","|-damage|p1a: Mawile|111/304 brn|[from] brn","|turn|26","|","|move|p2a: Aegislash|King's Shield|p2a: Aegislash","|-singleturn|p2a: Aegislash|Protect","|move|p1a: Mawile|Sucker Punch|p2a: Aegislash","|-fail|p1a: Mawile","|","|-heal|p1a: Mawile|130/304 brn|[from] item: Leftovers","|-damage|p1a: Mawile|92/304 brn|[from] brn","|turn|27","|","|move|p1a: Mawile|Play Rough|p2a: Aegislash","|-resisted|p2a: Aegislash","|-damage|p2a: Aegislash|230/324 par","|move|p2a: Aegislash|Swords Dance|p2a: Aegislash","|-boost|p2a: Aegislash|atk|2","|","|-heal|p1a: Mawile|111/304 brn|[from] item: Leftovers","|-heal|p2a: Aegislash|250/324 par|[from] item: Leftovers","|-damage|p1a: Mawile|73/304 brn|[from] brn","|turn|28","|","|move|p2a: Aegislash|King's Shield|p2a: Aegislash","|-singleturn|p2a: Aegislash|Protect","|move|p1a: Mawile|Sucker Punch|p2a: Aegislash","|-fail|p1a: Mawile","|","|-heal|p1a: Mawile|92/304 brn|[from] item: Leftovers","|-heal|p2a: Aegislash|270/324 par|[from] item: Leftovers","|-damage|p1a: Mawile|54/304 brn|[from] brn","|turn|29","|","|move|p1a: Mawile|Play Rough|p2a: Aegislash","|-resisted|p2a: Aegislash","|-damage|p2a: Aegislash|182/324 par","|cant|p2a: Aegislash|par","|","|-heal|p1a: Mawile|73/304 brn|[from] item: Leftovers","|-heal|p2a: Aegislash|202/324 par|[from] item: Leftovers","|-damage|p1a: Mawile|35/304 brn|[from] brn","|turn|30","|","|move|p2a: Aegislash|King's Shield|p2a: Aegislash","|-singleturn|p2a: Aegislash|Protect","|move|p1a: Mawile|Play Rough|p2a: Aegislash","|-activate|p2a: Aegislash|Protect","|-unboost|p1a: Mawile|atk|2","|","|-heal|p1a: Mawile|54/304 brn|[from] item: Leftovers","|-heal|p2a: Aegislash|222/324 par|[from] item: Leftovers","|-damage|p1a: Mawile|16/304 brn|[from] brn","|turn|31","|","|move|p1a: Mawile|Sucker Punch|p2a: Aegislash","|-fail|p1a: Mawile","|move|p2a: Aegislash|Swords Dance|p2a: Aegislash","|-boost|p2a: Aegislash|atk|2","|","|-heal|p1a: Mawile|35/304 brn|[from] item: Leftovers","|-heal|p2a: Aegislash|242/324 par|[from] item: Leftovers","|-damage|p1a: Mawile|0 fnt|[from] brn","|faint|p1a: Mawile","|","|switch|p1a: Clefable|Clefable, F|394/394","|turn|32","|","|move|p1a: Clefable|Protect|p1a: Clefable","|-singleturn|p1a: Clefable|Protect","|-formechange|p2a: Aegislash|Aegislash-Blade","|move|p2a: Aegislash|Shadow Sneak|p1a: Clefable","|-activate|p1a: Clefable|Protect","|","|-heal|p2a: Aegislash|262/324 par|[from] item: Leftovers","|turn|33","|","|-formechange|p2a: Aegislash|Aegislash","|move|p2a: Aegislash|King's Shield|p2a: Aegislash","|-singleturn|p2a: Aegislash|Protect","|move|p1a: Clefable|Calm Mind|p1a: Clefable","|-boost|p1a: Clefable|spa|1","|-boost|p1a: Clefable|spd|1","|","|-heal|p2a: Aegislash|282/324 par|[from] item: Leftovers","|turn|34","|","|-formechange|p2a: Aegislash|Aegislash-Blade","|move|p2a: Aegislash|Shadow Sneak|p1a: Clefable","|-damage|p1a: Clefable|0 fnt","|faint|p1a: Clefable","|","|-heal|p2a: Aegislash|302/324 par|[from] item: Leftovers","|","|switch|p1a: Azumarill|Azumarill, M|404/404","|turn|35","|","|cant|p2a: Aegislash|par","|move|p1a: Azumarill|Belly Drum|p1a: Azumarill","|-damage|p1a: Azumarill|202/404","|-setboost|p1a: Azumarill|atk|6|[from] move: Belly Drum","|-enditem|p1a: Azumarill|Sitrus Berry|[eat]","|-heal|p1a: Azumarill|303/404|[from] item: Sitrus Berry","|","|-heal|p2a: Aegislash|322/324 par|[from] item: Leftovers","|turn|36","|","|-formechange|p2a: Aegislash|Aegislash","|move|p2a: Aegislash|King's Shield|p2a: Aegislash","|-singleturn|p2a: Aegislash|Protect","|move|p1a: Azumarill|Aqua Jet|p2a: Aegislash","|-activate|p2a: Aegislash|Protect","|-unboost|p1a: Azumarill|atk|2","|","|-heal|p2a: Aegislash|324/324 par|[from] item: Leftovers","|turn|37","|","|move|p1a: Azumarill|Aqua Jet|p2a: Aegislash","|-damage|p2a: Aegislash|126/324 par","|-formechange|p2a: Aegislash|Aegislash-Blade","|move|p2a: Aegislash|Shadow Sneak|p1a: Azumarill","|-damage|p1a: Azumarill|0 fnt","|faint|p1a: Azumarill","|","|-heal|p2a: Aegislash|146/324 par|[from] item: Leftovers","|","|switch|p1a: Slurpuff|Slurpuff, F, shiny|306/306","|turn|38","|","|move|p2a: Aegislash|Shadow Sneak|p1a: Slurpuff","|-damage|p1a: Slurpuff|0 fnt","|faint|p1a: Slurpuff","|","|win|Rain ☆ S.Herbs"],"p1rating":{"entryid":"677454","serverid":"eos","formatid":"monotype","userid":"ryan1","username":"ryan1","w":"4","l":2,"t":"0","gxe":57,"r":"1571.4551938677","rd":"106.75849919998","sigma":"0","rptime":"1441184400","rpr":1555.2024020084,"rprd":99.145378446571,"rpsigma":"0","acre":1084.8054564948,"lacre":1084.8054564948,"oldacre":"1110.4217482354"},"p2rating":{"entryid":"61538","serverid":"eos","formatid":"monotype","userid":"rainsherbs","username":"Rain ☆ S.Herbs","w":25,"l":"31","t":"0","gxe":45.2,"r":"1446.9633922707","rd":"47.517059127322","sigma":"0","rptime":"1441184400","rpr":1463.7348727311,"rprd":46.818580507399,"rpsigma":"0","acre":1127.4714371027,"lacre":1127.4714371027,"oldacre":"1101.8551453621"},"endType":"normal"}