{"seed":[40085,46802,44858,44531],"turns":21,"p1":"GL♅Shinigami","p2":"Twizz","p1team":[{"name":"Evil Stitch","species":"gengar","item":"focussash","ability":"Levitate","moves":["destinybond","shadowball","dazzlinggleam","focusblast"],"nature":"Timid","evs":{"hp":0,"atk":0,"def":0,"spa":252,"spd":4,"spe":252},"ivs":{"hp":31,"atk":31,"def":31,"spa":31,"spd":31,"spe":31}},{"name":"Avant-Garde","species":"aegislash","item":"weaknesspolicy","ability":"Stance Change","moves":["kingsshield","swordsdance","shadowsneak","sacredsword"],"nature":"Adamant","evs":{"hp":248,"atk":252,"def":0,"spa":0,"spd":8,"spe":0},"shiny":true,"ivs":{"hp":31,"atk":31,"def":31,"spa":31,"spd":31,"spe":31}},{"name":"Nyx's Doom","species":"cofagrigus","item":"leftovers","ability":"Mummy","moves":["trickroom","willowisp","destinybond","hex"],"nature":"","evs":{"hp":252,"atk":0,"def":128,"spa":0,"spd":128,"spe":0},"ivs":{"hp":31,"atk":31,"def":31,"spa":31,"spd":31,"spe":0},"shiny":true},{"name":"Eye Gouger","species":"sableye","item":"sablenite","ability":"Prankster","moves":["calmmind","willowisp","recover","dazzlinggleam"],"nature":"Calm","evs":{"hp":248,"atk":0,"def":200,"spa":8,"spd":52,"spe":0},"ivs":{"hp":31,"atk":31,"def":31,"spa":31,"spd":31,"spe":31}},{"name":"Chappo The Great","species":"golurk","item":"focussash","ability":"No Guard","moves":["dynamicpunch","stealthrock","stoneedge","earthquake"],"nature":"Adamant","evs":{"hp":248,"atk":252,"def":0,"spa":0,"spd":8,"spe":0},"shiny":true,"ivs":{"hp":31,"atk":31,"def":31,"spa":31,"spd":31,"spe":31}},{"name":"Chandelure Bing","species":"chandelure","item":"choicescarf","ability":"Infiltrator","moves":["energyball","flamethrower","shadowball","psychic"],"nature":"Timid","evs":{"hp":0,"atk":0,"def":0,"spa":252,"spd":4,"spe":252},"ivs":{"hp":31,"atk":31,"def":31,"spa":31,"spd":31,"spe":31}}],"p2team":[{"name":"Togekiss","species":"Togekiss","item":"assaultvest","ability":"Serene Grace","moves":["flamethrower","airslash","dazzlinggleam","aurasphere"],"nature":"Modest","evs":{"hp":4,"atk":0,"def":0,"spa":252,"spd":252,"spe":0},"ivs":{"hp":31,"atk":31,"def":31,"spa":31,"spd":31,"spe":31}},{"name":"Dragonite","species":"Dragonite","item":"weaknesspolicy","ability":"Multiscale","moves":["dragondance","dragonclaw","earthquake","extremespeed"],"nature":"Adamant","evs":{"hp":0,"atk":252,"def":0,"spa":0,"spd":4,"spe":252},"ivs":{"hp":31,"atk":31,"def":31,"spa":31,"spd":31,"spe":31}},{"name":"Fuck you","species":"skarmory","item":"rockyhelmet","ability":"Sturdy","moves":["defog","stealthrock","roost","whirlwind"],"nature":"Impish","evs":{"hp":248,"atk":0,"def":236,"spa":0,"spd":0,"spe":24},"ivs":{"hp":31,"atk":31,"def":31,"spa":31,"spd":31,"spe":31}},{"name":"Zapdos","species":"Zapdos","item":"leftovers","ability":"Pressure","moves":["roost","toxic","heatwave","discharge"],"nature":"Bold","evs":{"hp":0,"atk":0,"def":252,"spa":56,"spd":200,"spe":0},"ivs":{"hp":31,"atk":31,"def":31,"spa":31,"spd":31,"spe":31}},{"name":"Bops","species":"landorus","item":"lifeorb","ability":"Sheer Force","moves":["earthquake","knockoff","uturn","rockslide"],"nature":"Jolly","evs":{"hp":0,"atk":252,"def":0,"spa":0,"spd":4,"spe":252},"ivs":{"hp":31,"atk":31,"def":31,"spa":31,"spd":31,"spe":31}},{"name":"Jerry","species":"honchkrow","item":"lifeorb","ability":"Moxie","moves":["suckerpunch","heatwave","bravebird","nightslash"],"nature":"Hasty","evs":{"hp":0,"atk":252,"def":0,"spa":4,"spd":0,"spe":252},"ivs":{"hp":31,"atk":31,"def":31,"spa":31,"spd":31,"spe":31}}],"log":["|player|p1|GL♅Shinigami|glshinigami.png","|player|p2|Twizz|264","|gametype|singles","|gen|6","|tier|Monotype","|rated","|rule|Baton Pass Clause: Limit one Baton Passer, can't pass Spe and other stats simultaneously","|rule|Swagger Clause: Swagger is banned","|rule|Same Type Clause: Pokémon in a team must share a type","|clearpoke","|poke|p1|Gengar, M","|poke|p1|Aegislash, M, shiny","|poke|p1|Cofagrigus, F, shiny","|poke|p1|Sableye, M","|poke|p1|Golurk, shiny","|poke|p1|Chandelure, F","|poke|p2|Togekiss, F","|poke|p2|Dragonite, F","|poke|p2|Skarmory, M","|poke|p2|Zapdos","|poke|p2|Landorus, M","|poke|p2|Honchkrow, F","|rule|Sleep Clause Mod: Limit one foe put to sleep","|rule|Species Clause: Limit one of each Pokémon","|rule|OHKO Clause: OHKO moves are banned","|rule|Moody Clause: Moody is banned","|rule|Evasion Moves Clause: Evasion moves are banned","|rule|Endless Battle Clause: Forcing endless battles is banned","|rule|HP Percentage Mod: HP is shown in percentages","|teampreview","|","|start","|switch|p1a: Chappo The Great|Golurk, shiny|381/381","|switch|p2a: Fuck you|Skarmory, M|333/333","|turn|1","|","|move|p2a: Fuck you|Stealth Rock|p1a: Chappo The Great","|-sidestart|p1: GL♅Shinigami|move: Stealth Rock","|move|p1a: Chappo The Great|Stealth Rock|p2a: Fuck you","|-sidestart|p2: Twizz|move: Stealth Rock","|","|turn|2","|","|move|p2a: Fuck you|Defog|p1a: Chappo The Great","|-unboost|p1a: Chappo The Great|evasion|1","|-sideend|p1: GL♅Shinigami|Stealth Rock|[from] move: Defog|[of] p1a: Chappo The Great","|-sideend|p2: Twizz|Stealth Rock|[from] move: Defog|[of] p2a: Fuck you","|move|p1a: Chappo The Great|Dynamic Punch|p2a: Fuck you","|-damage|p2a: Fuck you|260/333","|-damage|p1a: Chappo The Great|318/381|[from] item: Rocky Helmet|[of] p2a: Fuck you","|-start|p2a: Fuck you|confusion","|","|turn|3","|","|-activate|p2a: Fuck you|confusion","|-damage|p2a: Fuck you|245/333|[from] confusion","|move|p1a: Chappo The Great|Stealth Rock|p2a: Fuck you","|-sidestart|p2: Twizz|move: Stealth Rock","|","|turn|4","|","|-end|p2a: Fuck you|confusion","|move|p2a: Fuck you|Defog|p1a: Chappo The Great","|-unboost|p1a: Chappo The Great|evasion|1","|-sideend|p2: Twizz|Stealth Rock|[from] move: Defog|[of] p2a: Fuck you","|move|p1a: Chappo The Great|Stone Edge|p2a: Fuck you","|-damage|p2a: Fuck you|175/333","|","|turn|5","|","|move|p2a: Fuck you|Roost|p2a: Fuck you","|-heal|p2a: Fuck you|333/333","|move|p1a: Chappo The Great|Dynamic Punch|p2a: Fuck you","|-supereffective|p2a: Fuck you","|-damage|p2a: Fuck you|175/333","|-damage|p1a: Chappo The Great|255/381|[from] item: Rocky Helmet|[of] p2a: Fuck you","|-start|p2a: Fuck you|confusion","|","|turn|6","|","|-activate|p2a: Fuck you|confusion","|-damage|p2a: Fuck you|159/333|[from] confusion","|move|p1a: Chappo The Great|Dynamic Punch|p2a: Fuck you","|-damage|p2a: Fuck you|81/333","|-damage|p1a: Chappo The Great|192/381|[from] item: Rocky Helmet|[of] p2a: Fuck you","|","|turn|7","|","|-activate|p2a: Fuck you|confusion","|move|p2a: Fuck you|Stealth Rock|p1a: Chappo The Great","|-sidestart|p1: GL♅Shinigami|move: Stealth Rock","|move|p1a: Chappo The Great|Dynamic Punch|p2a: Fuck you","|-damage|p2a: Fuck you|7/333","|-damage|p1a: Chappo The Great|129/381|[from] item: Rocky Helmet|[of] p2a: Fuck you","|","|turn|8","|","|-activate|p2a: Fuck you|confusion","|-damage|p2a: Fuck you|0 fnt|[from] confusion","|faint|p2a: Fuck you","|move|p1a: Chappo The Great|Stealth Rock|p2: Fuck you","|-sidestart|p2: Twizz|move: Stealth Rock","|","|","|switch|p2a: Dragonite|Dragonite, F|323/323","|-damage|p2a: Dragonite|243/323|[from] Stealth Rock","|turn|9","|","|move|p2a: Dragonite|Dragon Claw|p1a: Chappo The Great","|-damage|p1a: Chappo The Great|0 fnt","|faint|p1a: Chappo The Great","|","|","|switch|p1a: Nyx's Doom|Cofagrigus, F, shiny|320/320","|-damage|p1a: Nyx's Doom|280/320|[from] Stealth Rock","|turn|10","|","|switch|p2a: Zapdos|Zapdos|321/321","|-damage|p2a: Zapdos|241/321|[from] Stealth Rock","|-ability|p2a: Zapdos|Pressure","|move|p1a: Nyx's Doom|Trick Room|p1a: Nyx's Doom","|-fieldstart|move: Trick Room|[of] p1a: Nyx's Doom","|","|-heal|p1a: Nyx's Doom|300/320|[from] item: Leftovers","|-heal|p2a: Zapdos|261/321|[from] item: Leftovers","|turn|11","|","|move|p1a: Nyx's Doom|Will-O-Wisp|p2a: Zapdos","|-status|p2a: Zapdos|brn","|move|p2a: Zapdos|Toxic|p1a: Nyx's Doom","|-status|p1a: Nyx's Doom|tox","|","|-heal|p1a: Nyx's Doom|320/320 tox|[from] item: Leftovers","|-heal|p2a: Zapdos|281/321 brn|[from] item: Leftovers","|-damage|p1a: Nyx's Doom|300/320 tox|[from] psn","|-damage|p2a: Zapdos|241/321 brn|[from] brn","|turn|12","|","|move|p1a: Nyx's Doom|Hex|p2a: Zapdos","|-damage|p2a: Zapdos|103/321 brn","|move|p2a: Zapdos|Discharge|p1a: Nyx's Doom","|-damage|p1a: Nyx's Doom|198/320 tox","|","|-heal|p1a: Nyx's Doom|218/320 tox|[from] item: Leftovers","|-heal|p2a: Zapdos|123/321 brn|[from] item: Leftovers","|-damage|p1a: Nyx's Doom|178/320 tox|[from] psn","|-damage|p2a: Zapdos|83/321 brn|[from] brn","|turn|13","|","|switch|p2a: Bops|Landorus, M|319/319","|-damage|p2a: Bops|280/319|[from] Stealth Rock","|move|p1a: Nyx's Doom|Hex|p2a: Bops","|-damage|p2a: Bops|196/319","|","|-heal|p1a: Nyx's Doom|198/320 tox|[from] item: Leftovers","|-damage|p1a: Nyx's Doom|138/320 tox|[from] psn","|turn|14","|","|move|p1a: Nyx's Doom|Destiny Bond|p1a: Nyx's Doom","|-singlemove|p1a: Nyx's Doom|Destiny Bond","|move|p2a: Bops|U-turn|p1a: Nyx's Doom","|-resisted|p1a: Nyx's Doom","|-damage|p1a: Nyx's Doom|102/320 tox","|-activate|p1a: Nyx's Doom|ability: Mummy|sheerforce|[of] p2a: Bops","|-damage|p2a: Bops|165/319|[from] item: Life Orb","|","|switch|p2a: Zapdos|Zapdos|83/321 brn","|-damage|p2a: Zapdos|3/321 brn|[from] Stealth Rock","|-ability|p2a: Zapdos|Pressure","|","|-heal|p1a: Nyx's Doom|122/320 tox|[from] item: Leftovers","|-heal|p2a: Zapdos|23/321 brn|[from] item: Leftovers","|-damage|p1a: Nyx's Doom|42/320 tox|[from] psn","|-damage|p2a: Zapdos|0 fnt|[from] brn","|-fieldend|move: Trick Room","|faint|p2a: Zapdos","|","|switch|p2a: Dragonite|Dragonite, F|243/323","|-damage|p2a: Dragonite|163/323|[from] Stealth Rock","|turn|15","|","|move|p2a: Dragonite|Dragon Claw|p1a: Nyx's Doom","|-damage|p1a: Nyx's Doom|0 fnt","|-activate|p1a: Nyx's Doom|ability: Mummy|multiscale|[of] p2a: Dragonite","|faint|p1a: Nyx's Doom","|-activate|p1a: Nyx's Doom|Destiny Bond","|faint|p2a: Dragonite","|","|","|switch|p1a: Eye Gouger|Sableye, M|303/303","|switch|p2a: Bops|Landorus, M|165/319","|-damage|p2a: Bops|126/319|[from] Stealth Rock","|-damage|p1a: Eye Gouger|266/303|[from] Stealth Rock","|turn|16","|","|move|p1a: Eye Gouger|Will-O-Wisp|p2a: Bops","|-status|p2a: Bops|brn","|move|p2a: Bops|U-turn|p1a: Eye Gouger","|-damage|p1a: Eye Gouger|213/303","|-damage|p2a: Bops|95/319 brn|[from] item: Life Orb","|","|switch|p2a: Togekiss|Togekiss, F|312/312","|-damage|p2a: Togekiss|234/312|[from] Stealth Rock","|","|turn|17","|","|move|p1a: Eye Gouger|Will-O-Wisp|p2a: Togekiss","|-status|p2a: Togekiss|brn","|move|p2a: Togekiss|Air Slash|p1a: Eye Gouger","|-damage|p1a: Eye Gouger|36/303","|","|-damage|p2a: Togekiss|195/312 brn|[from] brn","|turn|18","|","|move|p1a: Eye Gouger|Recover|p1a: Eye Gouger","|-heal|p1a: Eye Gouger|188/303","|move|p2a: Togekiss|Dazzling Gleam|p1a: Eye Gouger","|-supereffective|p1a: Eye Gouger","|-damage|p1a: Eye Gouger|0 fnt","|faint|p1a: Eye Gouger","|","|-damage|p2a: Togekiss|156/312 brn|[from] brn","|","|switch|p1a: Evil Stitch|Gengar, M|261/261","|-damage|p1a: Evil Stitch|229/261|[from] Stealth Rock","|turn|19","|","|switch|p2a: Bops|Landorus, M|95/319 brn","|-damage|p2a: Bops|56/319 brn|[from] Stealth Rock","|move|p1a: Evil Stitch|Shadow Ball|p2a: Bops","|-damage|p2a: Bops|0 fnt","|faint|p2a: Bops","|","|","|switch|p2a: Jerry|Honchkrow, F|341/341","|-damage|p2a: Jerry|256/341|[from] Stealth Rock","|turn|20","|","|move|p1a: Evil Stitch|Destiny Bond|p1a: Evil Stitch","|-singlemove|p1a: Evil Stitch|Destiny Bond","|move|p2a: Jerry|Night Slash|p1a: Evil Stitch","|-supereffective|p1a: Evil Stitch","|-damage|p1a: Evil Stitch|0 fnt","|-damage|p2a: Jerry|222/341|[from] item: Life Orb","|faint|p1a: Evil Stitch","|-activate|p1a: Evil Stitch|Destiny Bond","|faint|p2a: Jerry","|","|","|switch|p2a: Togekiss|Togekiss, F|156/312 brn","|switch|p1a: Avant-Garde|Aegislash, M, shiny|323/323","|-damage|p2a: Togekiss|78/312 brn|[from] Stealth Rock","|-damage|p1a: Avant-Garde|303/323|[from] Stealth Rock","|turn|21","|","|-formechange|p1a: Avant-Garde|Aegislash-Blade","|move|p1a: Avant-Garde|Shadow Sneak|p2a: Togekiss","|-damage|p2a: Togekiss|0 fnt","|faint|p2a: Togekiss","|","|win|GL♅Shinigami"],"p1rating":{"entryid":"470149","serverid":"eos","formatid":"monotype","userid":"glshinigami","username":"GL♅Shinigami - ⓓⓔⓓ","w":2,"l":"1","t":"0","gxe":55,"r":"1469.2431261176","rd":"123.73751505232","sigma":"0","rptime":"1441184400","rpr":1539.7852576672,"rprd":111.49900601715,"rpsigma":"0","acre":1080.0888993162,"lacre":1080.0888993162,"oldacre":"1040"},"p2rating":{"entryid":"66045","serverid":"eos","formatid":"monotype","userid":"twizz","username":"Twizz","w":"25","l":30,"t":"0","gxe":44.4,"r":"1463.2023076418","rd":"48.150353274748","sigma":"0","rptime":"1441184400","rpr":1457.1915411596,"rprd":47.754767770849,"rpsigma":"0","acre":1073.4217357559,"lacre":1073.4217357559,"oldacre":"1102.8988676061"},"endType":"normal"}