{"seed":[34060,53197,48325,25493],"turns":31,"p1":"Alliance - Mxy","p2":"Void KGBeast","p1team":[{"name":"Beedrill","species":"Beedrill","item":"beedrillite","ability":"Swarm","moves":["xscissor","poisonjab","knockoff","protect"],"nature":"Jolly","evs":{"hp":0,"atk":252,"def":0,"spa":0,"spd":4,"spe":252},"ivs":{"hp":31,"atk":31,"def":31,"spa":31,"spd":31,"spe":31}},{"name":"Weezing","species":"Weezing","item":"blacksludge","ability":"Levitate","moves":["fireblast","sludgewave","willowisp","painsplit"],"nature":"Bold","evs":{"hp":248,"atk":0,"def":252,"spa":8,"spd":0,"spe":0},"ivs":{"hp":31,"atk":0,"def":31,"spa":31,"spd":31,"spe":31}},{"name":"Nidoqueen","species":"Nidoqueen","item":"lifeorb","ability":"Sheer Force","moves":["earthpower","fireblast","icebeam","stealthrock"],"nature":"Modest","evs":{"hp":128,"atk":0,"def":0,"spa":168,"spd":0,"spe":212},"ivs":{"hp":31,"atk":31,"def":31,"spa":31,"spd":31,"spe":31}},{"name":"Tentacruel","species":"Tentacruel","item":"airballoon","ability":"Liquid Ooze","moves":["toxicspikes","rapidspin","scald","substitute"],"nature":"Bold","evs":{"hp":160,"atk":0,"def":152,"spa":0,"spd":0,"spe":196},"ivs":{"hp":31,"atk":31,"def":31,"spa":31,"spd":31,"spe":31}},{"name":"Drapion","species":"Drapion","item":"choicescarf","ability":"Sniper","moves":["knockoff","earthquake","rockslide","thunderfang"],"nature":"Adamant","evs":{"hp":0,"atk":252,"def":4,"spa":0,"spd":0,"spe":252},"ivs":{"hp":31,"atk":31,"def":31,"spa":31,"spd":31,"spe":31}},{"name":"Crobat","species":"Crobat","item":"leftovers","ability":"Infiltrator","moves":["bravebird","roost","taunt","toxic"],"nature":"Jolly","evs":{"hp":160,"atk":96,"def":0,"spa":0,"spd":0,"spe":252},"ivs":{"hp":31,"atk":31,"def":31,"spa":31,"spd":31,"spe":31}}],"p2team":[{"name":"Zapdos","species":"Zapdos","item":"leftovers","ability":"Pressure","moves":["heatwave","defog","toxic","roost"],"nature":"Calm","evs":{"hp":248,"atk":0,"def":0,"spa":0,"spd":252,"spe":8},"ivs":{"hp":31,"atk":31,"def":31,"spa":31,"spd":31,"spe":31}},{"name":"Manectric","species":"Manectric","item":"manectite","ability":"Static","moves":["voltswitch","thunderbolt","hiddenpowerice","flamethrower"],"nature":"Timid","evs":{"hp":0,"atk":0,"def":0,"spa":252,"spd":4,"spe":252},"ivs":{"hp":31,"atk":0,"def":30,"spa":31,"spd":31,"spe":31}},{"name":"Electivire","species":"Electivire","item":"choicescarf","ability":"Vital Spirit","moves":["wildcharge","earthquake","crosschop","rockslide"],"nature":"Jolly","evs":{"hp":0,"atk":252,"def":0,"spa":0,"spd":4,"spe":252},"ivs":{"hp":31,"atk":31,"def":31,"spa":31,"spd":31,"spe":31}},{"name":"Thundurus","species":"Thundurus","item":"lifeorb","ability":"Prankster","moves":["thunderwave","thunderbolt","hiddenpowerice","grassknot"],"nature":"Timid","evs":{"hp":0,"atk":0,"def":0,"spa":252,"spd":4,"spe":252},"ivs":{"hp":31,"atk":30,"def":30,"spa":31,"spd":31,"spe":31}},{"name":"Rotom-Wash","species":"Rotom-Wash","item":"leftovers","ability":"Levitate","moves":["willowisp","voltswitch","hydropump","painsplit"],"nature":"Bold","evs":{"hp":248,"atk":0,"def":252,"spa":0,"spd":0,"spe":8},"ivs":{"hp":31,"atk":0,"def":31,"spa":31,"spd":31,"spe":31}},{"name":"Luxray","species":"Luxray","item":"choiceband","ability":"Guts","moves":["wildcharge","crunch","superpower","quickattack"],"nature":"Adamant","evs":{"hp":248,"atk":252,"def":0,"spa":0,"spd":0,"spe":8},"ivs":{"hp":31,"atk":31,"def":31,"spa":31,"spd":31,"spe":31}}],"log":["|player|p1|Alliance - Mxy|270","|player|p2|Void KGBeast|voidkgbeast.png","|gametype|singles","|gen|6","|tier|Monotype","|rated","|rule|Baton Pass Clause: Limit one Baton Passer, can't pass Spe and other stats simultaneously","|rule|Swagger Clause: Swagger is banned","|rule|Same Type Clause: Pokémon in a team must share a type","|clearpoke","|poke|p1|Beedrill, M","|poke|p1|Weezing, F","|poke|p1|Nidoqueen, F","|poke|p1|Tentacruel, M","|poke|p1|Drapion, F","|poke|p1|Crobat, F","|poke|p2|Zapdos","|poke|p2|Manectric, F","|poke|p2|Electivire, F","|poke|p2|Thundurus, M","|poke|p2|Rotom-Wash","|poke|p2|Luxray, M","|rule|Sleep Clause Mod: Limit one foe put to sleep","|rule|Species Clause: Limit one of each Pokémon","|rule|OHKO Clause: OHKO moves are banned","|rule|Moody Clause: Moody is banned","|rule|Evasion Moves Clause: Evasion moves are banned","|rule|Endless Battle Clause: Forcing endless battles is banned","|rule|HP Percentage Mod: HP is shown in percentages","|teampreview","|","|start","|switch|p1a: Beedrill|Beedrill, M|271/271","|switch|p2a: Electivire|Electivire, F|291/291","|turn|1","|","|detailschange|p1a: Beedrill|Beedrill-Mega, M","|-mega|p1a: Beedrill|Beedrill|Beedrillite","|move|p1a: Beedrill|Protect|p1a: Beedrill","|-singleturn|p1a: Beedrill|Protect","|move|p2a: Electivire|Earthquake|p1a: Beedrill","|-activate|p1a: Beedrill|Protect","|","|turn|2","|","|switch|p2a: Thundurus|Thundurus, M|299/299","|switch|p1a: Tentacruel|Tentacruel, M|341/341","|-item|p1a: Tentacruel|Air Balloon","|","|turn|3","|","|move|p2a: Thundurus|Thunderbolt|p1a: Tentacruel","|-supereffective|p1a: Tentacruel","|-damage|p1a: Tentacruel|3/341","|-enditem|p1a: Tentacruel|Air Balloon","|-damage|p2a: Thundurus|270/299|[from] item: Life Orb","|move|p1a: Tentacruel|Toxic Spikes|p2a: Thundurus","|-sidestart|p2: Void KGBeast|move: Toxic Spikes","|","|turn|4","|","|switch|p2a: Zapdos|Zapdos|383/383","|-ability|p2a: Zapdos|Pressure","|move|p1a: Tentacruel|Toxic Spikes|p2a: Zapdos","|-sidestart|p2: Void KGBeast|move: Toxic Spikes","|","|turn|5","|","|switch|p1a: Nidoqueen|Nidoqueen, F|353/353","|move|p2a: Zapdos|Defog|p1a: Nidoqueen","|-unboost|p1a: Nidoqueen|evasion|1","|-sideend|p2: Void KGBeast|Toxic Spikes|[from] move: Defog|[of] p2a: Zapdos","|","|turn|6","|","|move|p1a: Nidoqueen|Stealth Rock|p2a: Zapdos","|-sidestart|p2: Void KGBeast|move: Stealth Rock","|move|p2a: Zapdos|Heat Wave|p1a: Nidoqueen","|-crit|p1a: Nidoqueen","|-damage|p1a: Nidoqueen|209/353","|","|turn|7","|","|move|p1a: Nidoqueen|Ice Beam|p2a: Zapdos","|-supereffective|p2a: Zapdos","|-damage|p2a: Zapdos|204/383","|move|p2a: Zapdos|Defog|p1a: Nidoqueen","|-unboost|p1a: Nidoqueen|evasion|1","|-sideend|p2: Void KGBeast|Stealth Rock|[from] move: Defog|[of] p2a: Zapdos","|","|-heal|p2a: Zapdos|227/383|[from] item: Leftovers","|turn|8","|","|switch|p1a: Drapion|Drapion, F|281/281","|move|p2a: Zapdos|Roost|p2a: Zapdos","|-heal|p2a: Zapdos|383/383","|","|turn|9","|","|switch|p2a: Rotom-Wash|Rotom-Wash|303/303","|move|p1a: Drapion|Knock Off|p2a: Rotom-Wash","|-damage|p2a: Rotom-Wash|201/303","|-enditem|p2a: Rotom-Wash|Leftovers|[from] move: Knock Off|[of] p1a: Drapion","|","|turn|10","|","|switch|p1a: Tentacruel|Tentacruel, M|3/341","|move|p2a: Rotom-Wash|Pain Split|p1a: Tentacruel","|-sethp|p1a: Tentacruel|102/341|p2a: Rotom-Wash|102/303|[from] move: Pain Split","|","|turn|11","|","|move|p1a: Tentacruel|Scald|p2a: Rotom-Wash","|-resisted|p2a: Rotom-Wash","|-damage|p2a: Rotom-Wash|68/303","|move|p2a: Rotom-Wash|Volt Switch|p1a: Tentacruel","|-supereffective|p1a: Tentacruel","|-damage|p1a: Tentacruel|0 fnt","|faint|p1a: Tentacruel","|","|switch|p2a: Manectric|Manectric, F|281/281","|","|","|switch|p1a: Drapion|Drapion, F|281/281","|turn|12","|","|detailschange|p2a: Manectric|Manectric-Mega, F","|-mega|p2a: Manectric|Manectric|Manectite","|-ability|p2a: Manectric|Intimidate","|-unboost|p1a: Drapion|atk|1","|move|p1a: Drapion|Earthquake|p2a: Manectric","|-supereffective|p2a: Manectric","|-damage|p2a: Manectric|107/281","|move|p2a: Manectric|Volt Switch|p1a: Drapion","|-damage|p1a: Drapion|113/281","|","|switch|p2a: Rotom-Wash|Rotom-Wash|68/303","|","|turn|13","|","|switch|p1a: Nidoqueen|Nidoqueen, F|209/353","|move|p2a: Rotom-Wash|Pain Split|p1a: Nidoqueen","|-sethp|p1a: Nidoqueen|138/353|p2a: Rotom-Wash|138/303|[from] move: Pain Split","|","|turn|14","|","|move|p1a: Nidoqueen|Stealth Rock|p2a: Rotom-Wash","|-sidestart|p2: Void KGBeast|move: Stealth Rock","|move|p2a: Rotom-Wash|Hydro Pump|p1a: Nidoqueen","|-supereffective|p1a: Nidoqueen","|-damage|p1a: Nidoqueen|0 fnt","|faint|p1a: Nidoqueen","|","|","|switch|p1a: Beedrill|Beedrill-Mega, M|271/271","|turn|15","|","|move|p1a: Beedrill|Poison Jab|p2a: Rotom-Wash","|-damage|p2a: Rotom-Wash|0 fnt","|faint|p2a: Rotom-Wash","|","|","|switch|p2a: Electivire|Electivire, F|291/291","|-damage|p2a: Electivire|255/291|[from] Stealth Rock","|turn|16","|","|switch|p2a: Zapdos|Zapdos|383/383","|-damage|p2a: Zapdos|288/383|[from] Stealth Rock","|-ability|p2a: Zapdos|Pressure","|move|p1a: Beedrill|Protect|p1a: Beedrill","|-fail|p1a: Beedrill","|","|-heal|p2a: Zapdos|311/383|[from] item: Leftovers","|turn|17","|","|move|p1a: Beedrill|Knock Off|p2a: Zapdos","|-damage|p2a: Zapdos|172/383","|-enditem|p2a: Zapdos|Leftovers|[from] move: Knock Off|[of] p1a: Beedrill","|move|p2a: Zapdos|Defog|p1a: Beedrill","|-unboost|p1a: Beedrill|evasion|1","|-sideend|p2: Void KGBeast|Stealth Rock|[from] move: Defog|[of] p2a: Zapdos","|","|turn|18","|","|move|p1a: Beedrill|Poison Jab|p2a: Zapdos","|-damage|p2a: Zapdos|0 fnt","|faint|p2a: Zapdos","|","|","|switch|p2a: Electivire|Electivire, F|255/291","|turn|19","|","|switch|p1a: Weezing|Weezing, F|333/333","|move|p2a: Electivire|Rock Slide|p1a: Weezing","|-damage|p1a: Weezing|278/333","|","|-heal|p1a: Weezing|298/333|[from] item: Black Sludge","|turn|20","|","|switch|p2a: Luxray|Luxray, M|363/363","|move|p1a: Weezing|Sludge Wave|p2a: Luxray","|-damage|p2a: Luxray|246/363","|","|-heal|p1a: Weezing|318/333|[from] item: Black Sludge","|turn|21","|","|move|p2a: Luxray|Wild Charge|p1a: Weezing","|-damage|p1a: Weezing|164/333","|-damage|p2a: Luxray|207/363|[from] recoil|[of] p1a: Weezing","|move|p1a: Weezing|Sludge Wave|p2a: Luxray","|-damage|p2a: Luxray|92/363","|","|-heal|p1a: Weezing|184/333|[from] item: Black Sludge","|turn|22","|","|move|p2a: Luxray|Wild Charge|p1a: Weezing","|-damage|p1a: Weezing|30/333","|-damage|p2a: Luxray|53/363|[from] recoil|[of] p1a: Weezing","|move|p1a: Weezing|Sludge Wave|p2a: Luxray","|-damage|p2a: Luxray|0 fnt","|faint|p2a: Luxray","|","|-heal|p1a: Weezing|50/333|[from] item: Black Sludge","|","|switch|p2a: Thundurus|Thundurus, M|270/299","|turn|23","|","|switch|p1a: Crobat|Crobat, F|351/351","|move|p2a: Thundurus|Thunderbolt|p1a: Crobat","|-supereffective|p1a: Crobat","|-damage|p1a: Crobat|0 fnt","|-damage|p2a: Thundurus|241/299|[from] item: Life Orb","|faint|p1a: Crobat","|","|","|switch|p1a: Drapion|Drapion, F|113/281","|turn|24","|","|switch|p2a: Manectric|Manectric-Mega, F|107/281","|-ability|p2a: Manectric|Intimidate","|-unboost|p1a: Drapion|atk|1","|move|p1a: Drapion|Knock Off|p2a: Manectric","|-damage|p2a: Manectric|32/281","|","|turn|25","|","|move|p1a: Drapion|Knock Off|p2a: Manectric","|-damage|p2a: Manectric|0 fnt","|faint|p2a: Manectric","|","|","|switch|p2a: Electivire|Electivire, F|255/291","|turn|26","|","|move|p2a: Electivire|Wild Charge|p1a: Drapion","|-damage|p1a: Drapion|0 fnt","|-damage|p2a: Electivire|227/291|[from] recoil|[of] p1a: Drapion","|faint|p1a: Drapion","|","|","|switch|p1a: Beedrill|Beedrill-Mega, M|271/271","|turn|27","|","|switch|p2a: Thundurus|Thundurus, M|241/299","|move|p1a: Beedrill|Knock Off|p2a: Thundurus","|-damage|p2a: Thundurus|66/299","|-enditem|p2a: Thundurus|Life Orb|[from] move: Knock Off|[of] p1a: Beedrill","|","|turn|28","|","|move|p1a: Beedrill|Protect|p1a: Beedrill","|-singleturn|p1a: Beedrill|Protect","|move|p2a: Thundurus|Thunder Wave|p1a: Beedrill","|-activate|p1a: Beedrill|Protect","|","|turn|29","|","|move|p2a: Thundurus|Thunder Wave|p1a: Beedrill","|-status|p1a: Beedrill|par","|move|p1a: Beedrill|Poison Jab|p2a: Thundurus","|-damage|p2a: Thundurus|0 fnt","|faint|p2a: Thundurus","|","|","|switch|p2a: Electivire|Electivire, F|227/291","|turn|30","|","|move|p2a: Electivire|Rock Slide|p1a: Beedrill","|-supereffective|p1a: Beedrill","|-damage|p1a: Beedrill|0 fnt","|faint|p1a: Beedrill","|","|","|switch|p1a: Weezing|Weezing, F|50/333","|turn|31","|","|move|p2a: Electivire|Rock Slide|p1a: Weezing","|-damage|p1a: Weezing|0 fnt","|faint|p1a: Weezing","|","|win|Void KGBeast"],"p1rating":{"entryid":"127788","serverid":"eos","formatid":"monotype","userid":"alliancemxy","username":"Alliance - Mxy","w":"36","l":16,"t":"0","gxe":66.1,"r":"1634.547004251","rd":"51.038176239993","sigma":"0","rptime":"1441184400","rpr":1626.6511392354,"rprd":50.512673958551,"rpsigma":"0","acre":1280.8824691637,"lacre":1280.8824691637,"oldacre":"1313.0314058994"},"p2rating":{"entryid":"129714","serverid":"eos","formatid":"monotype","userid":"voidkgbeast","username":"Void KGBeast","w":37,"l":"23","t":"0","gxe":62.1,"r":"1603.5724558178","rd":"48.614248282947","sigma":"0","rptime":"1441184400","rpr":1593.4667106655,"rprd":47.38640372918,"rpsigma":"0","acre":1116.0052384563,"lacre":1116.0052384563,"oldacre":"1068.1361510582"},"endType":"normal"}