{"seed":[19159,4894,42300,17680],"turns":35,"p1":"Sjado","p2":"Carnie KeySein","p1team":[{"name":"Krookodile","species":"Krookodile","item":"leftovers","ability":"Intimidate","moves":["stealthrock","knockoff","earthquake","stoneedge"],"nature":"Jolly","evs":{"hp":0,"atk":252,"def":0,"spa":0,"spd":0,"spe":252},"ivs":{"hp":31,"atk":31,"def":31,"spa":31,"spd":31,"spe":31}},{"name":"Sableye","species":"Sableye","item":"leftovers","ability":"Prankster","moves":["taunt","willowisp","foulplay","recover"],"nature":"Impish","evs":{"hp":252,"atk":0,"def":4,"spa":0,"spd":252,"spe":0},"ivs":{"hp":31,"atk":31,"def":31,"spa":31,"spd":31,"spe":31}},{"name":"Mandibuzz","species":"Mandibuzz","item":"rockyhelmet","ability":"Overcoat","moves":["defog","bravebird","roost","toxic"],"nature":"Impish","evs":{"hp":0,"atk":4,"def":252,"spa":0,"spd":252,"spe":0},"ivs":{"hp":31,"atk":31,"def":31,"spa":31,"spd":31,"spe":31}},{"name":"Tyranitar","species":"Tyranitar","item":"tyranitarite","ability":"Sand Stream","moves":["dragondance","crunch","rockslide","earthquake"],"nature":"Adamant","evs":{"hp":0,"atk":252,"def":0,"spa":0,"spd":4,"spe":252},"ivs":{"hp":31,"atk":31,"def":31,"spa":31,"spd":31,"spe":31}},{"name":"Bisharp","species":"Bisharp","item":"focussash","ability":"Defiant","moves":["swordsdance","suckerpunch","ironhead","lowkick"],"nature":"Jolly","evs":{"hp":0,"atk":252,"def":4,"spa":0,"spd":0,"spe":252},"ivs":{"hp":31,"atk":31,"def":31,"spa":31,"spd":31,"spe":31}},{"name":"Hydreigon","species":"Hydreigon","item":"choicescarf","ability":"Levitate","moves":["dracometeor","fireblast","earthpower","uturn"],"nature":"Timid","evs":{"hp":0,"atk":0,"def":0,"spa":252,"spd":4,"spe":252},"ivs":{"hp":31,"atk":31,"def":31,"spa":31,"spd":31,"spe":31}}],"p2team":[{"name":"Hawlucha","species":"Hawlucha","item":"sitrusberry","ability":"Unburden","moves":["substitute","swordsdance","highjumpkick","acrobatics"],"nature":"Jolly","evs":{"hp":12,"atk":252,"def":0,"spa":0,"spd":0,"spe":244},"ivs":{"hp":31,"atk":31,"def":31,"spa":31,"spd":31,"spe":31}},{"name":"Gliscor","species":"Gliscor","item":"toxicorb","ability":"Poison Heal","moves":["substitute","protect","earthquake","toxic"],"nature":"Jolly","evs":{"hp":252,"atk":0,"def":4,"spa":0,"spd":0,"spe":252},"ivs":{"hp":31,"atk":31,"def":31,"spa":31,"spd":31,"spe":31}},{"name":"Gyarados","species":"Gyarados","item":"gyaradosite","ability":"Intimidate","moves":["dragondance","waterfall","crunch","taunt"],"nature":"Jolly","evs":{"hp":4,"atk":252,"def":0,"spa":0,"spd":0,"spe":252},"ivs":{"hp":31,"atk":30,"def":31,"spa":30,"spd":31,"spe":30}},{"name":"Landorus","species":"Landorus","item":"lifeorb","ability":"Sheer Force","moves":["earthpower","sludgewave","psychic","hiddenpowerice"],"nature":"","evs":{"hp":0,"atk":252,"def":0,"spa":0,"spd":0,"spe":0},"ivs":{"hp":31,"atk":30,"def":30,"spa":31,"spd":31,"spe":31}},{"name":"Togekiss","species":"Togekiss","item":"lumberry","ability":"Serene Grace","moves":["thunderwave","airslash","roost","zenheadbutt"],"nature":"Calm","evs":{"hp":252,"atk":0,"def":0,"spa":0,"spd":160,"spe":96},"ivs":{"hp":31,"atk":31,"def":31,"spa":31,"spd":31,"spe":31}},{"name":"Salamence","species":"Salamence","item":"choicescarf","ability":"Moxie","moves":["outrage","earthquake","crunch","brickbreak"],"nature":"Jolly","evs":{"hp":0,"atk":252,"def":0,"spa":0,"spd":4,"spe":252},"ivs":{"hp":31,"atk":31,"def":31,"spa":31,"spd":31,"spe":31}}],"log":["|player|p1|Sjado|168","|player|p2|Carnie KeySein|164","|gametype|singles","|gen|6","|tier|Monotype","|rated","|rule|Baton Pass Clause: Limit one Baton Passer, can't pass Spe and other stats simultaneously","|rule|Swagger Clause: Swagger is banned","|rule|Same Type Clause: Pokémon in a team must share a type","|clearpoke","|poke|p1|Krookodile, F","|poke|p1|Sableye, F","|poke|p1|Mandibuzz, F","|poke|p1|Tyranitar, M","|poke|p1|Bisharp, M","|poke|p1|Hydreigon, M","|poke|p2|Hawlucha, M","|poke|p2|Gliscor, F","|poke|p2|Gyarados, F","|poke|p2|Landorus, M","|poke|p2|Togekiss, F","|poke|p2|Salamence, M","|rule|Sleep Clause Mod: Limit one foe put to sleep","|rule|Species Clause: Limit one of each Pokémon","|rule|OHKO Clause: OHKO moves are banned","|rule|Moody Clause: Moody is banned","|rule|Evasion Moves Clause: Evasion moves are banned","|rule|Endless Battle Clause: Forcing endless battles is banned","|rule|HP Percentage Mod: HP is shown in percentages","|teampreview","|","|start","|switch|p1a: Krookodile|Krookodile, F|331/331","|switch|p2a: Gyarados|Gyarados, F|332/332","|-ability|p1a: Krookodile|Intimidate","|-unboost|p2a: Gyarados|atk|1","|-ability|p2a: Gyarados|Intimidate","|-unboost|p1a: Krookodile|atk|1","|turn|1","|","|detailschange|p2a: Gyarados|Gyarados-Mega, F","|-mega|p2a: Gyarados|Gyarados|Gyaradosite","|-ability|p2a: Gyarados|Mold Breaker","|move|p1a: Krookodile|Stealth Rock|p2a: Gyarados","|-sidestart|p2: Carnie KeySein|move: Stealth Rock","|move|p2a: Gyarados|Dragon Dance|p2a: Gyarados","|-boost|p2a: Gyarados|atk|1","|-boost|p2a: Gyarados|spe|1","|","|turn|2","|","|switch|p1a: Mandibuzz|Mandibuzz, F|361/361","|move|p2a: Gyarados|Dragon Dance|p2a: Gyarados","|-boost|p2a: Gyarados|atk|1","|-boost|p2a: Gyarados|spe|1","|","|turn|3","|","|move|p2a: Gyarados|Waterfall|p1a: Mandibuzz","|-damage|p1a: Mandibuzz|184/361","|-damage|p2a: Gyarados|277/332|[from] item: Rocky Helmet|[of] p1a: Mandibuzz","|move|p1a: Mandibuzz|Toxic|p2a: Gyarados","|-status|p2a: Gyarados|tox","|","|-damage|p2a: Gyarados|257/332 tox|[from] psn","|turn|4","|","|move|p2a: Gyarados|Crunch|p1a: Mandibuzz","|-resisted|p1a: Mandibuzz","|-damage|p1a: Mandibuzz|94/361","|-damage|p2a: Gyarados|202/332 tox|[from] item: Rocky Helmet|[of] p1a: Mandibuzz","|move|p1a: Mandibuzz|Roost|p1a: Mandibuzz","|-heal|p1a: Mandibuzz|275/361","|","|-damage|p2a: Gyarados|162/332 tox|[from] psn","|turn|5","|","|move|p2a: Gyarados|Dragon Dance|p2a: Gyarados","|-boost|p2a: Gyarados|atk|1","|-boost|p2a: Gyarados|spe|1","|move|p1a: Mandibuzz|Roost|p1a: Mandibuzz","|-heal|p1a: Mandibuzz|361/361","|","|-damage|p2a: Gyarados|102/332 tox|[from] psn","|turn|6","|","|move|p2a: Gyarados|Waterfall|p1a: Mandibuzz","|-damage|p1a: Mandibuzz|154/361","|-damage|p2a: Gyarados|47/332 tox|[from] item: Rocky Helmet|[of] p1a: Mandibuzz","|move|p1a: Mandibuzz|Roost|p1a: Mandibuzz","|-heal|p1a: Mandibuzz|335/361","|","|-damage|p2a: Gyarados|0 fnt|[from] psn","|faint|p2a: Gyarados","|","|switch|p2a: Togekiss|Togekiss, F|374/374","|-damage|p2a: Togekiss|281/374|[from] Stealth Rock","|turn|7","|","|move|p2a: Togekiss|Thunder Wave|p1a: Mandibuzz","|-status|p1a: Mandibuzz|par","|move|p1a: Mandibuzz|Toxic|p2a: Togekiss|[miss]","|-miss|p1a: Mandibuzz|p2a: Togekiss","|","|turn|8","|","|move|p2a: Togekiss|Air Slash|p1a: Mandibuzz","|-damage|p1a: Mandibuzz|245/361 par","|move|p1a: Mandibuzz|Toxic|p2a: Togekiss","|-status|p2a: Togekiss|tox","|-enditem|p2a: Togekiss|Lum Berry|[eat]","|-curestatus|p2a: Togekiss|tox","|","|turn|9","|","|move|p2a: Togekiss|Air Slash|p1a: Mandibuzz","|-damage|p1a: Mandibuzz|157/361 par","|cant|p1a: Mandibuzz|par","|","|turn|10","|","|switch|p1a: Krookodile|Krookodile, F|331/331","|-ability|p1a: Krookodile|Intimidate","|-unboost|p2a: Togekiss|atk|1","|move|p2a: Togekiss|Air Slash|p1a: Krookodile","|-damage|p1a: Krookodile|187/331","|","|-heal|p1a: Krookodile|207/331|[from] item: Leftovers","|turn|11","|","|move|p1a: Krookodile|Stone Edge|p2a: Togekiss","|-supereffective|p2a: Togekiss","|-damage|p2a: Togekiss|31/374","|move|p2a: Togekiss|Air Slash|p1a: Krookodile","|-damage|p1a: Krookodile|68/331","|","|-heal|p1a: Krookodile|88/331|[from] item: Leftovers","|turn|12","|","|switch|p2a: Hawlucha|Hawlucha, M|300/300","|-damage|p2a: Hawlucha|263/300|[from] Stealth Rock","|move|p1a: Krookodile|Knock Off|p2a: Hawlucha","|-resisted|p2a: Hawlucha","|-damage|p2a: Hawlucha|164/300","|-enditem|p2a: Hawlucha|Sitrus Berry|[from] move: Knock Off|[of] p1a: Krookodile","|","|-heal|p1a: Krookodile|108/331|[from] item: Leftovers","|turn|13","|","|switch|p1a: Mandibuzz|Mandibuzz, F|157/361 par","|move|p2a: Hawlucha|High Jump Kick|p1a: Mandibuzz","|-crit|p1a: Mandibuzz","|-damage|p1a: Mandibuzz|0 fnt","|-damage|p2a: Hawlucha|114/300|[from] item: Rocky Helmet|[of] p1a: Mandibuzz","|faint|p1a: Mandibuzz","|","|","|switch|p1a: Krookodile|Krookodile, F|108/331","|-ability|p1a: Krookodile|Intimidate","|-unboost|p2a: Hawlucha|atk|1","|turn|14","|","|switch|p1a: Sableye|Sableye, F|304/304","|move|p2a: Hawlucha|High Jump Kick|p1a: Sableye","|-immune|p1a: Sableye|[msg]","|-damage|p2a: Hawlucha|0 fnt|[from] highjumpkick","|faint|p2a: Hawlucha","|","|","|switch|p2a: Salamence|Salamence, M|331/331","|-damage|p2a: Salamence|249/331|[from] Stealth Rock","|turn|15","|","|move|p1a: Sableye|Will-O-Wisp|p2a: Salamence","|-status|p2a: Salamence|brn","|move|p2a: Salamence|Outrage|p1a: Sableye","|-damage|p1a: Sableye|169/304","|","|-heal|p1a: Sableye|188/304|[from] item: Leftovers","|-damage|p2a: Salamence|208/331 brn|[from] brn","|turn|16","|","|move|p1a: Sableye|Recover|p1a: Sableye","|-heal|p1a: Sableye|304/304","|move|p2a: Salamence|Outrage|p1a: Sableye|[from]lockedmove","|-damage|p1a: Sableye|188/304","|-start|p2a: Salamence|confusion|[fatigue]","|","|-heal|p1a: Sableye|207/304|[from] item: Leftovers","|-damage|p2a: Salamence|167/331 brn|[from] brn","|turn|17","|","|-activate|p2a: Salamence|confusion","|move|p2a: Salamence|Outrage|p1a: Sableye","|-damage|p1a: Sableye|88/304","|move|p1a: Sableye|Foul Play|p2a: Salamence","|-damage|p2a: Salamence|0 fnt","|faint|p2a: Salamence","|","|-heal|p1a: Sableye|107/304|[from] item: Leftovers","|","|switch|p2a: Togekiss|Togekiss, F|31/374","|-damage|p2a: Togekiss|0 fnt|[from] Stealth Rock","|faint|p2a: Togekiss","|","|switch|p2a: Landorus|Landorus, M|319/319","|-damage|p2a: Landorus|280/319|[from] Stealth Rock","|turn|18","|","|switch|p1a: Hydreigon|Hydreigon, M|325/325","|move|p2a: Landorus|Sludge Wave|p1a: Hydreigon","|-damage|p1a: Hydreigon|172/325","|","|turn|19","|","|move|p1a: Hydreigon|Draco Meteor|p2a: Landorus|[miss]","|-miss|p1a: Hydreigon|p2a: Landorus","|move|p2a: Landorus|Hidden Power|p1a: Hydreigon","|-supereffective|p1a: Hydreigon","|-damage|p1a: Hydreigon|26/325","|-damage|p2a: Landorus|249/319|[from] item: Life Orb","|","|turn|20","|","|switch|p1a: Krookodile|Krookodile, F|108/331","|-ability|p1a: Krookodile|Intimidate","|-unboost|p2a: Landorus|atk|1","|move|p2a: Landorus|Earth Power|p1a: Krookodile","|-damage|p1a: Krookodile|0 fnt","|faint|p1a: Krookodile","|","|","|switch|p1a: Bisharp|Bisharp, M|271/271","|turn|21","|","|move|p1a: Bisharp|Iron Head|p2a: Landorus","|-damage|p2a: Landorus|101/319","|move|p2a: Landorus|Psychic|p1a: Bisharp","|-immune|p1a: Bisharp|[msg]","|","|turn|22","|","|move|p1a: Bisharp|Iron Head|p2a: Landorus","|-damage|p2a: Landorus|0 fnt","|faint|p2a: Landorus","|","|","|switch|p2a: Gliscor|Gliscor, F|354/354","|-damage|p2a: Gliscor|310/354|[from] Stealth Rock","|turn|23","|","|move|p2a: Gliscor|Earthquake|p1a: Bisharp","|-supereffective|p1a: Bisharp","|-damage|p1a: Bisharp|41/271","|move|p1a: Bisharp|Iron Head|p2a: Gliscor","|-damage|p2a: Gliscor|193/354","|","|-status|p2a: Gliscor|tox|[from] item: Toxic Orb","|turn|24","|","|move|p2a: Gliscor|Earthquake|p1a: Bisharp","|-supereffective|p1a: Bisharp","|-damage|p1a: Bisharp|0 fnt","|faint|p1a: Bisharp","|","|-heal|p2a: Gliscor|237/354 tox|[from] ability: Poison Heal","|","|switch|p1a: Tyranitar|Tyranitar, M|341/341","|-weather|Sandstorm","|turn|25","|","|detailschange|p1a: Tyranitar|Tyranitar-Mega, M","|-mega|p1a: Tyranitar|Tyranitar|Tyranitarite","|move|p2a: Gliscor|Toxic|p1a: Tyranitar","|-status|p1a: Tyranitar|tox","|move|p1a: Tyranitar|Crunch|p2a: Gliscor","|-damage|p2a: Gliscor|89/354 tox","|","|-weather|Sandstorm|[upkeep]","|-heal|p2a: Gliscor|133/354 tox|[from] ability: Poison Heal","|-damage|p1a: Tyranitar|320/341 tox|[from] psn","|turn|26","|","|move|p2a: Gliscor|Substitute|p2a: Gliscor","|-start|p2a: Gliscor|Substitute","|-damage|p2a: Gliscor|45/354 tox","|move|p1a: Tyranitar|Dragon Dance|p1a: Tyranitar","|-boost|p1a: Tyranitar|atk|1","|-boost|p1a: Tyranitar|spe|1","|","|-weather|Sandstorm|[upkeep]","|-damage|p1a: Tyranitar|278/341 tox|[from] psn","|-heal|p2a: Gliscor|89/354 tox|[from] ability: Poison Heal","|turn|27","|","|move|p2a: Gliscor|Protect|p2a: Gliscor","|-singleturn|p2a: Gliscor|Protect","|move|p1a: Tyranitar|Crunch|p2a: Gliscor","|-activate|p2a: Gliscor|Protect","|","|-weather|Sandstorm|[upkeep]","|-damage|p1a: Tyranitar|215/341 tox|[from] psn","|-heal|p2a: Gliscor|133/354 tox|[from] ability: Poison Heal","|turn|28","|","|switch|p1a: Hydreigon|Hydreigon, M|26/325","|move|p2a: Gliscor|Earthquake|p1a: Hydreigon","|-immune|p1a: Hydreigon|[msg]","|","|-weather|Sandstorm|[upkeep]","|-damage|p1a: Hydreigon|6/325|[from] sandstorm","|-heal|p2a: Gliscor|177/354 tox|[from] ability: Poison Heal","|turn|29","|","|move|p2a: Gliscor|Protect|p2a: Gliscor","|-singleturn|p2a: Gliscor|Protect","|move|p1a: Hydreigon|Draco Meteor|p2a: Gliscor","|-activate|p2a: Gliscor|Protect","|","|-weather|none","|-heal|p2a: Gliscor|221/354 tox|[from] ability: Poison Heal","|turn|30","|","|switch|p1a: Sableye|Sableye, F|107/304","|move|p2a: Gliscor|Toxic|p1a: Sableye","|-status|p1a: Sableye|tox","|","|-heal|p1a: Sableye|126/304 tox|[from] item: Leftovers","|-heal|p2a: Gliscor|265/354 tox|[from] ability: Poison Heal","|-damage|p1a: Sableye|107/304 tox|[from] psn","|turn|31","|","|move|p1a: Sableye|Recover|p1a: Sableye","|-heal|p1a: Sableye|259/304 tox","|move|p2a: Gliscor|Earthquake|p1a: Sableye","|-damage|p1a: Sableye|121/304 tox","|","|-heal|p1a: Sableye|140/304 tox|[from] item: Leftovers","|-heal|p2a: Gliscor|309/354 tox|[from] ability: Poison Heal","|-damage|p1a: Sableye|102/304 tox|[from] psn","|turn|32","|","|move|p1a: Sableye|Taunt|p2a: Gliscor","|-start|p2a: Gliscor|move: Taunt","|move|p2a: Gliscor|Earthquake|p1a: Sableye","|-damage|p1a: Sableye|0 fnt","|faint|p1a: Sableye","|","|-heal|p2a: Gliscor|353/354 tox|[from] ability: Poison Heal","|","|switch|p1a: Tyranitar|Tyranitar-Mega, M|215/341 tox","|-weather|Sandstorm","|turn|33","|","|move|p2a: Gliscor|Earthquake|p1a: Tyranitar","|-supereffective|p1a: Tyranitar","|-damage|p1a: Tyranitar|41/341 tox","|move|p1a: Tyranitar|Crunch|p2a: Gliscor","|-crit|p2a: Gliscor","|-end|p2a: Gliscor|Substitute","|","|-weather|Sandstorm|[upkeep]","|-heal|p2a: Gliscor|354/354 tox|[from] ability: Poison Heal","|-damage|p1a: Tyranitar|20/341 tox|[from] psn","|turn|34","|","|move|p2a: Gliscor|Earthquake|p1a: Tyranitar","|-supereffective|p1a: Tyranitar","|-damage|p1a: Tyranitar|0 fnt","|faint|p1a: Tyranitar","|","|-weather|Sandstorm|[upkeep]","|-end|p2a: Gliscor|move: Taunt","|","|switch|p1a: Hydreigon|Hydreigon, M|6/325","|turn|35","|","|win|Carnie KeySein"],"p1rating":{"entryid":"97728","serverid":"eos","formatid":"monotype","userid":"sjado","username":"Sjado","w":"5","l":5,"t":"0","gxe":49.7,"r":"1520.6196081457","rd":"92.949358767737","sigma":"0","rptime":"1441184400","rpr":1497.7662003909,"rprd":90.238804380327,"rpsigma":"0","acre":1062.111939351,"lacre":1062.111939351,"oldacre":"1092.0947950594"},"p2rating":{"entryid":"787247","serverid":"eos","formatid":"monotype","userid":"carniekeysein","username":"Carnie KeySein","w":1,"l":"1","t":"0","gxe":51.2,"r":"1500","rd":"130","sigma":"0","rptime":"1441184400","rpr":1509.6850759239,"rprd":116.30726975817,"rpsigma":"0","acre":1050.3612659015,"lacre":1050.3612659015,"oldacre":"1000"},"endType":"forfeit"}