{"seed":[33377,20520,39810,4251],"turns":24,"p1":"SWL Nocturne","p2":"Primal Vergi1","p1team":[{"name":"Celebi","species":"Celebi","item":"leftovers","ability":"Natural Cure","moves":["trickroom","healbell","gigadrain","healingwish"],"nature":"Sassy","evs":{"hp":220,"atk":0,"def":128,"spa":0,"spd":160,"spe":0},"ivs":{"hp":31,"atk":31,"def":31,"spa":31,"spd":31,"spe":0}},{"name":"Trevenant","species":"Trevenant","item":"choiceband","ability":"Natural Cure","moves":["hornleech","poisonjab","earthquake","rockslide"],"nature":"Adamant","evs":{"hp":248,"atk":252,"def":0,"spa":0,"spd":8,"spe":0},"ivs":{"hp":31,"atk":31,"def":31,"spa":31,"spd":31,"spe":31}},{"name":"Whimsicott","species":"Whimsicott","item":"focussash","ability":"Prankster","moves":["trickroom","encore","substitute","moonblast"],"nature":"Relaxed","evs":{"hp":248,"atk":0,"def":252,"spa":8,"spd":0,"spe":0},"ivs":{"hp":31,"atk":31,"def":31,"spa":31,"spd":31,"spe":0}},{"name":"Obama tricked u","species":"abomasnow","item":"abomasite","ability":"Snow Warning","moves":["blizzard","gigadrain","iceshard","hiddenpowerfire"],"nature":"Quiet","evs":{"hp":248,"atk":8,"def":0,"spa":252,"spd":0,"spe":0},"ivs":{"hp":31,"atk":30,"def":31,"spa":30,"spd":31,"spe":30}},{"name":"Breloom","species":"Breloom","item":"focussash","ability":"Technician","moves":["spore","bulletseed","machpunch","swordsdance"],"nature":"Adamant","evs":{"hp":252,"atk":252,"def":0,"spa":0,"spd":0,"spe":0},"ivs":{"hp":31,"atk":31,"def":31,"spa":31,"spd":31,"spe":31}},{"name":"Cradily","species":"Cradily","item":"leftovers","ability":"Suction Cups","moves":["toxic","recover","stockpile","rockslide"],"nature":"Relaxed","evs":{"hp":252,"atk":0,"def":196,"spa":0,"spd":60,"spe":0},"ivs":{"hp":31,"atk":31,"def":31,"spa":31,"spd":31,"spe":31}}],"p2team":[{"name":"Asuna","species":"malamar","item":"leftovers","ability":"Contrary","moves":["superpower","psychocut","knockoff","trickroom"],"nature":"Brave","evs":{"hp":252,"atk":252,"def":0,"spa":0,"spd":4,"spe":0},"ivs":{"hp":31,"atk":31,"def":31,"spa":31,"spd":31,"spe":0},"happiness":0},{"name":"Silica","species":"liepard","item":"leftovers","ability":"Prankster","moves":["uturn","copycat","protect","encore"],"nature":"Careful","evs":{"hp":252,"atk":4,"def":0,"spa":0,"spd":252,"spe":0},"ivs":{"hp":31,"atk":31,"def":31,"spa":31,"spd":31,"spe":31}},{"name":"Scrafty","species":"Scrafty","item":"leftovers","ability":"Shed Skin","moves":["drainpunch","bulkup","knockoff","poisonjab"],"nature":"Adamant","evs":{"hp":252,"atk":252,"def":0,"spa":0,"spd":4,"spe":0},"ivs":{"hp":31,"atk":31,"def":31,"spa":31,"spd":31,"spe":31}},{"name":"Murkrow","species":"Murkrow","item":"eviolite","ability":"Prankster","moves":["featherdance","roost","thunderwave","taunt"],"nature":"","evs":{"hp":0,"atk":0,"def":0,"spa":0,"spd":0,"spe":0},"ivs":{"hp":31,"atk":31,"def":31,"spa":31,"spd":31,"spe":31}},{"name":"Kirito","species":"sableye","item":"choiceband","ability":"Prankster","moves":["willowisp","trick","knockoff","recover"],"nature":"Calm","evs":{"hp":252,"atk":0,"def":4,"spa":0,"spd":252,"spe":0},"ivs":{"hp":31,"atk":31,"def":31,"spa":31,"spd":31,"spe":31}},{"name":"Sinon","species":"sharpedo","item":"sharpedonite","ability":"Speed Boost","moves":["waterfall","destinybond","crunch","protect"],"nature":"Adamant","evs":{"hp":0,"atk":252,"def":0,"spa":0,"spd":4,"spe":252},"ivs":{"hp":31,"atk":31,"def":31,"spa":31,"spd":31,"spe":31}}],"log":["|player|p1|SWL Nocturne|29","|player|p2|Primal Vergi1|vergi1.png","|gametype|singles","|gen|6","|tier|Monotype","|rated","|rule|Baton Pass Clause: Limit one Baton Passer, can't pass Spe and other stats simultaneously","|rule|Swagger Clause: Swagger is banned","|rule|Same Type Clause: Pokémon in a team must share a type","|clearpoke","|poke|p1|Celebi","|poke|p1|Trevenant, M","|poke|p1|Whimsicott, M","|poke|p1|Abomasnow, M","|poke|p1|Breloom, F","|poke|p1|Cradily, F","|poke|p2|Malamar, M","|poke|p2|Liepard, M","|poke|p2|Scrafty, F","|poke|p2|Murkrow, M","|poke|p2|Sableye, M","|poke|p2|Sharpedo, F","|rule|Sleep Clause Mod: Limit one foe put to sleep","|rule|Species Clause: Limit one of each Pokémon","|rule|OHKO Clause: OHKO moves are banned","|rule|Moody Clause: Moody is banned","|rule|Evasion Moves Clause: Evasion moves are banned","|rule|Endless Battle Clause: Forcing endless battles is banned","|rule|HP Percentage Mod: HP is shown in percentages","|teampreview","|","|start","|switch|p1a: Whimsicott|Whimsicott, M|323/323","|switch|p2a: Kirito|Sableye, M|304/304","|turn|1","|","|move|p2a: Kirito|Trick|p1a: Whimsicott","|-activate|p2a: Kirito|move: Trick|[of] p1a: Whimsicott","|-item|p1a: Whimsicott|Choice Band|[from] move: Trick","|-item|p2a: Kirito|Focus Sash|[from] move: Trick","|move|p1a: Whimsicott|Trick Room|p1a: Whimsicott","|-fieldstart|move: Trick Room|[of] p1a: Whimsicott","|","|turn|2","|","|switch|p1a: Trevenant|Trevenant, M|373/373","|move|p2a: Kirito|Will-O-Wisp|p1a: Trevenant|[miss]","|-miss|p2a: Kirito|p1a: Trevenant","|","|turn|3","|","|switch|p1a: Obama tricked u|Abomasnow, M|383/383","|-weather|Hail","|move|p2a: Kirito|Will-O-Wisp|p1a: Obama tricked u","|-status|p1a: Obama tricked u|brn","|","|-weather|Hail|[upkeep]","|-damage|p2a: Kirito|285/304|[from] hail","|-damage|p1a: Obama tricked u|336/383 brn|[from] brn","|turn|4","|","|switch|p2a: Scrafty|Scrafty, F|334/334","|detailschange|p1a: Obama tricked u|Abomasnow-Mega, M","|-mega|p1a: Obama tricked u|Abomasnow|Abomasite","|move|p1a: Obama tricked u|Blizzard|p2a: Scrafty","|-damage|p2a: Scrafty|130/334","|-status|p2a: Scrafty|frz","|","|-weather|Hail|[upkeep]","|-damage|p2a: Scrafty|110/334 frz|[from] hail","|-heal|p2a: Scrafty|130/334 frz|[from] item: Leftovers","|-damage|p1a: Obama tricked u|289/383 brn|[from] brn","|turn|5","|","|move|p1a: Obama tricked u|Blizzard|p2a: Scrafty","|-damage|p2a: Scrafty|0 fnt","|faint|p2a: Scrafty","|","|-weather|Hail|[upkeep]","|-damage|p1a: Obama tricked u|242/383 brn|[from] brn","|-fieldend|move: Trick Room","|","|switch|p2a: Asuna|Malamar, M|376/376","|turn|6","|","|switch|p1a: Trevenant|Trevenant, M|373/373","|move|p2a: Asuna|Knock Off|p1a: Trevenant","|-supereffective|p1a: Trevenant","|-damage|p1a: Trevenant|0 fnt","|-enditem|p1a: Trevenant|Choice Band|[from] move: Knock Off|[of] p2a: Asuna","|faint|p1a: Trevenant","|","|-weather|Hail|[upkeep]","|-damage|p2a: Asuna|353/376|[from] hail","|-heal|p2a: Asuna|376/376|[from] item: Leftovers","|","|switch|p1a: Cradily|Cradily, F|376/376","|turn|7","|","|move|p2a: Asuna|Superpower|p1a: Cradily","|-supereffective|p1a: Cradily","|-damage|p1a: Cradily|188/376","|-boost|p2a: Asuna|atk|1","|-boost|p2a: Asuna|def|1","|move|p1a: Cradily|Toxic|p2a: Asuna","|-status|p2a: Asuna|tox","|","|-weather|none","|-heal|p1a: Cradily|211/376|[from] item: Leftovers","|-damage|p2a: Asuna|353/376 tox|[from] psn","|turn|8","|","|switch|p1a: Celebi|Celebi|396/396","|move|p2a: Asuna|Superpower|p1a: Celebi","|-resisted|p1a: Celebi","|-damage|p1a: Celebi|314/396","|-boost|p2a: Asuna|atk|1","|-boost|p2a: Asuna|def|1","|","|-heal|p1a: Celebi|338/396|[from] item: Leftovers","|-heal|p2a: Asuna|376/376 tox|[from] item: Leftovers","|-damage|p2a: Asuna|330/376 tox|[from] psn","|turn|9","|","|switch|p1a: Cradily|Cradily, F|211/376","|move|p2a: Asuna|Knock Off|p1a: Cradily","|-damage|p1a: Cradily|0 fnt","|-enditem|p1a: Cradily|Leftovers|[from] move: Knock Off|[of] p2a: Asuna","|faint|p1a: Cradily","|","|-heal|p2a: Asuna|353/376 tox|[from] item: Leftovers","|-damage|p2a: Asuna|284/376 tox|[from] psn","|","|switch|p1a: Whimsicott|Whimsicott, M|323/323","|turn|10","|","|move|p1a: Whimsicott|Moonblast|p2a: Asuna","|-supereffective|p2a: Asuna","|-damage|p2a: Asuna|48/376 tox","|-boost|p2a: Asuna|spa|1","|move|p2a: Asuna|Psycho Cut|p1a: Whimsicott","|-damage|p1a: Whimsicott|148/323","|","|-heal|p2a: Asuna|71/376 tox|[from] item: Leftovers","|-damage|p2a: Asuna|0 fnt|[from] psn","|faint|p2a: Asuna","|","|switch|p2a: Sinon|Sharpedo, F|281/281","|turn|11","|","|move|p2a: Sinon|Protect|p2a: Sinon","|-singleturn|p2a: Sinon|Protect","|move|p1a: Whimsicott|Moonblast|p2a: Sinon","|-activate|p2a: Sinon|Protect","|","|-boost|p2a: Sinon|spe|1|[from] ability: Speed Boost","|turn|12","|","|move|p2a: Sinon|Destiny Bond|p2a: Sinon","|-singlemove|p2a: Sinon|Destiny Bond","|move|p1a: Whimsicott|Moonblast|p2a: Sinon","|-supereffective|p2a: Sinon","|-damage|p2a: Sinon|0 fnt","|faint|p2a: Sinon","|-activate|p2a: Sinon|Destiny Bond","|faint|p1a: Whimsicott","|","|","|switch|p2a: Murkrow|Murkrow, M|261/261","|switch|p1a: Celebi|Celebi|338/396","|turn|13","|","|move|p2a: Murkrow|Taunt|p1a: Celebi","|-start|p1a: Celebi|move: Taunt","|cant|p1a: Celebi|move: Taunt|Trick Room","|","|-heal|p1a: Celebi|362/396|[from] item: Leftovers","|turn|14","|","|switch|p1a: Breloom|Breloom, F|324/324","|move|p2a: Murkrow|Thunder Wave|p1a: Breloom","|-status|p1a: Breloom|par","|","|turn|15","|","|move|p2a: Murkrow|Feather Dance|p1a: Breloom","|-unboost|p1a: Breloom|atk|2","|move|p1a: Breloom|Spore|p2a: Murkrow","|-status|p2a: Murkrow|slp","|","|turn|16","|","|switch|p1a: Obama tricked u|Abomasnow-Mega, M|242/383 brn","|-weather|Hail","|cant|p2a: Murkrow|slp","|","|-weather|Hail|[upkeep]","|-damage|p2a: Murkrow|245/261 slp|[from] hail","|-damage|p1a: Obama tricked u|195/383 brn|[from] brn","|turn|17","|","|switch|p2a: Kirito|Sableye, M|285/304","|move|p1a: Obama tricked u|Blizzard|p2a: Kirito","|-damage|p2a: Kirito|75/304","|","|-weather|Hail|[upkeep]","|-damage|p2a: Kirito|56/304|[from] hail","|-damage|p1a: Obama tricked u|148/383 brn|[from] brn","|turn|18","|","|move|p1a: Obama tricked u|Ice Shard|p2a: Kirito","|-damage|p2a: Kirito|17/304","|move|p2a: Kirito|Knock Off|p1a: Obama tricked u","|-damage|p1a: Obama tricked u|96/383 brn","|","|-weather|Hail|[upkeep]","|-damage|p2a: Kirito|0 fnt|[from] hail","|-damage|p1a: Obama tricked u|49/383 brn|[from] brn","|faint|p2a: Kirito","|","|switch|p2a: Silica|Liepard, M|332/332","|turn|19","|","|switch|p1a: Breloom|Breloom, F|324/324 par","|move|p2a: Silica|Protect|p2a: Silica","|-fail|p2a: Silica","|","|-weather|Hail|[upkeep]","|-damage|p2a: Silica|312/332|[from] hail","|-damage|p1a: Breloom|304/324 par|[from] hail","|-heal|p2a: Silica|332/332|[from] item: Leftovers","|turn|20","|","|move|p2a: Silica|Protect|p2a: Silica","|-singleturn|p2a: Silica|Protect","|cant|p1a: Breloom|par","|","|-weather|none","|turn|21","|","|move|p2a: Silica|Copycat|p2a: Silica","|-fail|p2a: Silica","|move|p1a: Breloom|Mach Punch|p2a: Silica","|-crit|p2a: Silica","|-supereffective|p2a: Silica","|-damage|p2a: Silica|0 fnt","|faint|p2a: Silica","|","|","|switch|p2a: Murkrow|Murkrow, M|245/261 slp","|turn|22","|","|cant|p2a: Murkrow|slp","|cant|p1a: Breloom|par","|","|turn|23","|","|cant|p2a: Murkrow|slp","|cant|p1a: Breloom|par","|","|turn|24","|","|-curestatus|p2a: Murkrow|slp","|move|p2a: Murkrow|Feather Dance|p1a: Breloom","|-unboost|p1a: Breloom|atk|2","|move|p1a: Breloom|Mach Punch|p2a: Murkrow","|-crit|p2a: Murkrow","|-damage|p2a: Murkrow|0 fnt","|faint|p2a: Murkrow","|","|win|SWL Nocturne"],"p1rating":{"entryid":"101951","serverid":"eos","formatid":"monotype","userid":"swlnocturne","username":"SWL Nocturne","w":20,"l":"15","t":"0","gxe":55.4,"r":"1588.1327457887","rd":"62.55800008578","sigma":"0","rptime":"1441184400","rpr":1541.3912492411,"rprd":57.922495694201,"rpsigma":"0","acre":1070.2605952264,"lacre":1070.2605952264,"oldacre":"1040.2047277"},"p2rating":{"entryid":776170,"formatid":"monotype","userid":"primalvergi1","username":"Primal Vergi1","r":1500,"rd":130,"sigma":0,"rpr":1467.9778536664,"rprd":122.47333504289,"rpsigma":0,"rptime":1441184400,"w":0,"l":1,"t":0,"gxe":46,"acre":1000,"lacre":1000,"oldacre":1000},"endType":"normal"}