{"seed":[44801,38694,49,54198],"turns":23,"p1":"SS Moltres","p2":"IAMPHOTON","p1team":[{"name":"Celebi","species":"Celebi","item":"assaultvest","ability":"Natural Cure","moves":["gigadrain","nastyplot","earthpower","shadowball"],"nature":"Modest","evs":{"hp":220,"atk":0,"def":0,"spa":252,"spd":0,"spe":36},"ivs":{"hp":31,"atk":31,"def":31,"spa":31,"spd":31,"spe":31}},{"name":"Ferrothorn","species":"Ferrothorn","item":"rockyhelmet","ability":"Iron Barbs","moves":["leechseed","thunderwave","powerwhip","protect"],"nature":"Impish","evs":{"hp":248,"atk":8,"def":252,"spa":0,"spd":0,"spe":0},"ivs":{"hp":31,"atk":31,"def":31,"spa":31,"spd":31,"spe":31}},{"name":"Cradily","species":"Cradily","item":"leftovers","ability":"Suction Cups","moves":["ancientpower","earthpower","recover","seedbomb"],"nature":"Gentle","evs":{"hp":252,"atk":4,"def":0,"spa":0,"spd":252,"spe":0},"ivs":{"hp":31,"atk":31,"def":31,"spa":31,"spd":31,"spe":31}},{"name":"Serperior","species":"Serperior","item":"lifeorb","ability":"Contrary","moves":["dragonpulse","leafstorm","gigadrain","hiddenpowerelectric"],"nature":"Timid","evs":{"hp":4,"atk":0,"def":0,"spa":252,"spd":0,"spe":252},"ivs":{"hp":31,"atk":31,"def":31,"spa":30,"spd":31,"spe":31}},{"name":"Sceptile","species":"Sceptile","item":"sceptilite","ability":"Unburden","moves":["leafstorm","hiddenpowerice","dragonpulse","focusblast"],"nature":"Modest","evs":{"hp":4,"atk":0,"def":0,"spa":252,"spd":0,"spe":252},"ivs":{"hp":31,"atk":30,"def":30,"spa":31,"spd":31,"spe":31}},{"name":"Leavanny","species":"Leavanny","item":"focussash","ability":"Swarm","moves":["stickyweb","swordsdance","leafblade","knockoff"],"nature":"Adamant","evs":{"hp":248,"atk":252,"def":0,"spa":0,"spd":8,"spe":0},"ivs":{"hp":31,"atk":31,"def":31,"spa":31,"spd":31,"spe":31}}],"p2team":[{"name":"Stun","species":"venusaur","item":"venusaurite","ability":"Overgrow","moves":["sludgebomb","synthesis","hiddenpowerfire","gigadrain"],"nature":"Quiet","evs":{"hp":68,"atk":0,"def":128,"spa":104,"spd":208,"spe":0},"ivs":{"hp":31,"atk":30,"def":31,"spa":30,"spd":31,"spe":30}},{"name":"Myth","species":"ferrothorn","item":"rockyhelmet","ability":"Iron Barbs","moves":["stealthrock","leechseed","gyroball","toxic"],"nature":"Relaxed","evs":{"hp":252,"atk":0,"def":88,"spa":0,"spd":168,"spe":0},"ivs":{"hp":31,"atk":31,"def":31,"spa":31,"spd":31,"spe":31}},{"name":"Viper","species":"whimsicott","item":"choicespecs","ability":"Infiltrator","moves":["moonblast","shadowball","psychic","hiddenpowerfire"],"nature":"Timid","evs":{"hp":0,"atk":0,"def":0,"spa":252,"spd":4,"spe":252},"ivs":{"hp":31,"atk":30,"def":31,"spa":30,"spd":31,"spe":30}},{"name":"Kray","species":"roserade","item":"choicescarf","ability":"Technician","moves":["extrasensory","hiddenpowerice","energyball","dazzlinggleam"],"nature":"Timid","evs":{"hp":0,"atk":0,"def":0,"spa":252,"spd":4,"spe":252},"ivs":{"hp":31,"atk":30,"def":30,"spa":31,"spd":31,"spe":31}},{"name":"Neo","species":"shiftry","item":"lifeorb","ability":"Chlorophyll","moves":["knockoff","suckerpunch","rockslide","swordsdance"],"nature":"Adamant","evs":{"hp":0,"atk":252,"def":0,"spa":0,"spd":4,"spe":252},"ivs":{"hp":31,"atk":31,"def":31,"spa":31,"spd":31,"spe":31}},{"name":"Sam","species":"breloom","item":"toxicorb","ability":"Poison Heal","moves":["swordsdance","drainpunch","seedbomb","machpunch"],"nature":"Jolly","evs":{"hp":12,"atk":244,"def":0,"spa":0,"spd":0,"spe":252},"ivs":{"hp":31,"atk":31,"def":31,"spa":31,"spd":31,"spe":31}}],"log":["|player|p1|SS Moltres|268","|player|p2|IAMPHOTON|266","|gametype|singles","|gen|6","|tier|Monotype","|rated","|rule|Baton Pass Clause: Limit one Baton Passer, can't pass Spe and other stats simultaneously","|rule|Swagger Clause: Swagger is banned","|rule|Same Type Clause: Pokémon in a team must share a type","|clearpoke","|poke|p1|Celebi","|poke|p1|Ferrothorn, F","|poke|p1|Cradily, F","|poke|p1|Serperior, F","|poke|p1|Sceptile, M","|poke|p1|Leavanny, M","|poke|p2|Venusaur, F","|poke|p2|Ferrothorn, F","|poke|p2|Whimsicott, M","|poke|p2|Roserade, F","|poke|p2|Shiftry, F","|poke|p2|Breloom, M","|rule|Sleep Clause Mod: Limit one foe put to sleep","|rule|Species Clause: Limit one of each Pokémon","|rule|OHKO Clause: OHKO moves are banned","|rule|Moody Clause: Moody is banned","|rule|Evasion Moves Clause: Evasion moves are banned","|rule|Endless Battle Clause: Forcing endless battles is banned","|rule|HP Percentage Mod: HP is shown in percentages","|teampreview","|","|start","|switch|p1a: Leavanny|Leavanny, M|353/353","|switch|p2a: Myth|Ferrothorn, F|352/352","|turn|1","|","|move|p1a: Leavanny|Sticky Web|p2a: Myth","|-sidestart|p2: IAMPHOTON|move: Sticky Web","|move|p2a: Myth|Stealth Rock|p1a: Leavanny","|-sidestart|p1: SS Moltres|move: Stealth Rock","|","|turn|2","|","|move|p1a: Leavanny|Swords Dance|p1a: Leavanny","|-boost|p1a: Leavanny|atk|2","|move|p2a: Myth|Gyro Ball|p1a: Leavanny","|-damage|p1a: Leavanny|241/353","|","|turn|3","|","|move|p1a: Leavanny|Knock Off|p2a: Myth","|-damage|p2a: Myth|210/352","|-damage|p1a: Leavanny|197/353|[from] ability: Iron Barbs|[of] p2a: Myth","|-damage|p1a: Leavanny|139/353|[from] item: Rocky Helmet|[of] p2a: Myth","|-enditem|p2a: Myth|Rocky Helmet|[from] move: Knock Off|[of] p1a: Leavanny","|move|p2a: Myth|Toxic|p1a: Leavanny","|-status|p1a: Leavanny|tox","|","|-damage|p1a: Leavanny|117/353 tox|[from] psn","|turn|4","|","|move|p1a: Leavanny|Knock Off|p2a: Myth","|-damage|p2a: Myth|117/352","|-damage|p1a: Leavanny|73/353 tox|[from] ability: Iron Barbs|[of] p2a: Myth","|move|p2a: Myth|Gyro Ball|p1a: Leavanny","|-damage|p1a: Leavanny|0 fnt","|faint|p1a: Leavanny","|","|","|switch|p1a: Sceptile|Sceptile, M|282/282","|-damage|p1a: Sceptile|247/282|[from] Stealth Rock","|turn|5","|","|detailschange|p1a: Sceptile|Sceptile-Mega, M","|-mega|p1a: Sceptile|Sceptile|Sceptilite","|move|p1a: Sceptile|Focus Blast|p2a: Myth","|-supereffective|p2a: Myth","|-damage|p2a: Myth|0 fnt","|faint|p2a: Myth","|","|","|switch|p2a: Sam|Breloom, M|264/264","|-activate|p2a: Sam|move: Sticky Web","|-unboost|p2a: Sam|spe|1","|turn|6","|","|move|p1a: Sceptile|Hidden Power|p2a: Sam","|-supereffective|p2a: Sam","|-damage|p2a: Sam|26/264","|move|p2a: Sam|Drain Punch|p1a: Sceptile","|-damage|p1a: Sceptile|78/282","|-heal|p2a: Sam|111/264|[from] drain|[of] p1a: Sceptile","|","|-status|p2a: Sam|tox|[from] item: Toxic Orb","|turn|7","|","|move|p2a: Sam|Mach Punch|p1a: Sceptile","|-damage|p1a: Sceptile|0 fnt","|faint|p1a: Sceptile","|","|-heal|p2a: Sam|144/264 tox|[from] ability: Poison Heal","|","|switch|p1a: Serperior|Serperior, F|292/292","|-damage|p1a: Serperior|256/292|[from] Stealth Rock","|turn|8","|","|move|p2a: Sam|Mach Punch|p1a: Serperior","|-damage|p1a: Serperior|181/292","|move|p1a: Serperior|Dragon Pulse|p2a: Sam","|-crit|p2a: Sam","|-damage|p2a: Sam|0 fnt","|-damage|p1a: Serperior|152/292|[from] item: Life Orb","|faint|p2a: Sam","|","|","|switch|p2a: Viper|Whimsicott, M|261/261","|-activate|p2a: Viper|move: Sticky Web","|-unboost|p2a: Viper|spe|1","|turn|9","|","|move|p1a: Serperior|Leaf Storm|p2a: Viper","|-resisted|p2a: Viper","|-damage|p2a: Viper|128/261","|-boost|p1a: Serperior|spa|2","|-damage|p1a: Serperior|123/292|[from] item: Life Orb","|move|p2a: Viper|Hidden Power|p1a: Serperior","|-supereffective|p1a: Serperior","|-damage|p1a: Serperior|0 fnt","|faint|p1a: Serperior","|","|","|switch|p1a: Cradily|Cradily, F|376/376","|-damage|p1a: Cradily|329/376|[from] Stealth Rock","|turn|10","|","|switch|p2a: Kray|Roserade, F|261/261","|-activate|p2a: Kray|move: Sticky Web","|-unboost|p2a: Kray|spe|1","|move|p1a: Cradily|Ancient Power|p2a: Kray","|-damage|p2a: Kray|201/261","|","|-heal|p1a: Cradily|352/376|[from] item: Leftovers","|turn|11","|","|move|p2a: Kray|Hidden Power|p1a: Cradily","|-supereffective|p1a: Cradily","|-damage|p1a: Cradily|214/376","|move|p1a: Cradily|Earth Power|p2a: Kray","|-damage|p2a: Kray|149/261","|","|-heal|p1a: Cradily|237/376|[from] item: Leftovers","|turn|12","|","|switch|p2a: Stun|Venusaur, F|318/318","|-activate|p2a: Stun|move: Sticky Web","|-unboost|p2a: Stun|spe|1","|move|p1a: Cradily|Ancient Power|p2a: Stun","|-damage|p2a: Stun|272/318","|","|-heal|p1a: Cradily|260/376|[from] item: Leftovers","|turn|13","|","|detailschange|p2a: Stun|Venusaur-Mega, F","|-mega|p2a: Stun|Venusaur|Venusaurite","|move|p1a: Cradily|Earth Power|p2a: Stun","|-damage|p2a: Stun|232/318","|move|p2a: Stun|Sludge Bomb|p1a: Cradily","|-damage|p1a: Cradily|154/376","|","|-heal|p1a: Cradily|177/376|[from] item: Leftovers","|turn|14","|","|move|p1a: Cradily|Ancient Power|p2a: Stun","|-damage|p2a: Stun|187/318","|move|p2a: Stun|Hidden Power|p1a: Cradily","|-damage|p1a: Cradily|133/376","|","|-heal|p1a: Cradily|156/376|[from] item: Leftovers","|turn|15","|","|move|p1a: Cradily|Earth Power|p2a: Stun","|-damage|p2a: Stun|142/318","|move|p2a: Stun|Synthesis|p2a: Stun","|-heal|p2a: Stun|301/318","|","|-heal|p1a: Cradily|179/376|[from] item: Leftovers","|turn|16","|","|move|p1a: Cradily|Ancient Power|p2a: Stun","|-damage|p2a: Stun|258/318","|move|p2a: Stun|Sludge Bomb|p1a: Cradily","|-damage|p1a: Cradily|82/376","|","|-heal|p1a: Cradily|105/376|[from] item: Leftovers","|turn|17","|","|move|p1a: Cradily|Ancient Power|p2a: Stun","|-damage|p2a: Stun|210/318","|move|p2a: Stun|Giga Drain|p1a: Cradily","|-damage|p1a: Cradily|21/376","|-heal|p2a: Stun|252/318|[from] drain|[of] p1a: Cradily","|","|-heal|p1a: Cradily|44/376|[from] item: Leftovers","|turn|18","|","|move|p1a: Cradily|Earth Power|p2a: Stun","|-crit|p2a: Stun","|-damage|p2a: Stun|192/318","|move|p2a: Stun|Giga Drain|p1a: Cradily","|-damage|p1a: Cradily|0 fnt","|-heal|p2a: Stun|214/318|[from] drain|[of] p1a: Cradily","|faint|p1a: Cradily","|","|","|switch|p1a: Celebi|Celebi|396/396","|-damage|p1a: Celebi|347/396|[from] Stealth Rock","|turn|19","|","|switch|p2a: Neo|Shiftry, F|321/321","|-activate|p2a: Neo|move: Sticky Web","|-unboost|p2a: Neo|spe|1","|move|p1a: Celebi|Shadow Ball|p2a: Neo","|-resisted|p2a: Neo","|-damage|p2a: Neo|255/321","|","|turn|20","|","|move|p2a: Neo|Sucker Punch|p1a: Celebi","|-supereffective|p1a: Celebi","|-damage|p1a: Celebi|32/396","|-damage|p2a: Neo|223/321|[from] item: Life Orb","|move|p1a: Celebi|Giga Drain|p2a: Neo","|-resisted|p2a: Neo","|-damage|p2a: Neo|126/321","|-heal|p1a: Celebi|81/396|[from] drain|[of] p2a: Neo","|","|turn|21","|","|move|p2a: Neo|Sucker Punch|p1a: Celebi","|-supereffective|p1a: Celebi","|-damage|p1a: Celebi|0 fnt","|-damage|p2a: Neo|94/321|[from] item: Life Orb","|faint|p1a: Celebi","|","|","|switch|p1a: Ferrothorn|Ferrothorn, F|351/351","|-damage|p1a: Ferrothorn|330/351|[from] Stealth Rock","|turn|22","|","|move|p2a: Neo|Knock Off|p1a: Ferrothorn","|-damage|p1a: Ferrothorn|209/351","|-damage|p2a: Neo|54/321|[from] ability: Iron Barbs|[of] p1a: Ferrothorn","|-damage|p2a: Neo|1/321|[from] item: Rocky Helmet|[of] p1a: Ferrothorn","|-enditem|p1a: Ferrothorn|Rocky Helmet|[from] move: Knock Off|[of] p2a: Neo","|-damage|p2a: Neo|0 fnt|[from] item: Life Orb","|faint|p2a: Neo","|move|p1a: Ferrothorn|Thunder Wave|p2: Neo|[notarget]","|-notarget","|","|","|switch|p2a: Stun|Venusaur-Mega, F|214/318","|-activate|p2a: Stun|move: Sticky Web","|-unboost|p2a: Stun|spe|1","|turn|23","|","|win|IAMPHOTON"],"p1rating":{"entryid":"440278","serverid":"eos","formatid":"monotype","userid":"ssmoltres","username":"SS Moltres","w":"17","l":28,"t":"0","gxe":40.9,"r":"1436.2730685048","rd":"53.884325667544","sigma":"0","rptime":"1441184400","rpr":1429.9610535318,"rprd":52.23573608323,"rpsigma":"0","acre":1048.9867369525,"lacre":1048.9867369525,"oldacre":"1067.867180401"},"p2rating":{"entryid":"707912","serverid":"eos","formatid":"monotype","userid":"iamphoton","username":"IAMPHOTON","w":4,"l":"2","t":"0","gxe":54.3,"r":"1453.2156588078","rd":"111.1680341171","sigma":"0","rptime":"1441184400","rpr":1533.5524645152,"rprd":98.234136831606,"rpsigma":"0","acre":1115.028619487,"lacre":1115.028619487,"oldacre":"1090.273675103"},"endType":"forfeit"}