{"seed":[54124,15837,63152,23023],"turns":22,"p1":"Carnie KeySein","p2":"ryan1","p1team":[{"name":"Hawlucha","species":"Hawlucha","item":"sitrusberry","ability":"Unburden","moves":["substitute","swordsdance","highjumpkick","acrobatics"],"nature":"Jolly","evs":{"hp":12,"atk":252,"def":0,"spa":0,"spd":0,"spe":244},"ivs":{"hp":31,"atk":31,"def":31,"spa":31,"spd":31,"spe":31}},{"name":"Gliscor","species":"Gliscor","item":"toxicorb","ability":"Poison Heal","moves":["substitute","protect","earthquake","toxic"],"nature":"Jolly","evs":{"hp":252,"atk":0,"def":4,"spa":0,"spd":0,"spe":252},"ivs":{"hp":31,"atk":31,"def":31,"spa":31,"spd":31,"spe":31}},{"name":"Gyarados","species":"Gyarados","item":"gyaradosite","ability":"Intimidate","moves":["dragondance","waterfall","crunch","taunt"],"nature":"Jolly","evs":{"hp":4,"atk":252,"def":0,"spa":0,"spd":0,"spe":252},"ivs":{"hp":31,"atk":30,"def":31,"spa":30,"spd":31,"spe":30}},{"name":"Landorus","species":"Landorus","item":"lifeorb","ability":"Sheer Force","moves":["earthpower","sludgewave","psychic","hiddenpowerice"],"nature":"","evs":{"hp":0,"atk":252,"def":0,"spa":0,"spd":0,"spe":0},"ivs":{"hp":31,"atk":30,"def":30,"spa":31,"spd":31,"spe":31}},{"name":"Togekiss","species":"Togekiss","item":"lumberry","ability":"Serene Grace","moves":["thunderwave","airslash","roost","zenheadbutt"],"nature":"Calm","evs":{"hp":252,"atk":0,"def":0,"spa":0,"spd":160,"spe":96},"ivs":{"hp":31,"atk":31,"def":31,"spa":31,"spd":31,"spe":31}},{"name":"Salamence","species":"Salamence","item":"choicescarf","ability":"Moxie","moves":["outrage","earthquake","crunch","brickbreak"],"nature":"Jolly","evs":{"hp":0,"atk":252,"def":0,"spa":0,"spd":4,"spe":252},"ivs":{"hp":31,"atk":31,"def":31,"spa":31,"spd":31,"spe":31}}],"p2team":[{"name":"Klefki","species":"Klefki","item":"lightclay","ability":"Prankster","moves":["lightscreen","reflect","spikes","thunderwave"],"nature":"Bold","evs":{"hp":248,"atk":0,"def":252,"spa":0,"spd":8,"spe":0},"gender":"M","ivs":{"hp":31,"atk":31,"def":31,"spa":31,"spd":31,"spe":31}},{"name":"Slurpuff","species":"Slurpuff","item":"sitrusberry","ability":"Unburden","moves":["bellydrum","drainpunch","playrough","return"],"nature":"Adamant","evs":{"hp":4,"atk":252,"def":0,"spa":0,"spd":0,"spe":252},"gender":"F","shiny":true,"ivs":{"hp":31,"atk":31,"def":31,"spa":31,"spd":31,"spe":31}},{"name":"Sylveon","species":"Sylveon","item":"lifeorb","ability":"Pixilate","moves":["calmmind","substitute","hypervoice","wish"],"nature":"Bold","evs":{"hp":248,"atk":0,"def":252,"spa":8,"spd":0,"spe":0},"gender":"M","ivs":{"hp":31,"atk":31,"def":31,"spa":31,"spd":31,"spe":31}},{"name":"Clefable","species":"Clefable","item":"leftovers","ability":"Magic Guard","moves":["protect","calmmind","storedpower","moonblast"],"nature":"Modest","evs":{"hp":252,"atk":0,"def":0,"spa":252,"spd":4,"spe":0},"gender":"F","ivs":{"hp":31,"atk":31,"def":31,"spa":31,"spd":31,"spe":31}},{"name":"Mawile","species":"Mawile","item":"leftovers","ability":"Intimidate","moves":["suckerpunch","playrough","swordsdance","ironhead"],"nature":"Adamant","evs":{"hp":252,"atk":252,"def":0,"spa":0,"spd":4,"spe":0},"gender":"F","ivs":{"hp":31,"atk":31,"def":31,"spa":31,"spd":31,"spe":31}},{"name":"Azumarill","species":"Azumarill","item":"sitrusberry","ability":"Huge Power","moves":["aquajet","playrough","icepunch","bellydrum"],"nature":"Adamant","evs":{"hp":252,"atk":252,"def":0,"spa":0,"spd":4,"spe":0},"gender":"M","ivs":{"hp":31,"atk":31,"def":31,"spa":31,"spd":31,"spe":31}}],"log":["|player|p1|Carnie KeySein|164","|player|p2|ryan1|180","|gametype|singles","|gen|6","|tier|Monotype","|rated","|rule|Baton Pass Clause: Limit one Baton Passer, can't pass Spe and other stats simultaneously","|rule|Swagger Clause: Swagger is banned","|rule|Same Type Clause: Pokémon in a team must share a type","|clearpoke","|poke|p1|Hawlucha, F","|poke|p1|Gliscor, M","|poke|p1|Gyarados, F","|poke|p1|Landorus, M","|poke|p1|Togekiss, F","|poke|p1|Salamence, F","|poke|p2|Klefki, M","|poke|p2|Slurpuff, F, shiny","|poke|p2|Sylveon, M","|poke|p2|Clefable, F","|poke|p2|Mawile, F","|poke|p2|Azumarill, M","|rule|Sleep Clause Mod: Limit one foe put to sleep","|rule|Species Clause: Limit one of each Pokémon","|rule|OHKO Clause: OHKO moves are banned","|rule|Moody Clause: Moody is banned","|rule|Evasion Moves Clause: Evasion moves are banned","|rule|Endless Battle Clause: Forcing endless battles is banned","|rule|HP Percentage Mod: HP is shown in percentages","|teampreview","|","|start","|switch|p1a: Gyarados|Gyarados, F|332/332","|switch|p2a: Klefki|Klefki, M|317/317","|-ability|p1a: Gyarados|Intimidate","|-unboost|p2a: Klefki|atk|1","|turn|1","|","|detailschange|p1a: Gyarados|Gyarados-Mega, F","|-mega|p1a: Gyarados|Gyarados|Gyaradosite","|-ability|p1a: Gyarados|Mold Breaker","|move|p2a: Klefki|Thunder Wave|p1a: Gyarados","|-status|p1a: Gyarados|par","|move|p1a: Gyarados|Dragon Dance|p1a: Gyarados","|-boost|p1a: Gyarados|atk|1","|-boost|p1a: Gyarados|spe|1","|","|turn|2","|","|move|p2a: Klefki|Reflect|p2a: Klefki","|-sidestart|p2: ryan1|Reflect","|move|p1a: Gyarados|Waterfall|p2a: Klefki","|-damage|p2a: Klefki|221/317","|","|turn|3","|","|move|p2a: Klefki|Light Screen|p2a: Klefki","|-sidestart|p2: ryan1|move: Light Screen","|move|p1a: Gyarados|Taunt|p2a: Klefki","|-start|p2a: Klefki|move: Taunt","|","|turn|4","|","|switch|p2a: Clefable|Clefable, F|394/394","|move|p1a: Gyarados|Crunch|p2a: Clefable","|-resisted|p2a: Clefable","|-damage|p2a: Clefable|314/394","|","|-heal|p2a: Clefable|338/394|[from] item: Leftovers","|turn|5","|","|move|p2a: Clefable|Moonblast|p1a: Gyarados","|-supereffective|p1a: Gyarados","|-damage|p1a: Gyarados|92/332 par","|move|p1a: Gyarados|Dragon Dance|p1a: Gyarados","|-boost|p1a: Gyarados|atk|1","|-boost|p1a: Gyarados|spe|1","|","|-heal|p2a: Clefable|362/394|[from] item: Leftovers","|turn|6","|","|move|p2a: Clefable|Moonblast|p1a: Gyarados","|-supereffective|p1a: Gyarados","|-damage|p1a: Gyarados|0 fnt","|faint|p1a: Gyarados","|","|-heal|p2a: Clefable|386/394|[from] item: Leftovers","|","|switch|p1a: Togekiss|Togekiss, F|374/374","|turn|7","|","|move|p1a: Togekiss|Thunder Wave|p2a: Clefable","|-status|p2a: Clefable|par","|move|p2a: Clefable|Calm Mind|p2a: Clefable","|-boost|p2a: Clefable|spa|1","|-boost|p2a: Clefable|spd|1","|","|-heal|p2a: Clefable|394/394 par|[from] item: Leftovers","|turn|8","|","|move|p1a: Togekiss|Air Slash|p2a: Clefable","|-damage|p2a: Clefable|358/394 par","|move|p2a: Clefable|Calm Mind|p2a: Clefable","|-boost|p2a: Clefable|spa|1","|-boost|p2a: Clefable|spd|1","|","|-heal|p2a: Clefable|382/394 par|[from] item: Leftovers","|turn|9","|","|move|p1a: Togekiss|Air Slash|p2a: Clefable","|-damage|p2a: Clefable|352/394 par","|cant|p2a: Clefable|flinch","|","|-heal|p2a: Clefable|376/394 par|[from] item: Leftovers","|-sideend|p2: ryan1|Reflect","|turn|10","|","|move|p1a: Togekiss|Zen Headbutt|p2a: Clefable","|-damage|p2a: Clefable|331/394 par","|cant|p2a: Clefable|flinch","|","|-heal|p2a: Clefable|355/394 par|[from] item: Leftovers","|-sideend|p2: ryan1|move: Light Screen","|turn|11","|","|switch|p1a: Landorus|Landorus, M|319/319","|move|p2a: Clefable|Calm Mind|p2a: Clefable","|-boost|p2a: Clefable|spa|1","|-boost|p2a: Clefable|spd|1","|","|-heal|p2a: Clefable|379/394 par|[from] item: Leftovers","|turn|12","|","|move|p1a: Landorus|Sludge Wave|p2a: Clefable","|-supereffective|p2a: Clefable","|-damage|p2a: Clefable|244/394 par","|move|p2a: Clefable|Moonblast|p1a: Landorus","|-damage|p1a: Landorus|0 fnt","|faint|p1a: Landorus","|","|-heal|p2a: Clefable|268/394 par|[from] item: Leftovers","|","|switch|p1a: Gliscor|Gliscor, M|354/354","|turn|13","|","|move|p1a: Gliscor|Earthquake|p2a: Clefable","|-damage|p2a: Clefable|129/394 par","|move|p2a: Clefable|Calm Mind|p2a: Clefable","|-boost|p2a: Clefable|spa|1","|-boost|p2a: Clefable|spd|1","|","|-heal|p2a: Clefable|153/394 par|[from] item: Leftovers","|-status|p1a: Gliscor|tox|[from] item: Toxic Orb","|turn|14","|","|move|p1a: Gliscor|Earthquake|p2a: Clefable","|-damage|p2a: Clefable|12/394 par","|move|p2a: Clefable|Stored Power|p1a: Gliscor","|-damage|p1a: Gliscor|0 fnt","|faint|p1a: Gliscor","|","|-heal|p2a: Clefable|36/394 par|[from] item: Leftovers","|","|switch|p1a: Hawlucha|Hawlucha, F|300/300","|turn|15","|","|switch|p2a: Klefki|Klefki, M|221/317","|move|p1a: Hawlucha|Acrobatics|p2a: Klefki","|-resisted|p2a: Klefki","|-damage|p2a: Klefki|192/317","|","|turn|16","|","|move|p2a: Klefki|Reflect|p2a: Klefki","|-sidestart|p2: ryan1|Reflect","|move|p1a: Hawlucha|High Jump Kick|p2a: Klefki","|-crit|p2a: Klefki","|-damage|p2a: Klefki|0 fnt","|faint|p2a: Klefki","|","|","|switch|p2a: Slurpuff|Slurpuff, F, shiny|306/306","|turn|17","|","|move|p1a: Hawlucha|High Jump Kick|p2a: Slurpuff","|-resisted|p2a: Slurpuff","|-damage|p2a: Slurpuff|257/306","|move|p2a: Slurpuff|Belly Drum|p2a: Slurpuff","|-damage|p2a: Slurpuff|104/306","|-setboost|p2a: Slurpuff|atk|6|[from] move: Belly Drum","|-enditem|p2a: Slurpuff|Sitrus Berry|[eat]","|-heal|p2a: Slurpuff|180/306|[from] item: Sitrus Berry","|","|turn|18","|","|move|p2a: Slurpuff|Drain Punch|p1a: Hawlucha","|-resisted|p1a: Hawlucha","|-damage|p1a: Hawlucha|117/300","|-heal|p2a: Slurpuff|272/306|[from] drain|[of] p1a: Hawlucha","|-enditem|p1a: Hawlucha|Sitrus Berry|[eat]","|-heal|p1a: Hawlucha|192/300|[from] item: Sitrus Berry","|move|p1a: Hawlucha|Substitute|p1a: Hawlucha","|-start|p1a: Hawlucha|Substitute","|-damage|p1a: Hawlucha|117/300","|","|turn|19","|","|move|p1a: Hawlucha|Swords Dance|p1a: Hawlucha","|-boost|p1a: Hawlucha|atk|2","|move|p2a: Slurpuff|Play Rough|p1a: Hawlucha","|-supereffective|p1a: Hawlucha","|-end|p1a: Hawlucha|Substitute","|","|turn|20","|","|move|p1a: Hawlucha|High Jump Kick|p2a: Slurpuff","|-resisted|p2a: Slurpuff","|-damage|p2a: Slurpuff|174/306","|move|p2a: Slurpuff|Play Rough|p1a: Hawlucha","|-supereffective|p1a: Hawlucha","|-damage|p1a: Hawlucha|0 fnt","|faint|p1a: Hawlucha","|","|","|switch|p1a: Togekiss|Togekiss, F|374/374","|turn|21","|","|move|p2a: Slurpuff|Return|p1a: Togekiss","|-damage|p1a: Togekiss|0 fnt","|faint|p1a: Togekiss","|","|","|switch|p1a: Salamence|Salamence, F|331/331","|turn|22","|","|move|p1a: Salamence|Earthquake|p2a: Slurpuff","|-damage|p2a: Slurpuff|107/306","|move|p2a: Slurpuff|Play Rough|p1a: Salamence","|-supereffective|p1a: Salamence","|-damage|p1a: Salamence|0 fnt","|faint|p1a: Salamence","|","|win|ryan1"],"p1rating":{"entryid":787247,"formatid":"monotype","userid":"carniekeysein","username":"Carnie KeySein","r":1500,"rd":130,"sigma":0,"rpr":1466.8067712771,"rprd":122.78698857688,"rpsigma":0,"rptime":1441184400,"w":0,"l":1,"t":0,"gxe":45.9,"acre":1000,"lacre":1000,"oldacre":1000},"p2rating":{"entryid":"677454","serverid":"eos","formatid":"monotype","userid":"ryan1","username":"ryan1","w":5,"l":"2","t":"0","gxe":59.6,"r":"1571.4551938677","rd":"106.75849919998","sigma":"0","rptime":"1441184400","rpr":1576.1292251835,"rprd":95.976209376349,"rpsigma":"0","acre":1105.5552315142,"lacre":1105.5552315142,"oldacre":"1084.8054564948"},"endType":"normal"}