{"seed":[41661,21429,6133,7724],"turns":33,"p1":"V Icarus","p2":"Apex✦Quilluminati","p1team":[{"name":"Lapras","species":"Lapras","item":"assaultvest","ability":"Shell Armor","moves":["freezedry","hydropump","thunderbolt","frostbreath"],"nature":"Modest","evs":{"hp":156,"atk":0,"def":0,"spa":252,"spd":96,"spe":0},"ivs":{"hp":31,"atk":31,"def":31,"spa":31,"spd":31,"spe":31}},{"name":"Kyurem-Black","species":"Kyurem-Black","item":"choicescarf","ability":"Teravolt","moves":["outrage","fusionbolt","ironhead","earthpower"],"nature":"Naive","evs":{"hp":0,"atk":96,"def":0,"spa":160,"spd":0,"spe":252},"shiny":true,"ivs":{"hp":31,"atk":31,"def":31,"spa":31,"spd":31,"spe":31}},{"name":"Piloswine","species":"Piloswine","item":"eviolite","ability":"Oblivious","moves":["stealthrock","iceshard","avalanche","earthquake"],"nature":"Adamant","evs":{"hp":0,"atk":252,"def":48,"spa":0,"spd":208,"spe":0},"shiny":true,"ivs":{"hp":31,"atk":31,"def":31,"spa":31,"spd":31,"spe":31}},{"name":"Glalie","species":"Glalie","item":"glalitite","ability":"Inner Focus","moves":["bodyslam","iceshard","protect","earthquake"],"nature":"Jolly","evs":{"hp":0,"atk":252,"def":0,"spa":0,"spd":0,"spe":252},"shiny":true,"ivs":{"hp":31,"atk":31,"def":31,"spa":31,"spd":31,"spe":31}},{"name":"Avalugg","species":"Avalugg","item":"leftovers","ability":"Sturdy","moves":["rapidspin","gyroball","recover","mirrorcoat"],"nature":"Brave","evs":{"hp":0,"atk":0,"def":252,"spa":0,"spd":252,"spe":0},"ivs":{"hp":31,"atk":31,"def":31,"spa":31,"spd":31,"spe":0},"shiny":true},{"name":"Walrein","species":"Walrein","item":"leftovers","ability":"Thick Fat","moves":["toxic","icebeam","whirlpool","protect"],"nature":"Modest","evs":{"hp":0,"atk":0,"def":128,"spa":252,"spd":128,"spe":0},"shiny":true,"ivs":{"hp":31,"atk":31,"def":31,"spa":31,"spd":31,"spe":31}}],"p2team":[{"name":"Aggron","species":"Aggron","item":"aggronite","ability":"Sturdy","moves":["heavyslam","curse","rest","sleeptalk"],"nature":"Impish","evs":{"hp":252,"atk":0,"def":16,"spa":0,"spd":240,"spe":0},"shiny":true,"ivs":{"hp":31,"atk":31,"def":31,"spa":31,"spd":31,"spe":31}},{"name":"Aerodactyl","species":"Aerodactyl","item":"focussash","ability":"Rock Head","moves":["aerialace","honeclaws","stoneedge","defog"],"nature":"Jolly","evs":{"hp":0,"atk":252,"def":0,"spa":0,"spd":4,"spe":252},"ivs":{"hp":31,"atk":31,"def":31,"spa":31,"spd":31,"spe":31}},{"name":"Cradily","species":"Cradily","item":"rockyhelmet","ability":"Storm Drain","moves":["gigadrain","stealthrock","recover","toxic"],"nature":"Calm","evs":{"hp":248,"atk":0,"def":0,"spa":8,"spd":252,"spe":0},"ivs":{"hp":31,"atk":31,"def":31,"spa":31,"spd":31,"spe":31}},{"name":"Tyranitar","species":"Tyranitar","item":"assaultvest","ability":"Sand Stream","moves":["fireblast","crunch","earthquake","stoneedge"],"nature":"Naughty","evs":{"hp":252,"atk":152,"def":0,"spa":104,"spd":0,"spe":0},"ivs":{"hp":31,"atk":31,"def":31,"spa":31,"spd":31,"spe":31}},{"name":"Terrakion","species":"Terrakion","item":"choicescarf","ability":"Justified","moves":["closecombat","earthquake","ironhead","stoneedge"],"nature":"Jolly","evs":{"hp":0,"atk":252,"def":0,"spa":0,"spd":4,"spe":252},"ivs":{"hp":31,"atk":31,"def":31,"spa":31,"spd":31,"spe":31}},{"name":"Omastar","species":"Omastar","item":"focussash","ability":"Shell Armor","moves":["shellsmash","icebeam","scald","earthpower"],"nature":"Modest","evs":{"hp":0,"atk":0,"def":0,"spa":252,"spd":4,"spe":252},"ivs":{"hp":31,"atk":31,"def":31,"spa":31,"spd":31,"spe":31}}],"log":["|player|p1|V Icarus|vicarus.png","|player|p2|Apex✦Quilluminati|265","|gametype|singles","|gen|6","|tier|Monotype","|rated","|rule|Baton Pass Clause: Limit one Baton Passer, can't pass Spe and other stats simultaneously","|rule|Swagger Clause: Swagger is banned","|rule|Same Type Clause: Pokémon in a team must share a type","|clearpoke","|poke|p1|Lapras, F","|poke|p1|Kyurem-Black, shiny","|poke|p1|Piloswine, M, shiny","|poke|p1|Glalie, M, shiny","|poke|p1|Avalugg, F, shiny","|poke|p1|Walrein, F, shiny","|poke|p2|Aggron, F, shiny","|poke|p2|Aerodactyl, F","|poke|p2|Cradily, M","|poke|p2|Tyranitar, M","|poke|p2|Terrakion","|poke|p2|Omastar, F","|rule|Sleep Clause Mod: Limit one foe put to sleep","|rule|Species Clause: Limit one of each Pokémon","|rule|OHKO Clause: OHKO moves are banned","|rule|Moody Clause: Moody is banned","|rule|Evasion Moves Clause: Evasion moves are banned","|rule|Endless Battle Clause: Forcing endless battles is banned","|rule|HP Percentage Mod: HP is shown in percentages","|teampreview","|","|start","|switch|p1a: Piloswine|Piloswine, M, shiny|341/341","|switch|p2a: Cradily|Cradily, M|375/375","|turn|1","|","|switch|p1a: Avalugg|Avalugg, F, shiny|331/331","|move|p2a: Cradily|Stealth Rock|p1a: Avalugg","|-sidestart|p1: V Icarus|move: Stealth Rock","|","|turn|2","|","|move|p2a: Cradily|Toxic|p1a: Avalugg","|-status|p1a: Avalugg|tox","|move|p1a: Avalugg|Rapid Spin|p2a: Cradily","|-resisted|p2a: Cradily","|-damage|p2a: Cradily|364/375","|-damage|p1a: Avalugg|276/331 tox|[from] item: Rocky Helmet|[of] p2a: Cradily","|-sideend|p1: V Icarus|Stealth Rock|[from] move: Rapid Spin|[of] p1a: Avalugg","|","|-heal|p1a: Avalugg|296/331 tox|[from] item: Leftovers","|-damage|p1a: Avalugg|276/331 tox|[from] psn","|turn|3","|","|switch|p1a: Glalie|Glalie, M, shiny|301/301","|move|p2a: Cradily|Stealth Rock|p1a: Glalie","|-sidestart|p1: V Icarus|move: Stealth Rock","|","|turn|4","|","|switch|p2a: Aggron|Aggron, F, shiny|344/344","|detailschange|p1a: Glalie|Glalie-Mega, M, shiny","|-mega|p1a: Glalie|Glalie|Glalitite","|move|p1a: Glalie|Protect|p1a: Glalie","|-fail|p1a: Glalie","|","|turn|5","|","|switch|p1a: Piloswine|Piloswine, M, shiny|341/341","|-damage|p1a: Piloswine|299/341|[from] Stealth Rock","|detailschange|p2a: Aggron|Aggron-Mega, F, shiny","|-mega|p2a: Aggron|Aggron|Aggronite","|move|p2a: Aggron|Heavy Slam|p1a: Piloswine","|-supereffective|p1a: Piloswine","|-damage|p1a: Piloswine|21/341","|","|turn|6","|","|move|p1a: Piloswine|Stealth Rock|p2a: Aggron","|-sidestart|p2: Apex✦Quilluminati|move: Stealth Rock","|move|p2a: Aggron|Heavy Slam|p1a: Piloswine","|-supereffective|p1a: Piloswine","|-damage|p1a: Piloswine|0 fnt","|faint|p1a: Piloswine","|","|","|switch|p1a: Avalugg|Avalugg, F, shiny|276/331 tox","|-damage|p1a: Avalugg|194/331 tox|[from] Stealth Rock","|turn|7","|","|move|p2a: Aggron|Heavy Slam|p1a: Avalugg","|-supereffective|p1a: Avalugg","|-damage|p1a: Avalugg|126/331 tox","|move|p1a: Avalugg|Rapid Spin|p2a: Aggron","|-crit|p2a: Aggron","|-resisted|p2a: Aggron","|-damage|p2a: Aggron|338/344","|-sideend|p1: V Icarus|Stealth Rock|[from] move: Rapid Spin|[of] p1a: Avalugg","|","|-heal|p1a: Avalugg|146/331 tox|[from] item: Leftovers","|-damage|p1a: Avalugg|126/331 tox|[from] psn","|turn|8","|","|move|p2a: Aggron|Heavy Slam|p1a: Avalugg","|-supereffective|p1a: Avalugg","|-damage|p1a: Avalugg|60/331 tox","|move|p1a: Avalugg|Recover|p1a: Avalugg","|-heal|p1a: Avalugg|226/331 tox","|","|-heal|p1a: Avalugg|246/331 tox|[from] item: Leftovers","|-damage|p1a: Avalugg|206/331 tox|[from] psn","|turn|9","|","|switch|p1a: Walrein|Walrein, F, shiny|361/361","|move|p2a: Aggron|Curse|p2a: Aggron","|-unboost|p2a: Aggron|spe|1","|-boost|p2a: Aggron|atk|1","|-boost|p2a: Aggron|def|1","|","|turn|10","|","|move|p1a: Walrein|Whirlpool|p2a: Aggron","|-damage|p2a: Aggron|289/344","|-activate|p2a: Aggron|move: Whirlpool|[of] p1a: Walrein","|move|p2a: Aggron|Curse|p2a: Aggron","|-unboost|p2a: Aggron|spe|1","|-boost|p2a: Aggron|atk|1","|-boost|p2a: Aggron|def|1","|","|-damage|p2a: Aggron|246/344|[from] move: Whirlpool|[partiallytrapped]","|turn|11","|","|move|p1a: Walrein|Protect|p1a: Walrein","|-singleturn|p1a: Walrein|Protect","|move|p2a: Aggron|Heavy Slam|p1a: Walrein","|-activate|p1a: Walrein|Protect","|","|-damage|p2a: Aggron|203/344|[from] move: Whirlpool|[partiallytrapped]","|turn|12","|","|move|p1a: Walrein|Whirlpool|p2a: Aggron","|-damage|p2a: Aggron|149/344","|move|p2a: Aggron|Heavy Slam|p1a: Walrein","|-damage|p1a: Walrein|169/361","|","|-heal|p1a: Walrein|191/361|[from] item: Leftovers","|-damage|p2a: Aggron|106/344|[from] move: Whirlpool|[partiallytrapped]","|turn|13","|","|move|p1a: Walrein|Protect|p1a: Walrein","|-singleturn|p1a: Walrein|Protect","|move|p2a: Aggron|Rest|p2a: Aggron","|-status|p2a: Aggron|slp","|-heal|p2a: Aggron|344/344 slp|[silent]","|-status|p2a: Aggron|slp|[from] move: Rest","|","|-heal|p1a: Walrein|213/361|[from] item: Leftovers","|-damage|p2a: Aggron|301/344 slp|[from] move: Whirlpool|[partiallytrapped]","|turn|14","|","|move|p1a: Walrein|Whirlpool|p2a: Aggron","|-crit|p2a: Aggron","|-damage|p2a: Aggron|229/344 slp","|cant|p2a: Aggron|slp","|move|p2a: Aggron|Sleep Talk|p2a: Aggron","|move|p2a: Aggron|Rest|p2a: Aggron|[from]Sleep Talk","|-fail|p2a: Aggron","|","|-heal|p1a: Walrein|235/361|[from] item: Leftovers","|-damage|p2a: Aggron|186/344 slp|[from] move: Whirlpool|[partiallytrapped]","|turn|15","|","|move|p1a: Walrein|Whirlpool|p2a: Aggron","|-damage|p2a: Aggron|135/344 slp","|cant|p2a: Aggron|slp","|move|p2a: Aggron|Sleep Talk|p2a: Aggron","|move|p2a: Aggron|Heavy Slam|p1a: Walrein|[from]Sleep Talk","|-damage|p1a: Walrein|70/361","|","|-heal|p1a: Walrein|92/361|[from] item: Leftovers","|-end|p2a: Aggron|Whirlpool|[partiallytrapped]","|turn|16","|","|move|p1a: Walrein|Whirlpool|p2a: Aggron","|-damage|p2a: Aggron|87/344 slp","|-activate|p2a: Aggron|move: Whirlpool|[of] p1a: Walrein","|-curestatus|p2a: Aggron|slp","|move|p2a: Aggron|Rest|p2a: Aggron","|-status|p2a: Aggron|slp","|-heal|p2a: Aggron|344/344 slp|[silent]","|-status|p2a: Aggron|slp|[from] move: Rest","|","|-heal|p1a: Walrein|114/361|[from] item: Leftovers","|-damage|p2a: Aggron|301/344 slp|[from] move: Whirlpool|[partiallytrapped]","|turn|17","|","|move|p1a: Walrein|Whirlpool|p2a: Aggron","|-damage|p2a: Aggron|246/344 slp","|cant|p2a: Aggron|slp","|move|p2a: Aggron|Sleep Talk|p2a: Aggron","|move|p2a: Aggron|Rest|p2a: Aggron|[from]Sleep Talk","|-fail|p2a: Aggron","|","|-heal|p1a: Walrein|136/361|[from] item: Leftovers","|-damage|p2a: Aggron|203/344 slp|[from] move: Whirlpool|[partiallytrapped]","|turn|18","|","|move|p1a: Walrein|Whirlpool|p2a: Aggron","|-damage|p2a: Aggron|155/344 slp","|cant|p2a: Aggron|slp","|move|p2a: Aggron|Sleep Talk|p2a: Aggron","|move|p2a: Aggron|Curse|p2a: Aggron|[from]Sleep Talk","|-unboost|p2a: Aggron|spe|1","|-boost|p2a: Aggron|atk|1","|-boost|p2a: Aggron|def|1","|","|-heal|p1a: Walrein|158/361|[from] item: Leftovers","|-damage|p2a: Aggron|112/344 slp|[from] move: Whirlpool|[partiallytrapped]","|turn|19","|","|move|p1a: Walrein|Whirlpool|p2a: Aggron","|-damage|p2a: Aggron|58/344 slp","|-curestatus|p2a: Aggron|slp","|move|p2a: Aggron|Rest|p2a: Aggron","|-status|p2a: Aggron|slp","|-heal|p2a: Aggron|344/344 slp|[silent]","|-status|p2a: Aggron|slp|[from] move: Rest","|","|-heal|p1a: Walrein|180/361|[from] item: Leftovers","|-damage|p2a: Aggron|301/344 slp|[from] move: Whirlpool|[partiallytrapped]","|turn|20","|","|move|p1a: Walrein|Whirlpool|p2a: Aggron","|-damage|p2a: Aggron|252/344 slp","|cant|p2a: Aggron|slp","|move|p2a: Aggron|Sleep Talk|p2a: Aggron","|move|p2a: Aggron|Curse|p2a: Aggron|[from]Sleep Talk","|-unboost|p2a: Aggron|spe|1","|-boost|p2a: Aggron|atk|1","|-boost|p2a: Aggron|def|1","|","|-heal|p1a: Walrein|202/361|[from] item: Leftovers","|-damage|p2a: Aggron|209/344 slp|[from] move: Whirlpool|[partiallytrapped]","|turn|21","|","|move|p1a: Walrein|Whirlpool|p2a: Aggron","|-damage|p2a: Aggron|158/344 slp","|cant|p2a: Aggron|slp","|move|p2a: Aggron|Sleep Talk|p2a: Aggron","|move|p2a: Aggron|Curse|p2a: Aggron|[from]Sleep Talk","|-unboost|p2a: Aggron|spe|1","|-boost|p2a: Aggron|atk|1","|-boost|p2a: Aggron|def|1","|","|-heal|p1a: Walrein|224/361|[from] item: Leftovers","|-end|p2a: Aggron|Whirlpool|[partiallytrapped]","|turn|22","|","|move|p1a: Walrein|Protect|p1a: Walrein","|-singleturn|p1a: Walrein|Protect","|-curestatus|p2a: Aggron|slp","|move|p2a: Aggron|Rest|p2a: Aggron","|-status|p2a: Aggron|slp","|-heal|p2a: Aggron|344/344 slp|[silent]","|-status|p2a: Aggron|slp|[from] move: Rest","|","|-heal|p1a: Walrein|246/361|[from] item: Leftovers","|turn|23","|","|switch|p1a: Lapras|Lapras, F|440/440","|cant|p2a: Aggron|slp","|move|p2a: Aggron|Sleep Talk|p2a: Aggron","|move|p2a: Aggron|Rest|p2a: Aggron|[from]Sleep Talk","|-fail|p2a: Aggron","|","|turn|24","|","|move|p1a: Lapras|Hydro Pump|p2a: Aggron","|-damage|p2a: Aggron|202/344 slp","|cant|p2a: Aggron|slp","|move|p2a: Aggron|Sleep Talk|p2a: Aggron","|move|p2a: Aggron|Heavy Slam|p1a: Lapras|[from]Sleep Talk","|-damage|p1a: Lapras|157/440","|","|turn|25","|","|move|p1a: Lapras|Hydro Pump|p2a: Aggron","|-damage|p2a: Aggron|60/344 slp","|-curestatus|p2a: Aggron|slp","|move|p2a: Aggron|Heavy Slam|p1a: Lapras","|-damage|p1a: Lapras|0 fnt","|faint|p1a: Lapras","|","|","|switch|p1a: Walrein|Walrein, F, shiny|246/361","|turn|26","|","|move|p1a: Walrein|Whirlpool|p2a: Aggron","|-damage|p2a: Aggron|3/344","|-activate|p2a: Aggron|move: Whirlpool|[of] p1a: Walrein","|move|p2a: Aggron|Rest|p2a: Aggron","|-status|p2a: Aggron|slp","|-heal|p2a: Aggron|344/344 slp|[silent]","|-status|p2a: Aggron|slp|[from] move: Rest","|","|-heal|p1a: Walrein|268/361|[from] item: Leftovers","|-damage|p2a: Aggron|301/344 slp|[from] move: Whirlpool|[partiallytrapped]","|turn|27","|","|switch|p1a: Kyurem-Black|Kyurem-Black, shiny|391/391","|-ability|p1a: Kyurem-Black|Teravolt","|cant|p2a: Aggron|slp","|move|p2a: Aggron|Sleep Talk|p2a: Aggron","|move|p2a: Aggron|Rest|p2a: Aggron|[from]Sleep Talk","|-fail|p2a: Aggron","|","|turn|28","|","|move|p1a: Kyurem-Black|Earth Power|p2a: Aggron","|-supereffective|p2a: Aggron","|-damage|p2a: Aggron|139/344 slp","|cant|p2a: Aggron|slp","|move|p2a: Aggron|Sleep Talk|p2a: Aggron","|move|p2a: Aggron|Rest|p2a: Aggron|[from]Sleep Talk","|-fail|p2a: Aggron","|","|turn|29","|","|move|p1a: Kyurem-Black|Earth Power|p2a: Aggron","|-supereffective|p2a: Aggron","|-damage|p2a: Aggron|0 fnt","|faint|p2a: Aggron","|","|","|switch|p2a: Terrakion|Terrakion|323/323","|-damage|p2a: Terrakion|303/323|[from] Stealth Rock","|turn|30","|","|switch|p1a: Avalugg|Avalugg, F, shiny|206/331 tox","|move|p2a: Terrakion|Close Combat|p1a: Avalugg","|-supereffective|p1a: Avalugg","|-damage|p1a: Avalugg|0 fnt","|-unboost|p2a: Terrakion|def|1","|-unboost|p2a: Terrakion|spd|1","|faint|p1a: Avalugg","|","|","|switch|p1a: Glalie|Glalie-Mega, M, shiny|301/301","|turn|31","|","|move|p1a: Glalie|Ice Shard|p2a: Terrakion","|-damage|p2a: Terrakion|188/323","|move|p2a: Terrakion|Close Combat|p1a: Glalie","|-supereffective|p1a: Glalie","|-damage|p1a: Glalie|0 fnt","|-unboost|p2a: Terrakion|def|1","|-unboost|p2a: Terrakion|spd|1","|faint|p1a: Glalie","|","|","|switch|p1a: Walrein|Walrein, F, shiny|268/361","|turn|32","|","|move|p2a: Terrakion|Close Combat|p1a: Walrein","|-supereffective|p1a: Walrein","|-damage|p1a: Walrein|0 fnt","|-unboost|p2a: Terrakion|def|1","|-unboost|p2a: Terrakion|spd|1","|faint|p1a: Walrein","|","|","|switch|p1a: Kyurem-Black|Kyurem-Black, shiny|391/391","|-ability|p1a: Kyurem-Black|Teravolt","|turn|33","|","|move|p2a: Terrakion|Close Combat|p1a: Kyurem-Black","|-supereffective|p1a: Kyurem-Black","|-damage|p1a: Kyurem-Black|0 fnt","|-unboost|p2a: Terrakion|def|1","|-unboost|p2a: Terrakion|spd|1","|faint|p1a: Kyurem-Black","|","|win|Apex✦Quilluminati"],"p1rating":{"entryid":"312374","serverid":"eos","formatid":"monotype","userid":"vicarus","username":"V Icarus","w":"6","l":8,"t":"0","gxe":45.8,"r":"1502.5960304219","rd":"84.234753053212","sigma":"0","rptime":"1441184400","rpr":1467.4622070236,"rprd":80.045239947265,"rpsigma":"0","acre":1013.1881806037,"lacre":1013.1881806037,"oldacre":"1025.6887497265"},"p2rating":{"entryid":"777566","serverid":"eos","formatid":"monotype","userid":"apexquilluminati","username":"Apex✦Quilluminati","w":6,"l":"10","t":"0","gxe":41.6,"r":"1500","rd":"130","sigma":"0","rptime":"1441184400","rpr":1434.6538432407,"rprd":74.261728971237,"rpsigma":"0","acre":1087.7338197459,"lacre":1087.7338197459,"oldacre":"1059.7234672408"},"endType":"normal"}