{"seed":[20250,18110,38412,16965],"turns":26,"p1":"GL ♅ JGT","p2":"Elder Hoot","p1team":[{"name":"Diggersby","species":"Diggersby","item":"focussash","ability":"Huge Power","moves":["earthquake","knockoff","swordsdance","quickattack"],"nature":"Adamant","evs":{"hp":0,"atk":252,"def":0,"spa":0,"spd":0,"spe":252},"gender":"M","ivs":{"hp":31,"atk":31,"def":31,"spa":31,"spd":31,"spe":31}},{"name":"Lopunny","species":"Lopunny","item":"lopunnite","ability":"Cute Charm","moves":["fakeout","return","highjumpkick","icepunch"],"nature":"Adamant","evs":{"hp":0,"atk":252,"def":0,"spa":0,"spd":0,"spe":252},"gender":"F","ivs":{"hp":31,"atk":31,"def":31,"spa":31,"spd":31,"spe":31}},{"name":"Meloetta","species":"Meloetta","item":"choicescarf","ability":"Serene Grace","moves":["focusblast","psychic","shadowball","thunderbolt"],"nature":"Modest","evs":{"hp":0,"atk":0,"def":0,"spa":252,"spd":4,"spe":252},"ivs":{"hp":31,"atk":31,"def":31,"spa":31,"spd":31,"spe":31}},{"name":"Porygon2","species":"Porygon2","item":"eviolite","ability":"Download","moves":["triattack","thunderbolt","substitute","recover"],"nature":"Modest","evs":{"hp":248,"atk":0,"def":0,"spa":252,"spd":8,"spe":0},"ivs":{"hp":31,"atk":31,"def":31,"spa":31,"spd":31,"spe":31}},{"name":"Snorlax","species":"Snorlax","item":"leftovers","ability":"Immunity","moves":["curse","bodyslam","brickbreak","crunch"],"nature":"Adamant","evs":{"hp":80,"atk":176,"def":252,"spa":0,"spd":0,"spe":0},"gender":"M","shiny":true,"ivs":{"hp":31,"atk":31,"def":31,"spa":31,"spd":31,"spe":31}},{"name":"Slaking","species":"Slaking","item":"choicescarf","ability":"Truant","moves":["retaliate","shadowclaw","playrough","hammerarm"],"nature":"Adamant","evs":{"hp":0,"atk":252,"def":0,"spa":0,"spd":0,"spe":252},"shiny":true,"ivs":{"hp":31,"atk":31,"def":31,"spa":31,"spd":31,"spe":31}}],"p2team":[{"name":"Electrode","species":"Electrode","item":"airballoon","ability":"Static","moves":["thunderwave","electroball","eerieimpulse","hiddenpowerice"],"nature":"Timid","evs":{"hp":0,"atk":0,"def":0,"spa":252,"spd":4,"spe":252},"ivs":{"hp":31,"atk":30,"def":30,"spa":31,"spd":31,"spe":31}},{"name":"Rotom-Mow","species":"Rotom-Mow","item":"assaultvest","ability":"Levitate","moves":["leafstorm","discharge","shadowball","hex"],"nature":"Modest","evs":{"hp":248,"atk":0,"def":0,"spa":252,"spd":8,"spe":0},"ivs":{"hp":31,"atk":31,"def":31,"spa":31,"spd":31,"spe":31}},{"name":"Pikachu","species":"Pikachu","item":"lightball","ability":"Static","moves":["fakeout","feint","volttackle","knockoff"],"nature":"Jolly","evs":{"hp":0,"atk":252,"def":0,"spa":0,"spd":4,"spe":252},"ivs":{"hp":31,"atk":31,"def":31,"spa":31,"spd":31,"spe":31}},{"name":"Lanturn","species":"Lanturn","item":"choicespecs","ability":"Volt Absorb","moves":["icebeam","scald","dazzlinggleam","signalbeam"],"nature":"Modest","evs":{"hp":248,"atk":0,"def":0,"spa":252,"spd":8,"spe":0},"ivs":{"hp":31,"atk":31,"def":31,"spa":31,"spd":31,"spe":31}},{"name":"Galvantula","species":"Galvantula","item":"focussash","ability":"Compound Eyes","moves":["thunder","energyball","stickyweb","bugbuzz"],"nature":"Timid","evs":{"hp":0,"atk":0,"def":0,"spa":252,"spd":4,"spe":252},"ivs":{"hp":31,"atk":31,"def":31,"spa":31,"spd":31,"spe":31}},{"name":"Eelektross","species":"Eelektross","item":"leftovers","ability":"Levitate","moves":["coil","aquatail","drainpunch","knockoff"],"nature":"Adamant","evs":{"hp":252,"atk":252,"def":0,"spa":0,"spd":4,"spe":0},"ivs":{"hp":31,"atk":31,"def":31,"spa":31,"spd":31,"spe":31}}],"log":["|player|p1|GL ♅ JGT|80","|player|p2|Elder Hoot|170","|gametype|singles","|gen|6","|tier|Monotype","|rated","|rule|Baton Pass Clause: Limit one Baton Passer, can't pass Spe and other stats simultaneously","|rule|Swagger Clause: Swagger is banned","|rule|Same Type Clause: Pokémon in a team must share a type","|clearpoke","|poke|p1|Diggersby, M","|poke|p1|Lopunny, F","|poke|p1|Meloetta","|poke|p1|Porygon2","|poke|p1|Snorlax, M, shiny","|poke|p1|Slaking, M, shiny","|poke|p2|Electrode","|poke|p2|Rotom-Mow","|poke|p2|Pikachu, M","|poke|p2|Lanturn, M","|poke|p2|Galvantula, F","|poke|p2|Eelektross, M","|rule|Sleep Clause Mod: Limit one foe put to sleep","|rule|Species Clause: Limit one of each Pokémon","|rule|OHKO Clause: OHKO moves are banned","|rule|Moody Clause: Moody is banned","|rule|Evasion Moves Clause: Evasion moves are banned","|rule|Endless Battle Clause: Forcing endless battles is banned","|rule|HP Percentage Mod: HP is shown in percentages","|teampreview","|","|start","|switch|p1a: Snorlax|Snorlax, M, shiny|481/481","|switch|p2a: Pikachu|Pikachu, M|211/211","|turn|1","|","|move|p2a: Pikachu|Fake Out|p1a: Snorlax","|-damage|p1a: Snorlax|420/481","|cant|p1a: Snorlax|flinch","|","|-heal|p1a: Snorlax|450/481|[from] item: Leftovers","|turn|2","|","|move|p2a: Pikachu|Knock Off|p1a: Snorlax","|-damage|p1a: Snorlax|321/481","|-enditem|p1a: Snorlax|Leftovers|[from] move: Knock Off|[of] p2a: Pikachu","|move|p1a: Snorlax|Curse|p1a: Snorlax","|-unboost|p1a: Snorlax|spe|1","|-boost|p1a: Snorlax|atk|1","|-boost|p1a: Snorlax|def|1","|","|turn|3","|","|switch|p2a: Eelektross|Eelektross, M|374/374","|move|p1a: Snorlax|Body Slam|p2a: Eelektross","|-damage|p2a: Eelektross|143/374","|","|-heal|p2a: Eelektross|166/374|[from] item: Leftovers","|turn|4","|","|move|p2a: Eelektross|Coil|p2a: Eelektross","|-boost|p2a: Eelektross|atk|1","|-boost|p2a: Eelektross|def|1","|-boost|p2a: Eelektross|accuracy|1","|move|p1a: Snorlax|Body Slam|p2a: Eelektross","|-damage|p2a: Eelektross|0 fnt","|faint|p2a: Eelektross","|","|","|switch|p2a: Galvantula|Galvantula, F|281/281","|turn|5","|","|move|p2a: Galvantula|Sticky Web|p1a: Snorlax","|-sidestart|p1: GL ♅ JGT|move: Sticky Web","|move|p1a: Snorlax|Body Slam|p2a: Galvantula","|-enditem|p2a: Galvantula|Focus Sash","|-damage|p2a: Galvantula|1/281","|","|turn|6","|","|move|p2a: Galvantula|Thunder|p1a: Snorlax","|-damage|p1a: Snorlax|183/481","|move|p1a: Snorlax|Body Slam|p2a: Galvantula","|-damage|p2a: Galvantula|0 fnt","|faint|p2a: Galvantula","|","|","|switch|p2a: Pikachu|Pikachu, M|211/211","|turn|7","|","|move|p2a: Pikachu|Fake Out|p1a: Snorlax","|-damage|p1a: Snorlax|144/481","|cant|p1a: Snorlax|flinch","|","|turn|8","|","|move|p2a: Pikachu|Volt Tackle|p1a: Snorlax","|-damage|p1a: Snorlax|0 fnt","|-damage|p2a: Pikachu|163/211|[from] recoil|[of] p1a: Snorlax","|faint|p1a: Snorlax","|","|","|switch|p1a: Slaking|Slaking, M, shiny|441/441","|-activate|p1a: Slaking|move: Sticky Web","|-unboost|p1a: Slaking|spe|1","|turn|9","|","|switch|p2a: Lanturn|Lanturn, M|453/453","|move|p1a: Slaking|Retaliate|p2a: Lanturn","|-damage|p2a: Lanturn|0 fnt","|faint|p2a: Lanturn","|","|","|switch|p2a: Rotom-Mow|Rotom-Mow|303/303","|turn|10","|","|switch|p1a: Porygon2|Porygon2|373/373","|-activate|p1a: Porygon2|move: Sticky Web","|-unboost|p1a: Porygon2|spe|1","|-boost|p1a: Porygon2|atk|1|[from] ability: Download","|move|p2a: Rotom-Mow|Leaf Storm|p1a: Porygon2","|-damage|p1a: Porygon2|229/373","|-unboost|p2a: Rotom-Mow|spa|2","|","|turn|11","|","|move|p2a: Rotom-Mow|Discharge|p1a: Porygon2","|-damage|p1a: Porygon2|186/373","|-status|p1a: Porygon2|par","|move|p1a: Porygon2|Substitute|p1a: Porygon2","|-start|p1a: Porygon2|Substitute","|-damage|p1a: Porygon2|93/373 par","|","|turn|12","|","|switch|p2a: Electrode|Electrode|261/261","|-item|p2a: Electrode|Air Balloon","|cant|p1a: Porygon2|par","|","|turn|13","|","|move|p2a: Electrode|Electro Ball|p1a: Porygon2","|-end|p1a: Porygon2|Substitute","|move|p1a: Porygon2|Recover|p1a: Porygon2","|-heal|p1a: Porygon2|280/373 par","|","|turn|14","|","|move|p2a: Electrode|Electro Ball|p1a: Porygon2","|-damage|p1a: Porygon2|145/373 par","|cant|p1a: Porygon2|par","|","|turn|15","|","|move|p2a: Electrode|Electro Ball|p1a: Porygon2","|-damage|p1a: Porygon2|7/373 par","|cant|p1a: Porygon2|par","|","|turn|16","|","|move|p2a: Electrode|Hidden Power|p1a: Porygon2","|-damage|p1a: Porygon2|0 fnt","|faint|p1a: Porygon2","|","|","|switch|p1a: Slaking|Slaking, M, shiny|441/441","|-activate|p1a: Slaking|move: Sticky Web","|-unboost|p1a: Slaking|spe|1","|turn|17","|","|move|p2a: Electrode|Thunder Wave|p1a: Slaking","|-status|p1a: Slaking|par","|move|p1a: Slaking|Retaliate|p2a: Electrode","|-damage|p2a: Electrode|0 fnt","|-enditem|p2a: Electrode|Air Balloon","|faint|p2a: Electrode","|","|","|switch|p2a: Pikachu|Pikachu, M|163/211","|turn|18","|","|switch|p1a: Meloetta|Meloetta|341/341","|-activate|p1a: Meloetta|move: Sticky Web","|-unboost|p1a: Meloetta|spe|1","|move|p2a: Pikachu|Knock Off|p1a: Meloetta","|-supereffective|p1a: Meloetta","|-damage|p1a: Meloetta|23/341","|-enditem|p1a: Meloetta|Choice Scarf|[from] move: Knock Off|[of] p2a: Pikachu","|","|turn|19","|","|move|p2a: Pikachu|Feint|p1a: Meloetta","|-damage|p1a: Meloetta|0 fnt","|faint|p1a: Meloetta","|","|","|switch|p1a: Slaking|Slaking, M, shiny|441/441 par","|-activate|p1a: Slaking|move: Sticky Web","|-unboost|p1a: Slaking|spe|1","|turn|20","|","|move|p2a: Pikachu|Knock Off|p1a: Slaking","|-damage|p1a: Slaking|298/441 par","|-enditem|p1a: Slaking|Choice Scarf|[from] move: Knock Off|[of] p2a: Pikachu","|cant|p1a: Slaking|par","|","|turn|21","|","|move|p2a: Pikachu|Volt Tackle|p1a: Slaking","|-damage|p1a: Slaking|42/441 par","|-damage|p2a: Pikachu|79/211|[from] recoil|[of] p1a: Slaking","|cant|p1a: Slaking|ability: Truant|Hammer Arm","|","|turn|22","|","|move|p2a: Pikachu|Feint|p1a: Slaking","|-damage|p1a: Slaking|0 fnt","|faint|p1a: Slaking","|","|","|switch|p1a: Diggersby|Diggersby, M|311/311","|-activate|p1a: Diggersby|move: Sticky Web","|-unboost|p1a: Diggersby|spe|1","|turn|23","|","|move|p2a: Pikachu|Knock Off|p1a: Diggersby","|-damage|p1a: Diggersby|149/311","|-enditem|p1a: Diggersby|Focus Sash|[from] move: Knock Off|[of] p2a: Pikachu","|move|p1a: Diggersby|Swords Dance|p1a: Diggersby","|-boost|p1a: Diggersby|atk|2","|","|turn|24","|","|move|p2a: Pikachu|Feint|p1a: Diggersby","|-crit|p1a: Diggersby","|-damage|p1a: Diggersby|71/311","|move|p1a: Diggersby|Quick Attack|p2a: Pikachu","|-damage|p2a: Pikachu|0 fnt","|faint|p2a: Pikachu","|","|","|switch|p2a: Rotom-Mow|Rotom-Mow|303/303","|turn|25","|","|move|p1a: Diggersby|Quick Attack|p2a: Rotom-Mow","|-crit|p2a: Rotom-Mow","|-damage|p2a: Rotom-Mow|20/303","|move|p2a: Rotom-Mow|Leaf Storm|p1a: Diggersby","|-supereffective|p1a: Diggersby","|-damage|p1a: Diggersby|0 fnt","|-unboost|p2a: Rotom-Mow|spa|2","|faint|p1a: Diggersby","|","|","|switch|p1a: Lopunny|Lopunny, F|271/271","|-activate|p1a: Lopunny|move: Sticky Web","|-unboost|p1a: Lopunny|spe|1","|turn|26","|","|detailschange|p1a: Lopunny|Lopunny-Mega, F","|-mega|p1a: Lopunny|Lopunny|Lopunnite","|move|p1a: Lopunny|Fake Out|p2a: Rotom-Mow","|-damage|p2a: Rotom-Mow|0 fnt","|faint|p2a: Rotom-Mow","|","|win|GL ♅ JGT"],"p1rating":{"entryid":"30716","serverid":"eos","formatid":"monotype","userid":"gljgt","username":"GL ♅ JGT","w":12,"l":"11","t":"0","gxe":51.9,"r":"1503.9051488103","rd":"69.094076177282","sigma":"0","rptime":"1441184400","rpr":1514.2721166556,"rprd":67.897468214184,"rpsigma":"0","acre":1088.5215855506,"lacre":1088.5215855506,"oldacre":"1049.9957046527"},"p2rating":{"entryid":"555056","serverid":"eos","formatid":"monotype","userid":"elderhoot","username":"Elder Hoot","w":"7","l":13,"t":"0","gxe":41.1,"r":"1434.2729034485","rd":"84.287501446993","sigma":"0","rptime":"1441184400","rpr":1430.8817496074,"rprd":71.17340566031,"rpsigma":"0","acre":1085.5249675403,"lacre":1085.5249675403,"oldacre":"1115.1596730401"},"endType":"normal"}