{"seed":[46925,61205,40208,13753],"turns":25,"p1":"Primal Vergi1","p2":"SLRorich","p1team":[{"name":"Asuna","species":"malamar","item":"leftovers","ability":"Contrary","moves":["superpower","psychocut","knockoff","trickroom"],"nature":"Brave","evs":{"hp":252,"atk":252,"def":0,"spa":0,"spd":4,"spe":0},"ivs":{"hp":31,"atk":31,"def":31,"spa":31,"spd":31,"spe":0},"happiness":0},{"name":"Silica","species":"liepard","item":"leftovers","ability":"Prankster","moves":["uturn","copycat","protect","encore"],"nature":"Careful","evs":{"hp":252,"atk":4,"def":0,"spa":0,"spd":252,"spe":0},"ivs":{"hp":31,"atk":31,"def":31,"spa":31,"spd":31,"spe":31}},{"name":"Scrafty","species":"Scrafty","item":"leftovers","ability":"Shed Skin","moves":["drainpunch","bulkup","knockoff","poisonjab"],"nature":"Adamant","evs":{"hp":252,"atk":252,"def":0,"spa":0,"spd":4,"spe":0},"ivs":{"hp":31,"atk":31,"def":31,"spa":31,"spd":31,"spe":31}},{"name":"Murkrow","species":"Murkrow","item":"eviolite","ability":"Prankster","moves":["featherdance","roost","thunderwave","taunt"],"nature":"","evs":{"hp":0,"atk":0,"def":0,"spa":0,"spd":0,"spe":0},"ivs":{"hp":31,"atk":31,"def":31,"spa":31,"spd":31,"spe":31}},{"name":"Kirito","species":"sableye","item":"choiceband","ability":"Prankster","moves":["willowisp","trick","knockoff","recover"],"nature":"Calm","evs":{"hp":252,"atk":0,"def":4,"spa":0,"spd":252,"spe":0},"ivs":{"hp":31,"atk":31,"def":31,"spa":31,"spd":31,"spe":31}},{"name":"Sinon","species":"sharpedo","item":"sharpedonite","ability":"Speed Boost","moves":["waterfall","destinybond","crunch","protect"],"nature":"Adamant","evs":{"hp":0,"atk":252,"def":0,"spa":0,"spd":4,"spe":252},"ivs":{"hp":31,"atk":31,"def":31,"spa":31,"spd":31,"spe":31}}],"p2team":[{"name":"Terropion","species":"terrakion","item":"choicescarf","ability":"Justified","moves":["closecombat","earthquake","rockslide","ironhead"],"nature":"Jolly","evs":{"hp":0,"atk":252,"def":0,"spa":0,"spd":4,"spe":252},"shiny":true,"ivs":{"hp":31,"atk":31,"def":31,"spa":31,"spd":31,"spe":31}},{"name":"Punchy","species":"conkeldurr","item":"assaultvest","ability":"Guts","moves":["drainpunch","knockoff","machpunch","icepunch"],"nature":"Adamant","evs":{"hp":4,"atk":252,"def":0,"spa":0,"spd":252,"spe":0},"gender":"F","shiny":true,"ivs":{"hp":31,"atk":31,"def":31,"spa":31,"spd":31,"spe":31}},{"name":"Scarflucha","species":"hawlucha","item":"choicescarf","ability":"Limber","moves":["acrobatics","flyingpress","highjumpkick","swordsdance"],"nature":"Jolly","evs":{"hp":4,"atk":252,"def":0,"spa":0,"spd":0,"spe":252},"shiny":true,"ivs":{"hp":31,"atk":31,"def":31,"spa":31,"spd":31,"spe":31}},{"name":"SWORD","species":"gallade","item":"galladite","ability":"Steadfast","moves":["closecombat","swordsdance","shadowsneak","psychocut"],"nature":"Jolly","evs":{"hp":4,"atk":252,"def":0,"spa":0,"spd":0,"spe":252},"ivs":{"hp":31,"atk":31,"def":31,"spa":31,"spd":31,"spe":31}},{"name":"Keldeo-Resolute","species":"Keldeo-Resolute","item":"choicespecs","ability":"Justified","moves":["hydropump","scald","icywind","secretsword"],"nature":"Timid","evs":{"hp":0,"atk":0,"def":0,"spa":252,"spd":4,"spe":252},"ivs":{"hp":31,"atk":31,"def":31,"spa":31,"spd":31,"spe":31}},{"name":"Chesnaught","species":"Chesnaught","item":"rockyhelmet","ability":"Bulletproof","moves":["leechseed","spikyshield","woodhammer","drainpunch"],"nature":"Adamant","evs":{"hp":248,"atk":252,"def":0,"spa":0,"spd":8,"spe":0},"ivs":{"hp":31,"atk":31,"def":31,"spa":31,"spd":31,"spe":31}}],"log":["|player|p1|Primal Vergi1|vergi1.png","|player|p2|SLRorich|137","|gametype|singles","|gen|6","|tier|Monotype","|rated","|rule|Baton Pass Clause: Limit one Baton Passer, can't pass Spe and other stats simultaneously","|rule|Swagger Clause: Swagger is banned","|rule|Same Type Clause: Pokémon in a team must share a type","|clearpoke","|poke|p1|Malamar, F","|poke|p1|Liepard, M","|poke|p1|Scrafty, M","|poke|p1|Murkrow, F","|poke|p1|Sableye, F","|poke|p1|Sharpedo, M","|poke|p2|Terrakion, shiny","|poke|p2|Conkeldurr, F, shiny","|poke|p2|Hawlucha, F, shiny","|poke|p2|Gallade, M","|poke|p2|Keldeo-Resolute","|poke|p2|Chesnaught, F","|rule|Sleep Clause Mod: Limit one foe put to sleep","|rule|Species Clause: Limit one of each Pokémon","|rule|OHKO Clause: OHKO moves are banned","|rule|Moody Clause: Moody is banned","|rule|Evasion Moves Clause: Evasion moves are banned","|rule|Endless Battle Clause: Forcing endless battles is banned","|rule|HP Percentage Mod: HP is shown in percentages","|teampreview","|","|start","|switch|p1a: Kirito|Sableye, F|304/304","|switch|p2a: Chesnaught|Chesnaught, F|379/379","|turn|1","|","|move|p1a: Kirito|Trick|p2a: Chesnaught","|-activate|p1a: Kirito|move: Trick|[of] p2a: Chesnaught","|-item|p2a: Chesnaught|Choice Band|[from] move: Trick","|-item|p1a: Kirito|Rocky Helmet|[from] move: Trick","|move|p2a: Chesnaught|Leech Seed|p1a: Kirito","|-start|p1a: Kirito|move: Leech Seed","|","|-damage|p1a: Kirito|266/304|[from] Leech Seed|[of] p2a: Chesnaught","|turn|2","|","|switch|p2a: Terropion|Terrakion, shiny|323/323","|move|p1a: Kirito|Will-O-Wisp|p2a: Terropion|[miss]","|-miss|p1a: Kirito|p2a: Terropion","|","|-damage|p1a: Kirito|228/304|[from] Leech Seed|[of] p2a: Terropion","|turn|3","|","|switch|p2a: Keldeo-Resolute|Keldeo-Resolute|323/323","|move|p1a: Kirito|Will-O-Wisp|p2a: Keldeo-Resolute","|-status|p2a: Keldeo-Resolute|brn","|","|-damage|p1a: Kirito|190/304|[from] Leech Seed|[of] p2a: Keldeo-Resolute","|-damage|p2a: Keldeo-Resolute|283/323 brn|[from] brn","|turn|4","|","|switch|p1a: Scrafty|Scrafty, M|334/334","|move|p2a: Keldeo-Resolute|Hydro Pump|p1a: Scrafty","|-damage|p1a: Scrafty|63/334","|","|-heal|p1a: Scrafty|83/334|[from] item: Leftovers","|-damage|p2a: Keldeo-Resolute|243/323 brn|[from] brn","|turn|5","|","|move|p2a: Keldeo-Resolute|Hydro Pump|p1a: Scrafty|[miss]","|-miss|p2a: Keldeo-Resolute|p1a: Scrafty","|move|p1a: Scrafty|Drain Punch|p2a: Keldeo-Resolute","|-damage|p2a: Keldeo-Resolute|110/323 brn","|-heal|p1a: Scrafty|150/334|[from] drain|[of] p2a: Keldeo-Resolute","|","|-heal|p1a: Scrafty|170/334|[from] item: Leftovers","|-damage|p2a: Keldeo-Resolute|70/323 brn|[from] brn","|turn|6","|","|move|p2a: Keldeo-Resolute|Hydro Pump|p1a: Scrafty","|-damage|p1a: Scrafty|0 fnt","|faint|p1a: Scrafty","|","|-damage|p2a: Keldeo-Resolute|30/323 brn|[from] brn","|","|switch|p1a: Silica|Liepard, M|332/332","|turn|7","|","|move|p1a: Silica|Protect|p1a: Silica","|-singleturn|p1a: Silica|Protect","|move|p2a: Keldeo-Resolute|Hydro Pump|p1a: Silica","|-activate|p1a: Silica|Protect","|","|-damage|p2a: Keldeo-Resolute|0 fnt|[from] brn","|faint|p2a: Keldeo-Resolute","|","|switch|p2a: Punchy|Conkeldurr, F, shiny|352/352","|turn|8","|","|switch|p1a: Kirito|Sableye, F|190/304","|move|p2a: Punchy|Drain Punch|p1a: Kirito","|-immune|p1a: Kirito|[msg]","|","|turn|9","|","|move|p1a: Kirito|Recover|p1a: Kirito","|-heal|p1a: Kirito|304/304","|move|p2a: Punchy|Ice Punch|p1a: Kirito","|-damage|p1a: Kirito|177/304","|-damage|p2a: Punchy|294/352|[from] item: Rocky Helmet|[of] p1a: Kirito","|","|turn|10","|","|move|p1a: Kirito|Knock Off|p2a: Punchy","|-resisted|p2a: Punchy","|-damage|p2a: Punchy|248/352","|-enditem|p2a: Punchy|Assault Vest|[from] move: Knock Off|[of] p1a: Kirito","|move|p2a: Punchy|Knock Off|p1a: Kirito","|-damage|p1a: Kirito|22/304","|-damage|p2a: Punchy|190/352|[from] item: Rocky Helmet|[of] p1a: Kirito","|-enditem|p1a: Kirito|Rocky Helmet|[from] move: Knock Off|[of] p2a: Punchy","|","|turn|11","|","|move|p1a: Kirito|Recover|p1a: Kirito","|-heal|p1a: Kirito|174/304","|move|p2a: Punchy|Ice Punch|p1a: Kirito","|-damage|p1a: Kirito|40/304","|","|turn|12","|","|switch|p2a: SWORD|Gallade, M|278/278","|move|p1a: Kirito|Recover|p1a: Kirito","|-heal|p1a: Kirito|192/304","|","|turn|13","|","|detailschange|p2a: SWORD|Gallade-Mega, M","|-mega|p2a: SWORD|Gallade|Galladite","|move|p1a: Kirito|Will-O-Wisp|p2a: SWORD","|-status|p2a: SWORD|brn","|move|p2a: SWORD|Swords Dance|p2a: SWORD","|-boost|p2a: SWORD|atk|2","|","|-damage|p2a: SWORD|244/278 brn|[from] brn","|turn|14","|","|switch|p1a: Murkrow|Murkrow, F|261/261","|move|p2a: SWORD|Shadow Sneak|p1a: Murkrow","|-resisted|p1a: Murkrow","|-damage|p1a: Murkrow|224/261","|","|-damage|p2a: SWORD|210/278 brn|[from] brn","|turn|15","|","|move|p1a: Murkrow|Feather Dance|p2a: SWORD","|-unboost|p2a: SWORD|atk|2","|move|p2a: SWORD|Close Combat|p1a: Murkrow","|-damage|p1a: Murkrow|53/261","|-unboost|p2a: SWORD|def|1","|-unboost|p2a: SWORD|spd|1","|","|-damage|p2a: SWORD|176/278 brn|[from] brn","|turn|16","|","|move|p1a: Murkrow|Roost|p1a: Murkrow","|-heal|p1a: Murkrow|184/261","|move|p2a: SWORD|Close Combat|p1a: Murkrow","|-supereffective|p1a: Murkrow","|-damage|p1a: Murkrow|0 fnt","|-unboost|p2a: SWORD|def|1","|-unboost|p2a: SWORD|spd|1","|faint|p1a: Murkrow","|","|-damage|p2a: SWORD|142/278 brn|[from] brn","|","|switch|p1a: Asuna|Malamar, F|376/376","|turn|17","|","|move|p2a: SWORD|Shadow Sneak|p1a: Asuna","|-crit|p1a: Asuna","|-damage|p1a: Asuna|332/376","|move|p1a: Asuna|Superpower|p2a: SWORD","|-crit|p2a: SWORD","|-resisted|p2a: SWORD","|-damage|p2a: SWORD|0 fnt","|-boost|p1a: Asuna|atk|1","|-boost|p1a: Asuna|def|1","|faint|p2a: SWORD","|","|-heal|p1a: Asuna|355/376|[from] item: Leftovers","|","|switch|p2a: Punchy|Conkeldurr, F, shiny|190/352","|turn|18","|","|move|p2a: Punchy|Knock Off|p1a: Asuna","|-damage|p1a: Asuna|260/376","|-enditem|p1a: Asuna|Leftovers|[from] move: Knock Off|[of] p2a: Punchy","|move|p1a: Asuna|Trick Room|p1a: Asuna","|-fieldstart|move: Trick Room|[of] p1a: Asuna","|","|turn|19","|","|move|p2a: Punchy|Drain Punch|p1a: Asuna","|-damage|p1a: Asuna|139/376","|-heal|p2a: Punchy|251/352|[from] drain|[of] p1a: Asuna","|move|p1a: Asuna|Superpower|p2a: Punchy","|-damage|p2a: Punchy|51/352","|-boost|p1a: Asuna|atk|1","|-boost|p1a: Asuna|def|1","|","|turn|20","|","|move|p2a: Punchy|Ice Punch|p1a: Asuna","|-damage|p1a: Asuna|83/376","|move|p1a: Asuna|Superpower|p2a: Punchy","|-damage|p2a: Punchy|0 fnt","|-boost|p1a: Asuna|atk|1","|-boost|p1a: Asuna|def|1","|faint|p2a: Punchy","|","|","|switch|p2a: Chesnaught|Chesnaught, F|379/379","|turn|21","|","|move|p2a: Chesnaught|Spiky Shield|p2a: Chesnaught","|-singleturn|p2a: Chesnaught|move: Protect","|move|p1a: Asuna|Psycho Cut|p2a: Chesnaught","|-activate|p2a: Chesnaught|Protect","|","|turn|22","|","|switch|p2a: Terropion|Terrakion, shiny|323/323","|move|p1a: Asuna|Psycho Cut|p2a: Terropion","|-supereffective|p2a: Terropion","|-damage|p2a: Terropion|0 fnt","|faint|p2a: Terropion","|","|-fieldend|move: Trick Room","|","|switch|p2a: Scarflucha|Hawlucha, F, shiny|298/298","|turn|23","|","|move|p2a: Scarflucha|Flying Press|p1a: Asuna","|-damage|p1a: Asuna|37/376","|move|p1a: Asuna|Psycho Cut|p2a: Scarflucha","|-supereffective|p2a: Scarflucha","|-damage|p2a: Scarflucha|0 fnt","|faint|p2a: Scarflucha","|","|","|switch|p2a: Chesnaught|Chesnaught, F|379/379","|turn|24","|","|move|p2a: Chesnaught|Drain Punch|p1a: Asuna","|-damage|p1a: Asuna|0 fnt","|faint|p1a: Asuna","|","|","|switch|p1a: Sinon|Sharpedo, M|281/281","|turn|25","|","|move|p1a: Sinon|Destiny Bond|p1a: Sinon","|-singlemove|p1a: Sinon|Destiny Bond","|move|p2a: Chesnaught|Drain Punch|p1a: Sinon","|-supereffective|p1a: Sinon","|-damage|p1a: Sinon|0 fnt","|faint|p1a: Sinon","|-activate|p1a: Sinon|Destiny Bond","|faint|p2a: Chesnaught","|","|win|Primal Vergi1"],"p1rating":{"entryid":"776170","serverid":"eos","formatid":"monotype","userid":"primalvergi1","username":"Primal Vergi1","w":1,"l":"1","t":"0","gxe":51.5,"r":"1500","rd":"130","sigma":"0","rptime":"1441184400","rpr":1512.1175598292,"rprd":115.83859743191,"rpsigma":"0","acre":1056.6020533389,"lacre":1056.6020533389,"oldacre":"1000"},"p2rating":{"entryid":"259402","serverid":"eos","formatid":"monotype","userid":"slrorich","username":"SLRorich","w":"15","l":11,"t":"0","gxe":54,"r":"1528.6464035698","rd":"68.850922611613","sigma":"0","rptime":"1441184400","rpr":1530.5501874166,"rprd":66.557587579427,"rpsigma":"0","acre":1118.0854925292,"lacre":1118.0854925292,"oldacre":"1153.461775866"},"endType":"normal"}