{"seed":[52943,2046,45800,9250],"turns":21,"p1":"Marx-Bot","p2":"Crystal Bronze","p1team":[{"name":"Sharpedo","species":"Sharpedo","item":"focussash","ability":"Speed Boost","moves":["crunch","waterfall","earthquake","destinybond"],"nature":"Adamant","evs":{"hp":0,"atk":252,"def":0,"spa":0,"spd":4,"spe":252},"ivs":{"hp":31,"atk":31,"def":31,"spa":31,"spd":31,"spe":31}},{"name":"Blastoise","species":"Blastoise","item":"blastoisinite","ability":"Torrent","moves":["darkpulse","dragonpulse","icebeam","waterspout"],"nature":"Modest","evs":{"hp":248,"atk":0,"def":0,"spa":252,"spd":8,"spe":0},"ivs":{"hp":31,"atk":31,"def":31,"spa":31,"spd":31,"spe":31}},{"name":"Ludicolo","species":"Ludicolo","item":"choicespecs","ability":"Swift Swim","moves":["gigadrain","icebeam","surf","energyball"],"nature":"Modest","evs":{"hp":0,"atk":0,"def":0,"spa":252,"spd":4,"spe":252},"ivs":{"hp":31,"atk":31,"def":31,"spa":31,"spd":31,"spe":31}},{"name":"Quagsire","species":"Quagsire","item":"leftovers","ability":"Unaware","moves":["protect","recover","waterfall","toxic"],"nature":"Impish","evs":{"hp":252,"atk":4,"def":252,"spa":0,"spd":0,"spe":0},"ivs":{"hp":31,"atk":31,"def":31,"spa":31,"spd":31,"spe":31}},{"name":"Rotom-Wash","species":"Rotom-Wash","item":"leftovers","ability":"Levitate","moves":["hydropump","willowisp","voltswitch","painsplit"],"nature":"Calm","evs":{"hp":252,"atk":0,"def":0,"spa":4,"spd":252,"spe":0},"ivs":{"hp":31,"atk":31,"def":31,"spa":31,"spd":31,"spe":31}},{"name":"Politoed","species":"Politoed","item":"leftovers","ability":"Drizzle","moves":["scald","icebeam","psychic","toxic"],"nature":"Bold","evs":{"hp":252,"atk":0,"def":252,"spa":4,"spd":0,"spe":0},"ivs":{"hp":31,"atk":31,"def":31,"spa":31,"spd":31,"spe":31}}],"p2team":[{"name":"Onyx","species":"durant","item":"choiceband","ability":"Hustle","moves":["gigaimpact","ironhead","xscissor","rockslide"],"nature":"Jolly","evs":{"hp":0,"atk":252,"def":0,"spa":0,"spd":4,"spe":252},"gender":"M","ivs":{"hp":31,"atk":31,"def":31,"spa":31,"spd":31,"spe":31}},{"name":"Chyroprase","species":"shuckle","item":"leftovers","ability":"Contrary","moves":["shellsmash","rest","toxic","infestation"],"nature":"Careful","evs":{"hp":248,"atk":8,"def":0,"spa":0,"spd":252,"spe":0},"gender":"M","ivs":{"hp":31,"atk":0,"def":31,"spa":31,"spd":31,"spe":31}},{"name":"Sardonyx","species":"armaldo","item":"assaultvest","ability":"Battle Armor","moves":["aquajet","earthquake","stoneedge","rapidspin"],"nature":"Adamant","evs":{"hp":248,"atk":252,"def":0,"spa":0,"spd":8,"spe":0},"ivs":{"hp":31,"atk":31,"def":31,"spa":31,"spd":31,"spe":31}},{"name":"Chysolite","species":"volcarona","item":"focussash","ability":"Flame Body","moves":["bugbuzz","fierydance","gigadrain","quiverdance"],"nature":"Timid","evs":{"hp":0,"atk":0,"def":0,"spa":252,"spd":4,"spe":252},"gender":"F","ivs":{"hp":31,"atk":0,"def":30,"spa":30,"spd":31,"spe":31},"shiny":true},{"name":"Blood Stone","species":"pinsir","item":"pinsirite","ability":"Moxie","moves":["quickattack","closecombat","return","swordsdance"],"nature":"Jolly","evs":{"hp":0,"atk":252,"def":0,"spa":0,"spd":0,"spe":252},"gender":"M","ivs":{"hp":31,"atk":31,"def":31,"spa":31,"spd":31,"spe":31}},{"name":"Diopside","species":"yanmega","item":"lifeorb","ability":"Speed Boost","moves":["airslash","bugbuzz","hiddenpowerground","detect"],"nature":"Modest","evs":{"hp":0,"atk":0,"def":0,"spa":252,"spd":4,"spe":252},"gender":"M","ivs":{"hp":31,"atk":0,"def":31,"spa":30,"spd":30,"spe":31}}],"log":["|player|p1|Marx-Bot|167","|player|p2|Crystal Bronze|274","|gametype|singles","|gen|6","|tier|Monotype","|rated","|rule|Baton Pass Clause: Limit one Baton Passer, can't pass Spe and other stats simultaneously","|rule|Swagger Clause: Swagger is banned","|rule|Same Type Clause: Pokémon in a team must share a type","|clearpoke","|poke|p1|Sharpedo, M","|poke|p1|Blastoise, M","|poke|p1|Ludicolo, M","|poke|p1|Quagsire, F","|poke|p1|Rotom-Wash","|poke|p1|Politoed, F","|poke|p2|Durant, M","|poke|p2|Shuckle, M","|poke|p2|Armaldo, M","|poke|p2|Volcarona, F, shiny","|poke|p2|Pinsir, M","|poke|p2|Yanmega, M","|rule|Sleep Clause Mod: Limit one foe put to sleep","|rule|Species Clause: Limit one of each Pokémon","|rule|OHKO Clause: OHKO moves are banned","|rule|Moody Clause: Moody is banned","|rule|Evasion Moves Clause: Evasion moves are banned","|rule|Endless Battle Clause: Forcing endless battles is banned","|rule|HP Percentage Mod: HP is shown in percentages","|teampreview","|","|start","|switch|p1a: Blastoise|Blastoise, M|361/361","|switch|p2a: Chysolite|Volcarona, F, shiny|311/311","|turn|1","|","|detailschange|p1a: Blastoise|Blastoise-Mega, M","|-mega|p1a: Blastoise|Blastoise|Blastoisinite","|move|p2a: Chysolite|Quiver Dance|p2a: Chysolite","|-boost|p2a: Chysolite|spa|1","|-boost|p2a: Chysolite|spd|1","|-boost|p2a: Chysolite|spe|1","|move|p1a: Blastoise|Water Spout|p2a: Chysolite","|-supereffective|p2a: Chysolite","|-enditem|p2a: Chysolite|Focus Sash","|-damage|p2a: Chysolite|1/311","|","|turn|2","|","|move|p2a: Chysolite|Giga Drain|p1a: Blastoise","|-supereffective|p1a: Blastoise","|-damage|p1a: Blastoise|139/361","|-heal|p2a: Chysolite|112/311|[from] drain|[of] p1a: Blastoise","|move|p1a: Blastoise|Dark Pulse|p2a: Chysolite","|-damage|p2a: Chysolite|7/311","|","|turn|3","|","|move|p2a: Chysolite|Giga Drain|p1a: Blastoise","|-supereffective|p1a: Blastoise","|-damage|p1a: Blastoise|0 fnt","|-heal|p2a: Chysolite|77/311|[from] drain|[of] p1a: Blastoise","|faint|p1a: Blastoise","|","|","|switch|p1a: Sharpedo|Sharpedo, M|281/281","|turn|4","|","|move|p2a: Chysolite|Giga Drain|p1a: Sharpedo","|-supereffective|p1a: Sharpedo","|-enditem|p1a: Sharpedo|Focus Sash","|-damage|p1a: Sharpedo|1/281","|-heal|p2a: Chysolite|217/311|[from] drain|[of] p1a: Sharpedo","|move|p1a: Sharpedo|Waterfall|p2a: Chysolite","|-supereffective|p2a: Chysolite","|-damage|p2a: Chysolite|0 fnt","|faint|p2a: Chysolite","|","|-boost|p1a: Sharpedo|spe|1|[from] ability: Speed Boost","|","|switch|p2a: Blood Stone|Pinsir, M|271/271","|turn|5","|","|move|p2a: Blood Stone|Quick Attack|p1a: Sharpedo","|-crit|p1a: Sharpedo","|-damage|p1a: Sharpedo|0 fnt","|faint|p1a: Sharpedo","|-boost|p2a: Blood Stone|atk|1|[from] ability: Moxie","|","|","|switch|p1a: Rotom-Wash|Rotom-Wash|304/304","|turn|6","|","|detailschange|p2a: Blood Stone|Pinsir-Mega, M","|-mega|p2a: Blood Stone|Pinsir|Pinsirite","|move|p2a: Blood Stone|Swords Dance|p2a: Blood Stone","|-boost|p2a: Blood Stone|atk|2","|move|p1a: Rotom-Wash|Will-O-Wisp|p2a: Blood Stone","|-status|p2a: Blood Stone|brn","|","|-damage|p2a: Blood Stone|238/271 brn|[from] brn","|turn|7","|","|move|p2a: Blood Stone|Close Combat|p1a: Rotom-Wash","|-damage|p1a: Rotom-Wash|106/304","|-unboost|p2a: Blood Stone|def|1","|-unboost|p2a: Blood Stone|spd|1","|move|p1a: Rotom-Wash|Volt Switch|p2a: Blood Stone","|-supereffective|p2a: Blood Stone","|-damage|p2a: Blood Stone|0 fnt","|faint|p2a: Blood Stone","|","|switch|p1a: Quagsire|Quagsire, F|394/394","|","|","|switch|p2a: Diopside|Yanmega, M|313/313","|turn|8","|","|move|p1a: Quagsire|Protect|p1a: Quagsire","|-singleturn|p1a: Quagsire|Protect","|move|p2a: Diopside|Bug Buzz|p1a: Quagsire","|-activate|p1a: Quagsire|Protect","|","|-boost|p2a: Diopside|spe|1|[from] ability: Speed Boost","|turn|9","|","|move|p2a: Diopside|Bug Buzz|p1a: Quagsire","|-damage|p1a: Quagsire|112/394","|-damage|p2a: Diopside|282/313|[from] item: Life Orb","|move|p1a: Quagsire|Waterfall|p2a: Diopside","|-damage|p2a: Diopside|194/313","|","|-heal|p1a: Quagsire|136/394|[from] item: Leftovers","|-boost|p2a: Diopside|spe|1|[from] ability: Speed Boost","|turn|10","|","|move|p1a: Quagsire|Protect|p1a: Quagsire","|-singleturn|p1a: Quagsire|Protect","|move|p2a: Diopside|Bug Buzz|p1a: Quagsire","|-activate|p1a: Quagsire|Protect","|","|-heal|p1a: Quagsire|160/394|[from] item: Leftovers","|-boost|p2a: Diopside|spe|1|[from] ability: Speed Boost","|turn|11","|","|switch|p1a: Rotom-Wash|Rotom-Wash|106/304","|move|p2a: Diopside|Bug Buzz|p1a: Rotom-Wash","|-damage|p1a: Rotom-Wash|0 fnt","|-damage|p2a: Diopside|163/313|[from] item: Life Orb","|faint|p1a: Rotom-Wash","|","|-boost|p2a: Diopside|spe|1|[from] ability: Speed Boost","|","|switch|p1a: Politoed|Politoed, F|384/384","|-weather|RainDance","|turn|12","|","|move|p2a: Diopside|Bug Buzz|p1a: Politoed","|-damage|p1a: Politoed|170/384","|-damage|p2a: Diopside|132/313|[from] item: Life Orb","|move|p1a: Politoed|Scald|p2a: Diopside","|-damage|p2a: Diopside|0 fnt","|faint|p2a: Diopside","|","|-weather|RainDance|[upkeep]","|-heal|p1a: Politoed|194/384|[from] item: Leftovers","|","|switch|p2a: Sardonyx|Armaldo, M|353/353","|turn|13","|","|move|p1a: Politoed|Toxic|p2a: Sardonyx","|-status|p2a: Sardonyx|tox","|move|p2a: Sardonyx|Earthquake|p1a: Politoed","|-damage|p1a: Politoed|79/384","|","|-weather|RainDance|[upkeep]","|-heal|p1a: Politoed|103/384|[from] item: Leftovers","|-damage|p2a: Sardonyx|331/353 tox|[from] psn","|turn|14","|","|switch|p1a: Quagsire|Quagsire, F|160/394","|move|p2a: Sardonyx|Earthquake|p1a: Quagsire","|-crit|p1a: Quagsire","|-damage|p1a: Quagsire|19/394","|","|-weather|RainDance|[upkeep]","|-heal|p1a: Quagsire|43/394|[from] item: Leftovers","|-damage|p2a: Sardonyx|287/353 tox|[from] psn","|turn|15","|","|move|p1a: Quagsire|Protect|p1a: Quagsire","|-singleturn|p1a: Quagsire|Protect","|move|p2a: Sardonyx|Earthquake|p1a: Quagsire","|-activate|p1a: Quagsire|Protect","|","|-weather|RainDance|[upkeep]","|-heal|p1a: Quagsire|67/394|[from] item: Leftovers","|-damage|p2a: Sardonyx|221/353 tox|[from] psn","|turn|16","|","|move|p2a: Sardonyx|Earthquake|p1a: Quagsire","|-damage|p1a: Quagsire|0 fnt","|faint|p1a: Quagsire","|","|-weather|none","|-damage|p2a: Sardonyx|133/353 tox|[from] psn","|","|switch|p1a: Politoed|Politoed, F|103/384","|-weather|RainDance","|turn|17","|","|move|p2a: Sardonyx|Aqua Jet|p1a: Politoed","|-resisted|p1a: Politoed","|-damage|p1a: Politoed|71/384","|move|p1a: Politoed|Scald|p2a: Sardonyx","|-supereffective|p2a: Sardonyx","|-damage|p2a: Sardonyx|0 fnt","|faint|p2a: Sardonyx","|","|-weather|RainDance|[upkeep]","|-heal|p1a: Politoed|95/384|[from] item: Leftovers","|","|switch|p2a: Onyx|Durant, M|257/257","|turn|18","|","|move|p2a: Onyx|X-Scissor|p1a: Politoed","|-damage|p1a: Politoed|0 fnt","|faint|p1a: Politoed","|","|-weather|RainDance|[upkeep]","|","|switch|p1a: Ludicolo|Ludicolo, M|301/301","|turn|19","|","|move|p1a: Ludicolo|Surf|p2a: Onyx","|-damage|p2a: Onyx|0 fnt","|faint|p2a: Onyx","|","|-weather|RainDance|[upkeep]","|","|switch|p2a: Chyroprase|Shuckle, M|243/243","|turn|20","|","|move|p1a: Ludicolo|Surf|p2a: Chyroprase","|-supereffective|p2a: Chyroprase","|-damage|p2a: Chyroprase|25/243","|move|p2a: Chyroprase|Shell Smash|p2a: Chyroprase","|-boost|p2a: Chyroprase|def|1","|-boost|p2a: Chyroprase|spd|1","|-unboost|p2a: Chyroprase|atk|2","|-unboost|p2a: Chyroprase|spa|2","|-unboost|p2a: Chyroprase|spe|2","|","|-weather|RainDance|[upkeep]","|-heal|p2a: Chyroprase|40/243|[from] item: Leftovers","|turn|21","|","|move|p1a: Ludicolo|Surf|p2a: Chyroprase","|-supereffective|p2a: Chyroprase","|-damage|p2a: Chyroprase|0 fnt","|faint|p2a: Chyroprase","|","|win|Marx-Bot"],"p1rating":{"entryid":"79213","serverid":"eos","formatid":"monotype","userid":"marxbot","username":"Marx-Bot","w":18,"l":"21","t":"0","gxe":46.6,"r":"1481.5441715131","rd":"56.002872072529","sigma":"0","rptime":"1441184400","rpr":1474.3939719691,"rprd":54.093312116933,"rpsigma":"0","acre":1098.6137948666,"lacre":1098.6137948666,"oldacre":"1065.3873455878"},"p2rating":{"entryid":"100398","serverid":"eos","formatid":"monotype","userid":"crystalbronze","username":"Crystal Bronze","w":"11","l":13,"t":"0","gxe":45.9,"r":"1471.6935270287","rd":"75.643307999392","sigma":"0","rptime":"1441184400","rpr":1468.466273957,"rprd":66.54845843203,"rpsigma":"0","acre":1072.9132622638,"lacre":1072.9132622638,"oldacre":"1100.4259819847"},"endType":"normal"}