{"seed":[54434,41352,10193,14907],"turns":27,"p1":"Apex✦Quilluminati","p2":"Crystal Blade64","p1team":[{"name":"Aggron","species":"Aggron","item":"aggronite","ability":"Sturdy","moves":["heavyslam","curse","rest","sleeptalk"],"nature":"Impish","evs":{"hp":252,"atk":0,"def":16,"spa":0,"spd":240,"spe":0},"shiny":true,"ivs":{"hp":31,"atk":31,"def":31,"spa":31,"spd":31,"spe":31}},{"name":"Aerodactyl","species":"Aerodactyl","item":"focussash","ability":"Rock Head","moves":["aerialace","honeclaws","stoneedge","defog"],"nature":"Jolly","evs":{"hp":0,"atk":252,"def":0,"spa":0,"spd":4,"spe":252},"ivs":{"hp":31,"atk":31,"def":31,"spa":31,"spd":31,"spe":31}},{"name":"Cradily","species":"Cradily","item":"rockyhelmet","ability":"Storm Drain","moves":["gigadrain","stockpile","recover","toxic"],"nature":"Calm","evs":{"hp":44,"atk":0,"def":216,"spa":108,"spd":140,"spe":0},"ivs":{"hp":31,"atk":31,"def":31,"spa":31,"spd":31,"spe":31}},{"name":"Tyranitar","species":"Tyranitar","item":"assaultvest","ability":"Sand Stream","moves":["fireblast","crunch","earthquake","stoneedge"],"nature":"Naughty","evs":{"hp":252,"atk":152,"def":0,"spa":104,"spd":0,"spe":0},"ivs":{"hp":31,"atk":31,"def":31,"spa":31,"spd":31,"spe":31}},{"name":"Terrakion","species":"Terrakion","item":"choicescarf","ability":"Justified","moves":["closecombat","earthquake","ironhead","stoneedge"],"nature":"Jolly","evs":{"hp":0,"atk":252,"def":0,"spa":0,"spd":4,"spe":252},"ivs":{"hp":31,"atk":31,"def":31,"spa":31,"spd":31,"spe":31}},{"name":"Omastar","species":"Omastar","item":"focussash","ability":"Shell Armor","moves":["shellsmash","icebeam","scald","earthpower"],"nature":"Modest","evs":{"hp":0,"atk":0,"def":0,"spa":252,"spd":4,"spe":252},"ivs":{"hp":31,"atk":31,"def":31,"spa":31,"spd":31,"spe":31}}],"p2team":[{"name":"Reckless","species":"staraptor","item":"leftovers","ability":"Intimidate","moves":["bravebird","roost","featherdance","defog"],"nature":"Impish","evs":{"hp":252,"atk":4,"def":252,"spa":0,"spd":0,"spe":0},"ivs":{"hp":31,"atk":31,"def":31,"spa":31,"spd":31,"spe":31}},{"name":"BetterThanYou","species":"ditto","item":"choicescarf","ability":"Imposter","moves":["transform"],"nature":"Bold","evs":{"hp":248,"atk":0,"def":252,"spa":0,"spd":8,"spe":0},"happiness":0,"ivs":{"hp":31,"atk":31,"def":31,"spa":31,"spd":31,"spe":31}},{"name":"Nurse Joy pls","species":"chansey","item":"eviolite","ability":"Natural Cure","moves":["aromatherapy","softboiled","thunderwave","seismictoss"],"nature":"Bold","evs":{"hp":248,"atk":0,"def":252,"spa":0,"spd":8,"spe":0},"ivs":{"hp":31,"atk":31,"def":31,"spa":31,"spd":31,"spe":31}},{"name":"EnergizerBunny","species":"lopunny","item":"lopunnite","ability":"Cute Charm","moves":["fakeout","highjumpkick","icepunch","frustration"],"nature":"Jolly","evs":{"hp":4,"atk":252,"def":0,"spa":0,"spd":0,"spe":252},"happiness":0,"ivs":{"hp":31,"atk":31,"def":31,"spa":31,"spd":31,"spe":31}},{"name":"DownloadFreeRAM","species":"porygon2","item":"eviolite","ability":"Trace","moves":["toxic","recover","icebeam","discharge"],"nature":"Bold","evs":{"hp":248,"atk":0,"def":252,"spa":8,"spd":0,"spe":0},"ivs":{"hp":31,"atk":31,"def":31,"spa":31,"spd":31,"spe":31}},{"name":"Diggersby tho","species":"diggersby","item":"choiceband","ability":"Huge Power","moves":["earthquake","quickattack","frustration","uturn"],"nature":"Adamant","evs":{"hp":4,"atk":252,"def":0,"spa":0,"spd":0,"spe":252},"happiness":0,"ivs":{"hp":31,"atk":31,"def":31,"spa":31,"spd":31,"spe":31}}],"log":["|player|p1|Apex✦Quilluminati|101","|player|p2|Crystal Blade64|165","|gametype|singles","|gen|6","|tier|Monotype","|rated","|rule|Baton Pass Clause: Limit one Baton Passer, can't pass Spe and other stats simultaneously","|rule|Swagger Clause: Swagger is banned","|rule|Same Type Clause: Pokémon in a team must share a type","|clearpoke","|poke|p1|Aggron, M, shiny","|poke|p1|Aerodactyl, M","|poke|p1|Cradily, M","|poke|p1|Tyranitar, M","|poke|p1|Terrakion","|poke|p1|Omastar, M","|poke|p2|Staraptor, F","|poke|p2|Ditto","|poke|p2|Chansey, F","|poke|p2|Lopunny, M","|poke|p2|Porygon2","|poke|p2|Diggersby, M","|rule|Sleep Clause Mod: Limit one foe put to sleep","|rule|Species Clause: Limit one of each Pokémon","|rule|OHKO Clause: OHKO moves are banned","|rule|Moody Clause: Moody is banned","|rule|Evasion Moves Clause: Evasion moves are banned","|rule|Endless Battle Clause: Forcing endless battles is banned","|rule|HP Percentage Mod: HP is shown in percentages","|teampreview","|","|start","|switch|p1a: Aggron|Aggron, M, shiny|344/344","|switch|p2a: Diggersby tho|Diggersby, M|312/312","|turn|1","|","|detailschange|p1a: Aggron|Aggron-Mega, M, shiny","|-mega|p1a: Aggron|Aggron|Aggronite","|move|p2a: Diggersby tho|Earthquake|p1a: Aggron","|-supereffective|p1a: Aggron","|-damage|p1a: Aggron|124/344","|move|p1a: Aggron|Curse|p1a: Aggron","|-unboost|p1a: Aggron|spe|1","|-boost|p1a: Aggron|atk|1","|-boost|p1a: Aggron|def|1","|","|turn|2","|","|move|p2a: Diggersby tho|Earthquake|p1a: Aggron","|-crit|p1a: Aggron","|-supereffective|p1a: Aggron","|-damage|p1a: Aggron|0 fnt","|faint|p1a: Aggron","|","|","|switch|p1a: Terrakion|Terrakion|323/323","|turn|3","|","|switch|p2a: Reckless|Staraptor, F|374/374","|-ability|p2a: Reckless|Intimidate","|-unboost|p1a: Terrakion|atk|1","|move|p1a: Terrakion|Close Combat|p2a: Reckless","|-damage|p2a: Reckless|256/374","|-unboost|p1a: Terrakion|def|1","|-unboost|p1a: Terrakion|spd|1","|","|-heal|p2a: Reckless|279/374|[from] item: Leftovers","|turn|4","|","|switch|p1a: Aerodactyl|Aerodactyl, M|301/301","|move|p2a: Reckless|Feather Dance|p1a: Aerodactyl","|-unboost|p1a: Aerodactyl|atk|2","|","|-heal|p2a: Reckless|302/374|[from] item: Leftovers","|turn|5","|","|switch|p1a: Omastar|Omastar, M|281/281","|switch|p2a: DownloadFreeRAM|Porygon2|373/373","|-ability|p2a: DownloadFreeRAM|Shell Armor|[from] ability: Trace|[of] p1a: Omastar","|","|turn|6","|","|move|p1a: Omastar|Shell Smash|p1a: Omastar","|-unboost|p1a: Omastar|def|1","|-unboost|p1a: Omastar|spd|1","|-boost|p1a: Omastar|atk|2","|-boost|p1a: Omastar|spa|2","|-boost|p1a: Omastar|spe|2","|move|p2a: DownloadFreeRAM|Discharge|p1a: Omastar","|-supereffective|p1a: Omastar","|-damage|p1a: Omastar|33/281","|-status|p1a: Omastar|par","|","|turn|7","|","|move|p2a: DownloadFreeRAM|Discharge|p1a: Omastar","|-supereffective|p1a: Omastar","|-damage|p1a: Omastar|0 fnt","|faint|p1a: Omastar","|","|","|switch|p1a: Tyranitar|Tyranitar, M|404/404","|-weather|Sandstorm","|turn|8","|","|move|p1a: Tyranitar|Crunch|p2a: DownloadFreeRAM","|-damage|p2a: DownloadFreeRAM|292/373","|move|p2a: DownloadFreeRAM|Toxic|p1a: Tyranitar","|-status|p1a: Tyranitar|tox","|","|-weather|Sandstorm|[upkeep]","|-damage|p2a: DownloadFreeRAM|269/373|[from] sandstorm","|-damage|p1a: Tyranitar|379/404 tox|[from] psn","|turn|9","|","|switch|p1a: Cradily|Cradily, M|324/324","|switch|p2a: Reckless|Staraptor, F|302/374","|-ability|p2a: Reckless|Intimidate","|-unboost|p1a: Cradily|atk|1","|","|-weather|Sandstorm|[upkeep]","|-damage|p2a: Reckless|279/374|[from] sandstorm","|-heal|p2a: Reckless|302/374|[from] item: Leftovers","|turn|10","|","|switch|p2a: Diggersby tho|Diggersby, M|312/312","|move|p1a: Cradily|Toxic|p2a: Diggersby tho","|-status|p2a: Diggersby tho|tox","|","|-weather|Sandstorm|[upkeep]","|-damage|p2a: Diggersby tho|293/312 tox|[from] psn","|turn|11","|","|switch|p1a: Aerodactyl|Aerodactyl, M|301/301","|move|p2a: Diggersby tho|U-turn|p1a: Aerodactyl","|-resisted|p1a: Aerodactyl","|-damage|p1a: Aerodactyl|196/301","|","|switch|p2a: DownloadFreeRAM|Porygon2|269/373","|-ability|p2a: DownloadFreeRAM|Rock Head|[from] ability: Trace|[of] p1a: Aerodactyl","|","|-weather|Sandstorm|[upkeep]","|-damage|p2a: DownloadFreeRAM|246/373|[from] sandstorm","|turn|12","|","|switch|p1a: Cradily|Cradily, M|324/324","|move|p2a: DownloadFreeRAM|Discharge|p1a: Cradily","|-crit|p1a: Cradily","|-resisted|p1a: Cradily","|-damage|p1a: Cradily|300/324","|-status|p1a: Cradily|par","|","|-weather|none","|turn|13","|","|switch|p2a: Diggersby tho|Diggersby, M|293/312 tox","|move|p1a: Cradily|Toxic|p2a: Diggersby tho","|-fail|p2a: Diggersby tho|tox","|","|-damage|p2a: Diggersby tho|274/312 tox|[from] psn","|turn|14","|","|move|p2a: Diggersby tho|U-turn|p1a: Cradily","|-supereffective|p1a: Cradily","|-damage|p1a: Cradily|8/324 par","|-damage|p2a: Diggersby tho|222/312 tox|[from] item: Rocky Helmet|[of] p1a: Cradily","|","|switch|p2a: Nurse Joy pls|Chansey, F|703/703","|move|p1a: Cradily|Giga Drain|p2a: Nurse Joy pls","|-damage|p2a: Nurse Joy pls|646/703","|-heal|p1a: Cradily|37/324 par|[from] drain|[of] p2a: Nurse Joy pls","|","|turn|15","|","|move|p2a: Nurse Joy pls|Seismic Toss|p1a: Cradily","|-damage|p1a: Cradily|0 fnt","|-damage|p2a: Nurse Joy pls|529/703|[from] item: Rocky Helmet|[of] p1a: Cradily","|faint|p1a: Cradily","|","|","|switch|p1a: Terrakion|Terrakion|323/323","|turn|16","|","|switch|p2a: Reckless|Staraptor, F|302/374","|-ability|p2a: Reckless|Intimidate","|-unboost|p1a: Terrakion|atk|1","|move|p1a: Terrakion|Close Combat|p2a: Reckless","|-damage|p2a: Reckless|184/374","|-unboost|p1a: Terrakion|def|1","|-unboost|p1a: Terrakion|spd|1","|","|-heal|p2a: Reckless|207/374|[from] item: Leftovers","|turn|17","|","|switch|p1a: Aerodactyl|Aerodactyl, M|196/301","|move|p2a: Reckless|Roost|p2a: Reckless","|-heal|p2a: Reckless|374/374","|","|turn|18","|","|switch|p2a: DownloadFreeRAM|Porygon2|246/373","|-ability|p2a: DownloadFreeRAM|Rock Head|[from] ability: Trace|[of] p1a: Aerodactyl","|move|p1a: Aerodactyl|Hone Claws|p1a: Aerodactyl","|-boost|p1a: Aerodactyl|atk|1","|-boost|p1a: Aerodactyl|accuracy|1","|","|turn|19","|","|move|p1a: Aerodactyl|Stone Edge|p2a: DownloadFreeRAM","|-damage|p2a: DownloadFreeRAM|128/373","|move|p2a: DownloadFreeRAM|Discharge|p1a: Aerodactyl","|-supereffective|p1a: Aerodactyl","|-damage|p1a: Aerodactyl|30/301","|-status|p1a: Aerodactyl|par","|","|turn|20","|","|move|p2a: DownloadFreeRAM|Recover|p2a: DownloadFreeRAM","|-heal|p2a: DownloadFreeRAM|315/373","|move|p1a: Aerodactyl|Stone Edge|p2a: DownloadFreeRAM","|-crit|p2a: DownloadFreeRAM","|-damage|p2a: DownloadFreeRAM|126/373","|","|turn|21","|","|move|p2a: DownloadFreeRAM|Recover|p2a: DownloadFreeRAM","|-heal|p2a: DownloadFreeRAM|313/373","|move|p1a: Aerodactyl|Stone Edge|p2a: DownloadFreeRAM","|-damage|p2a: DownloadFreeRAM|184/373","|","|turn|22","|","|move|p2a: DownloadFreeRAM|Recover|p2a: DownloadFreeRAM","|-heal|p2a: DownloadFreeRAM|371/373","|cant|p1a: Aerodactyl|par","|","|turn|23","|","|move|p2a: DownloadFreeRAM|Discharge|p1a: Aerodactyl","|-supereffective|p1a: Aerodactyl","|-damage|p1a: Aerodactyl|0 fnt","|faint|p1a: Aerodactyl","|","|","|switch|p1a: Terrakion|Terrakion|323/323","|turn|24","|","|switch|p2a: Reckless|Staraptor, F|374/374","|-ability|p2a: Reckless|Intimidate","|-unboost|p1a: Terrakion|atk|1","|move|p1a: Terrakion|Close Combat|p2a: Reckless","|-damage|p2a: Reckless|244/374","|-unboost|p1a: Terrakion|def|1","|-unboost|p1a: Terrakion|spd|1","|","|-heal|p2a: Reckless|267/374|[from] item: Leftovers","|turn|25","|","|move|p1a: Terrakion|Close Combat|p2a: Reckless","|-damage|p2a: Reckless|135/374","|-unboost|p1a: Terrakion|def|1","|-unboost|p1a: Terrakion|spd|1","|move|p2a: Reckless|Feather Dance|p1a: Terrakion","|-unboost|p1a: Terrakion|atk|2","|","|-heal|p2a: Reckless|158/374|[from] item: Leftovers","|turn|26","|","|move|p1a: Terrakion|Close Combat|p2a: Reckless","|-damage|p2a: Reckless|79/374","|-unboost|p1a: Terrakion|def|1","|-unboost|p1a: Terrakion|spd|1","|move|p2a: Reckless|Roost|p2a: Reckless","|-heal|p2a: Reckless|266/374","|","|-heal|p2a: Reckless|289/374|[from] item: Leftovers","|turn|27","|","|win|Crystal Blade64"],"p1rating":{"entryid":"777566","serverid":"eos","formatid":"monotype","userid":"apexquilluminati","username":"Apex✦Quilluminati","w":"0","l":3,"t":"0","gxe":38.2,"r":"1500","rd":"130","sigma":"0","rptime":"1441184400","rpr":1404.7026488728,"rprd":110.75873692497,"rpsigma":"0","acre":1000,"lacre":1000,"oldacre":"1000"},"p2rating":{"entryid":"73557","serverid":"eos","formatid":"monotype","userid":"crystalblade64","username":"Crystal Blade64","w":24,"l":"12","t":"0","gxe":65,"r":"1611.4388047003","rd":"58.949176233035","sigma":"0","rptime":"1441184400","rpr":1617.8756441613,"rprd":58.295324415027,"rpsigma":"0","acre":1167.440511564,"lacre":1167.440511564,"oldacre":"1152.7759112694"},"endType":"forfeit"}