{"seed":[29731,60469,21366,39826],"turns":26,"p1":"Alliance ♋ akaFila","p2":"Elder Hoot","p1team":[{"name":"LukAtMahDicks","species":"anorith","item":"choicescarf","ability":"Swift Swim","moves":["xscissor","rockslide","brickbreak","aquajet"],"nature":"Adamant","evs":{"hp":0,"atk":252,"def":0,"spa":0,"spd":4,"spe":252},"shiny":true,"ivs":{"hp":31,"atk":31,"def":31,"spa":31,"spd":31,"spe":31}},{"name":"CatchThisTackle","species":"dwebble","item":"liechiberry","ability":"Sturdy","moves":["shellsmash","xscissor","stoneedge","earthquake"],"nature":"Adamant","evs":{"hp":0,"atk":252,"def":0,"spa":0,"spd":4,"spe":252},"shiny":true,"ivs":{"hp":31,"atk":31,"def":31,"spa":31,"spd":31,"spe":31}},{"name":"BootyCrackOfTerror","species":"golem","item":"custapberry","ability":"Sturdy","moves":["stealthrock","earthquake","endure","explosion"],"nature":"Adamant","evs":{"hp":248,"atk":252,"def":0,"spa":0,"spd":8,"spe":0},"shiny":true,"ivs":{"hp":31,"atk":31,"def":31,"spa":31,"spd":31,"spe":31}},{"name":"GoldenShowers4Life","species":"lileep","item":"eviolite","ability":"Storm Drain","moves":["toxic","stockpile","recover","protect"],"nature":"Calm","evs":{"hp":248,"atk":0,"def":8,"spa":0,"spd":252,"spe":0},"shiny":true,"ivs":{"hp":31,"atk":31,"def":31,"spa":31,"spd":31,"spe":31}},{"name":"MahNigga","species":"aron","item":"shellbell","ability":"Sturdy","moves":["endeavor","ironhead","roar","sandstorm"],"nature":"Impish","evs":{"hp":0,"atk":8,"def":252,"spa":0,"spd":0,"spe":250},"ivs":{"hp":0,"atk":31,"def":31,"spa":31,"spd":31,"spe":31},"shiny":true,"level":1},{"name":"TotesFab","species":"amaura","item":"choicespecs","ability":"Refrigerate","moves":["hypervoice","ancientpower","earthpower","discharge"],"nature":"Modest","evs":{"hp":248,"atk":0,"def":0,"spa":252,"spd":8,"spe":0},"shiny":true,"ivs":{"hp":31,"atk":31,"def":31,"spa":31,"spd":31,"spe":31}}],"p2team":[{"name":"Aerodactyl","species":"Aerodactyl","item":"lifeorb","ability":"Pressure","moves":["stoneedge","earthquake","taunt","aerialace"],"nature":"Adamant","evs":{"hp":0,"atk":252,"def":0,"spa":0,"spd":4,"spe":252},"ivs":{"hp":31,"atk":31,"def":31,"spa":31,"spd":31,"spe":31}},{"name":"Diancie","species":"Diancie","item":"diancite","ability":"Clear Body","moves":["moonblast","diamondstorm","earthpower","protect"],"nature":"Hasty","evs":{"hp":0,"atk":4,"def":0,"spa":252,"spd":0,"spe":252},"ivs":{"hp":31,"atk":31,"def":31,"spa":31,"spd":31,"spe":31}},{"name":"Shuckle","species":"Shuckle","item":"leftovers","ability":"Sturdy","moves":["stealthrock","stickyweb","toxic","encore"],"nature":"Calm","evs":{"hp":252,"atk":0,"def":4,"spa":0,"spd":252,"spe":0},"ivs":{"hp":31,"atk":31,"def":31,"spa":31,"spd":31,"spe":31}},{"name":"Golem","species":"Golem","item":"weaknesspolicy","ability":"Sturdy","moves":["earthquake","rockblast","suckerpunch","rockpolish"],"nature":"Adamant","evs":{"hp":0,"atk":252,"def":0,"spa":0,"spd":4,"spe":252},"ivs":{"hp":31,"atk":31,"def":31,"spa":31,"spd":31,"spe":31}},{"name":"Aurorus","species":"Aurorus","item":"assaultvest","ability":"Refrigerate","moves":["hypervoice","freezedry","darkpulse","earthpower"],"nature":"Modest","evs":{"hp":248,"atk":0,"def":0,"spa":252,"spd":8,"spe":0},"ivs":{"hp":31,"atk":31,"def":31,"spa":31,"spd":31,"spe":31}},{"name":"Tyranitar","species":"Tyranitar","item":"leftovers","ability":"Sand Stream","moves":["dragondance","crunch","superpower","firepunch"],"nature":"Adamant","evs":{"hp":0,"atk":252,"def":0,"spa":0,"spd":4,"spe":252},"ivs":{"hp":31,"atk":31,"def":31,"spa":31,"spd":31,"spe":31}}],"log":["|player|p1|Alliance ♋ akaFila|allianceakafila.gif","|player|p2|Elder Hoot|2","|gametype|singles","|gen|6","|tier|Monotype","|rated","|rule|Baton Pass Clause: Limit one Baton Passer, can't pass Spe and other stats simultaneously","|rule|Swagger Clause: Swagger is banned","|rule|Same Type Clause: Pokémon in a team must share a type","|clearpoke","|poke|p1|Anorith, F, shiny","|poke|p1|Dwebble, M, shiny","|poke|p1|Golem, M, shiny","|poke|p1|Lileep, M, shiny","|poke|p1|Aron, L1, M, shiny","|poke|p1|Amaura, M, shiny","|poke|p2|Aerodactyl, F","|poke|p2|Diancie","|poke|p2|Shuckle, F","|poke|p2|Golem, M","|poke|p2|Aurorus, F","|poke|p2|Tyranitar, M","|rule|Sleep Clause Mod: Limit one foe put to sleep","|rule|Species Clause: Limit one of each Pokémon","|rule|OHKO Clause: OHKO moves are banned","|rule|Moody Clause: Moody is banned","|rule|Evasion Moves Clause: Evasion moves are banned","|rule|Endless Battle Clause: Forcing endless battles is banned","|rule|HP Percentage Mod: HP is shown in percentages","|teampreview","|","|start","|switch|p1a: MahNigga|Aron, L1, M, shiny|12/12","|switch|p2a: Shuckle|Shuckle, F|244/244","|turn|1","|","|move|p2a: Shuckle|Stealth Rock|p1a: MahNigga","|-sidestart|p1: Alliance ♋ akaFila|move: Stealth Rock","|move|p1a: MahNigga|Endeavor|p2a: Shuckle","|-damage|p2a: Shuckle|12/244","|","|-heal|p2a: Shuckle|27/244|[from] item: Leftovers","|turn|2","|","|move|p2a: Shuckle|Sticky Web|p1a: MahNigga","|-sidestart|p1: Alliance ♋ akaFila|move: Sticky Web","|move|p1a: MahNigga|Endeavor|p2a: Shuckle","|-damage|p2a: Shuckle|12/244","|","|-heal|p2a: Shuckle|27/244|[from] item: Leftovers","|turn|3","|","|move|p2a: Shuckle|Toxic|p1a: MahNigga|[miss]","|-miss|p2a: Shuckle|p1a: MahNigga","|move|p1a: MahNigga|Endeavor|p2a: Shuckle","|-damage|p2a: Shuckle|12/244","|","|-heal|p2a: Shuckle|27/244|[from] item: Leftovers","|turn|4","|","|move|p2a: Shuckle|Encore|p1a: MahNigga","|-start|p1a: MahNigga|Encore","|move|p1a: MahNigga|Endeavor|p2a: Shuckle","|-damage|p2a: Shuckle|12/244","|","|-heal|p2a: Shuckle|27/244|[from] item: Leftovers","|turn|5","|","|move|p2a: Shuckle|Encore|p1a: MahNigga","|-fail|p1a: MahNigga","|move|p1a: MahNigga|Endeavor|p2a: Shuckle","|-damage|p2a: Shuckle|12/244","|","|-heal|p2a: Shuckle|27/244|[from] item: Leftovers","|turn|6","|","|move|p2a: Shuckle|Toxic|p1a: MahNigga|[miss]","|-miss|p2a: Shuckle|p1a: MahNigga","|move|p1a: MahNigga|Endeavor|p2a: Shuckle","|-damage|p2a: Shuckle|12/244","|","|-heal|p2a: Shuckle|27/244|[from] item: Leftovers","|-end|p1a: MahNigga|Encore","|turn|7","|","|move|p2a: Shuckle|Encore|p1a: MahNigga","|-start|p1a: MahNigga|Encore","|move|p1a: MahNigga|Endeavor|p2a: Shuckle","|-damage|p2a: Shuckle|12/244","|","|-heal|p2a: Shuckle|27/244|[from] item: Leftovers","|turn|8","|","|move|p2a: Shuckle|Toxic|p1a: MahNigga|[miss]","|-miss|p2a: Shuckle|p1a: MahNigga","|move|p1a: MahNigga|Endeavor|p2a: Shuckle","|-damage|p2a: Shuckle|12/244","|","|-heal|p2a: Shuckle|27/244|[from] item: Leftovers","|-end|p1a: MahNigga|Encore","|turn|9","|","|move|p2a: Shuckle|Encore|p1a: MahNigga","|-fail|p1a: MahNigga","|move|p1a: MahNigga|Roar|p2a: Shuckle","|drag|p2a: Aerodactyl|Aerodactyl, F|301/301","|-ability|p2a: Aerodactyl|Pressure","|","|turn|10","|","|move|p2a: Aerodactyl|Taunt|p1a: MahNigga","|-start|p1a: MahNigga|move: Taunt","|move|p1a: MahNigga|Iron Head|p2a: Aerodactyl","|-crit|p2a: Aerodactyl","|-supereffective|p2a: Aerodactyl","|-damage|p2a: Aerodactyl|295/301","|","|turn|11","|","|move|p2a: Aerodactyl|Earthquake|p1a: MahNigga","|-supereffective|p1a: MahNigga","|-ability|p1a: MahNigga|Sturdy","|-damage|p1a: MahNigga|1/12","|-damage|p2a: Aerodactyl|265/301|[from] item: Life Orb","|move|p1a: MahNigga|Iron Head|p2a: Aerodactyl","|-supereffective|p2a: Aerodactyl","|-damage|p2a: Aerodactyl|263/301","|-heal|p1a: MahNigga|2/12|[from] item: Shell Bell|[of] p2a: Aerodactyl","|","|turn|12","|","|move|p2a: Aerodactyl|Earthquake|p1a: MahNigga","|-crit|p1a: MahNigga","|-supereffective|p1a: MahNigga","|-damage|p1a: MahNigga|0 fnt","|-damage|p2a: Aerodactyl|233/301|[from] item: Life Orb","|faint|p1a: MahNigga","|","|","|switch|p1a: GoldenShowers4Life|Lileep, M, shiny|335/335","|-activate|p1a: GoldenShowers4Life|move: Sticky Web","|-unboost|p1a: GoldenShowers4Life|spe|1","|-damage|p1a: GoldenShowers4Life|294/335|[from] Stealth Rock","|turn|13","|","|switch|p2a: Shuckle|Shuckle, F|27/244","|move|p1a: GoldenShowers4Life|Toxic|p2a: Shuckle|[miss]","|-miss|p1a: GoldenShowers4Life|p2a: Shuckle","|","|-heal|p2a: Shuckle|42/244|[from] item: Leftovers","|turn|14","|","|move|p1a: GoldenShowers4Life|Toxic|p2a: Shuckle","|-status|p2a: Shuckle|tox","|move|p2a: Shuckle|Toxic|p1a: GoldenShowers4Life","|-status|p1a: GoldenShowers4Life|tox","|","|-heal|p2a: Shuckle|57/244 tox|[from] item: Leftovers","|-damage|p1a: GoldenShowers4Life|274/335 tox|[from] psn","|-damage|p2a: Shuckle|42/244 tox|[from] psn","|turn|15","|","|move|p1a: GoldenShowers4Life|Recover|p1a: GoldenShowers4Life","|-heal|p1a: GoldenShowers4Life|335/335 tox","|move|p2a: Shuckle|Encore|p1a: GoldenShowers4Life","|-start|p1a: GoldenShowers4Life|Encore","|","|-heal|p2a: Shuckle|57/244 tox|[from] item: Leftovers","|-damage|p1a: GoldenShowers4Life|295/335 tox|[from] psn","|-damage|p2a: Shuckle|27/244 tox|[from] psn","|turn|16","|","|switch|p1a: BootyCrackOfTerror|Golem, M, shiny|363/363","|-activate|p1a: BootyCrackOfTerror|move: Sticky Web","|-unboost|p1a: BootyCrackOfTerror|spe|1","|-damage|p1a: BootyCrackOfTerror|341/363|[from] Stealth Rock","|switch|p2a: Tyranitar|Tyranitar, M|341/341","|-weather|Sandstorm","|","|-weather|Sandstorm|[upkeep]","|turn|17","|","|move|p2a: Tyranitar|Superpower|p1a: BootyCrackOfTerror","|-supereffective|p1a: BootyCrackOfTerror","|-damage|p1a: BootyCrackOfTerror|87/363","|-unboost|p2a: Tyranitar|atk|1","|-unboost|p2a: Tyranitar|def|1","|move|p1a: BootyCrackOfTerror|Stealth Rock|p2a: Tyranitar","|-sidestart|p2: Elder Hoot|move: Stealth Rock","|","|-weather|Sandstorm|[upkeep]","|turn|18","|-enditem|p1a: BootyCrackOfTerror|Custap Berry|[eat]","|-activate|p1a: BootyCrackOfTerror|Custap Berry","|","|move|p1a: BootyCrackOfTerror|Earthquake|p2a: Tyranitar","|-supereffective|p2a: Tyranitar","|-damage|p2a: Tyranitar|0 fnt","|faint|p2a: Tyranitar","|","|-weather|Sandstorm|[upkeep]","|","|switch|p2a: Shuckle|Shuckle, F|27/244 tox","|-damage|p2a: Shuckle|0 fnt|[from] Stealth Rock","|faint|p2a: Shuckle","|","|switch|p2a: Aurorus|Aurorus, F|449/449","|-damage|p2a: Aurorus|337/449|[from] Stealth Rock","|turn|19","|","|move|p2a: Aurorus|Hyper Voice|p1a: BootyCrackOfTerror","|-supereffective|p1a: BootyCrackOfTerror","|-damage|p1a: BootyCrackOfTerror|0 fnt","|faint|p1a: BootyCrackOfTerror","|","|-weather|Sandstorm|[upkeep]","|","|switch|p1a: GoldenShowers4Life|Lileep, M, shiny|295/335 tox","|-activate|p1a: GoldenShowers4Life|move: Sticky Web","|-unboost|p1a: GoldenShowers4Life|spe|1","|-damage|p1a: GoldenShowers4Life|254/335 tox|[from] Stealth Rock","|turn|20","|","|move|p2a: Aurorus|Hyper Voice|p1a: GoldenShowers4Life","|-supereffective|p1a: GoldenShowers4Life","|-damage|p1a: GoldenShowers4Life|114/335 tox","|move|p1a: GoldenShowers4Life|Toxic|p2a: Aurorus","|-status|p2a: Aurorus|tox","|","|-weather|none","|-damage|p2a: Aurorus|309/449 tox|[from] psn","|-damage|p1a: GoldenShowers4Life|94/335 tox|[from] psn","|turn|21","|","|move|p1a: GoldenShowers4Life|Protect|p1a: GoldenShowers4Life","|-singleturn|p1a: GoldenShowers4Life|Protect","|move|p2a: Aurorus|Hyper Voice|p1a: GoldenShowers4Life","|-activate|p1a: GoldenShowers4Life|Protect","|","|-damage|p2a: Aurorus|253/449 tox|[from] psn","|-damage|p1a: GoldenShowers4Life|54/335 tox|[from] psn","|turn|22","|","|move|p1a: GoldenShowers4Life|Protect|p1a: GoldenShowers4Life","|-fail|p1a: GoldenShowers4Life","|move|p2a: Aurorus|Earth Power|p1a: GoldenShowers4Life","|-damage|p1a: GoldenShowers4Life|1/335 tox","|","|-damage|p2a: Aurorus|169/449 tox|[from] psn","|-damage|p1a: GoldenShowers4Life|0 fnt|[from] psn","|faint|p1a: GoldenShowers4Life","|","|switch|p1a: LukAtMahDicks|Anorith, F, shiny|231/231","|-damage|p1a: LukAtMahDicks|174/231|[from] Stealth Rock","|-activate|p1a: LukAtMahDicks|move: Sticky Web","|-unboost|p1a: LukAtMahDicks|spe|1","|turn|23","|","|move|p1a: LukAtMahDicks|Brick Break|p2a: Aurorus","|-supereffective|p2a: Aurorus","|-damage|p2a: Aurorus|0 fnt","|faint|p2a: Aurorus","|","|","|switch|p2a: Golem|Golem, M|301/301","|-damage|p2a: Golem|283/301|[from] Stealth Rock","|turn|24","|","|move|p1a: LukAtMahDicks|Brick Break|p2a: Golem","|-supereffective|p2a: Golem","|-damage|p2a: Golem|161/301","|-enditem|p2a: Golem|Weakness Policy","|-boost|p2a: Golem|atk|2|[from] item: Weakness Policy","|-boost|p2a: Golem|spa|2|[from] item: Weakness Policy","|move|p2a: Golem|Rock Blast|p1a: LukAtMahDicks","|-supereffective|p1a: LukAtMahDicks","|-damage|p1a: LukAtMahDicks|0 fnt","|-hitcount|p1a: LukAtMahDicks|1","|faint|p1a: LukAtMahDicks","|","|","|switch|p1a: CatchThisTackle|Dwebble, M, shiny|241/241","|-activate|p1a: CatchThisTackle|move: Sticky Web","|-unboost|p1a: CatchThisTackle|spe|1","|-damage|p1a: CatchThisTackle|181/241|[from] Stealth Rock","|turn|25","|","|move|p2a: Golem|Earthquake|p1a: CatchThisTackle","|-damage|p1a: CatchThisTackle|0 fnt","|faint|p1a: CatchThisTackle","|","|","|switch|p1a: TotesFab|Amaura, M, shiny|357/357","|-activate|p1a: TotesFab|move: Sticky Web","|-unboost|p1a: TotesFab|spe|1","|-damage|p1a: TotesFab|268/357|[from] Stealth Rock","|turn|26","|","|move|p2a: Golem|Earthquake|p1a: TotesFab","|-supereffective|p1a: TotesFab","|-damage|p1a: TotesFab|0 fnt","|faint|p1a: TotesFab","|","|win|Elder Hoot"],"p1rating":{"entryid":"126995","serverid":"eos","formatid":"monotype","userid":"allianceakafila","username":"Alliance ♋ akaFila","w":"31","l":25,"t":"0","gxe":55.4,"r":"1542.2621399929","rd":"47.316467553913","sigma":"0","rptime":"1441184400","rpr":1541.3859410329,"rprd":46.545877378424,"rpsigma":"0","acre":1119.2164274409,"lacre":1119.2164274409,"oldacre":"1152.1494128335"},"p2rating":{"entryid":"555056","serverid":"eos","formatid":"monotype","userid":"elderhoot","username":"Elder Hoot","w":5,"l":"10","t":"0","gxe":40.7,"r":"1434.2729034485","rd":"84.287501446993","sigma":"0","rptime":"1441184400","rpr":1427.6193293964,"rprd":78.481530057166,"rpsigma":"0","acre":1083.1519569078,"lacre":1083.1519569078,"oldacre":"1037.9599963019"},"endType":"normal"}