{"seed":[27514,48738,28441,15502],"turns":23,"p1":"Alliance - Rai","p2":"Rain ☆ S.Herbs","p1team":[{"name":"Kecleon","species":"Kecleon","item":"assaultvest","ability":"Protean","moves":["fakeout","shadowsneak","suckerpunch","poweruppunch"],"nature":"Adamant","evs":{"hp":156,"atk":252,"def":4,"spa":0,"spd":96,"spe":0},"ivs":{"hp":31,"atk":31,"def":31,"spa":31,"spd":31,"spe":31}},{"name":"Lopunny","species":"Lopunny","item":"lopunnite","ability":"Limber","moves":["fakeout","return","drainpunch","icepunch"],"nature":"Jolly","evs":{"hp":0,"atk":252,"def":0,"spa":0,"spd":4,"spe":252},"ivs":{"hp":31,"atk":31,"def":31,"spa":31,"spd":31,"spe":31}},{"name":"Wigglytuff","species":"Wigglytuff","item":"assaultvest","ability":"Competitive","moves":["shadowball","dazzlinggleam","flamethrower","icebeam"],"nature":"Modest","evs":{"hp":216,"atk":0,"def":0,"spa":236,"spd":56,"spe":0},"ivs":{"hp":31,"atk":31,"def":31,"spa":31,"spd":31,"spe":31}},{"name":"Diggersby","species":"Diggersby","item":"choicescarf","ability":"Huge Power","moves":["uturn","earthquake","knockoff","return"],"nature":"Jolly","evs":{"hp":4,"atk":252,"def":0,"spa":0,"spd":0,"spe":252},"ivs":{"hp":31,"atk":31,"def":31,"spa":31,"spd":31,"spe":31}},{"name":"Staraptor","species":"Staraptor","item":"choicescarf","ability":"Reckless","moves":["bravebird","finalgambit","uturn","closecombat"],"nature":"Adamant","evs":{"hp":4,"atk":252,"def":0,"spa":0,"spd":0,"spe":252},"ivs":{"hp":31,"atk":31,"def":31,"spa":31,"spd":31,"spe":31}},{"name":"Heliolisk","species":"Heliolisk","item":"choicespecs","ability":"Dry Skin","moves":["voltswitch","thunderbolt","hiddenpowerice","grassknot"],"nature":"Timid","evs":{"hp":0,"atk":0,"def":0,"spa":252,"spd":4,"spe":252},"ivs":{"hp":31,"atk":30,"def":30,"spa":31,"spd":31,"spe":31}}],"p2team":[{"name":"Cofa'","species":"cofagrigus","item":"leftovers","ability":"Mummy","moves":["toxicspikes","infestation","hex","willowisp"],"nature":"Calm","evs":{"hp":252,"atk":0,"def":0,"spa":4,"spd":252,"spe":0},"shiny":true,"ivs":{"hp":31,"atk":31,"def":31,"spa":31,"spd":31,"spe":31}},{"name":"Gengar","species":"Gengar","item":"lifeorb","ability":"Levitate","moves":["shadowball","sludgewave","focusblast","energyball"],"nature":"Timid","evs":{"hp":0,"atk":0,"def":0,"spa":252,"spd":4,"spe":252},"shiny":true,"ivs":{"hp":31,"atk":31,"def":31,"spa":31,"spd":31,"spe":31}},{"name":"Aegislash","species":"Aegislash","item":"leftovers","ability":"Stance Change","moves":["swordsdance","shadowsneak","sacredsword","kingsshield"],"nature":"Adamant","evs":{"hp":252,"atk":252,"def":0,"spa":0,"spd":4,"spe":0},"shiny":true,"ivs":{"hp":31,"atk":31,"def":31,"spa":31,"spd":31,"spe":31}},{"name":"Jellicent","species":"Jellicent","item":"leftovers","ability":"Water Absorb","moves":["recover","scald","toxic","icebeam"],"nature":"Bold","evs":{"hp":252,"atk":0,"def":252,"spa":0,"spd":0,"spe":4},"ivs":{"hp":31,"atk":31,"def":31,"spa":31,"spd":31,"spe":31}},{"name":"Spiritomb","species":"Spiritomb","item":"leftovers","ability":"Infiltrator","moves":["confuseray","darkpulse","psychic","shadowsneak"],"nature":"Modest","evs":{"hp":252,"atk":4,"def":0,"spa":252,"spd":0,"spe":0},"shiny":true,"ivs":{"hp":31,"atk":31,"def":31,"spa":31,"spd":31,"spe":31}},{"name":"Golurk","species":"Golurk","item":"choicescarf","ability":"No Guard","moves":["dynamicpunch","earthquake","icepunch","firepunch"],"nature":"Jolly","evs":{"hp":0,"atk":252,"def":0,"spa":0,"spd":4,"spe":252},"shiny":true,"ivs":{"hp":31,"atk":31,"def":31,"spa":31,"spd":31,"spe":31}}],"log":["|player|p1|Alliance - Rai|99","|player|p2|Rain ☆ S.Herbs|154","|gametype|singles","|gen|6","|tier|Monotype","|rated","|rule|Baton Pass Clause: Limit one Baton Passer, can't pass Spe and other stats simultaneously","|rule|Swagger Clause: Swagger is banned","|rule|Same Type Clause: Pokémon in a team must share a type","|clearpoke","|poke|p1|Kecleon, M","|poke|p1|Lopunny, M","|poke|p1|Wigglytuff, F","|poke|p1|Diggersby, M","|poke|p1|Staraptor, F","|poke|p1|Heliolisk, M","|poke|p2|Cofagrigus, F, shiny","|poke|p2|Gengar, M, shiny","|poke|p2|Aegislash, F, shiny","|poke|p2|Jellicent, F","|poke|p2|Spiritomb, F, shiny","|poke|p2|Golurk, shiny","|rule|Sleep Clause Mod: Limit one foe put to sleep","|rule|Species Clause: Limit one of each Pokémon","|rule|OHKO Clause: OHKO moves are banned","|rule|Moody Clause: Moody is banned","|rule|Evasion Moves Clause: Evasion moves are banned","|rule|Endless Battle Clause: Forcing endless battles is banned","|rule|HP Percentage Mod: HP is shown in percentages","|teampreview","|","|start","|switch|p1a: Staraptor|Staraptor, F|312/312","|switch|p2a: Golurk|Golurk, shiny|319/319","|turn|1","|","|move|p1a: Staraptor|Brave Bird|p2a: Golurk","|-damage|p2a: Golurk|0 fnt","|-damage|p1a: Staraptor|207/312|[from] recoil|[of] p2a: Golurk","|faint|p2a: Golurk","|","|","|switch|p2a: Aegislash|Aegislash, F, shiny|324/324","|turn|2","|","|switch|p1a: Wigglytuff|Wigglytuff, F|475/475","|move|p2a: Aegislash|King's Shield|p2a: Aegislash","|-fail|p2a: Aegislash","|","|turn|3","|","|switch|p2a: Cofa'|Cofagrigus, F, shiny|320/320","|move|p1a: Wigglytuff|Flamethrower|p2a: Cofa'","|-damage|p2a: Cofa'|262/320","|","|-heal|p2a: Cofa'|282/320|[from] item: Leftovers","|turn|4","|","|move|p1a: Wigglytuff|Shadow Ball|p2a: Cofa'","|-supereffective|p2a: Cofa'","|-damage|p2a: Cofa'|168/320","|move|p2a: Cofa'|Infestation|p1a: Wigglytuff","|-resisted|p1a: Wigglytuff","|-damage|p1a: Wigglytuff|468/475","|-activate|p1a: Wigglytuff|move: Infestation|[of] p2a: Cofa'","|","|-heal|p2a: Cofa'|188/320|[from] item: Leftovers","|-damage|p1a: Wigglytuff|409/475|[from] move: Infestation|[partiallytrapped]","|turn|5","|","|switch|p2a: Spiritomb|Spiritomb, F, shiny|304/304","|move|p1a: Wigglytuff|Shadow Ball|p2a: Spiritomb","|-damage|p2a: Spiritomb|233/304","|","|-heal|p2a: Spiritomb|252/304|[from] item: Leftovers","|turn|6","|","|move|p1a: Wigglytuff|Dazzling Gleam|p2a: Spiritomb","|-supereffective|p2a: Spiritomb","|-damage|p2a: Spiritomb|52/304","|move|p2a: Spiritomb|Confuse Ray|p1a: Wigglytuff","|-start|p1a: Wigglytuff|confusion","|","|-heal|p2a: Spiritomb|71/304|[from] item: Leftovers","|turn|7","|","|switch|p2a: Cofa'|Cofagrigus, F, shiny|188/320","|-activate|p1a: Wigglytuff|confusion","|-damage|p1a: Wigglytuff|368/475|[from] confusion","|","|-heal|p2a: Cofa'|208/320|[from] item: Leftovers","|turn|8","|","|switch|p1a: Heliolisk|Heliolisk, M|265/265","|move|p2a: Cofa'|Will-O-Wisp|p1a: Heliolisk","|-status|p1a: Heliolisk|brn","|","|-heal|p2a: Cofa'|228/320|[from] item: Leftovers","|-damage|p1a: Heliolisk|232/265 brn|[from] brn","|turn|9","|","|switch|p2a: Spiritomb|Spiritomb, F, shiny|71/304","|move|p1a: Heliolisk|Thunderbolt|p2a: Spiritomb","|-damage|p2a: Spiritomb|0 fnt","|faint|p2a: Spiritomb","|","|-damage|p1a: Heliolisk|199/265 brn|[from] brn","|","|switch|p2a: Aegislash|Aegislash, F, shiny|324/324","|turn|10","|","|move|p1a: Heliolisk|Thunderbolt|p2a: Aegislash","|-damage|p2a: Aegislash|185/324","|move|p2a: Aegislash|Swords Dance|p2a: Aegislash","|-boost|p2a: Aegislash|atk|2","|","|-heal|p2a: Aegislash|205/324|[from] item: Leftovers","|-damage|p1a: Heliolisk|166/265 brn|[from] brn","|turn|11","|","|switch|p1a: Kecleon|Kecleon, M|300/300","|-formechange|p2a: Aegislash|Aegislash-Blade","|move|p2a: Aegislash|Sacred Sword|p1a: Kecleon","|-supereffective|p1a: Kecleon","|-damage|p1a: Kecleon|0 fnt","|faint|p1a: Kecleon","|","|-heal|p2a: Aegislash|225/324|[from] item: Leftovers","|","|switch|p1a: Heliolisk|Heliolisk, M|166/265 brn","|turn|12","|","|-formechange|p2a: Aegislash|Aegislash","|move|p2a: Aegislash|King's Shield|p2a: Aegislash","|-singleturn|p2a: Aegislash|Protect","|move|p1a: Heliolisk|Thunderbolt|p2a: Aegislash","|-activate|p2a: Aegislash|Protect","|","|-heal|p2a: Aegislash|245/324|[from] item: Leftovers","|-damage|p1a: Heliolisk|133/265 brn|[from] brn","|turn|13","|","|move|p1a: Heliolisk|Thunderbolt|p2a: Aegislash","|-damage|p2a: Aegislash|98/324","|-status|p2a: Aegislash|par","|-formechange|p2a: Aegislash|Aegislash-Blade","|cant|p2a: Aegislash|par","|","|-heal|p2a: Aegislash|118/324 par|[from] item: Leftovers","|-damage|p1a: Heliolisk|100/265 brn|[from] brn","|turn|14","|","|-formechange|p2a: Aegislash|Aegislash","|move|p2a: Aegislash|King's Shield|p2a: Aegislash","|-singleturn|p2a: Aegislash|Protect","|move|p1a: Heliolisk|Thunderbolt|p2a: Aegislash","|-activate|p2a: Aegislash|Protect","|","|-heal|p2a: Aegislash|138/324 par|[from] item: Leftovers","|-damage|p1a: Heliolisk|67/265 brn|[from] brn","|turn|15","|","|switch|p2a: Cofa'|Cofagrigus, F, shiny|228/320","|move|p1a: Heliolisk|Thunderbolt|p2a: Cofa'","|-damage|p2a: Cofa'|90/320","|","|-heal|p2a: Cofa'|110/320|[from] item: Leftovers","|-damage|p1a: Heliolisk|34/265 brn|[from] brn","|turn|16","|","|move|p1a: Heliolisk|Thunderbolt|p2a: Cofa'","|-damage|p2a: Cofa'|0 fnt","|faint|p2a: Cofa'","|","|-damage|p1a: Heliolisk|1/265 brn|[from] brn","|","|switch|p2a: Gengar|Gengar, M, shiny|261/261","|turn|17","|","|move|p2a: Gengar|Sludge Wave|p1a: Heliolisk","|-damage|p1a: Heliolisk|0 fnt","|-damage|p2a: Gengar|235/261|[from] item: Life Orb","|faint|p1a: Heliolisk","|","|","|switch|p1a: Diggersby|Diggersby, M|312/312","|turn|18","|","|switch|p2a: Jellicent|Jellicent, F|404/404","|move|p1a: Diggersby|Knock Off|p2a: Jellicent","|-supereffective|p2a: Jellicent","|-damage|p2a: Jellicent|150/404","|-enditem|p2a: Jellicent|Leftovers|[from] move: Knock Off|[of] p1a: Diggersby","|","|turn|19","|","|move|p1a: Diggersby|Knock Off|p2a: Jellicent","|-supereffective|p2a: Jellicent","|-damage|p2a: Jellicent|0 fnt","|faint|p2a: Jellicent","|","|","|switch|p2a: Aegislash|Aegislash, F, shiny|138/324 par","|turn|20","|","|switch|p1a: Lopunny|Lopunny, M|271/271","|move|p2a: Aegislash|King's Shield|p2a: Aegislash","|-fail|p2a: Aegislash","|","|-heal|p2a: Aegislash|158/324 par|[from] item: Leftovers","|turn|21","|","|move|p2a: Aegislash|King's Shield|p2a: Aegislash","|-singleturn|p2a: Aegislash|Protect","|move|p1a: Lopunny|Fake Out|p2a: Aegislash","|-immune|p2a: Aegislash|[msg]","|","|-heal|p2a: Aegislash|178/324 par|[from] item: Leftovers","|turn|22","|","|detailschange|p1a: Lopunny|Lopunny-Mega, M","|-mega|p1a: Lopunny|Lopunny|Lopunnite","|move|p1a: Lopunny|Drain Punch|p2a: Aegislash","|-supereffective|p2a: Aegislash","|-damage|p2a: Aegislash|0 fnt","|faint|p2a: Aegislash","|","|","|switch|p2a: Gengar|Gengar, M, shiny|235/261","|turn|23","|","|move|p1a: Lopunny|Return|p2a: Gengar","|-damage|p2a: Gengar|0 fnt","|faint|p2a: Gengar","|","|win|Alliance - Rai"],"p1rating":{"entryid":758729,"formatid":"monotype","userid":"alliancerai","username":"Alliance - Rai","r":1500,"rd":130,"sigma":0,"rpr":1536.0352574226,"rprd":122.10127475079,"rpsigma":0,"rptime":1441098000,"w":1,"l":0,"t":0,"gxe":54.5,"acre":1051.4826015862,"lacre":1051.4826015862,"oldacre":1000},"p2rating":{"entryid":"61538","serverid":"eos","formatid":"monotype","userid":"rainsherbs","username":"Rain ☆ S.Herbs","w":"23","l":31,"t":"0","gxe":43.1,"r":"1446.8650886179","rd":"49.458029710485","sigma":"0","rptime":"1441098000","rpr":1446.9633922707,"rprd":47.517059127322,"rpsigma":"0","acre":1070.4436067959,"lacre":1070.4436067959,"oldacre":"1102.6202327872"},"endType":"normal"}