{"seed":[941,30598,29900,63135],"turns":29,"p1":"Apex✦Quilluminati","p2":"Metalyte","p1team":[{"name":"Aggron","species":"Aggron","item":"aggronite","ability":"Sturdy","moves":["heavyslam","curse","rest","sleeptalk"],"nature":"Impish","evs":{"hp":252,"atk":0,"def":16,"spa":0,"spd":240,"spe":0},"shiny":true,"ivs":{"hp":31,"atk":31,"def":31,"spa":31,"spd":31,"spe":31}},{"name":"Aerodactyl","species":"Aerodactyl","item":"focussash","ability":"Rock Head","moves":["aerialace","honeclaws","stoneedge","defog"],"nature":"Jolly","evs":{"hp":0,"atk":252,"def":0,"spa":0,"spd":4,"spe":252},"ivs":{"hp":31,"atk":31,"def":31,"spa":31,"spd":31,"spe":31}},{"name":"Cradily","species":"Cradily","item":"rockyhelmet","ability":"Storm Drain","moves":["gigadrain","stockpile","recover","toxic"],"nature":"Calm","evs":{"hp":44,"atk":0,"def":216,"spa":108,"spd":140,"spe":0},"ivs":{"hp":31,"atk":31,"def":31,"spa":31,"spd":31,"spe":31}},{"name":"Tyranitar","species":"Tyranitar","item":"assaultvest","ability":"Sand Stream","moves":["fireblast","crunch","earthquake","stoneedge"],"nature":"Naughty","evs":{"hp":252,"atk":152,"def":0,"spa":104,"spd":0,"spe":0},"ivs":{"hp":31,"atk":31,"def":31,"spa":31,"spd":31,"spe":31}},{"name":"Terrakion","species":"Terrakion","item":"choicescarf","ability":"Justified","moves":["closecombat","earthquake","ironhead","stoneedge"],"nature":"Jolly","evs":{"hp":0,"atk":252,"def":0,"spa":0,"spd":4,"spe":252},"ivs":{"hp":31,"atk":31,"def":31,"spa":31,"spd":31,"spe":31}},{"name":"Omastar","species":"Omastar","item":"focussash","ability":"Shell Armor","moves":["shellsmash","icebeam","scald","earthpower"],"nature":"Modest","evs":{"hp":0,"atk":0,"def":0,"spa":252,"spd":4,"spe":252},"ivs":{"hp":31,"atk":31,"def":31,"spa":31,"spd":31,"spe":31}}],"p2team":[{"name":"Scizor","species":"Scizor","item":"scizorite","ability":"Technician","moves":["roost","swordsdance","bulletpunch","bugbite"],"nature":"Adamant","evs":{"hp":248,"atk":88,"def":172,"spa":0,"spd":0,"spe":0},"ivs":{"hp":31,"atk":31,"def":31,"spa":31,"spd":31,"spe":31}},{"name":"Heatran","species":"Heatran","item":"airballoon","ability":"Flash Fire","moves":["fireblast","flashcannon","earthpower","ancientpower"],"nature":"Timid","evs":{"hp":0,"atk":0,"def":0,"spa":252,"spd":4,"spe":252},"ivs":{"hp":31,"atk":31,"def":31,"spa":31,"spd":31,"spe":31}},{"name":"Magnezone","species":"Magnezone","item":"choicescarf","ability":"Sturdy","moves":["thunderbolt","flashcannon","voltswitch","hiddenpowerice"],"nature":"Timid","evs":{"hp":0,"atk":0,"def":0,"spa":252,"spd":4,"spe":252},"ivs":{"hp":31,"atk":30,"def":30,"spa":31,"spd":31,"spe":31}},{"name":"Excadrill","species":"Excadrill","item":"choicescarf","ability":"Mold Breaker","moves":["earthquake","rockslide","ironhead","rapidspin"],"nature":"Jolly","evs":{"hp":0,"atk":252,"def":0,"spa":0,"spd":4,"spe":252},"ivs":{"hp":31,"atk":31,"def":31,"spa":31,"spd":31,"spe":31}},{"name":"Bisharp","species":"Bisharp","item":"lumberry","ability":"Defiant","moves":["suckerpunch","swordsdance","knockoff","ironhead"],"nature":"Jolly","evs":{"hp":0,"atk":252,"def":0,"spa":0,"spd":4,"spe":252},"ivs":{"hp":31,"atk":31,"def":31,"spa":31,"spd":31,"spe":31}},{"name":"Skarmory","species":"Skarmory","item":"leftovers","ability":"Sturdy","moves":["roost","defog","whirlwind","drillpeck"],"nature":"Impish","evs":{"hp":252,"atk":0,"def":252,"spa":0,"spd":4,"spe":0},"ivs":{"hp":31,"atk":31,"def":31,"spa":31,"spd":31,"spe":31}}],"log":["|player|p1|Apex✦Quilluminati|265","|player|p2|Metalyte|165","|gametype|singles","|gen|6","|tier|Monotype","|rated","|rule|Baton Pass Clause: Limit one Baton Passer, can't pass Spe and other stats simultaneously","|rule|Swagger Clause: Swagger is banned","|rule|Same Type Clause: Pokémon in a team must share a type","|clearpoke","|poke|p1|Aggron, F, shiny","|poke|p1|Aerodactyl, F","|poke|p1|Cradily, F","|poke|p1|Tyranitar, F","|poke|p1|Terrakion","|poke|p1|Omastar, M","|poke|p2|Scizor, F","|poke|p2|Heatran, F","|poke|p2|Magnezone","|poke|p2|Excadrill, M","|poke|p2|Bisharp, F","|poke|p2|Skarmory, F","|rule|Sleep Clause Mod: Limit one foe put to sleep","|rule|Species Clause: Limit one of each Pokémon","|rule|OHKO Clause: OHKO moves are banned","|rule|Moody Clause: Moody is banned","|rule|Evasion Moves Clause: Evasion moves are banned","|rule|Endless Battle Clause: Forcing endless battles is banned","|rule|HP Percentage Mod: HP is shown in percentages","|teampreview","|","|start","|switch|p1a: Omastar|Omastar, M|281/281","|switch|p2a: Magnezone|Magnezone|281/281","|turn|1","|","|switch|p1a: Tyranitar|Tyranitar, F|404/404","|-weather|Sandstorm","|move|p2a: Magnezone|Volt Switch|p1a: Tyranitar","|-damage|p1a: Tyranitar|343/404","|","|switch|p2a: Excadrill|Excadrill, M|361/361","|-ability|p2a: Excadrill|Mold Breaker","|","|-weather|Sandstorm|[upkeep]","|turn|2","|","|switch|p1a: Cradily|Cradily, F|324/324","|move|p2a: Excadrill|Earthquake|p1a: Cradily","|-damage|p1a: Cradily|161/324","|","|-weather|Sandstorm|[upkeep]","|turn|3","|","|switch|p2a: Magnezone|Magnezone|281/281","|move|p1a: Cradily|Recover|p1a: Cradily","|-heal|p1a: Cradily|323/324","|","|-weather|Sandstorm|[upkeep]","|turn|4","|","|move|p2a: Magnezone|Flash Cannon|p1a: Cradily","|-supereffective|p1a: Cradily","|-damage|p1a: Cradily|177/324","|move|p1a: Cradily|Giga Drain|p2a: Magnezone","|-resisted|p2a: Magnezone","|-damage|p2a: Magnezone|233/281","|-heal|p1a: Cradily|201/324|[from] drain|[of] p2a: Magnezone","|","|-weather|Sandstorm|[upkeep]","|turn|5","|","|move|p2a: Magnezone|Flash Cannon|p1a: Cradily","|-supereffective|p1a: Cradily","|-damage|p1a: Cradily|43/324","|move|p1a: Cradily|Recover|p1a: Cradily","|-heal|p1a: Cradily|205/324","|","|-weather|none","|turn|6","|","|switch|p2a: Bisharp|Bisharp, F|271/271","|move|p1a: Cradily|Giga Drain|p2a: Bisharp","|-resisted|p2a: Bisharp","|-damage|p2a: Bisharp|211/271","|-heal|p1a: Cradily|235/324|[from] drain|[of] p2a: Bisharp","|","|turn|7","|","|switch|p1a: Aggron|Aggron, F, shiny|344/344","|move|p2a: Bisharp|Iron Head|p1a: Aggron","|-damage|p1a: Aggron|265/344","|","|turn|8","|","|switch|p2a: Skarmory|Skarmory, F|334/334","|detailschange|p1a: Aggron|Aggron-Mega, F, shiny","|-mega|p1a: Aggron|Aggron|Aggronite","|move|p1a: Aggron|Curse|p1a: Aggron","|-unboost|p1a: Aggron|spe|1","|-boost|p1a: Aggron|atk|1","|-boost|p1a: Aggron|def|1","|","|turn|9","|","|move|p1a: Aggron|Curse|p1a: Aggron","|-unboost|p1a: Aggron|spe|1","|-boost|p1a: Aggron|atk|1","|-boost|p1a: Aggron|def|1","|move|p2a: Skarmory|Whirlwind|p1a: Aggron","|drag|p1a: Cradily|Cradily, F|235/324","|","|turn|10","|","|switch|p2a: Scizor|Scizor, F|343/343","|switch|p1a: Tyranitar|Tyranitar, F|343/404","|-weather|Sandstorm","|","|-weather|Sandstorm|[upkeep]","|turn|11","|","|detailschange|p2a: Scizor|Scizor-Mega, F","|-mega|p2a: Scizor|Scizor|Scizorite","|move|p2a: Scizor|Bullet Punch|p1a: Tyranitar","|-supereffective|p1a: Tyranitar","|-damage|p1a: Tyranitar|127/404","|move|p1a: Tyranitar|Fire Blast|p2a: Scizor","|-supereffective|p2a: Scizor","|-damage|p2a: Scizor|0 fnt","|faint|p2a: Scizor","|","|-weather|Sandstorm|[upkeep]","|","|switch|p2a: Bisharp|Bisharp, F|211/271","|turn|12","|","|switch|p2a: Heatran|Heatran, F|323/323","|-item|p2a: Heatran|Air Balloon","|move|p1a: Tyranitar|Earthquake|p2a: Heatran","|-immune|p2a: Heatran|[msg]","|","|-weather|Sandstorm|[upkeep]","|turn|13","|","|move|p2a: Heatran|Flash Cannon|p1a: Tyranitar","|-supereffective|p1a: Tyranitar","|-damage|p1a: Tyranitar|0 fnt","|faint|p1a: Tyranitar","|","|-weather|Sandstorm|[upkeep]","|","|switch|p1a: Omastar|Omastar, M|281/281","|turn|14","|","|move|p2a: Heatran|Earth Power|p1a: Omastar","|-supereffective|p1a: Omastar","|-damage|p1a: Omastar|89/281","|move|p1a: Omastar|Shell Smash|p1a: Omastar","|-unboost|p1a: Omastar|def|1","|-unboost|p1a: Omastar|spd|1","|-boost|p1a: Omastar|atk|2","|-boost|p1a: Omastar|spa|2","|-boost|p1a: Omastar|spe|2","|","|-weather|none","|turn|15","|","|switch|p2a: Bisharp|Bisharp, F|211/271","|move|p1a: Omastar|Scald|p2a: Bisharp","|-damage|p2a: Bisharp|0 fnt","|faint|p2a: Bisharp","|","|","|switch|p2a: Magnezone|Magnezone|233/281","|turn|16","|","|move|p1a: Omastar|Earth Power|p2a: Magnezone","|-supereffective|p2a: Magnezone","|-damage|p2a: Magnezone|0 fnt","|faint|p2a: Magnezone","|","|","|switch|p2a: Skarmory|Skarmory, F|334/334","|turn|17","|","|move|p1a: Omastar|Scald|p2a: Skarmory","|-ability|p2a: Skarmory|Sturdy","|-damage|p2a: Skarmory|1/334","|move|p2a: Skarmory|Whirlwind|p1a: Omastar","|drag|p1a: Aggron|Aggron-Mega, F, shiny|265/344","|","|-heal|p2a: Skarmory|21/334|[from] item: Leftovers","|turn|18","|","|move|p2a: Skarmory|Roost|p2a: Skarmory","|-heal|p2a: Skarmory|188/334","|move|p1a: Aggron|Heavy Slam|p2a: Skarmory","|-resisted|p2a: Skarmory","|-damage|p2a: Skarmory|139/334","|","|-heal|p2a: Skarmory|159/334|[from] item: Leftovers","|turn|19","|","|switch|p1a: Omastar|Omastar, M|89/281","|move|p2a: Skarmory|Roost|p2a: Skarmory","|-heal|p2a: Skarmory|326/334","|","|-heal|p2a: Skarmory|334/334|[from] item: Leftovers","|turn|20","|","|move|p1a: Omastar|Scald|p2a: Skarmory","|-damage|p2a: Skarmory|139/334","|move|p2a: Skarmory|Whirlwind|p1a: Omastar","|drag|p1a: Aggron|Aggron-Mega, F, shiny|265/344","|","|-heal|p2a: Skarmory|159/334|[from] item: Leftovers","|turn|21","|","|switch|p2a: Excadrill|Excadrill, M|361/361","|-ability|p2a: Excadrill|Mold Breaker","|move|p1a: Aggron|Curse|p1a: Aggron","|-unboost|p1a: Aggron|spe|1","|-boost|p1a: Aggron|atk|1","|-boost|p1a: Aggron|def|1","|","|turn|22","|","|move|p2a: Excadrill|Earthquake|p1a: Aggron","|-supereffective|p1a: Aggron","|-damage|p1a: Aggron|155/344","|move|p1a: Aggron|Curse|p1a: Aggron","|-unboost|p1a: Aggron|spe|1","|-boost|p1a: Aggron|atk|1","|-boost|p1a: Aggron|def|1","|","|turn|23","|","|switch|p2a: Heatran|Heatran, F|323/323","|-item|p2a: Heatran|Air Balloon","|move|p1a: Aggron|Curse|p1a: Aggron","|-unboost|p1a: Aggron|spe|1","|-boost|p1a: Aggron|atk|1","|-boost|p1a: Aggron|def|1","|","|turn|24","|","|move|p2a: Heatran|Fire Blast|p1a: Aggron|[miss]","|-miss|p2a: Heatran|p1a: Aggron","|move|p1a: Aggron|Rest|p1a: Aggron","|-status|p1a: Aggron|slp","|-heal|p1a: Aggron|344/344 slp|[silent]","|-status|p1a: Aggron|slp|[from] move: Rest","|","|turn|25","|","|switch|p1a: Terrakion|Terrakion|323/323","|move|p2a: Heatran|Fire Blast|p1a: Terrakion","|-resisted|p1a: Terrakion","|-damage|p1a: Terrakion|222/323","|","|turn|26","|","|switch|p2a: Skarmory|Skarmory, F|159/334","|move|p1a: Terrakion|Close Combat|p2a: Skarmory","|-damage|p2a: Skarmory|44/334","|-unboost|p1a: Terrakion|def|1","|-unboost|p1a: Terrakion|spd|1","|","|-heal|p2a: Skarmory|64/334|[from] item: Leftovers","|turn|27","|","|move|p1a: Terrakion|Close Combat|p2a: Skarmory","|-damage|p2a: Skarmory|0 fnt","|-unboost|p1a: Terrakion|def|1","|-unboost|p1a: Terrakion|spd|1","|faint|p2a: Skarmory","|","|","|switch|p2a: Excadrill|Excadrill, M|361/361","|-ability|p2a: Excadrill|Mold Breaker","|turn|28","|","|switch|p2a: Heatran|Heatran, F|323/323","|-item|p2a: Heatran|Air Balloon","|move|p1a: Terrakion|Close Combat|p2a: Heatran","|-supereffective|p2a: Heatran","|-damage|p2a: Heatran|0 fnt","|-enditem|p2a: Heatran|Air Balloon","|-unboost|p1a: Terrakion|def|1","|-unboost|p1a: Terrakion|spd|1","|faint|p2a: Heatran","|","|","|switch|p2a: Excadrill|Excadrill, M|361/361","|-ability|p2a: Excadrill|Mold Breaker","|turn|29","|","|move|p1a: Terrakion|Close Combat|p2a: Excadrill","|-supereffective|p2a: Excadrill","|-damage|p2a: Excadrill|0 fnt","|-unboost|p1a: Terrakion|def|1","|-unboost|p1a: Terrakion|spd|1","|faint|p2a: Excadrill","|","|win|Apex✦Quilluminati"],"p1rating":{"entryid":"777566","serverid":"eos","formatid":"monotype","userid":"apexquilluminati","username":"Apex✦Quilluminati","w":2,"l":"4","t":"0","gxe":44.6,"r":"1500","rd":"130","sigma":"0","rptime":"1441184400","rpr":1457.4069131955,"rprd":97.926160105851,"rpsigma":"0","acre":1090.9206279484,"lacre":1090.9206279484,"oldacre":"1055.6597136827"},"p2rating":{"entryid":"261411","serverid":"eos","formatid":"monotype","userid":"metalyte","username":"Metalyte","w":"7","l":6,"t":"0","gxe":52.6,"r":"1540.690019744","rd":"84.795728788005","sigma":"0","rptime":"1441184400","rpr":1520.5110178785,"rprd":82.739963836501,"rpsigma":"0","acre":1068.3662640772,"lacre":1068.3662640772,"oldacre":"1095.4586789545"},"endType":"normal"}