{"seed":[55955,51863,57640,41124],"turns":27,"p1":"GL ♅ JGT","p2":"Carnie KeySein","p1team":[{"name":"Diggersby","species":"Diggersby","item":"focussash","ability":"Huge Power","moves":["earthquake","knockoff","swordsdance","quickattack"],"nature":"Adamant","evs":{"hp":0,"atk":252,"def":0,"spa":0,"spd":0,"spe":252},"gender":"M","ivs":{"hp":31,"atk":31,"def":31,"spa":31,"spd":31,"spe":31}},{"name":"Lopunny","species":"Lopunny","item":"lopunnite","ability":"Cute Charm","moves":["fakeout","return","highjumpkick","icepunch"],"nature":"Adamant","evs":{"hp":0,"atk":252,"def":0,"spa":0,"spd":0,"spe":252},"gender":"F","ivs":{"hp":31,"atk":31,"def":31,"spa":31,"spd":31,"spe":31}},{"name":"Meloetta","species":"Meloetta","item":"choicescarf","ability":"Serene Grace","moves":["focusblast","psychic","shadowball","thunderbolt"],"nature":"Modest","evs":{"hp":0,"atk":0,"def":0,"spa":252,"spd":4,"spe":252},"ivs":{"hp":31,"atk":31,"def":31,"spa":31,"spd":31,"spe":31}},{"name":"Porygon2","species":"Porygon2","item":"eviolite","ability":"Download","moves":["triattack","thunderbolt","substitute","recover"],"nature":"Modest","evs":{"hp":248,"atk":0,"def":0,"spa":252,"spd":8,"spe":0},"ivs":{"hp":31,"atk":31,"def":31,"spa":31,"spd":31,"spe":31}},{"name":"Snorlax","species":"Snorlax","item":"leftovers","ability":"Immunity","moves":["curse","bodyslam","brickbreak","crunch"],"nature":"Adamant","evs":{"hp":80,"atk":176,"def":252,"spa":0,"spd":0,"spe":0},"gender":"M","shiny":true,"ivs":{"hp":31,"atk":31,"def":31,"spa":31,"spd":31,"spe":31}},{"name":"Slaking","species":"Slaking","item":"choicescarf","ability":"Truant","moves":["retaliate","shadowclaw","playrough","hammerarm"],"nature":"Adamant","evs":{"hp":0,"atk":252,"def":0,"spa":0,"spd":0,"spe":252},"shiny":true,"ivs":{"hp":31,"atk":31,"def":31,"spa":31,"spd":31,"spe":31}}],"p2team":[{"name":"Hawlucha","species":"Hawlucha","item":"sitrusberry","ability":"Unburden","moves":["substitute","swordsdance","highjumpkick","acrobatics"],"nature":"Jolly","evs":{"hp":12,"atk":252,"def":0,"spa":0,"spd":0,"spe":244},"ivs":{"hp":31,"atk":31,"def":31,"spa":31,"spd":31,"spe":31}},{"name":"Gliscor","species":"Gliscor","item":"toxicorb","ability":"Poison Heal","moves":["substitute","protect","earthquake","toxic"],"nature":"Jolly","evs":{"hp":252,"atk":0,"def":4,"spa":0,"spd":0,"spe":252},"ivs":{"hp":31,"atk":31,"def":31,"spa":31,"spd":31,"spe":31}},{"name":"Gyarados","species":"Gyarados","item":"gyaradosite","ability":"Intimidate","moves":["dragondance","waterfall","crunch","taunt"],"nature":"Jolly","evs":{"hp":4,"atk":252,"def":0,"spa":0,"spd":0,"spe":252},"ivs":{"hp":31,"atk":30,"def":31,"spa":30,"spd":31,"spe":30}},{"name":"Landorus","species":"Landorus","item":"lifeorb","ability":"Sheer Force","moves":["earthpower","sludgewave","psychic","hiddenpowerice"],"nature":"","evs":{"hp":0,"atk":252,"def":0,"spa":0,"spd":0,"spe":0},"ivs":{"hp":31,"atk":30,"def":30,"spa":31,"spd":31,"spe":31}},{"name":"Togekiss","species":"Togekiss","item":"lumberry","ability":"Serene Grace","moves":["thunderwave","airslash","roost","zenheadbutt"],"nature":"Calm","evs":{"hp":252,"atk":0,"def":0,"spa":0,"spd":160,"spe":96},"ivs":{"hp":31,"atk":31,"def":31,"spa":31,"spd":31,"spe":31}},{"name":"Salamence","species":"Salamence","item":"choicescarf","ability":"Moxie","moves":["outrage","earthquake","crunch","brickbreak"],"nature":"Jolly","evs":{"hp":0,"atk":252,"def":0,"spa":0,"spd":4,"spe":252},"ivs":{"hp":31,"atk":31,"def":31,"spa":31,"spd":31,"spe":31}}],"log":["|player|p1|GL ♅ JGT|80","|player|p2|Carnie KeySein|164","|gametype|singles","|gen|6","|tier|Monotype","|rated","|rule|Baton Pass Clause: Limit one Baton Passer, can't pass Spe and other stats simultaneously","|rule|Swagger Clause: Swagger is banned","|rule|Same Type Clause: Pokémon in a team must share a type","|clearpoke","|poke|p1|Diggersby, M","|poke|p1|Lopunny, F","|poke|p1|Meloetta","|poke|p1|Porygon2","|poke|p1|Snorlax, M, shiny","|poke|p1|Slaking, F, shiny","|poke|p2|Hawlucha, M","|poke|p2|Gliscor, F","|poke|p2|Gyarados, M","|poke|p2|Landorus, M","|poke|p2|Togekiss, M","|poke|p2|Salamence, F","|rule|Sleep Clause Mod: Limit one foe put to sleep","|rule|Species Clause: Limit one of each Pokémon","|rule|OHKO Clause: OHKO moves are banned","|rule|Moody Clause: Moody is banned","|rule|Evasion Moves Clause: Evasion moves are banned","|rule|Endless Battle Clause: Forcing endless battles is banned","|rule|HP Percentage Mod: HP is shown in percentages","|teampreview","|","|start","|switch|p1a: Snorlax|Snorlax, M, shiny|481/481","|switch|p2a: Gyarados|Gyarados, M|332/332","|-ability|p2a: Gyarados|Intimidate","|-unboost|p1a: Snorlax|atk|1","|turn|1","|","|detailschange|p2a: Gyarados|Gyarados-Mega, M","|-mega|p2a: Gyarados|Gyarados|Gyaradosite","|-ability|p2a: Gyarados|Mold Breaker","|move|p2a: Gyarados|Dragon Dance|p2a: Gyarados","|-boost|p2a: Gyarados|atk|1","|-boost|p2a: Gyarados|spe|1","|move|p1a: Snorlax|Curse|p1a: Snorlax","|-unboost|p1a: Snorlax|spe|1","|-boost|p1a: Snorlax|atk|1","|-boost|p1a: Snorlax|def|1","|","|turn|2","|","|move|p2a: Gyarados|Waterfall|p1a: Snorlax","|-damage|p1a: Snorlax|328/481","|move|p1a: Snorlax|Brick Break|p2a: Gyarados","|-supereffective|p2a: Gyarados","|-damage|p2a: Gyarados|176/332","|","|-heal|p1a: Snorlax|358/481|[from] item: Leftovers","|turn|3","|","|move|p2a: Gyarados|Taunt|p1a: Snorlax","|-start|p1a: Snorlax|move: Taunt","|cant|p1a: Snorlax|move: Taunt|Curse","|","|-heal|p1a: Snorlax|388/481|[from] item: Leftovers","|turn|4","|","|move|p2a: Gyarados|Crunch|p1a: Snorlax","|-damage|p1a: Snorlax|217/481","|move|p1a: Snorlax|Brick Break|p2a: Gyarados","|-supereffective|p2a: Gyarados","|-damage|p2a: Gyarados|30/332","|","|-heal|p1a: Snorlax|247/481|[from] item: Leftovers","|turn|5","|","|move|p2a: Gyarados|Crunch|p1a: Snorlax","|-damage|p1a: Snorlax|88/481","|-unboost|p1a: Snorlax|def|1","|move|p1a: Snorlax|Body Slam|p2a: Gyarados","|-damage|p2a: Gyarados|0 fnt","|faint|p2a: Gyarados","|","|-heal|p1a: Snorlax|118/481|[from] item: Leftovers","|-end|p1a: Snorlax|move: Taunt","|","|switch|p2a: Salamence|Salamence, F|331/331","|turn|6","|","|move|p2a: Salamence|Outrage|p1a: Snorlax","|-damage|p1a: Snorlax|0 fnt","|faint|p1a: Snorlax","|-boost|p2a: Salamence|atk|1|[from] ability: Moxie","|","|","|switch|p1a: Slaking|Slaking, F, shiny|441/441","|turn|7","|","|move|p2a: Salamence|Outrage|p1a: Slaking|[from]lockedmove","|-damage|p1a: Slaking|102/441","|move|p1a: Slaking|Retaliate|p2a: Salamence","|-damage|p2a: Salamence|0 fnt","|faint|p2a: Salamence","|","|","|switch|p2a: Landorus|Landorus, M|319/319","|turn|8","|","|switch|p1a: Porygon2|Porygon2|373/373","|-boost|p1a: Porygon2|spa|1|[from] ability: Download","|move|p2a: Landorus|Sludge Wave|p1a: Porygon2","|-damage|p1a: Porygon2|273/373","|","|turn|9","|","|move|p2a: Landorus|Earth Power|p1a: Porygon2","|-damage|p1a: Porygon2|143/373","|move|p1a: Porygon2|Tri Attack|p2a: Landorus","|-damage|p2a: Landorus|78/319","|-status|p2a: Landorus|frz","|","|turn|10","|","|cant|p2a: Landorus|frz","|move|p1a: Porygon2|Tri Attack|p2a: Landorus","|-damage|p2a: Landorus|0 fnt","|faint|p2a: Landorus","|","|","|switch|p2a: Hawlucha|Hawlucha, M|300/300","|turn|11","|","|move|p2a: Hawlucha|High Jump Kick|p1a: Porygon2","|-supereffective|p1a: Porygon2","|-damage|p1a: Porygon2|0 fnt","|faint|p1a: Porygon2","|","|","|switch|p1a: Slaking|Slaking, F, shiny|102/441","|turn|12","|","|move|p1a: Slaking|Retaliate|p2a: Hawlucha","|-damage|p2a: Hawlucha|0 fnt","|faint|p2a: Hawlucha","|","|","|switch|p2a: Togekiss|Togekiss, M|374/374","|turn|13","|","|switch|p1a: Meloetta|Meloetta|341/341","|move|p2a: Togekiss|Air Slash|p1a: Meloetta","|-damage|p1a: Meloetta|263/341","|","|turn|14","|","|move|p1a: Meloetta|Thunderbolt|p2a: Togekiss","|-supereffective|p2a: Togekiss","|-damage|p2a: Togekiss|204/374","|move|p2a: Togekiss|Thunder Wave|p1a: Meloetta","|-status|p1a: Meloetta|par","|","|turn|15","|","|move|p2a: Togekiss|Air Slash|p1a: Meloetta","|-damage|p1a: Meloetta|173/341 par","|cant|p1a: Meloetta|par","|","|turn|16","|","|move|p2a: Togekiss|Air Slash|p1a: Meloetta","|-damage|p1a: Meloetta|92/341 par","|move|p1a: Meloetta|Thunderbolt|p2a: Togekiss","|-supereffective|p2a: Togekiss","|-damage|p2a: Togekiss|50/374","|","|turn|17","|","|move|p2a: Togekiss|Air Slash|p1a: Meloetta","|-damage|p1a: Meloetta|4/341 par","|cant|p1a: Meloetta|flinch","|","|turn|18","|","|move|p2a: Togekiss|Air Slash|p1a: Meloetta","|-damage|p1a: Meloetta|0 fnt","|faint|p1a: Meloetta","|","|","|switch|p1a: Slaking|Slaking, F, shiny|102/441","|turn|19","|","|move|p1a: Slaking|Retaliate|p2a: Togekiss","|-damage|p2a: Togekiss|0 fnt","|faint|p2a: Togekiss","|","|","|switch|p2a: Gliscor|Gliscor, F|354/354","|turn|20","|","|switch|p1a: Diggersby|Diggersby, M|311/311","|move|p2a: Gliscor|Substitute|p2a: Gliscor","|-start|p2a: Gliscor|Substitute","|-damage|p2a: Gliscor|266/354","|","|-status|p2a: Gliscor|tox|[from] item: Toxic Orb","|turn|21","|","|move|p2a: Gliscor|Toxic|p1a: Diggersby","|-status|p1a: Diggersby|tox","|move|p1a: Diggersby|Swords Dance|p1a: Diggersby","|-boost|p1a: Diggersby|atk|2","|","|-heal|p2a: Gliscor|310/354 tox|[from] ability: Poison Heal","|-damage|p1a: Diggersby|292/311 tox|[from] psn","|turn|22","|","|move|p1a: Diggersby|Quick Attack|p2a: Gliscor","|-end|p2a: Gliscor|Substitute","|move|p2a: Gliscor|Earthquake|p1a: Diggersby","|-damage|p1a: Diggersby|163/311 tox","|","|-heal|p2a: Gliscor|354/354 tox|[from] ability: Poison Heal","|-damage|p1a: Diggersby|125/311 tox|[from] psn","|turn|23","|","|move|p2a: Gliscor|Protect|p2a: Gliscor","|-singleturn|p2a: Gliscor|Protect","|move|p1a: Diggersby|Quick Attack|p2a: Gliscor","|-activate|p2a: Gliscor|Protect","|","|-damage|p1a: Diggersby|68/311 tox|[from] psn","|turn|24","|","|move|p1a: Diggersby|Quick Attack|p2a: Gliscor","|-damage|p2a: Gliscor|204/354 tox","|move|p2a: Gliscor|Substitute|p2a: Gliscor","|-start|p2a: Gliscor|Substitute","|-damage|p2a: Gliscor|116/354 tox","|","|-heal|p2a: Gliscor|160/354 tox|[from] ability: Poison Heal","|-damage|p1a: Diggersby|0 fnt|[from] psn","|faint|p1a: Diggersby","|","|switch|p1a: Lopunny|Lopunny, F|271/271","|turn|25","|","|detailschange|p1a: Lopunny|Lopunny-Mega, F","|-mega|p1a: Lopunny|Lopunny|Lopunnite","|move|p1a: Lopunny|Fake Out|p2a: Gliscor","|-crit|p2a: Gliscor","|-end|p2a: Gliscor|Substitute","|move|p2a: Gliscor|Toxic|p1a: Lopunny","|-status|p1a: Lopunny|tox","|","|-damage|p1a: Lopunny|255/271 tox|[from] psn","|-heal|p2a: Gliscor|204/354 tox|[from] ability: Poison Heal","|turn|26","|","|move|p2a: Gliscor|Protect|p2a: Gliscor","|-singleturn|p2a: Gliscor|Protect","|move|p1a: Lopunny|Ice Punch|p2a: Gliscor","|-activate|p2a: Gliscor|Protect","|","|-damage|p1a: Lopunny|223/271 tox|[from] psn","|-heal|p2a: Gliscor|248/354 tox|[from] ability: Poison Heal","|turn|27","|","|move|p1a: Lopunny|Ice Punch|p2a: Gliscor","|-supereffective|p2a: Gliscor","|-damage|p2a: Gliscor|0 fnt","|faint|p2a: Gliscor","|","|win|GL ♅ JGT"],"p1rating":{"entryid":"30716","serverid":"eos","formatid":"monotype","userid":"gljgt","username":"GL ♅ JGT","w":13,"l":"11","t":"0","gxe":53.3,"r":"1503.9051488103","rd":"69.094076177282","sigma":"0","rptime":"1441184400","rpr":1525.699360148,"rprd":66.816051003874,"rpsigma":"0","acre":1114.8431877433,"lacre":1114.8431877433,"oldacre":"1088.5215855506"},"p2rating":{"entryid":"787247","serverid":"eos","formatid":"monotype","userid":"carniekeysein","username":"Carnie KeySein","w":"4","l":4,"t":"0","gxe":50.3,"r":"1500","rd":"130","sigma":"0","rptime":"1441184400","rpr":1502.2384081306,"rprd":92.299182995802,"rpsigma":"0","acre":1061.1574839825,"lacre":1061.1574839825,"oldacre":"1083.3183280618"},"endType":"normal"}