{"seed":[36179,46074,44833,46255],"turns":32,"p1":"Knight Loli","p2":"Apex✦Quilluminati","p1team":[{"name":"Gallade","species":"Gallade","item":"galladite","ability":"Justified","moves":["drainpunch","shadowsneak","knockoff","bulkup"],"nature":"Jolly","evs":{"hp":0,"atk":176,"def":80,"spa":0,"spd":0,"spe":252},"ivs":{"hp":31,"atk":31,"def":31,"spa":31,"spd":31,"spe":31}},{"name":"Mew","species":"Mew","item":"leftovers","ability":"Synchronize","moves":["willowisp","roost","defog","rockslide"],"nature":"Careful","evs":{"hp":252,"atk":4,"def":0,"spa":0,"spd":252,"spe":0},"ivs":{"hp":31,"atk":31,"def":31,"spa":31,"spd":31,"spe":31}},{"name":"Slowbro","species":"Slowbro","item":"leftovers","ability":"Regenerator","moves":["scald","thunderwave","grassknot","slackoff"],"nature":"Bold","evs":{"hp":252,"atk":0,"def":252,"spa":4,"spd":0,"spe":0},"ivs":{"hp":31,"atk":31,"def":31,"spa":31,"spd":31,"spe":31}},{"name":"Victini","species":"Victini","item":"choicescarf","ability":"Victory Star","moves":["vcreate","boltstrike","zenheadbutt","uturn"],"nature":"Jolly","evs":{"hp":0,"atk":252,"def":0,"spa":0,"spd":4,"spe":252},"ivs":{"hp":31,"atk":31,"def":31,"spa":31,"spd":31,"spe":31}},{"name":"Gardevoir","species":"Gardevoir","item":"choicescarf","ability":"Trace","moves":["moonblast","psyshock","hiddenpowerfire","thunderbolt"],"nature":"Timid","evs":{"hp":0,"atk":0,"def":0,"spa":252,"spd":4,"spe":252},"ivs":{"hp":31,"atk":30,"def":31,"spa":30,"spd":31,"spe":30}},{"name":"Meloetta","species":"Meloetta","item":"leftovers","ability":"Serene Grace","moves":["relicsong","closecombat","knockoff","poweruppunch"],"nature":"Adamant","evs":{"hp":0,"atk":252,"def":0,"spa":0,"spd":0,"spe":252},"ivs":{"hp":31,"atk":31,"def":31,"spa":31,"spd":31,"spe":31}}],"p2team":[{"name":"Omastar","species":"Omastar","item":"focussash","ability":"Shell Armor","moves":["shellsmash","scald","icebeam","earthpower"],"nature":"Modest","evs":{"hp":0,"atk":0,"def":0,"spa":252,"spd":4,"spe":252},"ivs":{"hp":31,"atk":31,"def":31,"spa":31,"spd":31,"spe":31}},{"name":"Shuckle","species":"Shuckle","item":"redcard","ability":"Sturdy","moves":["stickyweb","stealthrock","knockoff","toxic"],"nature":"Careful","evs":{"hp":252,"atk":0,"def":132,"spa":0,"spd":124,"spe":0},"ivs":{"hp":31,"atk":31,"def":31,"spa":31,"spd":31,"spe":31}},{"name":"Terrakion","species":"Terrakion","item":"choicescarf","ability":"Justified","moves":["closecombat","stoneedge","earthquake","ironhead"],"nature":"Jolly","evs":{"hp":0,"atk":252,"def":0,"spa":0,"spd":4,"spe":252},"ivs":{"hp":31,"atk":31,"def":31,"spa":31,"spd":31,"spe":31}},{"name":"Cradily","species":"Cradily","item":"rockyhelmet","ability":"Storm Drain","moves":["gigadrain","stockpile","recover","toxic"],"nature":"Calm","evs":{"hp":44,"atk":0,"def":216,"spa":108,"spd":140,"spe":0},"ivs":{"hp":31,"atk":31,"def":31,"spa":31,"spd":31,"spe":31}},{"name":"Allen Iverson","species":"diancie","item":"diancite","ability":"Clear Body","moves":["protect","moonblast","earthpower","hiddenpowerfire"],"nature":"Timid","evs":{"hp":0,"atk":0,"def":0,"spa":248,"spd":8,"spe":252},"ivs":{"hp":31,"atk":30,"def":31,"spa":30,"spd":31,"spe":30}},{"name":"Tyranitar","species":"Tyranitar","item":"assaultvest","ability":"Sand Stream","moves":["crunch","stoneedge","earthquake","fireblast"],"nature":"Naughty","evs":{"hp":248,"atk":252,"def":0,"spa":8,"spd":0,"spe":0},"ivs":{"hp":31,"atk":31,"def":31,"spa":31,"spd":31,"spe":31}}],"log":["|player|p1|Knight Loli|23","|player|p2|Apex✦Quilluminati|265","|gametype|singles","|gen|6","|tier|Monotype","|rated","|rule|Baton Pass Clause: Limit one Baton Passer, can't pass Spe and other stats simultaneously","|rule|Swagger Clause: Swagger is banned","|rule|Same Type Clause: Pokémon in a team must share a type","|clearpoke","|poke|p1|Gallade, M","|poke|p1|Mew","|poke|p1|Slowbro, M","|poke|p1|Victini","|poke|p1|Gardevoir, M","|poke|p1|Meloetta","|poke|p2|Omastar, M","|poke|p2|Shuckle, F","|poke|p2|Terrakion","|poke|p2|Cradily, M","|poke|p2|Diancie","|poke|p2|Tyranitar, M","|rule|Sleep Clause Mod: Limit one foe put to sleep","|rule|Species Clause: Limit one of each Pokémon","|rule|OHKO Clause: OHKO moves are banned","|rule|Moody Clause: Moody is banned","|rule|Evasion Moves Clause: Evasion moves are banned","|rule|Endless Battle Clause: Forcing endless battles is banned","|rule|HP Percentage Mod: HP is shown in percentages","|teampreview","|","|start","|switch|p1a: Mew|Mew|404/404","|switch|p2a: Allen Iverson|Diancie|241/241","|turn|1","|","|detailschange|p2a: Allen Iverson|Diancie-Mega","|-mega|p2a: Allen Iverson|Diancie|Diancite","|move|p2a: Allen Iverson|Protect|p2a: Allen Iverson","|-singleturn|p2a: Allen Iverson|Protect","|move|p1a: Mew|Roost|p1a: Mew","|-fail|p1a: Mew","|","|turn|2","|","|switch|p2a: Shuckle|Shuckle, F|244/244","|switch|p1a: Slowbro|Slowbro, M|394/394","|","|turn|3","|","|move|p1a: Slowbro|Scald|p2a: Shuckle","|-supereffective|p2a: Shuckle","|-damage|p2a: Shuckle|164/244","|-enditem|p2a: Shuckle|Red Card|[of] p1a: Slowbro","|drag|p1a: Gallade|Gallade, M|277/277","|move|p2a: Shuckle|Toxic|p1a: Gallade","|-status|p1a: Gallade|tox","|","|-damage|p1a: Gallade|260/277 tox|[from] psn","|turn|4","|","|detailschange|p1a: Gallade|Gallade-Mega, M","|-mega|p1a: Gallade|Gallade|Galladite","|move|p1a: Gallade|Bulk Up|p1a: Gallade","|-boost|p1a: Gallade|atk|1","|-boost|p1a: Gallade|def|1","|move|p2a: Shuckle|Sticky Web|p1a: Gallade","|-sidestart|p1: Knight Loli|move: Sticky Web","|","|-damage|p1a: Gallade|226/277 tox|[from] psn","|turn|5","|","|move|p1a: Gallade|Drain Punch|p2a: Shuckle","|-damage|p2a: Shuckle|70/244","|-heal|p1a: Gallade|273/277 tox|[from] drain|[of] p2a: Shuckle","|move|p2a: Shuckle|Stealth Rock|p1a: Gallade","|-sidestart|p1: Knight Loli|move: Stealth Rock","|","|-damage|p1a: Gallade|222/277 tox|[from] psn","|turn|6","|","|move|p1a: Gallade|Drain Punch|p2a: Shuckle","|-damage|p2a: Shuckle|0 fnt","|-heal|p1a: Gallade|257/277 tox|[from] drain|[of] p2a: Shuckle","|faint|p2a: Shuckle","|","|-damage|p1a: Gallade|189/277 tox|[from] psn","|","|switch|p2a: Allen Iverson|Diancie-Mega|241/241","|turn|7","|","|move|p2a: Allen Iverson|Protect|p2a: Allen Iverson","|-singleturn|p2a: Allen Iverson|Protect","|move|p1a: Gallade|Shadow Sneak|p2a: Allen Iverson","|-activate|p2a: Allen Iverson|Protect","|","|-damage|p1a: Gallade|104/277 tox|[from] psn","|turn|8","|","|move|p1a: Gallade|Shadow Sneak|p2a: Allen Iverson","|-damage|p2a: Allen Iverson|168/241","|move|p2a: Allen Iverson|Moonblast|p1a: Gallade","|-supereffective|p1a: Gallade","|-damage|p1a: Gallade|0 fnt","|faint|p1a: Gallade","|","|","|switch|p1a: Slowbro|Slowbro, M|394/394","|-damage|p1a: Slowbro|345/394|[from] Stealth Rock","|-activate|p1a: Slowbro|move: Sticky Web","|-unboost|p1a: Slowbro|spe|1","|turn|9","|","|move|p2a: Allen Iverson|Protect|p2a: Allen Iverson","|-singleturn|p2a: Allen Iverson|Protect","|move|p1a: Slowbro|Grass Knot|p2a: Allen Iverson","|-activate|p2a: Allen Iverson|Protect","|","|-heal|p1a: Slowbro|369/394|[from] item: Leftovers","|turn|10","|","|move|p2a: Allen Iverson|Moonblast|p1a: Slowbro","|-damage|p1a: Slowbro|116/394","|-unboost|p1a: Slowbro|spa|1","|move|p1a: Slowbro|Scald|p2a: Allen Iverson","|-supereffective|p2a: Allen Iverson","|-damage|p2a: Allen Iverson|52/241","|","|-heal|p1a: Slowbro|140/394|[from] item: Leftovers","|turn|11","|","|switch|p1a: Victini|Victini|341/341","|-damage|p1a: Victini|256/341|[from] Stealth Rock","|-activate|p1a: Victini|move: Sticky Web","|-unboost|p1a: Victini|spe|1","|move|p2a: Allen Iverson|Moonblast|p1a: Victini","|-crit|p1a: Victini","|-resisted|p1a: Victini","|-damage|p1a: Victini|121/341","|-unboost|p1a: Victini|spa|1","|","|turn|12","|","|move|p2a: Allen Iverson|Earth Power|p1a: Victini","|-supereffective|p1a: Victini","|-damage|p1a: Victini|0 fnt","|faint|p1a: Victini","|","|","|switch|p1a: Mew|Mew|404/404","|-activate|p1a: Mew|move: Sticky Web","|-unboost|p1a: Mew|spe|1","|-damage|p1a: Mew|354/404|[from] Stealth Rock","|turn|13","|","|switch|p2a: Tyranitar|Tyranitar, M|403/403","|-weather|Sandstorm","|move|p1a: Mew|Roost|p1a: Mew","|-heal|p1a: Mew|404/404","|","|-weather|Sandstorm|[upkeep]","|-damage|p1a: Mew|379/404|[from] sandstorm","|-heal|p1a: Mew|404/404|[from] item: Leftovers","|turn|14","|","|move|p2a: Tyranitar|Crunch|p1a: Mew","|-supereffective|p1a: Mew","|-damage|p1a: Mew|96/404","|move|p1a: Mew|Defog|p2a: Tyranitar","|-unboost|p2a: Tyranitar|evasion|1","|-sideend|p1: Knight Loli|Stealth Rock|[from] move: Defog|[of] p1a: Mew","|-sideend|p1: Knight Loli|Sticky Web|[from] move: Defog|[of] p1a: Mew","|","|-weather|Sandstorm|[upkeep]","|-damage|p1a: Mew|71/404|[from] sandstorm","|-heal|p1a: Mew|96/404|[from] item: Leftovers","|turn|15","|","|switch|p1a: Slowbro|Slowbro, M|271/394","|move|p2a: Tyranitar|Crunch|p1a: Slowbro","|-supereffective|p1a: Slowbro","|-damage|p1a: Slowbro|49/394","|","|-weather|Sandstorm|[upkeep]","|-damage|p1a: Slowbro|25/394|[from] sandstorm","|-heal|p1a: Slowbro|49/394|[from] item: Leftovers","|turn|16","|","|switch|p1a: Mew|Mew|96/404","|move|p2a: Tyranitar|Crunch|p1a: Mew","|-supereffective|p1a: Mew","|-damage|p1a: Mew|0 fnt","|faint|p1a: Mew","|","|-weather|Sandstorm|[upkeep]","|","|switch|p1a: Gardevoir|Gardevoir, M|277/277","|-ability|p1a: Gardevoir|Sand Stream|[from] ability: Trace|[of] p2a: Tyranitar","|turn|17","|","|move|p1a: Gardevoir|Moonblast|p2a: Tyranitar","|-supereffective|p2a: Tyranitar","|-damage|p2a: Tyranitar|229/403","|move|p2a: Tyranitar|Crunch|p1a: Gardevoir","|-damage|p1a: Gardevoir|63/277","|","|-weather|none","|turn|18","|","|move|p1a: Gardevoir|Moonblast|p2a: Tyranitar","|-supereffective|p2a: Tyranitar","|-damage|p2a: Tyranitar|0 fnt","|faint|p2a: Tyranitar","|","|","|switch|p2a: Allen Iverson|Diancie-Mega|52/241","|turn|19","|","|move|p1a: Gardevoir|Moonblast|p2a: Allen Iverson","|-damage|p2a: Allen Iverson|0 fnt","|faint|p2a: Allen Iverson","|","|","|switch|p2a: Terrakion|Terrakion|323/323","|turn|20","|","|move|p2a: Terrakion|Earthquake|p1a: Gardevoir","|-damage|p1a: Gardevoir|0 fnt","|faint|p1a: Gardevoir","|","|","|switch|p1a: Slowbro|Slowbro, M|180/394","|turn|21","|","|switch|p2a: Cradily|Cradily, M|324/324","|move|p1a: Slowbro|Slack Off|p1a: Slowbro","|-heal|p1a: Slowbro|377/394","|","|-heal|p1a: Slowbro|394/394|[from] item: Leftovers","|turn|22","|","|switch|p1a: Meloetta|Meloetta|341/341","|move|p2a: Cradily|Toxic|p1a: Meloetta","|-status|p1a: Meloetta|tox","|","|-damage|p1a: Meloetta|320/341 tox|[from] psn","|turn|23","|","|switch|p2a: Terrakion|Terrakion|323/323","|move|p1a: Meloetta|Relic Song|p2a: Terrakion","|-resisted|p2a: Terrakion","|-damage|p2a: Terrakion|265/323","|-status|p2a: Terrakion|slp","|-formechange|p1a: Meloetta|Meloetta-Pirouette|[msg]","|","|-heal|p1a: Meloetta|341/341 tox|[from] item: Leftovers","|-damage|p1a: Meloetta|299/341 tox|[from] psn","|turn|24","|","|cant|p2a: Terrakion|slp","|move|p1a: Meloetta|Power-Up Punch|p2a: Terrakion","|-supereffective|p2a: Terrakion","|-damage|p2a: Terrakion|101/323 slp","|-boost|p1a: Meloetta|atk|1","|","|-heal|p1a: Meloetta|320/341 tox|[from] item: Leftovers","|-damage|p1a: Meloetta|257/341 tox|[from] psn","|turn|25","|","|cant|p2a: Terrakion|slp","|move|p1a: Meloetta|Power-Up Punch|p2a: Terrakion","|-supereffective|p2a: Terrakion","|-damage|p2a: Terrakion|0 fnt","|-boost|p1a: Meloetta|atk|1","|faint|p2a: Terrakion","|","|-heal|p1a: Meloetta|278/341 tox|[from] item: Leftovers","|-damage|p1a: Meloetta|194/341 tox|[from] psn","|","|switch|p2a: Omastar|Omastar, M|281/281","|turn|26","|","|move|p1a: Meloetta|Relic Song|p2a: Omastar","|-resisted|p2a: Omastar","|-damage|p2a: Omastar|242/281","|-formechange|p1a: Meloetta|Meloetta|[msg]","|move|p2a: Omastar|Shell Smash|p2a: Omastar","|-unboost|p2a: Omastar|def|1","|-unboost|p2a: Omastar|spd|1","|-boost|p2a: Omastar|atk|2","|-boost|p2a: Omastar|spa|2","|-boost|p2a: Omastar|spe|2","|","|-heal|p1a: Meloetta|215/341 tox|[from] item: Leftovers","|-damage|p1a: Meloetta|110/341 tox|[from] psn","|turn|27","|","|move|p2a: Omastar|Scald|p1a: Meloetta","|-damage|p1a: Meloetta|0 fnt","|faint|p1a: Meloetta","|","|","|switch|p1a: Slowbro|Slowbro, M|394/394","|turn|28","|","|move|p2a: Omastar|Earth Power|p1a: Slowbro","|-damage|p1a: Slowbro|120/394","|move|p1a: Slowbro|Grass Knot|p2a: Omastar","|-supereffective|p2a: Omastar","|-damage|p2a: Omastar|0 fnt","|faint|p2a: Omastar","|","|-heal|p1a: Slowbro|144/394|[from] item: Leftovers","|","|switch|p2a: Cradily|Cradily, M|324/324","|turn|29","|","|move|p2a: Cradily|Toxic|p1a: Slowbro|[miss]","|-miss|p2a: Cradily|p1a: Slowbro","|move|p1a: Slowbro|Slack Off|p1a: Slowbro","|-heal|p1a: Slowbro|341/394","|","|-heal|p1a: Slowbro|365/394|[from] item: Leftovers","|turn|30","|","|move|p2a: Cradily|Toxic|p1a: Slowbro","|-status|p1a: Slowbro|tox","|move|p1a: Slowbro|Thunder Wave|p2a: Cradily","|-status|p2a: Cradily|par","|","|-heal|p1a: Slowbro|389/394 tox|[from] item: Leftovers","|-damage|p1a: Slowbro|365/394 tox|[from] psn","|turn|31","|","|move|p1a: Slowbro|Grass Knot|p2a: Cradily","|-damage|p2a: Cradily|275/324 par","|-damage|p1a: Slowbro|300/394 tox|[from] item: Rocky Helmet|[of] p2a: Cradily","|move|p2a: Cradily|Giga Drain|p1a: Slowbro","|-supereffective|p1a: Slowbro","|-damage|p1a: Slowbro|112/394 tox","|-heal|p2a: Cradily|324/324 par|[from] drain|[of] p1a: Slowbro","|","|-heal|p1a: Slowbro|136/394 tox|[from] item: Leftovers","|-damage|p1a: Slowbro|88/394 tox|[from] psn","|turn|32","|","|win|Apex✦Quilluminati"],"p1rating":{"entryid":"732157","serverid":"eos","formatid":"monotype","userid":"knightloli","username":"Knight Loli","w":"1","l":1,"t":"0","gxe":48.8,"r":"1529.7190084286","rd":"122.76664684482","sigma":"0","rptime":"1441184400","rpr":1490.601656875,"rprd":116.73385932993,"rpsigma":"0","acre":1030.2590775294,"lacre":1030.2590775294,"oldacre":"1047.7452514277"},"p2rating":{"entryid":"777566","serverid":"eos","formatid":"monotype","userid":"apexquilluminati","username":"Apex✦Quilluminati","w":4,"l":"8","t":"0","gxe":40.5,"r":"1500","rd":"130","sigma":"0","rptime":"1441184400","rpr":1425.7058212877,"rprd":81.59602731114,"rpsigma":"0","acre":1075.640075619,"lacre":1075.640075619,"oldacre":"1041.1773617346"},"endType":"forfeit"}