{"seed":[58044,20912,744,34991],"turns":54,"p1":"Doctor Vergi","p2":"Primal Mamoswine","p1team":[{"name":"Lisbeth","species":"mandibuzz","item":"leftovers","ability":"Overcoat","moves":["roost","foulplay","toxic","whirlwind"],"nature":"Bold","evs":{"hp":252,"atk":0,"def":252,"spa":0,"spd":4,"spe":0},"ivs":{"hp":31,"atk":0,"def":31,"spa":31,"spd":31,"spe":31}},{"name":"Crawdaunt","species":"Crawdaunt","item":"focussash","ability":"Adaptability","moves":["dragondance","crabhammer","aquajet","knockoff"],"nature":"Adamant","evs":{"hp":0,"atk":252,"def":0,"spa":0,"spd":4,"spe":252},"happiness":0,"ivs":{"hp":31,"atk":31,"def":31,"spa":31,"spd":31,"spe":31}},{"name":"Agil","species":"tyranitar","item":"assaultvest","ability":"Sand Stream","moves":["icepunch","stoneedge","earthquake","crunch"],"nature":"Careful","evs":{"hp":248,"atk":100,"def":0,"spa":0,"spd":160,"spe":0},"gender":"M","shiny":true,"ivs":{"hp":31,"atk":31,"def":31,"spa":31,"spd":31,"spe":31}},{"name":"Kirito","species":"hydreigon","item":"choicescarf","ability":"Levitate","moves":["dracometeor","flashcannon","darkpulse","fireblast"],"nature":"Timid","evs":{"hp":0,"atk":0,"def":0,"spa":252,"spd":4,"spe":252},"gender":"M","ivs":{"hp":31,"atk":0,"def":31,"spa":31,"spd":31,"spe":31},"shiny":true},{"name":"Klein","species":"sableye","item":"leftovers","ability":"Prankster","moves":["willowisp","knockoff","taunt","recover"],"nature":"Careful","evs":{"hp":248,"atk":8,"def":0,"spa":0,"spd":252,"spe":0},"gender":"M","ivs":{"hp":31,"atk":31,"def":31,"spa":31,"spd":31,"spe":31}},{"name":"Silica","species":"umbreon","item":"leftovers","ability":"Synchronize","moves":["healbell","protect","wish","foulplay"],"nature":"Calm","evs":{"hp":252,"atk":0,"def":4,"spa":0,"spd":252,"spe":0},"gender":"F","ivs":{"hp":31,"atk":0,"def":31,"spa":31,"spd":31,"spe":31},"shiny":true}],"p2team":[{"name":"V-ictory","species":"victini","item":"choicescarf","ability":"Victory Star","moves":["boltstrike","zenheadbutt","vcreate","uturn"],"nature":"Jolly","evs":{"hp":0,"atk":252,"def":0,"spa":0,"spd":4,"spe":252},"ivs":{"hp":31,"atk":31,"def":31,"spa":31,"spd":31,"spe":31}},{"name":"Chandelier","species":"chandelure","item":"choicescarf","ability":"Infiltrator","moves":["shadowball","energyball","fireblast","hiddenpowerice"],"nature":"Timid","evs":{"hp":0,"atk":0,"def":0,"spa":252,"spd":4,"spe":252},"ivs":{"hp":31,"atk":0,"def":30,"spa":31,"spd":31,"spe":31},"shiny":true},{"name":"Sun Strike","species":"charizard","item":"charizarditey","ability":"Blaze","moves":["focusblast","fireblast","solarbeam","defog"],"nature":"Timid","evs":{"hp":0,"atk":0,"def":0,"spa":252,"spd":4,"spe":252},"ivs":{"hp":31,"atk":0,"def":31,"spa":31,"spd":31,"spe":31},"shiny":true},{"name":"Rapemon","species":"entei","item":"lifeorb","ability":"Pressure","moves":["extremespeed","sacredfire","stoneedge","ironhead"],"nature":"Adamant","evs":{"hp":0,"atk":252,"def":0,"spa":0,"spd":4,"spe":252},"shiny":true,"ivs":{"hp":31,"atk":31,"def":31,"spa":31,"spd":31,"spe":31}},{"name":"MagmaDeath","species":"heatran","item":"airballoon","ability":"Flash Fire","moves":["flashcannon","earthpower","fireblast","substitute"],"nature":"Calm","evs":{"hp":248,"atk":0,"def":0,"spa":0,"spd":88,"spe":172},"ivs":{"hp":31,"atk":0,"def":31,"spa":31,"spd":31,"spe":31},"shiny":true},{"name":"NapeMonster","species":"infernape","item":"choiceband","ability":"Iron Fist","moves":["machpunch","closecombat","earthquake","flareblitz"],"nature":"Jolly","evs":{"hp":0,"atk":252,"def":0,"spa":0,"spd":4,"spe":252},"shiny":true,"ivs":{"hp":31,"atk":31,"def":31,"spa":31,"spd":31,"spe":31}}],"log":["|player|p1|Doctor Vergi|doctorvergi.png","|player|p2|Primal Mamoswine|169","|gametype|singles","|gen|6","|tier|Monotype","|rated","|rule|Baton Pass Clause: Limit one Baton Passer, can't pass Spe and other stats simultaneously","|rule|Swagger Clause: Swagger is banned","|rule|Same Type Clause: Pokémon in a team must share a type","|clearpoke","|poke|p1|Mandibuzz, F","|poke|p1|Crawdaunt, M","|poke|p1|Tyranitar, M, shiny","|poke|p1|Hydreigon, M, shiny","|poke|p1|Sableye, M","|poke|p1|Umbreon, F, shiny","|poke|p2|Victini","|poke|p2|Chandelure, M, shiny","|poke|p2|Charizard, M, shiny","|poke|p2|Entei, shiny","|poke|p2|Heatran, M, shiny","|poke|p2|Infernape, F, shiny","|rule|Sleep Clause Mod: Limit one foe put to sleep","|rule|Species Clause: Limit one of each Pokémon","|rule|OHKO Clause: OHKO moves are banned","|rule|Moody Clause: Moody is banned","|rule|Evasion Moves Clause: Evasion moves are banned","|rule|Endless Battle Clause: Forcing endless battles is banned","|rule|HP Percentage Mod: HP is shown in percentages","|teampreview","|","|start","|switch|p1a: Lisbeth|Mandibuzz, F|424/424","|switch|p2a: NapeMonster|Infernape, F, shiny|293/293","|turn|1","|","|switch|p2a: MagmaDeath|Heatran, M, shiny|385/385","|-item|p2a: MagmaDeath|Air Balloon","|move|p1a: Lisbeth|Toxic|p2a: MagmaDeath","|-immune|p2a: MagmaDeath|[msg]","|","|turn|2","|","|switch|p1a: Agil|Tyranitar, M, shiny|403/403","|-weather|Sandstorm","|move|p2a: MagmaDeath|Substitute|p2a: MagmaDeath","|-start|p2a: MagmaDeath|Substitute","|-damage|p2a: MagmaDeath|289/385","|","|-weather|Sandstorm|[upkeep]","|turn|3","|","|move|p2a: MagmaDeath|Flash Cannon|p1a: Agil","|-supereffective|p1a: Agil","|-damage|p1a: Agil|319/403","|move|p1a: Agil|Stone Edge|p2a: MagmaDeath|[miss]","|-miss|p1a: Agil|p2a: MagmaDeath","|","|-weather|Sandstorm|[upkeep]","|turn|4","|","|move|p2a: MagmaDeath|Flash Cannon|p1a: Agil","|-supereffective|p1a: Agil","|-damage|p1a: Agil|233/403","|move|p1a: Agil|Stone Edge|p2a: MagmaDeath|[miss]","|-miss|p1a: Agil|p2a: MagmaDeath","|","|-weather|Sandstorm|[upkeep]","|turn|5","|","|move|p2a: MagmaDeath|Flash Cannon|p1a: Agil","|-supereffective|p1a: Agil","|-damage|p1a: Agil|153/403","|move|p1a: Agil|Stone Edge|p2a: MagmaDeath","|-crit|p2a: MagmaDeath","|-end|p2a: MagmaDeath|Substitute","|-enditem|p2a: MagmaDeath|Air Balloon","|","|-weather|Sandstorm|[upkeep]","|turn|6","|","|switch|p2a: Sun Strike|Charizard, M, shiny|297/297","|switch|p1a: Silica|Umbreon, F, shiny|394/394","|","|-weather|none","|turn|7","|","|detailschange|p2a: Sun Strike|Charizard-Mega-Y, M, shiny","|-mega|p2a: Sun Strike|Charizard|Charizardite Y","|-weather|SunnyDay","|move|p2a: Sun Strike|Focus Blast|p1a: Silica|[miss]","|-miss|p2a: Sun Strike|p1a: Silica","|move|p1a: Silica|Wish|p1a: Silica","|","|-weather|SunnyDay|[upkeep]","|turn|8","|","|switch|p2a: NapeMonster|Infernape, F, shiny|293/293","|move|p1a: Silica|Foul Play|p2a: NapeMonster","|-resisted|p2a: NapeMonster","|-damage|p2a: NapeMonster|199/293","|","|-weather|SunnyDay|[upkeep]","|turn|9","|","|switch|p2a: V-ictory|Victini|341/341","|switch|p1a: Lisbeth|Mandibuzz, F|424/424","|","|-weather|SunnyDay|[upkeep]","|turn|10","|","|move|p2a: V-ictory|U-turn|p1a: Lisbeth","|-damage|p1a: Lisbeth|378/424","|","|switch|p2a: MagmaDeath|Heatran, M, shiny|289/385","|move|p1a: Lisbeth|Foul Play|p2a: MagmaDeath","|-damage|p2a: MagmaDeath|210/385","|","|-weather|SunnyDay|[upkeep]","|-heal|p1a: Lisbeth|404/424|[from] item: Leftovers","|turn|11","|","|switch|p1a: Silica|Umbreon, F, shiny|394/394","|move|p2a: MagmaDeath|Substitute|p2a: MagmaDeath","|-start|p2a: MagmaDeath|Substitute","|-damage|p2a: MagmaDeath|114/385","|","|-weather|none","|turn|12","|","|move|p2a: MagmaDeath|Flash Cannon|p1a: Silica","|-damage|p1a: Silica|321/394","|move|p1a: Silica|Foul Play|p2a: MagmaDeath","|-activate|p2a: MagmaDeath|Substitute|[damage]","|","|-heal|p1a: Silica|345/394|[from] item: Leftovers","|turn|13","|","|move|p2a: MagmaDeath|Fire Blast|p1a: Silica","|-damage|p1a: Silica|248/394","|move|p1a: Silica|Foul Play|p2a: MagmaDeath","|-end|p2a: MagmaDeath|Substitute","|","|-heal|p1a: Silica|272/394|[from] item: Leftovers","|turn|14","|","|move|p2a: MagmaDeath|Fire Blast|p1a: Silica","|-damage|p1a: Silica|173/394","|move|p1a: Silica|Wish|p1a: Silica","|","|-heal|p1a: Silica|197/394|[from] item: Leftovers","|turn|15","|","|move|p2a: MagmaDeath|Fire Blast|p1a: Silica","|-damage|p1a: Silica|100/394","|move|p1a: Silica|Foul Play|p2a: MagmaDeath","|-damage|p2a: MagmaDeath|39/385","|","|-heal|p1a: Silica|297/394|[from] move: Wish|[wisher] Silica","|-heal|p1a: Silica|321/394|[from] item: Leftovers","|turn|16","|","|move|p2a: MagmaDeath|Fire Blast|p1a: Silica","|-damage|p1a: Silica|222/394","|move|p1a: Silica|Wish|p1a: Silica","|","|-heal|p1a: Silica|246/394|[from] item: Leftovers","|turn|17","|","|switch|p1a: Agil|Tyranitar, M, shiny|153/403","|-weather|Sandstorm","|move|p2a: MagmaDeath|Fire Blast|p1a: Agil","|-resisted|p1a: Agil","|-damage|p1a: Agil|123/403","|","|-weather|Sandstorm|[upkeep]","|-heal|p1a: Agil|320/403|[from] move: Wish|[wisher] Silica","|turn|18","|","|move|p2a: MagmaDeath|Earth Power|p1a: Agil","|-supereffective|p1a: Agil","|-damage|p1a: Agil|256/403","|move|p1a: Agil|Stone Edge|p2a: MagmaDeath|[miss]","|-miss|p1a: Agil|p2a: MagmaDeath","|","|-weather|Sandstorm|[upkeep]","|turn|19","|","|move|p2a: MagmaDeath|Flash Cannon|p1a: Agil","|-supereffective|p1a: Agil","|-damage|p1a: Agil|178/403","|move|p1a: Agil|Stone Edge|p2a: MagmaDeath","|-damage|p2a: MagmaDeath|0 fnt","|faint|p2a: MagmaDeath","|","|-weather|Sandstorm|[upkeep]","|","|switch|p2a: NapeMonster|Infernape, F, shiny|199/293","|turn|20","|","|switch|p1a: Lisbeth|Mandibuzz, F|404/424","|move|p2a: NapeMonster|Close Combat|p1a: Lisbeth","|-damage|p1a: Lisbeth|205/424","|-unboost|p2a: NapeMonster|def|1","|-unboost|p2a: NapeMonster|spd|1","|","|-weather|Sandstorm|[upkeep]","|-damage|p2a: NapeMonster|181/293|[from] sandstorm","|-heal|p1a: Lisbeth|231/424|[from] item: Leftovers","|turn|21","|","|switch|p2a: Sun Strike|Charizard-Mega-Y, M, shiny|297/297","|-weather|SunnyDay","|move|p1a: Lisbeth|Roost|p1a: Lisbeth","|-heal|p1a: Lisbeth|424/424","|","|-weather|SunnyDay|[upkeep]","|turn|22","|","|switch|p1a: Kirito|Hydreigon, M, shiny|325/325","|move|p2a: Sun Strike|Fire Blast|p1a: Kirito|[miss]","|-miss|p2a: Sun Strike|p1a: Kirito","|","|-weather|SunnyDay|[upkeep]","|turn|23","|","|move|p1a: Kirito|Draco Meteor|p2a: Sun Strike|[miss]","|-miss|p1a: Kirito|p2a: Sun Strike","|move|p2a: Sun Strike|Focus Blast|p1a: Kirito","|-supereffective|p1a: Kirito","|-damage|p1a: Kirito|0 fnt","|faint|p1a: Kirito","|","|-weather|SunnyDay|[upkeep]","|","|switch|p1a: Silica|Umbreon, F, shiny|246/394","|turn|24","|","|move|p2a: Sun Strike|Focus Blast|p1a: Silica","|-supereffective|p1a: Silica","|-damage|p1a: Silica|30/394","|move|p1a: Silica|Wish|p1a: Silica","|","|-weather|SunnyDay|[upkeep]","|-heal|p1a: Silica|54/394|[from] item: Leftovers","|turn|25","|","|move|p1a: Silica|Protect|p1a: Silica","|-singleturn|p1a: Silica|Protect","|move|p2a: Sun Strike|Fire Blast|p1a: Silica","|-activate|p1a: Silica|Protect","|","|-weather|none","|-heal|p1a: Silica|251/394|[from] move: Wish|[wisher] Silica","|-heal|p1a: Silica|275/394|[from] item: Leftovers","|turn|26","|","|switch|p2a: V-ictory|Victini|341/341","|move|p1a: Silica|Wish|p1a: Silica","|","|-heal|p1a: Silica|299/394|[from] item: Leftovers","|turn|27","|","|switch|p1a: Lisbeth|Mandibuzz, F|424/424","|move|p2a: V-ictory|V-create|p1a: Lisbeth","|-damage|p1a: Lisbeth|225/424","|-unboost|p2a: V-ictory|spe|1","|-unboost|p2a: V-ictory|def|1","|-unboost|p2a: V-ictory|spd|1","|","|-heal|p1a: Lisbeth|422/424|[from] move: Wish|[wisher] Silica","|-heal|p1a: Lisbeth|424/424|[from] item: Leftovers","|turn|28","|","|switch|p2a: NapeMonster|Infernape, F, shiny|181/293","|move|p1a: Lisbeth|Toxic|p2a: NapeMonster","|-status|p2a: NapeMonster|tox","|","|-damage|p2a: NapeMonster|163/293 tox|[from] psn","|turn|29","|","|move|p2a: NapeMonster|Close Combat|p1a: Lisbeth","|-damage|p1a: Lisbeth|237/424","|-unboost|p2a: NapeMonster|def|1","|-unboost|p2a: NapeMonster|spd|1","|move|p1a: Lisbeth|Foul Play|p2a: NapeMonster","|-resisted|p2a: NapeMonster","|-damage|p2a: NapeMonster|19/293 tox","|","|-heal|p1a: Lisbeth|263/424|[from] item: Leftovers","|-damage|p2a: NapeMonster|0 fnt|[from] psn","|faint|p2a: NapeMonster","|","|switch|p2a: V-ictory|Victini|341/341","|turn|30","|","|move|p2a: V-ictory|Bolt Strike|p1a: Lisbeth","|-supereffective|p1a: Lisbeth","|-damage|p1a: Lisbeth|93/424","|move|p1a: Lisbeth|Roost|p1a: Lisbeth","|-heal|p1a: Lisbeth|305/424","|","|-heal|p1a: Lisbeth|331/424|[from] item: Leftovers","|turn|31","|","|switch|p2a: Sun Strike|Charizard-Mega-Y, M, shiny|297/297","|-weather|SunnyDay","|move|p1a: Lisbeth|Toxic|p2a: Sun Strike","|-status|p2a: Sun Strike|tox","|","|-weather|SunnyDay|[upkeep]","|-heal|p1a: Lisbeth|357/424|[from] item: Leftovers","|-damage|p2a: Sun Strike|279/297 tox|[from] psn","|turn|32","|","|switch|p1a: Agil|Tyranitar, M, shiny|178/403","|-weather|Sandstorm","|move|p2a: Sun Strike|Focus Blast|p1a: Agil","|-supereffective|p1a: Agil","|-damage|p1a: Agil|0 fnt","|faint|p1a: Agil","|","|-weather|Sandstorm|[upkeep]","|-damage|p2a: Sun Strike|261/297 tox|[from] sandstorm","|-damage|p2a: Sun Strike|225/297 tox|[from] psn","|","|switch|p1a: Silica|Umbreon, F, shiny|299/394","|turn|33","|","|move|p2a: Sun Strike|Focus Blast|p1a: Silica","|-supereffective|p1a: Silica","|-damage|p1a: Silica|87/394","|move|p1a: Silica|Wish|p1a: Silica","|","|-weather|Sandstorm|[upkeep]","|-damage|p2a: Sun Strike|207/297 tox|[from] sandstorm","|-damage|p1a: Silica|63/394|[from] sandstorm","|-heal|p1a: Silica|87/394|[from] item: Leftovers","|-damage|p2a: Sun Strike|153/297 tox|[from] psn","|turn|34","|","|switch|p2a: Rapemon|Entei, shiny|371/371","|-ability|p2a: Rapemon|Pressure","|move|p1a: Silica|Foul Play|p2a: Rapemon","|-damage|p2a: Rapemon|184/371","|","|-weather|Sandstorm|[upkeep]","|-damage|p2a: Rapemon|161/371|[from] sandstorm","|-damage|p1a: Silica|63/394|[from] sandstorm","|-heal|p1a: Silica|260/394|[from] move: Wish|[wisher] Silica","|-heal|p1a: Silica|284/394|[from] item: Leftovers","|turn|35","|","|switch|p1a: Lisbeth|Mandibuzz, F|357/424","|move|p2a: Rapemon|Sacred Fire|p1a: Lisbeth","|-damage|p1a: Lisbeth|197/424","|-damage|p2a: Rapemon|124/371|[from] item: Life Orb","|","|-weather|Sandstorm|[upkeep]","|-damage|p2a: Rapemon|101/371|[from] sandstorm","|-heal|p1a: Lisbeth|223/424|[from] item: Leftovers","|turn|36","|","|move|p2a: Rapemon|Stone Edge|p1a: Lisbeth|[miss]","|-miss|p2a: Rapemon|p1a: Lisbeth","|move|p1a: Lisbeth|Roost|p1a: Lisbeth","|-heal|p1a: Lisbeth|424/424","|","|-weather|none","|turn|37","|","|move|p2a: Rapemon|Stone Edge|p1a: Lisbeth|[miss]","|-miss|p2a: Rapemon|p1a: Lisbeth","|move|p1a: Lisbeth|Foul Play|p2a: Rapemon","|-damage|p2a: Rapemon|0 fnt","|faint|p2a: Rapemon","|","|","|switch|p2a: Sun Strike|Charizard-Mega-Y, M, shiny|153/297 tox","|-weather|SunnyDay","|turn|38","|","|switch|p1a: Klein|Sableye, M|303/303","|move|p2a: Sun Strike|Fire Blast|p1a: Klein","|-damage|p1a: Klein|0 fnt","|faint|p1a: Klein","|","|-weather|SunnyDay|[upkeep]","|-damage|p2a: Sun Strike|135/297 tox|[from] psn","|","|switch|p1a: Silica|Umbreon, F, shiny|284/394","|turn|39","|","|move|p2a: Sun Strike|Focus Blast|p1a: Silica|[miss]","|-miss|p2a: Sun Strike|p1a: Silica","|move|p1a: Silica|Wish|p1a: Silica","|","|-weather|SunnyDay|[upkeep]","|-heal|p1a: Silica|308/394|[from] item: Leftovers","|-damage|p2a: Sun Strike|99/297 tox|[from] psn","|turn|40","|","|switch|p2a: Chandelier|Chandelure, M, shiny|261/261","|move|p1a: Silica|Foul Play|p2a: Chandelier","|-supereffective|p2a: Chandelier","|-damage|p2a: Chandelier|151/261","|","|-weather|SunnyDay|[upkeep]","|-heal|p1a: Silica|394/394|[from] move: Wish|[wisher] Silica","|turn|41","|","|move|p2a: Chandelier|Fire Blast|p1a: Silica","|-damage|p1a: Silica|213/394","|move|p1a: Silica|Wish|p1a: Silica","|","|-weather|SunnyDay|[upkeep]","|-heal|p1a: Silica|237/394|[from] item: Leftovers","|turn|42","|","|move|p2a: Chandelier|Fire Blast|p1a: Silica","|-damage|p1a: Silica|41/394","|move|p1a: Silica|Foul Play|p2a: Chandelier","|-supereffective|p2a: Chandelier","|-damage|p2a: Chandelier|37/261","|","|-weather|none","|-heal|p1a: Silica|238/394|[from] move: Wish|[wisher] Silica","|-heal|p1a: Silica|262/394|[from] item: Leftovers","|turn|43","|","|move|p2a: Chandelier|Fire Blast|p1a: Silica","|-damage|p1a: Silica|144/394","|move|p1a: Silica|Wish|p1a: Silica","|","|-heal|p1a: Silica|168/394|[from] item: Leftovers","|turn|44","|","|move|p1a: Silica|Protect|p1a: Silica","|-singleturn|p1a: Silica|Protect","|move|p2a: Chandelier|Fire Blast|p1a: Silica","|-activate|p1a: Silica|Protect","|","|-heal|p1a: Silica|365/394|[from] move: Wish|[wisher] Silica","|-heal|p1a: Silica|389/394|[from] item: Leftovers","|turn|45","|","|move|p2a: Chandelier|Fire Blast|p1a: Silica","|-damage|p1a: Silica|250/394","|move|p1a: Silica|Wish|p1a: Silica","|","|-heal|p1a: Silica|274/394|[from] item: Leftovers","|turn|46","|","|move|p2a: Chandelier|Fire Blast|p1a: Silica","|-damage|p1a: Silica|148/394","|move|p1a: Silica|Foul Play|p2a: Chandelier","|-supereffective|p2a: Chandelier","|-damage|p2a: Chandelier|0 fnt","|faint|p2a: Chandelier","|","|-heal|p1a: Silica|345/394|[from] move: Wish|[wisher] Silica","|-heal|p1a: Silica|369/394|[from] item: Leftovers","|","|switch|p2a: V-ictory|Victini|341/341","|turn|47","|","|move|p1a: Silica|Protect|p1a: Silica","|-singleturn|p1a: Silica|Protect","|move|p2a: V-ictory|U-turn|p1a: Silica","|-activate|p1a: Silica|Protect","|","|-heal|p1a: Silica|393/394|[from] item: Leftovers","|turn|48","|","|switch|p1a: Lisbeth|Mandibuzz, F|424/424","|move|p2a: V-ictory|U-turn|p1a: Lisbeth","|-damage|p1a: Lisbeth|377/424","|","|switch|p2a: Sun Strike|Charizard-Mega-Y, M, shiny|99/297 tox","|-weather|SunnyDay","|","|-weather|SunnyDay|[upkeep]","|-heal|p1a: Lisbeth|403/424|[from] item: Leftovers","|-damage|p2a: Sun Strike|81/297 tox|[from] psn","|turn|49","|","|move|p2a: Sun Strike|Fire Blast|p1a: Lisbeth","|-damage|p1a: Lisbeth|24/424","|move|p1a: Lisbeth|Roost|p1a: Lisbeth","|-heal|p1a: Lisbeth|236/424","|","|-weather|SunnyDay|[upkeep]","|-heal|p1a: Lisbeth|262/424|[from] item: Leftovers","|-damage|p2a: Sun Strike|45/297 tox|[from] psn","|turn|50","|","|switch|p1a: Silica|Umbreon, F, shiny|393/394","|move|p2a: Sun Strike|Focus Blast|p1a: Silica","|-supereffective|p1a: Silica","|-damage|p1a: Silica|211/394","|","|-weather|SunnyDay|[upkeep]","|-heal|p1a: Silica|235/394|[from] item: Leftovers","|-damage|p2a: Sun Strike|0 fnt|[from] psn","|faint|p2a: Sun Strike","|","|switch|p2a: V-ictory|Victini|341/341","|turn|51","|","|move|p1a: Silica|Protect|p1a: Silica","|-singleturn|p1a: Silica|Protect","|move|p2a: V-ictory|V-create|p1a: Silica","|-activate|p1a: Silica|Protect","|","|-weather|SunnyDay|[upkeep]","|-heal|p1a: Silica|259/394|[from] item: Leftovers","|turn|52","|","|move|p2a: V-ictory|V-create|p1a: Silica","|-damage|p1a: Silica|0 fnt","|-unboost|p2a: V-ictory|spe|1","|-unboost|p2a: V-ictory|def|1","|-unboost|p2a: V-ictory|spd|1","|faint|p1a: Silica","|","|-weather|none","|","|switch|p1a: Crawdaunt|Crawdaunt, M|267/267","|turn|53","|","|move|p2a: V-ictory|V-create|p1a: Crawdaunt","|-resisted|p1a: Crawdaunt","|-damage|p1a: Crawdaunt|127/267","|-unboost|p2a: V-ictory|spe|1","|-unboost|p2a: V-ictory|def|1","|-unboost|p2a: V-ictory|spd|1","|move|p1a: Crawdaunt|Dragon Dance|p1a: Crawdaunt","|-boost|p1a: Crawdaunt|atk|1","|-boost|p1a: Crawdaunt|spe|1","|","|turn|54","|","|move|p1a: Crawdaunt|Crabhammer|p2a: V-ictory","|-supereffective|p2a: V-ictory","|-damage|p2a: V-ictory|0 fnt","|faint|p2a: V-ictory","|","|win|Doctor Vergi"],"p1rating":{"entryid":"204669","serverid":"eos","formatid":"monotype","userid":"doctorvergi","username":"Doctor Vergi","w":6,"l":"7","t":"0","gxe":49.4,"r":"1474.5167347967","rd":"83.945648555205","sigma":"0","rptime":"1441184400","rpr":1495.0751607926,"rprd":81.762152720559,"rpsigma":"0","acre":1104.5333501062,"lacre":1104.5333501062,"oldacre":"1074.4990440694"},"p2rating":{"entryid":"535354","serverid":"eos","formatid":"monotype","userid":"primalmamoswine","username":"Primal Mamoswine","w":"7","l":7,"t":"0","gxe":49,"r":"1511.8585709681","rd":"81.5578394071","sigma":"0","rptime":"1441184400","rpr":1492.4331277754,"rprd":79.558175928515,"rpsigma":"0","acre":1064.7396062521,"lacre":1064.7396062521,"oldacre":"1089.0818962868"},"endType":"normal"}