{"seed":[32857,31096,29249,29567],"turns":46,"p1":"Neowulf","p2":"baller666","p1team":[{"name":"Great white bruh","species":"sharpedo","item":"sharpedonite","ability":"Speed Boost","moves":["protect","crunch","waterfall","icefang"],"nature":"Jolly","evs":{"hp":0,"atk":252,"def":0,"spa":0,"spd":4,"spe":252},"ivs":{"hp":31,"atk":31,"def":31,"spa":31,"spd":31,"spe":31}},{"name":"maybe umbreon","species":"sableye","item":"leftovers","ability":"Prankster","moves":["willowisp","recover","knockoff","taunt"],"nature":"Impish","evs":{"hp":252,"atk":0,"def":252,"spa":0,"spd":4,"spe":0},"ivs":{"hp":31,"atk":31,"def":31,"spa":31,"spd":31,"spe":31}},{"name":"maybe sableye","species":"umbreon","item":"leftovers","ability":"Synchronize","moves":["healbell","wish","protect","foulplay"],"nature":"Calm","evs":{"hp":252,"atk":0,"def":4,"spa":0,"spd":252,"spe":0},"ivs":{"hp":31,"atk":31,"def":31,"spa":31,"spd":31,"spe":31}},{"name":"Mandy","species":"mandibuzz","item":"rockyhelmet","ability":"Overcoat","moves":["bravebird","toxic","roost","defog"],"nature":"Impish","evs":{"hp":248,"atk":8,"def":252,"spa":0,"spd":0,"spe":0},"ivs":{"hp":31,"atk":31,"def":31,"spa":31,"spd":31,"spe":31}},{"name":"Looking sharp","species":"bisharp","item":"lifeorb","ability":"Defiant","moves":["swordsdance","ironhead","suckerpunch","knockoff"],"nature":"Jolly","evs":{"hp":0,"atk":252,"def":0,"spa":0,"spd":4,"spe":252},"ivs":{"hp":31,"atk":31,"def":31,"spa":31,"spd":31,"spe":31}},{"name":"Banded=death","species":"hoopaunbound","item":"choicescarf","ability":"Magician","moves":["hyperspacehole","knockoff","thunderbolt","gunkshot"],"nature":"Hasty","evs":{"hp":0,"atk":32,"def":0,"spa":224,"spd":0,"spe":252},"ivs":{"hp":31,"atk":31,"def":31,"spa":31,"spd":31,"spe":31}}],"p2team":[{"name":"dabae","species":"dragonite","item":"weaknesspolicy","ability":"Multiscale","moves":["dragonclaw","dragondance","extremespeed","roost"],"nature":"Jolly","evs":{"hp":0,"atk":252,"def":4,"spa":0,"spd":0,"spe":252},"ivs":{"hp":31,"atk":31,"def":31,"spa":31,"spd":31,"spe":31}},{"name":"Crobatman","species":"crobat","item":"blacksludge","ability":"Infiltrator","moves":["bravebird","uturn","roost","crosspoison"],"nature":"Jolly","evs":{"hp":4,"atk":252,"def":0,"spa":0,"spd":0,"spe":252},"ivs":{"hp":31,"atk":31,"def":31,"spa":31,"spd":31,"spe":31}},{"name":"underrated","species":"charizard","item":"charizarditey","ability":"Solar Power","moves":["flamethrower","airslash","solarbeam","roost"],"nature":"Timid","evs":{"hp":0,"atk":0,"def":4,"spa":252,"spd":0,"spe":252},"ivs":{"hp":31,"atk":31,"def":31,"spa":31,"spd":31,"spe":31}},{"name":"what a buzz","species":"mandibuzz","item":"leftovers","ability":"Big Pecks","moves":["bravebird","roost","knockoff","toxic"],"nature":"Adamant","evs":{"hp":0,"atk":252,"def":128,"spa":0,"spd":128,"spe":0},"ivs":{"hp":31,"atk":31,"def":31,"spa":31,"spd":31,"spe":31}},{"name":"2zap","species":"zapdos","item":"expertbelt","ability":"Pressure","moves":["heatwave","thunderbolt","roost","defog"],"nature":"Timid","evs":{"hp":0,"atk":0,"def":4,"spa":252,"spd":0,"spe":252},"ivs":{"hp":31,"atk":31,"def":31,"spa":31,"spd":31,"spe":31}},{"name":"Yanmega","species":"Yanmega","item":"lifeorb","ability":"Speed Boost","moves":["bugbuzz","airslash","gigadrain","ancientpower"],"nature":"Modest","evs":{"hp":0,"atk":0,"def":0,"spa":252,"spd":4,"spe":252},"ivs":{"hp":31,"atk":31,"def":31,"spa":31,"spd":31,"spe":31}}],"log":["|player|p1|Neowulf|80","|player|p2|baller666|262","|gametype|singles","|gen|6","|tier|Monotype","|rated","|rule|Baton Pass Clause: Limit one Baton Passer, can't pass Spe and other stats simultaneously","|rule|Swagger Clause: Swagger is banned","|rule|Same Type Clause: Pokémon in a team must share a type","|clearpoke","|poke|p1|Sharpedo, M","|poke|p1|Sableye, M","|poke|p1|Umbreon, M","|poke|p1|Mandibuzz, F","|poke|p1|Bisharp, F","|poke|p1|Hoopa-Unbound","|poke|p2|Dragonite, F","|poke|p2|Crobat, F","|poke|p2|Charizard, F","|poke|p2|Mandibuzz, F","|poke|p2|Zapdos","|poke|p2|Yanmega, F","|rule|Sleep Clause Mod: Limit one foe put to sleep","|rule|Species Clause: Limit one of each Pokémon","|rule|OHKO Clause: OHKO moves are banned","|rule|Moody Clause: Moody is banned","|rule|Evasion Moves Clause: Evasion moves are banned","|rule|Endless Battle Clause: Forcing endless battles is banned","|rule|HP Percentage Mod: HP is shown in percentages","|teampreview","|","|start","|switch|p1a: Great white bruh|Sharpedo, M|281/281","|switch|p2a: what a buzz|Mandibuzz, F|361/361","|turn|1","|","|switch|p1a: Mandy|Mandibuzz, F|423/423","|switch|p2a: underrated|Charizard, F|297/297","|","|turn|2","|","|detailschange|p2a: underrated|Charizard-Mega-Y, F","|-mega|p2a: underrated|Charizard|Charizardite Y","|-weather|SunnyDay","|move|p2a: underrated|Flamethrower|p1a: Mandy","|-damage|p1a: Mandy|126/423","|move|p1a: Mandy|Toxic|p2a: underrated","|-status|p2a: underrated|tox","|","|-weather|SunnyDay|[upkeep]","|-damage|p2a: underrated|279/297 tox|[from] psn","|turn|3","|","|switch|p1a: maybe sableye|Umbreon, M|394/394","|move|p2a: underrated|Flamethrower|p1a: maybe sableye","|-damage|p1a: maybe sableye|240/394","|","|-weather|SunnyDay|[upkeep]","|-heal|p1a: maybe sableye|264/394|[from] item: Leftovers","|-damage|p2a: underrated|243/297 tox|[from] psn","|turn|4","|","|switch|p2a: what a buzz|Mandibuzz, F|361/361","|move|p1a: maybe sableye|Wish|p1a: maybe sableye","|","|-weather|SunnyDay|[upkeep]","|-heal|p1a: maybe sableye|288/394|[from] item: Leftovers","|turn|5","|","|switch|p1a: Mandy|Mandibuzz, F|126/423","|move|p2a: what a buzz|Toxic|p1a: Mandy","|-status|p1a: Mandy|tox","|","|-weather|SunnyDay|[upkeep]","|-heal|p1a: Mandy|323/423 tox|[from] move: Wish|[wisher] maybe sableye","|-damage|p1a: Mandy|297/423 tox|[from] psn","|turn|6","|","|move|p2a: what a buzz|Knock Off|p1a: Mandy","|-resisted|p1a: Mandy","|-damage|p1a: Mandy|258/423 tox","|-damage|p2a: what a buzz|301/361|[from] item: Rocky Helmet|[of] p1a: Mandy","|-enditem|p1a: Mandy|Rocky Helmet|[from] move: Knock Off|[of] p2a: what a buzz","|move|p1a: Mandy|Toxic|p2a: what a buzz","|-status|p2a: what a buzz|tox","|","|-weather|none","|-heal|p2a: what a buzz|323/361 tox|[from] item: Leftovers","|-damage|p1a: Mandy|206/423 tox|[from] psn","|-damage|p2a: what a buzz|301/361 tox|[from] psn","|turn|7","|","|move|p2a: what a buzz|Brave Bird|p1a: Mandy","|-damage|p1a: Mandy|97/423 tox","|-damage|p2a: what a buzz|265/361 tox|[from] recoil|[of] p1a: Mandy","|move|p1a: Mandy|Roost|p1a: Mandy","|-heal|p1a: Mandy|309/423 tox","|","|-heal|p2a: what a buzz|287/361 tox|[from] item: Leftovers","|-damage|p2a: what a buzz|243/361 tox|[from] psn","|-damage|p1a: Mandy|231/423 tox|[from] psn","|turn|8","|","|move|p1a: Mandy|Roost|p1a: Mandy","|-heal|p1a: Mandy|423/423 tox","|move|p2a: what a buzz|Roost|p2a: what a buzz","|-heal|p2a: what a buzz|361/361 tox","|","|-damage|p2a: what a buzz|295/361 tox|[from] psn","|-damage|p1a: Mandy|319/423 tox|[from] psn","|turn|9","|","|switch|p1a: maybe sableye|Umbreon, M|288/394","|move|p2a: what a buzz|Brave Bird|p1a: maybe sableye","|-damage|p1a: maybe sableye|141/394","|-damage|p2a: what a buzz|246/361 tox|[from] recoil|[of] p1a: maybe sableye","|","|-heal|p2a: what a buzz|268/361 tox|[from] item: Leftovers","|-heal|p1a: maybe sableye|165/394|[from] item: Leftovers","|-damage|p2a: what a buzz|180/361 tox|[from] psn","|turn|10","|","|move|p2a: what a buzz|Toxic|p1a: maybe sableye","|-status|p1a: maybe sableye|tox","|move|p1a: maybe sableye|Wish|p1a: maybe sableye","|","|-heal|p2a: what a buzz|202/361 tox|[from] item: Leftovers","|-heal|p1a: maybe sableye|189/394 tox|[from] item: Leftovers","|-damage|p2a: what a buzz|92/361 tox|[from] psn","|-damage|p1a: maybe sableye|165/394 tox|[from] psn","|turn|11","|","|move|p2a: what a buzz|Roost|p2a: what a buzz","|-heal|p2a: what a buzz|273/361 tox","|move|p1a: maybe sableye|Heal Bell|p1a: maybe sableye","|-cureteam|p1a: maybe sableye|[from] move: HealBell","|","|-heal|p1a: maybe sableye|362/394|[from] move: Wish|[wisher] maybe sableye","|-heal|p2a: what a buzz|295/361 tox|[from] item: Leftovers","|-heal|p1a: maybe sableye|386/394|[from] item: Leftovers","|-damage|p2a: what a buzz|163/361 tox|[from] psn","|turn|12","|","|move|p1a: maybe sableye|Protect|p1a: maybe sableye","|-singleturn|p1a: maybe sableye|Protect","|move|p2a: what a buzz|Knock Off|p1a: maybe sableye","|-activate|p1a: maybe sableye|Protect","|","|-heal|p2a: what a buzz|185/361 tox|[from] item: Leftovers","|-heal|p1a: maybe sableye|394/394|[from] item: Leftovers","|-damage|p2a: what a buzz|31/361 tox|[from] psn","|turn|13","|","|move|p1a: maybe sableye|Protect|p1a: maybe sableye","|-singleturn|p1a: maybe sableye|Protect","|move|p2a: what a buzz|Knock Off|p1a: maybe sableye","|-activate|p1a: maybe sableye|Protect","|","|-heal|p2a: what a buzz|53/361 tox|[from] item: Leftovers","|-damage|p2a: what a buzz|0 fnt|[from] psn","|faint|p2a: what a buzz","|","|switch|p2a: dabae|Dragonite, F|323/323","|turn|14","|","|switch|p2a: Crobatman|Crobat, F|312/312","|move|p1a: maybe sableye|Foul Play|p2a: Crobatman","|-damage|p2a: Crobatman|158/312","|","|-heal|p2a: Crobatman|177/312|[from] item: Black Sludge","|turn|15","|","|move|p1a: maybe sableye|Protect|p1a: maybe sableye","|-singleturn|p1a: maybe sableye|Protect","|move|p2a: Crobatman|Roost|p2a: Crobatman","|-heal|p2a: Crobatman|312/312","|","|turn|16","|","|move|p2a: Crobatman|U-turn|p1a: maybe sableye","|-supereffective|p1a: maybe sableye","|-damage|p1a: maybe sableye|268/394","|","|switch|p2a: dabae|Dragonite, F|323/323","|move|p1a: maybe sableye|Wish|p1a: maybe sableye","|","|-heal|p1a: maybe sableye|292/394|[from] item: Leftovers","|turn|17","|","|move|p2a: dabae|Dragon Dance|p2a: dabae","|-boost|p2a: dabae|atk|1","|-boost|p2a: dabae|spe|1","|move|p1a: maybe sableye|Foul Play|p2a: dabae","|-damage|p2a: dabae|182/323","|","|-heal|p1a: maybe sableye|394/394|[from] move: Wish|[wisher] maybe sableye","|turn|18","|","|switch|p1a: maybe umbreon|Sableye, M|304/304","|move|p2a: dabae|Roost|p2a: dabae","|-heal|p2a: dabae|323/323","|","|turn|19","|","|switch|p2a: underrated|Charizard-Mega-Y, F|243/297 tox","|-weather|SunnyDay","|move|p1a: maybe umbreon|Will-O-Wisp|p2a: underrated","|-fail|p2a: underrated","|","|-weather|SunnyDay|[upkeep]","|-damage|p2a: underrated|225/297 tox|[from] psn","|turn|20","|","|switch|p1a: maybe sableye|Umbreon, M|394/394","|move|p2a: underrated|Flamethrower|p1a: maybe sableye","|-damage|p1a: maybe sableye|216/394","|","|-weather|SunnyDay|[upkeep]","|-heal|p1a: maybe sableye|240/394|[from] item: Leftovers","|-damage|p2a: underrated|189/297 tox|[from] psn","|turn|21","|","|move|p2a: underrated|Flamethrower|p1a: maybe sableye","|-damage|p1a: maybe sableye|62/394","|move|p1a: maybe sableye|Wish|p1a: maybe sableye","|","|-weather|SunnyDay|[upkeep]","|-heal|p1a: maybe sableye|86/394|[from] item: Leftovers","|-damage|p2a: underrated|135/297 tox|[from] psn","|turn|22","|","|move|p1a: maybe sableye|Protect|p1a: maybe sableye","|-singleturn|p1a: maybe sableye|Protect","|move|p2a: underrated|Roost|p2a: underrated","|-heal|p2a: underrated|284/297 tox","|","|-weather|SunnyDay|[upkeep]","|-heal|p1a: maybe sableye|283/394|[from] move: Wish|[wisher] maybe sableye","|-heal|p1a: maybe sableye|307/394|[from] item: Leftovers","|-damage|p2a: underrated|212/297 tox|[from] psn","|turn|23","|","|move|p2a: underrated|Flamethrower|p1a: maybe sableye","|-crit|p1a: maybe sableye","|-damage|p1a: maybe sableye|33/394","|move|p1a: maybe sableye|Wish|p1a: maybe sableye","|","|-weather|none","|-heal|p1a: maybe sableye|57/394|[from] item: Leftovers","|-damage|p2a: underrated|122/297 tox|[from] psn","|turn|24","|","|move|p1a: maybe sableye|Protect|p1a: maybe sableye","|-singleturn|p1a: maybe sableye|Protect","|move|p2a: underrated|Roost|p2a: underrated","|-heal|p2a: underrated|271/297 tox","|","|-heal|p1a: maybe sableye|254/394|[from] move: Wish|[wisher] maybe sableye","|-heal|p1a: maybe sableye|278/394|[from] item: Leftovers","|-damage|p2a: underrated|163/297 tox|[from] psn","|turn|25","|","|move|p2a: underrated|Flamethrower|p1a: maybe sableye","|-damage|p1a: maybe sableye|167/394","|move|p1a: maybe sableye|Wish|p1a: maybe sableye","|","|-heal|p1a: maybe sableye|191/394|[from] item: Leftovers","|-damage|p2a: underrated|37/297 tox|[from] psn","|turn|26","|","|switch|p2a: dabae|Dragonite, F|323/323","|move|p1a: maybe sableye|Foul Play|p2a: dabae","|-damage|p2a: dabae|227/323","|","|-heal|p1a: maybe sableye|388/394|[from] move: Wish|[wisher] maybe sableye","|-heal|p1a: maybe sableye|394/394|[from] item: Leftovers","|turn|27","|","|switch|p1a: maybe umbreon|Sableye, M|304/304","|move|p2a: dabae|Roost|p2a: dabae","|-heal|p2a: dabae|323/323","|","|turn|28","|","|switch|p2a: underrated|Charizard-Mega-Y, F|37/297 tox","|-weather|SunnyDay","|move|p1a: maybe umbreon|Knock Off|p2a: underrated","|-damage|p2a: underrated|0 fnt","|faint|p2a: underrated","|","|-weather|SunnyDay|[upkeep]","|","|switch|p2a: Yanmega|Yanmega, F|313/313","|turn|29","|","|move|p1a: maybe umbreon|Will-O-Wisp|p2a: Yanmega|[miss]","|-miss|p1a: maybe umbreon|p2a: Yanmega","|move|p2a: Yanmega|Bug Buzz|p1a: maybe umbreon","|-damage|p1a: maybe umbreon|27/304","|-damage|p2a: Yanmega|282/313|[from] item: Life Orb","|","|-weather|SunnyDay|[upkeep]","|-heal|p1a: maybe umbreon|46/304|[from] item: Leftovers","|-boost|p2a: Yanmega|spe|1|[from] ability: Speed Boost","|turn|30","|","|switch|p1a: Mandy|Mandibuzz, F|319/423","|move|p2a: Yanmega|Bug Buzz|p1a: Mandy","|-damage|p1a: Mandy|111/423","|-unboost|p1a: Mandy|spd|1","|-damage|p2a: Yanmega|251/313|[from] item: Life Orb","|","|-weather|SunnyDay|[upkeep]","|-boost|p2a: Yanmega|spe|1|[from] ability: Speed Boost","|turn|31","|","|move|p2a: Yanmega|Bug Buzz|p1a: Mandy","|-damage|p1a: Mandy|0 fnt","|-damage|p2a: Yanmega|220/313|[from] item: Life Orb","|faint|p1a: Mandy","|","|-weather|SunnyDay|[upkeep]","|-boost|p2a: Yanmega|spe|1|[from] ability: Speed Boost","|","|switch|p1a: Looking sharp|Bisharp, F|271/271","|turn|32","|","|switch|p2a: 2zap|Zapdos|321/321","|-ability|p2a: 2zap|Pressure","|move|p1a: Looking sharp|Iron Head|p2a: 2zap","|-resisted|p2a: 2zap","|-damage|p2a: 2zap|227/321","|-damage|p1a: Looking sharp|244/271|[from] item: Life Orb","|","|-weather|none","|turn|33","|","|move|p2a: 2zap|Heat Wave|p1a: Looking sharp","|-miss|p2a: 2zap|p1a: Looking sharp","|move|p1a: Looking sharp|Knock Off|p2a: 2zap","|-damage|p2a: 2zap|0 fnt","|-enditem|p2a: 2zap|Expert Belt|[from] move: Knock Off|[of] p1a: Looking sharp","|-damage|p1a: Looking sharp|217/271|[from] item: Life Orb","|faint|p2a: 2zap","|","|","|switch|p2a: dabae|Dragonite, F|323/323","|turn|34","|","|switch|p1a: Banded=death|Hoopa-Unbound|301/301","|move|p2a: dabae|Dragon Dance|p2a: dabae","|-boost|p2a: dabae|atk|1","|-boost|p2a: dabae|spe|1","|","|turn|35","|","|move|p1a: Banded=death|Knock Off|p2a: dabae","|-damage|p2a: dabae|224/323","|-enditem|p2a: dabae|Weakness Policy|[from] move: Knock Off|[of] p1a: Banded=death","|move|p2a: dabae|Dragon Dance|p2a: dabae","|-boost|p2a: dabae|atk|1","|-boost|p2a: dabae|spe|1","|","|turn|36","|","|move|p2a: dabae|Dragon Claw|p1a: Banded=death","|-damage|p1a: Banded=death|0 fnt","|faint|p1a: Banded=death","|","|","|switch|p1a: maybe umbreon|Sableye, M|46/304","|turn|37","|","|switch|p2a: Yanmega|Yanmega, F|220/313","|move|p1a: maybe umbreon|Will-O-Wisp|p2a: Yanmega","|-status|p2a: Yanmega|brn","|","|-heal|p1a: maybe umbreon|65/304|[from] item: Leftovers","|-damage|p2a: Yanmega|181/313 brn|[from] brn","|turn|38","|","|move|p1a: maybe umbreon|Recover|p1a: maybe umbreon","|-heal|p1a: maybe umbreon|217/304","|move|p2a: Yanmega|Bug Buzz|p1a: maybe umbreon","|-damage|p1a: maybe umbreon|0 fnt","|-damage|p2a: Yanmega|150/313 brn|[from] item: Life Orb","|faint|p1a: maybe umbreon","|","|-damage|p2a: Yanmega|111/313 brn|[from] brn","|-boost|p2a: Yanmega|spe|1|[from] ability: Speed Boost","|","|switch|p1a: Great white bruh|Sharpedo, M|281/281","|turn|39","|","|move|p1a: Great white bruh|Protect|p1a: Great white bruh","|-singleturn|p1a: Great white bruh|Protect","|move|p2a: Yanmega|Bug Buzz|p1a: Great white bruh","|-activate|p1a: Great white bruh|Protect","|","|-damage|p2a: Yanmega|72/313 brn|[from] brn","|-boost|p2a: Yanmega|spe|1|[from] ability: Speed Boost","|-boost|p1a: Great white bruh|spe|1|[from] ability: Speed Boost","|turn|40","|","|switch|p1a: Looking sharp|Bisharp, F|217/271","|move|p2a: Yanmega|Bug Buzz|p1a: Looking sharp","|-damage|p1a: Looking sharp|0 fnt","|-damage|p2a: Yanmega|41/313 brn|[from] item: Life Orb","|faint|p1a: Looking sharp","|","|-damage|p2a: Yanmega|2/313 brn|[from] brn","|-boost|p2a: Yanmega|spe|1|[from] ability: Speed Boost","|","|switch|p1a: Great white bruh|Sharpedo, M|281/281","|turn|41","|","|move|p1a: Great white bruh|Protect|p1a: Great white bruh","|-singleturn|p1a: Great white bruh|Protect","|move|p2a: Yanmega|Bug Buzz|p1a: Great white bruh","|-activate|p1a: Great white bruh|Protect","|","|-damage|p2a: Yanmega|0 fnt|[from] brn","|-boost|p1a: Great white bruh|spe|1|[from] ability: Speed Boost","|faint|p2a: Yanmega","|","|switch|p2a: dabae|Dragonite, F|224/323","|turn|42","|","|detailschange|p1a: Great white bruh|Sharpedo-Mega, M","|-mega|p1a: Great white bruh|Sharpedo|Sharpedonite","|move|p1a: Great white bruh|Ice Fang|p2a: dabae|[miss]","|-miss|p1a: Great white bruh|p2a: dabae","|move|p2a: dabae|Roost|p2a: dabae","|-heal|p2a: dabae|323/323","|","|turn|43","|","|move|p1a: Great white bruh|Ice Fang|p2a: dabae","|-supereffective|p2a: dabae","|-damage|p2a: dabae|75/323","|move|p2a: dabae|Dragon Dance|p2a: dabae","|-boost|p2a: dabae|atk|1","|-boost|p2a: dabae|spe|1","|","|turn|44","|","|move|p1a: Great white bruh|Ice Fang|p2a: dabae","|-supereffective|p2a: dabae","|-damage|p2a: dabae|0 fnt","|faint|p2a: dabae","|","|","|switch|p2a: Crobatman|Crobat, F|312/312","|turn|45","|","|move|p1a: Great white bruh|Waterfall|p2a: Crobatman","|-damage|p2a: Crobatman|131/312","|cant|p2a: Crobatman|flinch","|","|-heal|p2a: Crobatman|150/312|[from] item: Black Sludge","|turn|46","|","|move|p1a: Great white bruh|Crunch|p2a: Crobatman","|-damage|p2a: Crobatman|0 fnt","|faint|p2a: Crobatman","|","|win|Neowulf"],"p1rating":{"entryid":"94659","serverid":"eos","formatid":"monotype","userid":"neowulf","username":"Neowulf","w":26,"l":"13","t":"0","gxe":64.9,"r":"1610.774292925","rd":"56.099387255669","sigma":"0","rptime":"1441184400","rpr":1616.6291720147,"rprd":55.534404886471,"rpsigma":"0","acre":1202.9622432758,"lacre":1202.9622432758,"oldacre":"1178.9442958497"},"p2rating":{"entryid":"778132","serverid":"eos","formatid":"monotype","userid":"baller666","username":"baller666","w":"5","l":1,"t":"0","gxe":64,"r":"1500","rd":"130","sigma":"0","rptime":"1441184400","rpr":1612.8937305692,"rprd":97.709836864164,"rpsigma":"0","acre":1141.2713214736,"lacre":1141.2713214736,"oldacre":"1165.2892688997"},"endType":"normal"}