{"seed":[61049,8938,25384,46052],"turns":26,"p1":"Fruitful Loxodromy","p2":"Carnie KeySein","p1team":[{"name":"Cobalion","species":"Cobalion","item":"leftovers","ability":"Justified","moves":["taunt","thunderwave","stealthrock","ironhead"],"nature":"Jolly","evs":{"hp":252,"atk":0,"def":52,"spa":0,"spd":0,"spe":204},"ivs":{"hp":31,"atk":31,"def":31,"spa":31,"spd":31,"spe":31}},{"name":"Gallade","species":"Gallade","item":"galladite","ability":"Steadfast","moves":["swordsdance","drainpunch","shadowsneak","icepunch"],"nature":"Adamant","evs":{"hp":0,"atk":196,"def":0,"spa":0,"spd":252,"spe":60},"ivs":{"hp":31,"atk":31,"def":31,"spa":31,"spd":31,"spe":31}},{"name":"Keldeo","species":"Keldeo","item":"leftovers","ability":"Justified","moves":["scald","secretsword","calmmind","icywind"],"nature":"Modest","evs":{"hp":36,"atk":0,"def":0,"spa":220,"spd":0,"spe":252},"ivs":{"hp":31,"atk":31,"def":31,"spa":31,"spd":31,"spe":31}},{"name":"Heracross","species":"Heracross","item":"choicescarf","ability":"Moxie","moves":["closecombat","megahorn","knockoff","stoneedge"],"nature":"Adamant","evs":{"hp":4,"atk":252,"def":0,"spa":0,"spd":0,"spe":252},"ivs":{"hp":31,"atk":31,"def":31,"spa":31,"spd":31,"spe":31}},{"name":"Hawlucha","species":"Hawlucha","item":"powerherb","ability":"Unburden","moves":["acrobatics","skyattack","highjumpkick","swordsdance"],"nature":"Adamant","evs":{"hp":4,"atk":252,"def":0,"spa":0,"spd":0,"spe":252},"ivs":{"hp":31,"atk":30,"def":30,"spa":31,"spd":30,"spe":31}},{"name":"Scrafty","species":"Scrafty","item":"leftovers","ability":"Shed Skin","moves":["bulkup","drainpunch","crunch","rest"],"nature":"Careful","evs":{"hp":252,"atk":4,"def":0,"spa":0,"spd":252,"spe":0},"ivs":{"hp":31,"atk":31,"def":31,"spa":31,"spd":31,"spe":31}}],"p2team":[{"name":"Hawlucha","species":"Hawlucha","item":"sitrusberry","ability":"Unburden","moves":["substitute","swordsdance","highjumpkick","acrobatics"],"nature":"Jolly","evs":{"hp":12,"atk":252,"def":0,"spa":0,"spd":0,"spe":244},"ivs":{"hp":31,"atk":31,"def":31,"spa":31,"spd":31,"spe":31}},{"name":"Gliscor","species":"Gliscor","item":"toxicorb","ability":"Poison Heal","moves":["substitute","protect","earthquake","toxic"],"nature":"Jolly","evs":{"hp":252,"atk":0,"def":4,"spa":0,"spd":0,"spe":252},"ivs":{"hp":31,"atk":31,"def":31,"spa":31,"spd":31,"spe":31}},{"name":"Gyarados","species":"Gyarados","item":"gyaradosite","ability":"Intimidate","moves":["dragondance","waterfall","crunch","taunt"],"nature":"Jolly","evs":{"hp":4,"atk":252,"def":0,"spa":0,"spd":0,"spe":252},"ivs":{"hp":31,"atk":30,"def":31,"spa":30,"spd":31,"spe":30}},{"name":"Landorus","species":"Landorus","item":"lifeorb","ability":"Sheer Force","moves":["earthpower","sludgewave","psychic","hiddenpowerice"],"nature":"","evs":{"hp":0,"atk":252,"def":0,"spa":0,"spd":0,"spe":0},"ivs":{"hp":31,"atk":30,"def":30,"spa":31,"spd":31,"spe":31}},{"name":"Togekiss","species":"Togekiss","item":"lumberry","ability":"Serene Grace","moves":["thunderwave","airslash","roost","zenheadbutt"],"nature":"Calm","evs":{"hp":252,"atk":0,"def":0,"spa":0,"spd":160,"spe":96},"ivs":{"hp":31,"atk":31,"def":31,"spa":31,"spd":31,"spe":31}},{"name":"Salamence","species":"Salamence","item":"choicescarf","ability":"Moxie","moves":["outrage","earthquake","crunch","brickbreak"],"nature":"Jolly","evs":{"hp":0,"atk":252,"def":0,"spa":0,"spd":4,"spe":252},"ivs":{"hp":31,"atk":31,"def":31,"spa":31,"spd":31,"spe":31}}],"log":["|player|p1|Fruitful Loxodromy|124","|player|p2|Carnie KeySein|164","|gametype|singles","|gen|6","|tier|Monotype","|rated","|rule|Baton Pass Clause: Limit one Baton Passer, can't pass Spe and other stats simultaneously","|rule|Swagger Clause: Swagger is banned","|rule|Same Type Clause: Pokémon in a team must share a type","|clearpoke","|poke|p1|Cobalion","|poke|p1|Gallade, M","|poke|p1|Keldeo","|poke|p1|Heracross, F","|poke|p1|Hawlucha, F","|poke|p1|Scrafty, M","|poke|p2|Hawlucha, F","|poke|p2|Gliscor, M","|poke|p2|Gyarados, F","|poke|p2|Landorus, M","|poke|p2|Togekiss, M","|poke|p2|Salamence, F","|rule|Sleep Clause Mod: Limit one foe put to sleep","|rule|Species Clause: Limit one of each Pokémon","|rule|OHKO Clause: OHKO moves are banned","|rule|Moody Clause: Moody is banned","|rule|Evasion Moves Clause: Evasion moves are banned","|rule|Endless Battle Clause: Forcing endless battles is banned","|rule|HP Percentage Mod: HP is shown in percentages","|teampreview","|","|start","|switch|p1a: Cobalion|Cobalion|386/386","|switch|p2a: Gyarados|Gyarados, F|332/332","|-ability|p2a: Gyarados|Intimidate","|-unboost|p1a: Cobalion|atk|1","|turn|1","|","|detailschange|p2a: Gyarados|Gyarados-Mega, F","|-mega|p2a: Gyarados|Gyarados|Gyaradosite","|-ability|p2a: Gyarados|Mold Breaker","|move|p1a: Cobalion|Thunder Wave|p2a: Gyarados","|-status|p2a: Gyarados|par","|move|p2a: Gyarados|Dragon Dance|p2a: Gyarados","|-boost|p2a: Gyarados|atk|1","|-boost|p2a: Gyarados|spe|1","|","|turn|2","|","|move|p1a: Cobalion|Taunt|p2a: Gyarados","|-start|p2a: Gyarados|move: Taunt","|cant|p2a: Gyarados|par","|","|turn|3","|","|move|p1a: Cobalion|Stealth Rock|p2a: Gyarados","|-sidestart|p2: Carnie KeySein|move: Stealth Rock","|move|p2a: Gyarados|Crunch|p1a: Cobalion","|-resisted|p1a: Cobalion","|-damage|p1a: Cobalion|293/386","|-boost|p1a: Cobalion|atk|1|[from] ability: Justified","|","|-heal|p1a: Cobalion|317/386|[from] item: Leftovers","|turn|4","|","|move|p1a: Cobalion|Iron Head|p2a: Gyarados","|-crit|p2a: Gyarados","|-resisted|p2a: Gyarados","|-damage|p2a: Gyarados|277/332 par","|move|p2a: Gyarados|Waterfall|p1a: Cobalion","|-damage|p1a: Cobalion|131/386","|","|-heal|p1a: Cobalion|155/386|[from] item: Leftovers","|-end|p2a: Gyarados|move: Taunt","|turn|5","|","|move|p1a: Cobalion|Iron Head|p2a: Gyarados","|-crit|p2a: Gyarados","|-resisted|p2a: Gyarados","|-damage|p2a: Gyarados|216/332 par","|cant|p2a: Gyarados|par","|","|-heal|p1a: Cobalion|179/386|[from] item: Leftovers","|turn|6","|","|move|p1a: Cobalion|Iron Head|p2a: Gyarados","|-resisted|p2a: Gyarados","|-damage|p2a: Gyarados|176/332 par","|cant|p2a: Gyarados|flinch","|","|-heal|p1a: Cobalion|203/386|[from] item: Leftovers","|turn|7","|","|switch|p1a: Keldeo|Keldeo|332/332","|cant|p2a: Gyarados|par","|","|turn|8","|","|move|p1a: Keldeo|Secret Sword|p2a: Gyarados","|-supereffective|p2a: Gyarados","|-damage|p2a: Gyarados|0 fnt","|faint|p2a: Gyarados","|","|","|switch|p2a: Salamence|Salamence, F|331/331","|-damage|p2a: Salamence|249/331|[from] Stealth Rock","|turn|9","|","|move|p2a: Salamence|Outrage|p1a: Keldeo","|-damage|p1a: Keldeo|77/332","|move|p1a: Keldeo|Icy Wind|p2a: Salamence","|-supereffective|p2a: Salamence","|-damage|p2a: Salamence|0 fnt","|faint|p2a: Salamence","|","|-heal|p1a: Keldeo|97/332|[from] item: Leftovers","|","|switch|p2a: Landorus|Landorus, M|319/319","|-damage|p2a: Landorus|280/319|[from] Stealth Rock","|turn|10","|","|switch|p1a: Scrafty|Scrafty, M|334/334","|move|p2a: Landorus|Earth Power|p1a: Scrafty","|-crit|p1a: Scrafty","|-damage|p1a: Scrafty|147/334","|","|-heal|p1a: Scrafty|167/334|[from] item: Leftovers","|turn|11","|","|move|p2a: Landorus|Earth Power|p1a: Scrafty","|-damage|p1a: Scrafty|27/334","|move|p1a: Scrafty|Crunch|p2a: Landorus","|-damage|p2a: Landorus|187/319","|","|-heal|p1a: Scrafty|47/334|[from] item: Leftovers","|turn|12","|","|switch|p1a: Hawlucha|Hawlucha, F|298/298","|move|p2a: Landorus|Psychic|p1a: Hawlucha","|-supereffective|p1a: Hawlucha","|-damage|p1a: Hawlucha|0 fnt","|faint|p1a: Hawlucha","|","|","|switch|p1a: Heracross|Heracross, F|302/302","|turn|13","|","|move|p1a: Heracross|Stone Edge|p2a: Landorus","|-damage|p2a: Landorus|55/319","|move|p2a: Landorus|Earth Power|p1a: Heracross","|-resisted|p1a: Heracross","|-damage|p1a: Heracross|192/302","|","|turn|14","|","|move|p1a: Heracross|Stone Edge|p2a: Landorus|[miss]","|-miss|p1a: Heracross|p2a: Landorus","|move|p2a: Landorus|Psychic|p1a: Heracross","|-supereffective|p1a: Heracross","|-damage|p1a: Heracross|0 fnt","|faint|p1a: Heracross","|","|","|switch|p1a: Gallade|Gallade, M|277/277","|turn|15","|","|detailschange|p1a: Gallade|Gallade-Mega, M","|-mega|p1a: Gallade|Gallade|Galladite","|move|p1a: Gallade|Shadow Sneak|p2a: Landorus","|-damage|p2a: Landorus|0 fnt","|faint|p2a: Landorus","|","|","|switch|p2a: Hawlucha|Hawlucha, F|300/300","|-damage|p2a: Hawlucha|263/300|[from] Stealth Rock","|turn|16","|","|move|p2a: Hawlucha|High Jump Kick|p1a: Gallade","|-resisted|p1a: Gallade","|-damage|p1a: Gallade|181/277","|move|p1a: Gallade|Ice Punch|p2a: Hawlucha","|-supereffective|p2a: Hawlucha","|-damage|p2a: Hawlucha|0 fnt","|faint|p2a: Hawlucha","|","|","|switch|p2a: Gliscor|Gliscor, M|354/354","|-damage|p2a: Gliscor|310/354|[from] Stealth Rock","|turn|17","|","|move|p2a: Gliscor|Toxic|p1a: Gallade","|-status|p1a: Gallade|tox","|move|p1a: Gallade|Swords Dance|p1a: Gallade","|-boost|p1a: Gallade|atk|2","|","|-damage|p1a: Gallade|164/277 tox|[from] psn","|-status|p2a: Gliscor|tox|[from] item: Toxic Orb","|turn|18","|","|move|p2a: Gliscor|Protect|p2a: Gliscor","|-singleturn|p2a: Gliscor|Protect","|move|p1a: Gallade|Ice Punch|p2a: Gliscor","|-activate|p2a: Gliscor|Protect","|","|-heal|p2a: Gliscor|354/354 tox|[from] ability: Poison Heal","|-damage|p1a: Gallade|130/277 tox|[from] psn","|turn|19","|","|move|p2a: Gliscor|Substitute|p2a: Gliscor","|-start|p2a: Gliscor|Substitute","|-damage|p2a: Gliscor|266/354 tox","|move|p1a: Gallade|Ice Punch|p2a: Gliscor","|-supereffective|p2a: Gliscor","|-end|p2a: Gliscor|Substitute","|","|-heal|p2a: Gliscor|310/354 tox|[from] ability: Poison Heal","|-damage|p1a: Gallade|79/277 tox|[from] psn","|turn|20","|","|switch|p1a: Scrafty|Scrafty, M|47/334","|move|p2a: Gliscor|Protect|p2a: Gliscor","|-fail|p2a: Gliscor","|","|-heal|p1a: Scrafty|67/334|[from] item: Leftovers","|-heal|p2a: Gliscor|354/354 tox|[from] ability: Poison Heal","|turn|21","|","|move|p2a: Gliscor|Earthquake|p1a: Scrafty","|-damage|p1a: Scrafty|0 fnt","|faint|p1a: Scrafty","|","|","|switch|p1a: Keldeo|Keldeo|97/332","|turn|22","|","|move|p2a: Gliscor|Earthquake|p1a: Keldeo","|-damage|p1a: Keldeo|0 fnt","|faint|p1a: Keldeo","|","|","|switch|p1a: Gallade|Gallade-Mega, M|79/277 tox","|turn|23","|","|move|p2a: Gliscor|Earthquake|p1a: Gallade","|-crit|p1a: Gallade","|-damage|p1a: Gallade|0 fnt","|faint|p1a: Gallade","|","|","|switch|p1a: Cobalion|Cobalion|203/386","|turn|24","|","|move|p1a: Cobalion|Taunt|p2a: Gliscor","|-start|p2a: Gliscor|move: Taunt","|move|p2a: Gliscor|Earthquake|p1a: Cobalion","|-supereffective|p1a: Cobalion","|-damage|p1a: Cobalion|27/386","|","|-heal|p1a: Cobalion|51/386|[from] item: Leftovers","|turn|25","|","|move|p1a: Cobalion|Iron Head|p2a: Gliscor","|-damage|p2a: Gliscor|288/354 tox","|cant|p2a: Gliscor|flinch","|","|-heal|p1a: Cobalion|75/386|[from] item: Leftovers","|-heal|p2a: Gliscor|332/354 tox|[from] ability: Poison Heal","|turn|26","|","|move|p1a: Cobalion|Iron Head|p2a: Gliscor","|-damage|p2a: Gliscor|262/354 tox","|move|p2a: Gliscor|Earthquake|p1a: Cobalion","|-supereffective|p1a: Cobalion","|-damage|p1a: Cobalion|0 fnt","|faint|p1a: Cobalion","|","|win|Carnie KeySein"],"p1rating":{"entryid":788043,"formatid":"monotype","userid":"fruitfulloxodromy","username":"Fruitful Loxodromy","r":1500,"rd":130,"sigma":0,"rpr":1459.8393856612,"rprd":122.8583080769,"rpsigma":0,"rptime":1441184400,"w":0,"l":1,"t":0,"gxe":45,"acre":1000,"lacre":1000,"oldacre":1000},"p2rating":{"entryid":"787247","serverid":"eos","formatid":"monotype","userid":"carniekeysein","username":"Carnie KeySein","w":4,"l":"3","t":"0","gxe":53.6,"r":"1500","rd":"130","sigma":"0","rptime":"1441184400","rpr":1527.7980218125,"rprd":95.572615471631,"rpsigma":"0","acre":1083.3183280618,"lacre":1083.3183280618,"oldacre":"1056.9773495936"},"endType":"normal"}