{"seed":[58268,42499,64409,62018],"turns":50,"p1":"Primal Vergi1","p2":"Neowulf","p1team":[{"name":"Asuna","species":"malamar","item":"leftovers","ability":"Contrary","moves":["superpower","psychocut","knockoff","trickroom"],"nature":"Brave","evs":{"hp":252,"atk":80,"def":0,"spa":0,"spd":176,"spe":0},"ivs":{"hp":31,"atk":31,"def":31,"spa":31,"spd":31,"spe":0},"happiness":0},{"name":"Silica","species":"liepard","item":"leftovers","ability":"Prankster","moves":["uturn","copycat","protect","encore"],"nature":"Careful","evs":{"hp":252,"atk":4,"def":0,"spa":0,"spd":252,"spe":0},"ivs":{"hp":31,"atk":31,"def":31,"spa":31,"spd":31,"spe":31}},{"name":"Scrafty","species":"Scrafty","item":"leftovers","ability":"Shed Skin","moves":["drainpunch","bulkup","knockoff","dragondance"],"nature":"Careful","evs":{"hp":252,"atk":4,"def":0,"spa":0,"spd":252,"spe":0},"ivs":{"hp":31,"atk":31,"def":31,"spa":31,"spd":31,"spe":31}},{"name":"Murkrow","species":"Murkrow","item":"eviolite","ability":"Prankster","moves":["featherdance","roost","thunderwave","taunt"],"nature":"Calm","evs":{"hp":248,"atk":0,"def":8,"spa":0,"spd":252,"spe":0},"ivs":{"hp":31,"atk":31,"def":31,"spa":31,"spd":31,"spe":31}},{"name":"Kirito","species":"sableye","item":"choiceband","ability":"Prankster","moves":["willowisp","trick","knockoff","recover"],"nature":"Calm","evs":{"hp":252,"atk":0,"def":4,"spa":0,"spd":252,"spe":0},"ivs":{"hp":31,"atk":31,"def":31,"spa":31,"spd":31,"spe":31}},{"name":"Sinon","species":"sharpedo","item":"sharpedonite","ability":"Speed Boost","moves":["waterfall","destinybond","crunch","protect"],"nature":"Adamant","evs":{"hp":0,"atk":252,"def":0,"spa":0,"spd":4,"spe":252},"ivs":{"hp":31,"atk":31,"def":31,"spa":31,"spd":31,"spe":31}}],"p2team":[{"name":"Great white bruh","species":"sharpedo","item":"sharpedonite","ability":"Speed Boost","moves":["protect","crunch","waterfall","icefang"],"nature":"Jolly","evs":{"hp":0,"atk":252,"def":0,"spa":0,"spd":4,"spe":252},"ivs":{"hp":31,"atk":31,"def":31,"spa":31,"spd":31,"spe":31}},{"name":"maybe umbreon","species":"sableye","item":"leftovers","ability":"Prankster","moves":["willowisp","recover","knockoff","taunt"],"nature":"Impish","evs":{"hp":252,"atk":0,"def":252,"spa":0,"spd":4,"spe":0},"ivs":{"hp":31,"atk":31,"def":31,"spa":31,"spd":31,"spe":31}},{"name":"maybe sableye","species":"umbreon","item":"leftovers","ability":"Synchronize","moves":["healbell","wish","protect","foulplay"],"nature":"Calm","evs":{"hp":252,"atk":0,"def":4,"spa":0,"spd":252,"spe":0},"ivs":{"hp":31,"atk":31,"def":31,"spa":31,"spd":31,"spe":31}},{"name":"Mandy","species":"mandibuzz","item":"rockyhelmet","ability":"Overcoat","moves":["bravebird","toxic","roost","defog"],"nature":"Impish","evs":{"hp":248,"atk":8,"def":252,"spa":0,"spd":0,"spe":0},"ivs":{"hp":31,"atk":31,"def":31,"spa":31,"spd":31,"spe":31}},{"name":"Looking sharp","species":"bisharp","item":"lifeorb","ability":"Defiant","moves":["swordsdance","ironhead","suckerpunch","knockoff"],"nature":"Jolly","evs":{"hp":0,"atk":252,"def":0,"spa":0,"spd":4,"spe":252},"ivs":{"hp":31,"atk":31,"def":31,"spa":31,"spd":31,"spe":31}},{"name":"Banded=death","species":"hoopaunbound","item":"choicescarf","ability":"Magician","moves":["hyperspacehole","knockoff","thunderbolt","gunkshot"],"nature":"Hasty","evs":{"hp":0,"atk":32,"def":0,"spa":224,"spd":0,"spe":252},"ivs":{"hp":31,"atk":31,"def":31,"spa":31,"spd":31,"spe":31}}],"log":["|player|p1|Primal Vergi1|vergi1.png","|player|p2|Neowulf|80","|gametype|singles","|gen|6","|tier|Monotype","|rated","|rule|Baton Pass Clause: Limit one Baton Passer, can't pass Spe and other stats simultaneously","|rule|Swagger Clause: Swagger is banned","|rule|Same Type Clause: Pokémon in a team must share a type","|clearpoke","|poke|p1|Malamar, M","|poke|p1|Liepard, M","|poke|p1|Scrafty, M","|poke|p1|Murkrow, F","|poke|p1|Sableye, M","|poke|p1|Sharpedo, M","|poke|p2|Sharpedo, M","|poke|p2|Sableye, F","|poke|p2|Umbreon, F","|poke|p2|Mandibuzz, F","|poke|p2|Bisharp, M","|poke|p2|Hoopa-Unbound","|rule|Sleep Clause Mod: Limit one foe put to sleep","|rule|Species Clause: Limit one of each Pokémon","|rule|OHKO Clause: OHKO moves are banned","|rule|Moody Clause: Moody is banned","|rule|Evasion Moves Clause: Evasion moves are banned","|rule|Endless Battle Clause: Forcing endless battles is banned","|rule|HP Percentage Mod: HP is shown in percentages","|teampreview","|","|start","|switch|p1a: Murkrow|Murkrow, F|323/323","|switch|p2a: Mandy|Mandibuzz, F|423/423","|turn|1","|","|move|p1a: Murkrow|Taunt|p2a: Mandy","|-start|p2a: Mandy|move: Taunt","|cant|p2a: Mandy|move: Taunt|Toxic","|","|turn|2","|","|switch|p2a: maybe sableye|Umbreon, F|394/394","|move|p1a: Murkrow|Thunder Wave|p2a: maybe sableye","|-status|p2a: maybe sableye|par","|-status|p1a: Murkrow|par","|","|turn|3","|","|switch|p2a: maybe umbreon|Sableye, F|304/304","|move|p1a: Murkrow|Taunt|p2a: maybe umbreon","|-start|p2a: maybe umbreon|move: Taunt","|","|turn|4","|","|cant|p1a: Murkrow|par","|move|p2a: maybe umbreon|Knock Off|p1a: Murkrow","|-resisted|p1a: Murkrow","|-damage|p1a: Murkrow|260/323 par","|-enditem|p1a: Murkrow|Eviolite|[from] move: Knock Off|[of] p2a: maybe umbreon","|","|turn|5","|","|switch|p2a: maybe sableye|Umbreon, F|394/394 par","|cant|p1a: Murkrow|par","|","|turn|6","|","|move|p1a: Murkrow|Taunt|p2a: maybe sableye","|-start|p2a: maybe sableye|move: Taunt","|cant|p2a: maybe sableye|move: Taunt|Heal Bell","|","|turn|7","|","|switch|p1a: Scrafty|Scrafty, M|334/334","|move|p2a: maybe sableye|Foul Play|p1a: Scrafty","|-crit|p1a: Scrafty","|-resisted|p1a: Scrafty","|-damage|p1a: Scrafty|301/334","|","|-heal|p1a: Scrafty|321/334|[from] item: Leftovers","|turn|8","|","|switch|p2a: Banded=death|Hoopa-Unbound|301/301","|move|p1a: Scrafty|Bulk Up|p1a: Scrafty","|-boost|p1a: Scrafty|atk|1","|-boost|p1a: Scrafty|def|1","|","|-heal|p1a: Scrafty|334/334|[from] item: Leftovers","|turn|9","|","|move|p2a: Banded=death|Gunk Shot|p1a: Scrafty|[miss]","|-miss|p2a: Banded=death|p1a: Scrafty","|move|p1a: Scrafty|Drain Punch|p2a: Banded=death","|-damage|p2a: Banded=death|100/301","|","|turn|10","|","|move|p2a: Banded=death|Gunk Shot|p1a: Scrafty","|-damage|p1a: Scrafty|250/334","|-status|p1a: Scrafty|psn","|move|p1a: Scrafty|Drain Punch|p2a: Banded=death","|-damage|p2a: Banded=death|0 fnt","|-heal|p1a: Scrafty|300/334 psn|[from] drain|[of] p2a: Banded=death","|faint|p2a: Banded=death","|","|-heal|p1a: Scrafty|320/334 psn|[from] item: Leftovers","|-damage|p1a: Scrafty|279/334 psn|[from] psn","|","|switch|p2a: maybe umbreon|Sableye, F|304/304","|turn|11","|","|move|p2a: maybe umbreon|Taunt|p1a: Scrafty","|-start|p1a: Scrafty|move: Taunt","|move|p1a: Scrafty|Knock Off|p2a: maybe umbreon","|-damage|p2a: maybe umbreon|165/304","|-enditem|p2a: maybe umbreon|Leftovers|[from] move: Knock Off|[of] p1a: Scrafty","|","|-activate|p1a: Scrafty|ability: Shed Skin","|-curestatus|p1a: Scrafty|psn","|-heal|p1a: Scrafty|299/334|[from] item: Leftovers","|turn|12","|","|move|p2a: maybe umbreon|Will-O-Wisp|p1a: Scrafty","|-status|p1a: Scrafty|brn","|move|p1a: Scrafty|Knock Off|p2a: maybe umbreon","|-damage|p2a: maybe umbreon|122/304","|","|-activate|p1a: Scrafty|ability: Shed Skin","|-curestatus|p1a: Scrafty|brn","|-heal|p1a: Scrafty|319/334|[from] item: Leftovers","|turn|13","|","|move|p2a: maybe umbreon|Will-O-Wisp|p1a: Scrafty","|-status|p1a: Scrafty|brn","|move|p1a: Scrafty|Knock Off|p2a: maybe umbreon","|-damage|p2a: maybe umbreon|74/304","|","|-heal|p1a: Scrafty|334/334 brn|[from] item: Leftovers","|-damage|p1a: Scrafty|293/334 brn|[from] brn","|-end|p1a: Scrafty|move: Taunt","|turn|14","|","|move|p2a: maybe umbreon|Recover|p2a: maybe umbreon","|-heal|p2a: maybe umbreon|226/304","|move|p1a: Scrafty|Bulk Up|p1a: Scrafty","|-boost|p1a: Scrafty|atk|1","|-boost|p1a: Scrafty|def|1","|","|-activate|p1a: Scrafty|ability: Shed Skin","|-curestatus|p1a: Scrafty|brn","|-heal|p1a: Scrafty|313/334|[from] item: Leftovers","|turn|15","|","|move|p2a: maybe umbreon|Taunt|p1a: Scrafty","|-start|p1a: Scrafty|move: Taunt","|move|p1a: Scrafty|Knock Off|p2a: maybe umbreon","|-damage|p2a: maybe umbreon|108/304","|","|-heal|p1a: Scrafty|333/334|[from] item: Leftovers","|turn|16","|","|move|p2a: maybe umbreon|Will-O-Wisp|p1a: Scrafty","|-status|p1a: Scrafty|brn","|move|p1a: Scrafty|Knock Off|p2a: maybe umbreon","|-crit|p2a: maybe umbreon","|-damage|p2a: maybe umbreon|11/304","|","|-heal|p1a: Scrafty|334/334 brn|[from] item: Leftovers","|-damage|p1a: Scrafty|293/334 brn|[from] brn","|turn|17","|","|switch|p2a: Mandy|Mandibuzz, F|423/423","|move|p1a: Scrafty|Knock Off|p2a: Mandy","|-resisted|p2a: Mandy","|-damage|p2a: Mandy|389/423","|-damage|p1a: Scrafty|238/334 brn|[from] item: Rocky Helmet|[of] p2a: Mandy","|-enditem|p2a: Mandy|Rocky Helmet|[from] move: Knock Off|[of] p1a: Scrafty","|","|-heal|p1a: Scrafty|258/334 brn|[from] item: Leftovers","|-damage|p1a: Scrafty|217/334 brn|[from] brn","|-end|p1a: Scrafty|move: Taunt","|turn|18","|","|move|p2a: Mandy|Brave Bird|p1a: Scrafty","|-crit|p1a: Scrafty","|-supereffective|p1a: Scrafty","|-damage|p1a: Scrafty|0 fnt","|-damage|p2a: Mandy|317/423|[from] recoil|[of] p1a: Scrafty","|faint|p1a: Scrafty","|","|","|switch|p1a: Kirito|Sableye, M|304/304","|turn|19","|","|switch|p2a: maybe sableye|Umbreon, F|394/394 par","|move|p1a: Kirito|Trick|p2a: maybe sableye","|-activate|p1a: Kirito|move: Trick|[of] p2a: maybe sableye","|-item|p2a: maybe sableye|Choice Band|[from] move: Trick","|-item|p1a: Kirito|Leftovers|[from] move: Trick","|","|turn|20","|","|move|p1a: Kirito|Knock Off|p2a: maybe sableye","|-resisted|p2a: maybe sableye","|-damage|p2a: maybe sableye|359/394 par","|-enditem|p2a: maybe sableye|Choice Band|[from] move: Knock Off|[of] p1a: Kirito","|move|p2a: maybe sableye|Foul Play|p1a: Kirito","|-damage|p1a: Kirito|202/304","|","|-heal|p1a: Kirito|221/304|[from] item: Leftovers","|turn|21","|","|switch|p1a: Silica|Liepard, M|332/332","|move|p2a: maybe sableye|Wish|p2a: maybe sableye","|","|turn|22","|","|switch|p2a: Mandy|Mandibuzz, F|317/423","|move|p1a: Silica|Copycat|p1a: Silica","|move|p1a: Silica|Wish|p1a: Silica|[from]Copycat","|","|-heal|p2a: Mandy|423/423|[from] move: Wish|[wisher] maybe sableye","|turn|23","|","|switch|p1a: Kirito|Sableye, M|221/304","|move|p2a: Mandy|Toxic|p1a: Kirito","|-status|p1a: Kirito|tox","|","|-heal|p1a: Kirito|304/304 tox|[from] move: Wish|[wisher] Silica","|-damage|p1a: Kirito|285/304 tox|[from] psn","|turn|24","|","|switch|p2a: maybe sableye|Umbreon, F|359/394 par","|move|p1a: Kirito|Will-O-Wisp|p2a: maybe sableye|[miss]","|-miss|p1a: Kirito|p2a: maybe sableye","|","|-heal|p1a: Kirito|304/304 tox|[from] item: Leftovers","|-damage|p1a: Kirito|266/304 tox|[from] psn","|turn|25","|","|switch|p1a: Silica|Liepard, M|332/332","|move|p2a: maybe sableye|Wish|p2a: maybe sableye","|","|turn|26","|","|switch|p2a: maybe umbreon|Sableye, F|11/304","|move|p1a: Silica|U-turn|p2a: maybe umbreon","|-damage|p2a: maybe umbreon|0 fnt","|faint|p2a: maybe umbreon","|","|switch|p1a: Murkrow|Murkrow, F|260/323 par","|","|","|switch|p2a: Looking sharp|Bisharp, M|271/271","|turn|27","|","|cant|p1a: Murkrow|par","|move|p2a: Looking sharp|Iron Head|p1a: Murkrow","|-damage|p1a: Murkrow|0 fnt","|-damage|p2a: Looking sharp|244/271|[from] item: Life Orb","|faint|p1a: Murkrow","|","|","|switch|p1a: Asuna|Malamar, M|376/376","|turn|28","|","|switch|p2a: Mandy|Mandibuzz, F|423/423","|move|p1a: Asuna|Superpower|p2a: Mandy","|-crit|p2a: Mandy","|-damage|p2a: Mandy|314/423","|-boost|p1a: Asuna|atk|1","|-boost|p1a: Asuna|def|1","|","|turn|29","|","|move|p2a: Mandy|Toxic|p1a: Asuna","|-status|p1a: Asuna|tox","|move|p1a: Asuna|Superpower|p2a: Mandy","|-damage|p2a: Mandy|198/423","|-boost|p1a: Asuna|atk|1","|-boost|p1a: Asuna|def|1","|","|-damage|p1a: Asuna|353/376 tox|[from] psn","|turn|30","|","|move|p2a: Mandy|Roost|p2a: Mandy","|-heal|p2a: Mandy|410/423","|move|p1a: Asuna|Superpower|p2a: Mandy","|-supereffective|p2a: Mandy","|-damage|p2a: Mandy|124/423","|-boost|p1a: Asuna|atk|1","|-boost|p1a: Asuna|def|1","|","|-heal|p1a: Asuna|376/376 tox|[from] item: Leftovers","|-damage|p1a: Asuna|330/376 tox|[from] psn","|turn|31","|","|move|p2a: Mandy|Roost|p2a: Mandy","|-heal|p2a: Mandy|336/423","|move|p1a: Asuna|Superpower|p2a: Mandy","|-supereffective|p2a: Mandy","|-damage|p2a: Mandy|0 fnt","|-boost|p1a: Asuna|atk|1","|-boost|p1a: Asuna|def|1","|faint|p2a: Mandy","|","|-heal|p1a: Asuna|353/376 tox|[from] item: Leftovers","|-damage|p1a: Asuna|284/376 tox|[from] psn","|","|switch|p2a: maybe sableye|Umbreon, F|359/394 par","|turn|32","|","|move|p2a: maybe sableye|Protect|p2a: maybe sableye","|-singleturn|p2a: maybe sableye|Protect","|move|p1a: Asuna|Superpower|p2a: maybe sableye","|-activate|p2a: maybe sableye|Protect","|","|-heal|p1a: Asuna|307/376 tox|[from] item: Leftovers","|-damage|p1a: Asuna|215/376 tox|[from] psn","|turn|33","|","|move|p2a: maybe sableye|Protect|p2a: maybe sableye","|-fail|p2a: maybe sableye","|move|p1a: Asuna|Superpower|p2a: maybe sableye","|-supereffective|p2a: maybe sableye","|-damage|p2a: maybe sableye|0 fnt","|-boost|p1a: Asuna|atk|1","|-boost|p1a: Asuna|def|1","|faint|p2a: maybe sableye","|","|-heal|p1a: Asuna|238/376 tox|[from] item: Leftovers","|-damage|p1a: Asuna|123/376 tox|[from] psn","|","|switch|p2a: Great white bruh|Sharpedo, M|281/281","|turn|34","|","|move|p2a: Great white bruh|Protect|p2a: Great white bruh","|-singleturn|p2a: Great white bruh|Protect","|move|p1a: Asuna|Trick Room|p1a: Asuna","|-fieldstart|move: Trick Room|[of] p1a: Asuna","|","|-heal|p1a: Asuna|146/376 tox|[from] item: Leftovers","|-damage|p1a: Asuna|8/376 tox|[from] psn","|-boost|p2a: Great white bruh|spe|1|[from] ability: Speed Boost","|turn|35","|","|move|p2a: Great white bruh|Protect|p2a: Great white bruh","|-singleturn|p2a: Great white bruh|Protect","|move|p1a: Asuna|Superpower|p2a: Great white bruh","|-activate|p2a: Great white bruh|Protect","|","|-heal|p1a: Asuna|31/376 tox|[from] item: Leftovers","|-damage|p1a: Asuna|0 fnt|[from] psn","|-boost|p2a: Great white bruh|spe|1|[from] ability: Speed Boost","|faint|p1a: Asuna","|","|switch|p1a: Silica|Liepard, M|332/332","|turn|36","|","|detailschange|p2a: Great white bruh|Sharpedo-Mega, M","|-mega|p2a: Great white bruh|Sharpedo|Sharpedonite","|move|p1a: Silica|Encore|p2a: Great white bruh","|-start|p2a: Great white bruh|Encore","|move|p2a: Great white bruh|Protect|p2a: Great white bruh","|-fail|p2a: Great white bruh","|","|turn|37","|","|move|p2a: Great white bruh|Protect|p2a: Great white bruh","|-singleturn|p2a: Great white bruh|Protect","|move|p1a: Silica|U-turn|p2a: Great white bruh","|-activate|p2a: Great white bruh|Protect","|","|turn|38","|","|move|p1a: Silica|Protect|p1a: Silica","|-singleturn|p1a: Silica|Protect","|move|p2a: Great white bruh|Protect|p2a: Great white bruh","|-fail|p2a: Great white bruh","|","|-end|p2a: Great white bruh|Encore","|-fieldend|move: Trick Room","|turn|39","|","|switch|p2a: Looking sharp|Bisharp, M|244/271","|move|p1a: Silica|Encore|p2a: Looking sharp","|-fail|p2a: Looking sharp","|","|turn|40","|","|move|p1a: Silica|Protect|p1a: Silica","|-singleturn|p1a: Silica|Protect","|move|p2a: Looking sharp|Iron Head|p1a: Silica","|-activate|p1a: Silica|Protect","|","|turn|41","|","|move|p2a: Looking sharp|Iron Head|p1a: Silica","|-damage|p1a: Silica|15/332","|-damage|p2a: Looking sharp|217/271|[from] item: Life Orb","|cant|p1a: Silica|flinch","|","|-heal|p1a: Silica|35/332|[from] item: Leftovers","|turn|42","|","|switch|p2a: Great white bruh|Sharpedo-Mega, M|281/281","|switch|p1a: Kirito|Sableye, M|266/304 tox","|","|-heal|p1a: Kirito|285/304 tox|[from] item: Leftovers","|-damage|p1a: Kirito|266/304 tox|[from] psn","|turn|43","|","|move|p2a: Great white bruh|Protect|p2a: Great white bruh","|-singleturn|p2a: Great white bruh|Protect","|move|p1a: Kirito|Will-O-Wisp|p2a: Great white bruh","|-activate|p2a: Great white bruh|Protect","|","|-heal|p1a: Kirito|285/304 tox|[from] item: Leftovers","|-damage|p1a: Kirito|247/304 tox|[from] psn","|turn|44","|","|move|p1a: Kirito|Will-O-Wisp|p2a: Great white bruh","|-status|p2a: Great white bruh|brn","|move|p2a: Great white bruh|Crunch|p1a: Kirito","|-damage|p1a: Kirito|93/304 tox","|","|-heal|p1a: Kirito|112/304 tox|[from] item: Leftovers","|-damage|p2a: Great white bruh|246/281 brn|[from] brn","|-damage|p1a: Kirito|55/304 tox|[from] psn","|turn|45","|","|move|p1a: Kirito|Recover|p1a: Kirito","|-heal|p1a: Kirito|207/304 tox","|move|p2a: Great white bruh|Crunch|p1a: Kirito","|-damage|p1a: Kirito|67/304 tox","|","|-heal|p1a: Kirito|86/304 tox|[from] item: Leftovers","|-damage|p2a: Great white bruh|211/281 brn|[from] brn","|-damage|p1a: Kirito|10/304 tox|[from] psn","|turn|46","|","|move|p2a: Great white bruh|Crunch|p1a: Kirito","|-damage|p1a: Kirito|0 fnt","|faint|p1a: Kirito","|","|-damage|p2a: Great white bruh|176/281 brn|[from] brn","|","|switch|p1a: Sinon|Sharpedo, M|281/281","|turn|47","|","|move|p1a: Sinon|Protect|p1a: Sinon","|-singleturn|p1a: Sinon|Protect","|move|p2a: Great white bruh|Crunch|p1a: Sinon","|-activate|p1a: Sinon|Protect","|","|-damage|p2a: Great white bruh|141/281 brn|[from] brn","|-boost|p1a: Sinon|spe|1|[from] ability: Speed Boost","|turn|48","|","|detailschange|p1a: Sinon|Sharpedo-Mega, M","|-mega|p1a: Sinon|Sharpedo|Sharpedonite","|move|p1a: Sinon|Crunch|p2a: Great white bruh","|-resisted|p2a: Great white bruh","|-damage|p2a: Great white bruh|0 fnt","|faint|p2a: Great white bruh","|","|","|switch|p2a: Looking sharp|Bisharp, M|217/271","|turn|49","|","|move|p1a: Sinon|Waterfall|p2a: Looking sharp","|-damage|p2a: Looking sharp|42/271","|move|p2a: Looking sharp|Iron Head|p1a: Sinon","|-resisted|p1a: Sinon","|-damage|p1a: Sinon|156/281","|-damage|p2a: Looking sharp|15/271|[from] item: Life Orb","|","|turn|50","|","|move|p2a: Looking sharp|Sucker Punch|p1a: Sinon","|-resisted|p1a: Sinon","|-damage|p1a: Sinon|39/281","|-damage|p2a: Looking sharp|0 fnt|[from] item: Life Orb","|faint|p2a: Looking sharp","|","|win|Primal Vergi1"],"p1rating":{"entryid":"776170","serverid":"eos","formatid":"monotype","userid":"primalvergi1","username":"Primal Vergi1","w":3,"l":"2","t":"0","gxe":56.1,"r":"1500","rd":"130","sigma":"0","rptime":"1441184400","rpr":1547.9119251951,"rprd":102.07824105523,"rpsigma":"0","acre":1104.9767852892,"lacre":1104.9767852892,"oldacre":"1062.6447100651"},"p2rating":{"entryid":"94659","serverid":"eos","formatid":"monotype","userid":"neowulf","username":"Neowulf","w":"26","l":14,"t":"0","gxe":63.6,"r":"1610.774292925","rd":"56.099387255669","sigma":"0","rptime":"1441184400","rpr":1606.1650282114,"rprd":54.986155727638,"rpsigma":"0","acre":1168.3809364978,"lacre":1168.3809364978,"oldacre":"1202.9622432758"},"endType":"normal"}