{"seed":[40719,30925,52486,31476],"turns":24,"p1":"Gym Ldr Mitsuka∆","p2":"Melissа","p1team":[{"name":"Vileplume","species":"Vileplume","item":"assaultvest","ability":"Effect Spore","moves":["gigadrain","hiddenpowerrock","moonblast","sludgebomb"],"nature":"Calm","evs":{"hp":4,"atk":0,"def":0,"spa":252,"spd":252,"spe":0},"ivs":{"hp":31,"atk":31,"def":30,"spa":31,"spd":30,"spe":30}},{"name":"Abomasnow","species":"Abomasnow","item":"abomasite","ability":"Soundproof","moves":["earthquake","swordsdance","iceshard","gigadrain"],"nature":"Adamant","evs":{"hp":76,"atk":252,"def":0,"spa":0,"spd":0,"spe":180},"ivs":{"hp":31,"atk":30,"def":31,"spa":30,"spd":31,"spe":30}},{"name":"Roserade","species":"Roserade","item":"choicescarf","ability":"Technician","moves":["hiddenpowerfire","extrasensory","sludgebomb","gigadrain"],"nature":"Timid","evs":{"hp":0,"atk":0,"def":0,"spa":252,"spd":4,"spe":252},"ivs":{"hp":31,"atk":30,"def":31,"spa":30,"spd":31,"spe":30}},{"name":"Leavanny","species":"Leavanny","item":"focussash","ability":"Overcoat","moves":["stickyweb","leafblade","knockoff","xscissor"],"nature":"Adamant","evs":{"hp":4,"atk":252,"def":0,"spa":0,"spd":0,"spe":252},"ivs":{"hp":31,"atk":31,"def":31,"spa":31,"spd":31,"spe":31}},{"name":"Ferrothorn","species":"Ferrothorn","item":"occaberry","ability":"Iron Barbs","moves":["stealthrock","thunderwave","knockoff","ironhead"],"nature":"Impish","evs":{"hp":252,"atk":0,"def":128,"spa":0,"spd":128,"spe":0},"ivs":{"hp":31,"atk":31,"def":31,"spa":31,"spd":31,"spe":31}},{"name":"Breloom","species":"Breloom","item":"focussash","ability":"Technician","moves":["spore","machpunch","bulletseed","rocktomb"],"nature":"Jolly","evs":{"hp":0,"atk":252,"def":0,"spa":0,"spd":4,"spe":252},"ivs":{"hp":31,"atk":31,"def":31,"spa":31,"spd":31,"spe":31}}],"p2team":[{"name":"Thundurus","species":"Thundurus","item":"choiceband","ability":"Defiant","moves":["uturn","superpower","knockoff","thunderpunch"],"nature":"Jolly","evs":{"hp":0,"atk":252,"def":0,"spa":0,"spd":4,"spe":252},"ivs":{"hp":31,"atk":31,"def":31,"spa":31,"spd":31,"spe":31}},{"name":"Ampharos","species":"Ampharos","item":"ampharosite","ability":"Static","moves":["dragonpulse","discharge","toxic","focusblast"],"nature":"Calm","evs":{"hp":248,"atk":0,"def":0,"spa":8,"spd":252,"spe":0},"ivs":{"hp":31,"atk":30,"def":30,"spa":31,"spd":31,"spe":31}},{"name":"Zapdos","species":"Zapdos","item":"leftovers","ability":"Pressure","moves":["roost","defog","discharge","heatwave"],"nature":"Bold","evs":{"hp":252,"atk":0,"def":252,"spa":4,"spd":0,"spe":0},"ivs":{"hp":31,"atk":31,"def":31,"spa":31,"spd":31,"spe":31}},{"name":"Rotom-Frost","species":"Rotom-Frost","item":"leftovers","ability":"Levitate","moves":["voltswitch","willowisp","blizzard","painsplit"],"nature":"Calm","evs":{"hp":252,"atk":0,"def":0,"spa":4,"spd":252,"spe":0},"ivs":{"hp":31,"atk":31,"def":31,"spa":31,"spd":31,"spe":31}},{"name":"Electivire","species":"Electivire","item":"choiceband","ability":"Motor Drive","moves":["icepunch","wildcharge","earthquake","quickattack"],"nature":"Adamant","evs":{"hp":0,"atk":252,"def":0,"spa":0,"spd":4,"spe":252},"ivs":{"hp":31,"atk":31,"def":31,"spa":31,"spd":31,"spe":31}},{"name":"Jolteon","species":"Jolteon","item":"choicespecs","ability":"Volt Absorb","moves":["thunderbolt","shadowball","voltswitch","hiddenpowerice"],"nature":"Timid","evs":{"hp":0,"atk":0,"def":0,"spa":252,"spd":4,"spe":252},"ivs":{"hp":31,"atk":30,"def":30,"spa":31,"spd":31,"spe":31}}],"log":["|player|p1|Gym Ldr Mitsuka∆|2","|player|p2|Melissа|meliss.png","|gametype|singles","|gen|6","|tier|Monotype","|rated","|rule|Baton Pass Clause: Limit one Baton Passer, can't pass Spe and other stats simultaneously","|rule|Swagger Clause: Swagger is banned","|rule|Same Type Clause: Pokémon in a team must share a type","|clearpoke","|poke|p1|Vileplume, M","|poke|p1|Abomasnow, F","|poke|p1|Roserade, F","|poke|p1|Leavanny, M","|poke|p1|Ferrothorn, M","|poke|p1|Breloom, M","|poke|p2|Thundurus, M","|poke|p2|Ampharos, M","|poke|p2|Zapdos","|poke|p2|Rotom-Frost","|poke|p2|Electivire, F","|poke|p2|Jolteon, F","|rule|Sleep Clause Mod: Limit one foe put to sleep","|rule|Species Clause: Limit one of each Pokémon","|rule|OHKO Clause: OHKO moves are banned","|rule|Moody Clause: Moody is banned","|rule|Evasion Moves Clause: Evasion moves are banned","|rule|Endless Battle Clause: Forcing endless battles is banned","|rule|HP Percentage Mod: HP is shown in percentages","|teampreview","|","|start","|switch|p1a: Ferrothorn|Ferrothorn, M|352/352","|switch|p2a: Thundurus|Thundurus, M|299/299","|turn|1","|","|switch|p2a: Zapdos|Zapdos|384/384","|-ability|p2a: Zapdos|Pressure","|move|p1a: Ferrothorn|Stealth Rock|p2a: Zapdos","|-sidestart|p2: Melissа|move: Stealth Rock","|","|turn|2","|","|move|p2a: Zapdos|Heat Wave|p1a: Ferrothorn","|-supereffective|p1a: Ferrothorn","|-enditem|p1a: Ferrothorn|Occa Berry|[eat]","|-damage|p1a: Ferrothorn|218/352","|move|p1a: Ferrothorn|Knock Off|p2a: Zapdos","|-damage|p2a: Zapdos|327/384","|-enditem|p2a: Zapdos|Leftovers|[from] move: Knock Off|[of] p1a: Ferrothorn","|","|turn|3","|","|move|p2a: Zapdos|Heat Wave|p1a: Ferrothorn","|-supereffective|p1a: Ferrothorn","|-damage|p1a: Ferrothorn|0 fnt","|faint|p1a: Ferrothorn","|","|","|switch|p1a: Breloom|Breloom, M|261/261","|turn|4","|","|move|p1a: Breloom|Rock Tomb|p2a: Zapdos","|-supereffective|p2a: Zapdos","|-damage|p2a: Zapdos|163/384","|-unboost|p2a: Zapdos|spe|1","|move|p2a: Zapdos|Defog|p1a: Breloom","|-unboost|p1a: Breloom|evasion|1","|-sideend|p2: Melissа|Stealth Rock|[from] move: Defog|[of] p2a: Zapdos","|","|turn|5","|","|switch|p2a: Ampharos|Ampharos, M|383/383","|move|p1a: Breloom|Rock Tomb|p2a: Ampharos","|-damage|p2a: Ampharos|264/383","|-unboost|p2a: Ampharos|spe|1","|","|turn|6","|","|detailschange|p2a: Ampharos|Ampharos-Mega, M","|-mega|p2a: Ampharos|Ampharos|Ampharosite","|-ability|p2a: Ampharos|Mold Breaker","|move|p1a: Breloom|Spore|p2a: Ampharos","|-status|p2a: Ampharos|slp","|cant|p2a: Ampharos|slp","|","|turn|7","|","|switch|p1a: Vileplume|Vileplume, M|292/292","|cant|p2a: Ampharos|slp","|","|turn|8","|","|move|p1a: Vileplume|Moonblast|p2a: Ampharos","|-supereffective|p2a: Ampharos","|-damage|p2a: Ampharos|122/383 slp","|-curestatus|p2a: Ampharos|slp","|move|p2a: Ampharos|Dragon Pulse|p1a: Vileplume","|-damage|p1a: Vileplume|210/292","|","|turn|9","|","|switch|p2a: Rotom-Frost|Rotom-Frost|304/304","|move|p1a: Vileplume|Moonblast|p2a: Rotom-Frost","|-damage|p2a: Rotom-Frost|236/304","|-unboost|p2a: Rotom-Frost|spa|1","|","|-heal|p2a: Rotom-Frost|255/304|[from] item: Leftovers","|turn|10","|","|move|p2a: Rotom-Frost|Will-O-Wisp|p1a: Vileplume","|-status|p1a: Vileplume|brn","|move|p1a: Vileplume|Sludge Bomb|p2a: Rotom-Frost","|-damage|p2a: Rotom-Frost|164/304","|","|-heal|p2a: Rotom-Frost|183/304|[from] item: Leftovers","|-damage|p1a: Vileplume|174/292 brn|[from] brn","|turn|11","|","|move|p2a: Rotom-Frost|Blizzard|p1a: Vileplume","|-supereffective|p1a: Vileplume","|-damage|p1a: Vileplume|88/292 brn","|move|p1a: Vileplume|Sludge Bomb|p2a: Rotom-Frost","|-damage|p2a: Rotom-Frost|89/304","|","|-heal|p2a: Rotom-Frost|108/304|[from] item: Leftovers","|-damage|p1a: Vileplume|52/292 brn|[from] brn","|turn|12","|","|switch|p2a: Ampharos|Ampharos-Mega, M|122/383","|-ability|p2a: Ampharos|Mold Breaker","|move|p1a: Vileplume|Sludge Bomb|p2a: Ampharos","|-damage|p2a: Ampharos|29/383","|-status|p2a: Ampharos|psn","|","|-damage|p1a: Vileplume|16/292 brn|[from] brn","|-damage|p2a: Ampharos|0 fnt|[from] psn","|faint|p2a: Ampharos","|","|switch|p2a: Jolteon|Jolteon, F|271/271","|turn|13","|","|move|p2a: Jolteon|Volt Switch|p1a: Vileplume","|-resisted|p1a: Vileplume","|-damage|p1a: Vileplume|0 fnt","|faint|p1a: Vileplume","|","|switch|p2a: Electivire|Electivire, F|291/291","|","|","|switch|p1a: Leavanny|Leavanny, M|292/292","|turn|14","|","|move|p2a: Electivire|Ice Punch|p1a: Leavanny","|-supereffective|p1a: Leavanny","|-enditem|p1a: Leavanny|Focus Sash","|-damage|p1a: Leavanny|1/292","|move|p1a: Leavanny|Leaf Blade|p2a: Electivire","|-damage|p2a: Electivire|89/291","|","|turn|15","|","|move|p2a: Electivire|Ice Punch|p1a: Leavanny","|-supereffective|p1a: Leavanny","|-damage|p1a: Leavanny|0 fnt","|faint|p1a: Leavanny","|","|","|switch|p1a: Breloom|Breloom, M|261/261","|turn|16","|","|switch|p2a: Rotom-Frost|Rotom-Frost|108/304","|move|p1a: Breloom|Mach Punch|p2a: Rotom-Frost","|-supereffective|p2a: Rotom-Frost","|-damage|p2a: Rotom-Frost|0 fnt","|faint|p2a: Rotom-Frost","|","|","|switch|p2a: Jolteon|Jolteon, F|271/271","|turn|17","|","|move|p2a: Jolteon|Hidden Power|p1a: Breloom","|-supereffective|p1a: Breloom","|-enditem|p1a: Breloom|Focus Sash","|-damage|p1a: Breloom|1/261","|move|p1a: Breloom|Spore|p2a: Jolteon","|-status|p2a: Jolteon|slp","|","|turn|18","|","|cant|p2a: Jolteon|slp","|move|p1a: Breloom|Rock Tomb|p2a: Jolteon","|-damage|p2a: Jolteon|110/271 slp","|-unboost|p2a: Jolteon|spe|1","|","|turn|19","|","|move|p1a: Breloom|Bullet Seed|p2a: Jolteon","|-damage|p2a: Jolteon|13/271 slp","|-damage|p2a: Jolteon|0 fnt","|-hitcount|p2a: Jolteon|2","|faint|p2a: Jolteon","|","|","|switch|p2a: Thundurus|Thundurus, M|299/299","|turn|20","|","|move|p1a: Breloom|Mach Punch|p2a: Thundurus","|-resisted|p2a: Thundurus","|-damage|p2a: Thundurus|221/299","|move|p2a: Thundurus|Knock Off|p1a: Breloom","|-resisted|p1a: Breloom","|-damage|p1a: Breloom|0 fnt","|faint|p1a: Breloom","|","|","|switch|p1a: Abomasnow|Abomasnow, F|340/340","|turn|21","|","|switch|p2a: Electivire|Electivire, F|89/291","|detailschange|p1a: Abomasnow|Abomasnow-Mega, F","|-mega|p1a: Abomasnow|Abomasnow|Abomasite","|-weather|Hail","|move|p1a: Abomasnow|Swords Dance|p1a: Abomasnow","|-boost|p1a: Abomasnow|atk|2","|","|-weather|Hail|[upkeep]","|-damage|p2a: Electivire|71/291|[from] hail","|turn|22","|","|move|p2a: Electivire|Quick Attack|p1a: Abomasnow","|-damage|p1a: Abomasnow|269/340","|move|p1a: Abomasnow|Ice Shard|p2a: Electivire","|-damage|p2a: Electivire|0 fnt","|faint|p2a: Electivire","|","|-weather|Hail|[upkeep]","|","|switch|p2a: Zapdos|Zapdos|163/384","|-ability|p2a: Zapdos|Pressure","|turn|23","|","|move|p1a: Abomasnow|Ice Shard|p2a: Zapdos","|-supereffective|p2a: Zapdos","|-damage|p2a: Zapdos|0 fnt","|faint|p2a: Zapdos","|","|-weather|Hail|[upkeep]","|","|switch|p2a: Thundurus|Thundurus, M|221/299","|turn|24","|","|move|p1a: Abomasnow|Ice Shard|p2a: Thundurus","|-supereffective|p2a: Thundurus","|-damage|p2a: Thundurus|0 fnt","|faint|p2a: Thundurus","|","|win|Gym Ldr Mitsuka∆"],"p1rating":{"entryid":"379503","serverid":"eos","formatid":"monotype","userid":"gymldrmitsuka","username":"Gym Ldr Mitsuka∆","w":41,"l":"19","t":"0","gxe":66,"r":"1609.7220477344","rd":"47.179885106512","sigma":"0","rptime":"1441098000","rpr":1625.5494257778,"rprd":45.804259523258,"rpsigma":"0","acre":1353.6074324988,"lacre":1353.6074324988,"oldacre":"1346.6826218523"},"p2rating":{"entryid":"596822","serverid":"eos","formatid":"monotype","userid":"meliss","username":"Melissа","w":"2","l":3,"t":"0","gxe":47.3,"r":"1499.685313346","rd":"106.45889590485","sigma":"0","rptime":"1441098000","rpr":1478.9409144367,"rprd":102.28023419826,"rpsigma":"0","acre":1067.6849066679,"lacre":1067.6849066679,"oldacre":"1075.0448471658"},"endType":"normal"}