{"seed":[4672,61621,27819,56552],"turns":34,"p1":"SWL Nocturne","p2":"Crystal Bozz","p1team":[{"name":"Celebi","species":"Celebi","item":"leftovers","ability":"Natural Cure","moves":["trickroom","healbell","gigadrain","healingwish"],"nature":"Sassy","evs":{"hp":220,"atk":0,"def":128,"spa":0,"spd":160,"spe":0},"ivs":{"hp":31,"atk":31,"def":31,"spa":31,"spd":31,"spe":0}},{"name":"Trevenant","species":"Trevenant","item":"choiceband","ability":"Natural Cure","moves":["hornleech","poisonjab","earthquake","rockslide"],"nature":"Adamant","evs":{"hp":248,"atk":252,"def":0,"spa":0,"spd":8,"spe":0},"ivs":{"hp":31,"atk":31,"def":31,"spa":31,"spd":31,"spe":31}},{"name":"Whimsicott","species":"Whimsicott","item":"focussash","ability":"Prankster","moves":["trickroom","encore","substitute","moonblast"],"nature":"Relaxed","evs":{"hp":248,"atk":0,"def":252,"spa":8,"spd":0,"spe":0},"ivs":{"hp":31,"atk":31,"def":31,"spa":31,"spd":31,"spe":0}},{"name":"Obama tricked u","species":"abomasnow","item":"abomasite","ability":"Snow Warning","moves":["blizzard","gigadrain","iceshard","hiddenpowerfire"],"nature":"Quiet","evs":{"hp":248,"atk":8,"def":0,"spa":252,"spd":0,"spe":0},"ivs":{"hp":31,"atk":30,"def":31,"spa":30,"spd":31,"spe":30}},{"name":"Breloom","species":"Breloom","item":"focussash","ability":"Technician","moves":["spore","bulletseed","machpunch","swordsdance"],"nature":"Adamant","evs":{"hp":252,"atk":252,"def":0,"spa":0,"spd":0,"spe":0},"ivs":{"hp":31,"atk":31,"def":31,"spa":31,"spd":31,"spe":31}},{"name":"Cradily","species":"Cradily","item":"leftovers","ability":"Suction Cups","moves":["toxic","recover","stockpile","rockslide"],"nature":"Relaxed","evs":{"hp":252,"atk":0,"def":196,"spa":0,"spd":60,"spe":0},"ivs":{"hp":31,"atk":31,"def":31,"spa":31,"spd":31,"spe":31}}],"p2team":[{"name":"Gyarados","species":"Gyarados","item":"gyaradosite","ability":"Intimidate","moves":["dragondance","crunch","waterfall","icefang"],"nature":"Adamant","evs":{"hp":0,"atk":252,"def":0,"spa":0,"spd":4,"spe":252},"ivs":{"hp":31,"atk":31,"def":31,"spa":31,"spd":31,"spe":31}},{"name":"Rotom-Wash","species":"Rotom-Wash","item":"lifeorb","ability":"Levitate","moves":["hydropump","voltswitch","willowisp","painsplit"],"nature":"Timid","evs":{"hp":0,"atk":0,"def":252,"spa":0,"spd":252,"spe":4},"ivs":{"hp":31,"atk":31,"def":31,"spa":31,"spd":31,"spe":31}},{"name":"Slowbro","species":"Slowbro","item":"leftovers","ability":"Regenerator","moves":["surf","flamethrower","psychic","slackoff"],"nature":"Modest","evs":{"hp":252,"atk":0,"def":4,"spa":252,"spd":0,"spe":0},"ivs":{"hp":31,"atk":31,"def":31,"spa":31,"spd":31,"spe":31}},{"name":"Feraligatr","species":"Feraligatr","item":"lifeorb","ability":"Sheer Force","moves":["dragondance","earthquake","icepunch","waterfall"],"nature":"Adamant","evs":{"hp":0,"atk":252,"def":0,"spa":0,"spd":4,"spe":252},"ivs":{"hp":31,"atk":31,"def":31,"spa":31,"spd":31,"spe":31}},{"name":"Crawdaunt","species":"Crawdaunt","item":"lifeorb","ability":"Adaptability","moves":["aquajet","crabhammer","crunch","dragondance"],"nature":"Adamant","evs":{"hp":0,"atk":252,"def":0,"spa":0,"spd":4,"spe":252},"ivs":{"hp":31,"atk":31,"def":31,"spa":31,"spd":31,"spe":31}},{"name":"Relicanth","species":"Relicanth","item":"leftovers","ability":"Sturdy","moves":["stealthrock","waterfall","earthquake","headsmash"],"nature":"Adamant","evs":{"hp":252,"atk":252,"def":0,"spa":0,"spd":4,"spe":0},"ivs":{"hp":31,"atk":31,"def":31,"spa":31,"spd":31,"spe":31}}],"log":["|player|p1|SWL Nocturne|29","|player|p2|Crystal Bozz|153","|gametype|singles","|gen|6","|tier|Monotype","|rated","|rule|Baton Pass Clause: Limit one Baton Passer, can't pass Spe and other stats simultaneously","|rule|Swagger Clause: Swagger is banned","|rule|Same Type Clause: Pokémon in a team must share a type","|clearpoke","|poke|p1|Celebi","|poke|p1|Trevenant, M","|poke|p1|Whimsicott, F","|poke|p1|Abomasnow, F","|poke|p1|Breloom, F","|poke|p1|Cradily, F","|poke|p2|Gyarados, F","|poke|p2|Rotom-Wash","|poke|p2|Slowbro, F","|poke|p2|Feraligatr, F","|poke|p2|Crawdaunt, F","|poke|p2|Relicanth, M","|rule|Sleep Clause Mod: Limit one foe put to sleep","|rule|Species Clause: Limit one of each Pokémon","|rule|OHKO Clause: OHKO moves are banned","|rule|Moody Clause: Moody is banned","|rule|Evasion Moves Clause: Evasion moves are banned","|rule|Endless Battle Clause: Forcing endless battles is banned","|rule|HP Percentage Mod: HP is shown in percentages","|teampreview","|","|start","|switch|p1a: Whimsicott|Whimsicott, F|323/323","|switch|p2a: Relicanth|Relicanth, M|404/404","|turn|1","|","|move|p2a: Relicanth|Stealth Rock|p1a: Whimsicott","|-sidestart|p1: SWL Nocturne|move: Stealth Rock","|move|p1a: Whimsicott|Trick Room|p1a: Whimsicott","|-fieldstart|move: Trick Room|[of] p1a: Whimsicott","|","|turn|2","|","|move|p1a: Whimsicott|Encore|p2a: Relicanth","|-start|p2a: Relicanth|Encore","|move|p2a: Relicanth|Stealth Rock|p1a: Whimsicott","|-fail|p1a: Whimsicott","|","|turn|3","|","|switch|p2a: Slowbro|Slowbro, F|394/394","|switch|p1a: Breloom|Breloom, F|324/324","|-damage|p1a: Breloom|304/324|[from] Stealth Rock","|","|turn|4","|","|move|p2a: Slowbro|Psychic|p1a: Breloom","|-supereffective|p1a: Breloom","|-damage|p1a: Breloom|0 fnt","|faint|p1a: Breloom","|","|","|switch|p1a: Celebi|Celebi|396/396","|-damage|p1a: Celebi|347/396|[from] Stealth Rock","|turn|5","|","|move|p2a: Slowbro|Flamethrower|p1a: Celebi","|-supereffective|p1a: Celebi","|-damage|p1a: Celebi|205/396","|move|p1a: Celebi|Giga Drain|p2a: Slowbro","|-supereffective|p2a: Slowbro","|-damage|p2a: Slowbro|184/394","|-heal|p1a: Celebi|310/396|[from] drain|[of] p2a: Slowbro","|","|-heal|p2a: Slowbro|208/394|[from] item: Leftovers","|-heal|p1a: Celebi|334/396|[from] item: Leftovers","|-fieldend|move: Trick Room","|turn|6","|","|switch|p2a: Rotom-Wash|Rotom-Wash|241/241","|move|p1a: Celebi|Giga Drain|p2a: Rotom-Wash","|-supereffective|p2a: Rotom-Wash","|-damage|p2a: Rotom-Wash|101/241","|-heal|p1a: Celebi|396/396|[from] drain|[of] p2a: Rotom-Wash","|","|turn|7","|","|switch|p1a: Whimsicott|Whimsicott, F|323/323","|-damage|p1a: Whimsicott|283/323|[from] Stealth Rock","|move|p2a: Rotom-Wash|Pain Split|p1a: Whimsicott","|-sethp|p1a: Whimsicott|192/323|p2a: Rotom-Wash|192/241|[from] move: Pain Split","|","|turn|8","|","|move|p1a: Whimsicott|Encore|p2a: Rotom-Wash","|-start|p2a: Rotom-Wash|Encore","|move|p2a: Rotom-Wash|Pain Split|p1a: Whimsicott","|-sethp|p1a: Whimsicott|192/323|p2a: Rotom-Wash|192/241|[from] move: Pain Split","|","|turn|9","|","|switch|p2a: Gyarados|Gyarados, F|331/331","|-ability|p2a: Gyarados|Intimidate","|-unboost|p1a: Whimsicott|atk|1","|move|p1a: Whimsicott|Moonblast|p2a: Gyarados","|-damage|p2a: Gyarados|244/331","|","|turn|10","|","|move|p2a: Gyarados|Dragon Dance|p2a: Gyarados","|-boost|p2a: Gyarados|atk|1","|-boost|p2a: Gyarados|spe|1","|move|p1a: Whimsicott|Trick Room|p1a: Whimsicott","|-fieldstart|move: Trick Room|[of] p1a: Whimsicott","|","|turn|11","|","|move|p1a: Whimsicott|Encore|p2a: Gyarados","|-start|p2a: Gyarados|Encore","|move|p2a: Gyarados|Dragon Dance|p2a: Gyarados","|-boost|p2a: Gyarados|atk|1","|-boost|p2a: Gyarados|spe|1","|","|turn|12","|","|switch|p1a: Trevenant|Trevenant, M|373/373","|-damage|p1a: Trevenant|327/373|[from] Stealth Rock","|move|p2a: Gyarados|Dragon Dance|p2a: Gyarados","|-boost|p2a: Gyarados|atk|1","|-boost|p2a: Gyarados|spe|1","|","|turn|13","|","|move|p1a: Trevenant|Horn Leech|p2a: Gyarados","|-damage|p2a: Gyarados|0 fnt","|-heal|p1a: Trevenant|373/373|[from] drain|[of] p2a: Gyarados","|faint|p2a: Gyarados","|","|","|switch|p2a: Rotom-Wash|Rotom-Wash|192/241","|turn|14","|","|move|p1a: Trevenant|Horn Leech|p2a: Rotom-Wash","|-supereffective|p2a: Rotom-Wash","|-damage|p2a: Rotom-Wash|0 fnt","|faint|p2a: Rotom-Wash","|","|-fieldend|move: Trick Room","|","|switch|p2a: Feraligatr|Feraligatr, F|311/311","|turn|15","|","|move|p2a: Feraligatr|Ice Punch|p1a: Trevenant","|-supereffective|p1a: Trevenant","|-damage|p1a: Trevenant|30/373","|move|p1a: Trevenant|Horn Leech|p2a: Feraligatr","|-supereffective|p2a: Feraligatr","|-damage|p2a: Feraligatr|0 fnt","|-heal|p1a: Trevenant|186/373|[from] drain|[of] p2a: Feraligatr","|faint|p2a: Feraligatr","|","|","|switch|p2a: Crawdaunt|Crawdaunt, F|267/267","|turn|16","|","|move|p2a: Crawdaunt|Crunch|p1a: Trevenant","|-supereffective|p1a: Trevenant","|-damage|p1a: Trevenant|0 fnt","|-damage|p2a: Crawdaunt|241/267|[from] item: Life Orb","|faint|p1a: Trevenant","|","|","|switch|p1a: Whimsicott|Whimsicott, F|192/323","|-damage|p1a: Whimsicott|152/323|[from] Stealth Rock","|turn|17","|","|switch|p2a: Slowbro|Slowbro, F|339/394","|move|p1a: Whimsicott|Moonblast|p2a: Slowbro","|-damage|p2a: Slowbro|228/394","|","|-heal|p2a: Slowbro|252/394|[from] item: Leftovers","|turn|18","|","|switch|p1a: Cradily|Cradily, F|376/376","|-damage|p1a: Cradily|329/376|[from] Stealth Rock","|move|p2a: Slowbro|Flamethrower|p1a: Cradily","|-damage|p1a: Cradily|239/376","|","|-heal|p1a: Cradily|262/376|[from] item: Leftovers","|-heal|p2a: Slowbro|276/394|[from] item: Leftovers","|turn|19","|","|move|p1a: Cradily|Toxic|p2a: Slowbro","|-status|p2a: Slowbro|tox","|move|p2a: Slowbro|Slack Off|p2a: Slowbro","|-heal|p2a: Slowbro|394/394 tox","|","|-heal|p1a: Cradily|285/376|[from] item: Leftovers","|-damage|p2a: Slowbro|370/394 tox|[from] psn","|turn|20","|","|move|p1a: Cradily|Stockpile|p1a: Cradily","|-start|p1a: Cradily|stockpile1","|-boost|p1a: Cradily|def|1","|-boost|p1a: Cradily|spd|1","|move|p2a: Slowbro|Psychic|p1a: Cradily","|-damage|p1a: Cradily|191/376","|","|-heal|p1a: Cradily|214/376|[from] item: Leftovers","|-heal|p2a: Slowbro|394/394 tox|[from] item: Leftovers","|-damage|p2a: Slowbro|346/394 tox|[from] psn","|turn|21","|","|move|p1a: Cradily|Recover|p1a: Cradily","|-heal|p1a: Cradily|376/376","|move|p2a: Slowbro|Psychic|p1a: Cradily","|-damage|p1a: Cradily|294/376","|","|-heal|p1a: Cradily|317/376|[from] item: Leftovers","|-heal|p2a: Slowbro|370/394 tox|[from] item: Leftovers","|-damage|p2a: Slowbro|298/394 tox|[from] psn","|turn|22","|","|move|p1a: Cradily|Stockpile|p1a: Cradily","|-start|p1a: Cradily|stockpile2","|-boost|p1a: Cradily|def|1","|-boost|p1a: Cradily|spd|1","|move|p2a: Slowbro|Psychic|p1a: Cradily","|-damage|p1a: Cradily|250/376","|","|-heal|p1a: Cradily|273/376|[from] item: Leftovers","|-heal|p2a: Slowbro|322/394 tox|[from] item: Leftovers","|-damage|p2a: Slowbro|226/394 tox|[from] psn","|turn|23","|","|move|p1a: Cradily|Recover|p1a: Cradily","|-heal|p1a: Cradily|376/376","|move|p2a: Slowbro|Psychic|p1a: Cradily","|-damage|p1a: Cradily|304/376","|","|-heal|p1a: Cradily|327/376|[from] item: Leftovers","|-heal|p2a: Slowbro|250/394 tox|[from] item: Leftovers","|-damage|p2a: Slowbro|130/394 tox|[from] psn","|turn|24","|","|move|p1a: Cradily|Toxic|p2a: Slowbro","|-fail|p2a: Slowbro|tox","|move|p2a: Slowbro|Slack Off|p2a: Slowbro","|-heal|p2a: Slowbro|327/394 tox","|","|-heal|p1a: Cradily|350/376|[from] item: Leftovers","|-heal|p2a: Slowbro|351/394 tox|[from] item: Leftovers","|-damage|p2a: Slowbro|207/394 tox|[from] psn","|turn|25","|","|move|p1a: Cradily|Rock Slide|p2a: Slowbro","|-damage|p2a: Slowbro|140/394 tox","|cant|p2a: Slowbro|flinch","|","|-heal|p1a: Cradily|373/376|[from] item: Leftovers","|-heal|p2a: Slowbro|164/394 tox|[from] item: Leftovers","|-damage|p2a: Slowbro|0 fnt|[from] psn","|faint|p2a: Slowbro","|","|switch|p2a: Crawdaunt|Crawdaunt, F|241/267","|turn|26","|","|move|p2a: Crawdaunt|Dragon Dance|p2a: Crawdaunt","|-boost|p2a: Crawdaunt|atk|1","|-boost|p2a: Crawdaunt|spe|1","|move|p1a: Cradily|Toxic|p2a: Crawdaunt|[miss]","|-miss|p1a: Cradily|p2a: Crawdaunt","|","|-heal|p1a: Cradily|376/376|[from] item: Leftovers","|turn|27","|","|move|p2a: Crawdaunt|Crabhammer|p1a: Cradily|[miss]","|-miss|p2a: Crawdaunt|p1a: Cradily","|move|p1a: Cradily|Toxic|p2a: Crawdaunt","|-status|p2a: Crawdaunt|tox","|","|-damage|p2a: Crawdaunt|225/267 tox|[from] psn","|turn|28","|","|move|p2a: Crawdaunt|Crabhammer|p1a: Cradily","|-damage|p1a: Cradily|178/376","|-damage|p2a: Crawdaunt|199/267 tox|[from] item: Life Orb","|move|p1a: Cradily|Recover|p1a: Cradily","|-heal|p1a: Cradily|366/376","|","|-heal|p1a: Cradily|376/376|[from] item: Leftovers","|-damage|p2a: Crawdaunt|167/267 tox|[from] psn","|turn|29","|","|move|p2a: Crawdaunt|Crabhammer|p1a: Cradily","|-damage|p1a: Cradily|173/376","|-damage|p2a: Crawdaunt|141/267 tox|[from] item: Life Orb","|move|p1a: Cradily|Recover|p1a: Cradily","|-heal|p1a: Cradily|361/376","|","|-heal|p1a: Cradily|376/376|[from] item: Leftovers","|-damage|p2a: Crawdaunt|93/267 tox|[from] psn","|turn|30","|","|move|p2a: Crawdaunt|Crabhammer|p1a: Cradily","|-damage|p1a: Cradily|186/376","|-damage|p2a: Crawdaunt|67/267 tox|[from] item: Life Orb","|move|p1a: Cradily|Recover|p1a: Cradily","|-heal|p1a: Cradily|374/376","|","|-heal|p1a: Cradily|376/376|[from] item: Leftovers","|-damage|p2a: Crawdaunt|3/267 tox|[from] psn","|turn|31","|","|move|p2a: Crawdaunt|Crabhammer|p1a: Cradily","|-crit|p1a: Cradily","|-damage|p1a: Cradily|0 fnt","|-damage|p2a: Crawdaunt|0 fnt|[from] item: Life Orb","|faint|p1a: Cradily","|faint|p2a: Crawdaunt","|","|","|switch|p1a: Whimsicott|Whimsicott, F|152/323","|switch|p2a: Relicanth|Relicanth, M|404/404","|-damage|p1a: Whimsicott|112/323|[from] Stealth Rock","|turn|32","|","|move|p2a: Relicanth|Earthquake|p1a: Whimsicott","|-resisted|p1a: Whimsicott","|-damage|p1a: Whimsicott|71/323","|move|p1a: Whimsicott|Trick Room|p1a: Whimsicott","|-fieldstart|move: Trick Room|[of] p1a: Whimsicott","|","|turn|33","|","|switch|p1a: Celebi|Celebi|396/396","|-damage|p1a: Celebi|347/396|[from] Stealth Rock","|move|p2a: Relicanth|Head Smash|p1a: Celebi","|-crit|p1a: Celebi","|-damage|p1a: Celebi|46/396","|-damage|p2a: Relicanth|253/404|[from] recoil|[of] p1a: Celebi","|","|-heal|p2a: Relicanth|278/404|[from] item: Leftovers","|-heal|p1a: Celebi|70/396|[from] item: Leftovers","|turn|34","|","|move|p2a: Relicanth|Earthquake|p1a: Celebi","|-resisted|p1a: Celebi","|-damage|p1a: Celebi|23/396","|move|p1a: Celebi|Giga Drain|p2a: Relicanth","|-supereffective|p2a: Relicanth","|-damage|p2a: Relicanth|0 fnt","|-heal|p1a: Celebi|162/396|[from] drain|[of] p2a: Relicanth","|faint|p2a: Relicanth","|","|win|SWL Nocturne"],"p1rating":{"entryid":"101951","serverid":"eos","formatid":"monotype","userid":"swlnocturne","username":"SWL Nocturne","w":21,"l":"16","t":"0","gxe":55.2,"r":"1588.1327457887","rd":"62.55800008578","sigma":"0","rptime":"1441184400","rpr":1539.7873214101,"rprd":56.552879193104,"rpsigma":"0","acre":1081.9285715517,"lacre":1081.9285715517,"oldacre":"1053.3861875884"},"p2rating":{"entryid":"637093","serverid":"eos","formatid":"monotype","userid":"crystalbozz","username":"Crystal Bozz","w":"1","l":3,"t":"0","gxe":43.1,"r":"1503.4718670172","rd":"116.33189750576","sigma":"0","rptime":"1441184400","rpr":1445.0843373017,"rprd":105.88352832844,"rpsigma":"0","acre":1004.7432132163,"lacre":1004.7432132163,"oldacre":"1015.77617428"},"endType":"normal"}