{"seed":[24437,44388,35201,4409],"turns":27,"p1":"Primal Vergi1","p2":"baller666","p1team":[{"name":"Asuna","species":"malamar","item":"leftovers","ability":"Contrary","moves":["superpower","psychocut","knockoff","trickroom"],"nature":"Brave","evs":{"hp":252,"atk":80,"def":0,"spa":0,"spd":176,"spe":0},"ivs":{"hp":31,"atk":31,"def":31,"spa":31,"spd":31,"spe":0},"happiness":0},{"name":"Silica","species":"liepard","item":"leftovers","ability":"Prankster","moves":["uturn","copycat","protect","encore"],"nature":"Careful","evs":{"hp":252,"atk":4,"def":0,"spa":0,"spd":252,"spe":0},"ivs":{"hp":31,"atk":31,"def":31,"spa":31,"spd":31,"spe":31}},{"name":"Scrafty","species":"Scrafty","item":"leftovers","ability":"Shed Skin","moves":["drainpunch","bulkup","knockoff","dragondance"],"nature":"Careful","evs":{"hp":252,"atk":4,"def":0,"spa":0,"spd":252,"spe":0},"ivs":{"hp":31,"atk":31,"def":31,"spa":31,"spd":31,"spe":31}},{"name":"Murkrow","species":"Murkrow","item":"eviolite","ability":"Prankster","moves":["featherdance","roost","thunderwave","taunt"],"nature":"Calm","evs":{"hp":248,"atk":0,"def":8,"spa":0,"spd":252,"spe":0},"ivs":{"hp":31,"atk":31,"def":31,"spa":31,"spd":31,"spe":31}},{"name":"Kirito","species":"sableye","item":"choiceband","ability":"Prankster","moves":["willowisp","trick","knockoff","recover"],"nature":"Calm","evs":{"hp":252,"atk":0,"def":4,"spa":0,"spd":252,"spe":0},"ivs":{"hp":31,"atk":31,"def":31,"spa":31,"spd":31,"spe":31}},{"name":"Sinon","species":"sharpedo","item":"sharpedonite","ability":"Speed Boost","moves":["waterfall","destinybond","crunch","protect"],"nature":"Adamant","evs":{"hp":0,"atk":252,"def":0,"spa":0,"spd":4,"spe":252},"ivs":{"hp":31,"atk":31,"def":31,"spa":31,"spd":31,"spe":31}}],"p2team":[{"name":"dabae","species":"dragonite","item":"weaknesspolicy","ability":"Multiscale","moves":["dragonclaw","dragondance","extremespeed","roost"],"nature":"Jolly","evs":{"hp":0,"atk":252,"def":4,"spa":0,"spd":0,"spe":252},"ivs":{"hp":31,"atk":31,"def":31,"spa":31,"spd":31,"spe":31}},{"name":"Crobatman","species":"crobat","item":"blacksludge","ability":"Infiltrator","moves":["bravebird","uturn","roost","crosspoison"],"nature":"Jolly","evs":{"hp":4,"atk":252,"def":0,"spa":0,"spd":0,"spe":252},"ivs":{"hp":31,"atk":31,"def":31,"spa":31,"spd":31,"spe":31}},{"name":"underrated","species":"charizard","item":"charizarditey","ability":"Solar Power","moves":["flamethrower","airslash","solarbeam","roost"],"nature":"Timid","evs":{"hp":0,"atk":0,"def":4,"spa":252,"spd":0,"spe":252},"ivs":{"hp":31,"atk":31,"def":31,"spa":31,"spd":31,"spe":31}},{"name":"what a buzz","species":"mandibuzz","item":"leftovers","ability":"Big Pecks","moves":["bravebird","roost","knockoff","toxic"],"nature":"Adamant","evs":{"hp":0,"atk":252,"def":128,"spa":0,"spd":128,"spe":0},"ivs":{"hp":31,"atk":31,"def":31,"spa":31,"spd":31,"spe":31}},{"name":"2zap","species":"zapdos","item":"expertbelt","ability":"Pressure","moves":["heatwave","thunderbolt","roost","defog"],"nature":"Timid","evs":{"hp":0,"atk":0,"def":4,"spa":252,"spd":0,"spe":252},"ivs":{"hp":31,"atk":31,"def":31,"spa":31,"spd":31,"spe":31}},{"name":"Yanmega","species":"Yanmega","item":"lifeorb","ability":"Speed Boost","moves":["bugbuzz","airslash","gigadrain","ancientpower"],"nature":"Modest","evs":{"hp":0,"atk":0,"def":0,"spa":252,"spd":4,"spe":252},"ivs":{"hp":31,"atk":31,"def":31,"spa":31,"spd":31,"spe":31}}],"log":["|player|p1|Primal Vergi1|vergi1.png","|player|p2|baller666|262","|gametype|singles","|gen|6","|tier|Monotype","|rated","|rule|Baton Pass Clause: Limit one Baton Passer, can't pass Spe and other stats simultaneously","|rule|Swagger Clause: Swagger is banned","|rule|Same Type Clause: Pokémon in a team must share a type","|clearpoke","|poke|p1|Malamar, M","|poke|p1|Liepard, F","|poke|p1|Scrafty, M","|poke|p1|Murkrow, F","|poke|p1|Sableye, M","|poke|p1|Sharpedo, F","|poke|p2|Dragonite, M","|poke|p2|Crobat, F","|poke|p2|Charizard, M","|poke|p2|Mandibuzz, F","|poke|p2|Zapdos","|poke|p2|Yanmega, M","|rule|Sleep Clause Mod: Limit one foe put to sleep","|rule|Species Clause: Limit one of each Pokémon","|rule|OHKO Clause: OHKO moves are banned","|rule|Moody Clause: Moody is banned","|rule|Evasion Moves Clause: Evasion moves are banned","|rule|Endless Battle Clause: Forcing endless battles is banned","|rule|HP Percentage Mod: HP is shown in percentages","|teampreview","|","|start","|switch|p1a: Murkrow|Murkrow, F|323/323","|switch|p2a: Yanmega|Yanmega, M|313/313","|turn|1","|","|move|p1a: Murkrow|Thunder Wave|p2a: Yanmega","|-status|p2a: Yanmega|par","|move|p2a: Yanmega|Ancient Power|p1a: Murkrow","|-supereffective|p1a: Murkrow","|-damage|p1a: Murkrow|175/323","|-damage|p2a: Yanmega|282/313 par|[from] item: Life Orb","|","|-boost|p2a: Yanmega|spe|1|[from] ability: Speed Boost","|turn|2","|","|move|p1a: Murkrow|Taunt|p2a: Yanmega","|-start|p2a: Yanmega|move: Taunt","|move|p2a: Yanmega|Bug Buzz|p1a: Murkrow","|-damage|p1a: Murkrow|0 fnt","|-damage|p2a: Yanmega|251/313 par|[from] item: Life Orb","|faint|p1a: Murkrow","|","|-boost|p2a: Yanmega|spe|1|[from] ability: Speed Boost","|","|switch|p1a: Kirito|Sableye, M|304/304","|turn|3","|","|move|p1a: Kirito|Trick|p2a: Yanmega","|-activate|p1a: Kirito|move: Trick|[of] p2a: Yanmega","|-item|p2a: Yanmega|Choice Band|[from] move: Trick","|-item|p1a: Kirito|Life Orb|[from] move: Trick","|move|p2a: Yanmega|Bug Buzz|p1a: Kirito","|-damage|p1a: Kirito|142/304","|","|-boost|p2a: Yanmega|spe|1|[from] ability: Speed Boost","|turn|4","|","|move|p1a: Kirito|Recover|p1a: Kirito","|-heal|p1a: Kirito|294/304","|move|p2a: Yanmega|Bug Buzz|p1a: Kirito","|-damage|p1a: Kirito|131/304","|","|-end|p2a: Yanmega|move: Taunt","|-boost|p2a: Yanmega|spe|1|[from] ability: Speed Boost","|turn|5","|","|switch|p1a: Scrafty|Scrafty, M|334/334","|move|p2a: Yanmega|Bug Buzz|p1a: Scrafty","|-damage|p1a: Scrafty|231/334","|","|-heal|p1a: Scrafty|251/334|[from] item: Leftovers","|-boost|p2a: Yanmega|spe|1|[from] ability: Speed Boost","|turn|6","|","|switch|p2a: what a buzz|Mandibuzz, F|361/361","|move|p1a: Scrafty|Knock Off|p2a: what a buzz","|-resisted|p2a: what a buzz","|-damage|p2a: what a buzz|316/361","|-enditem|p2a: what a buzz|Leftovers|[from] move: Knock Off|[of] p1a: Scrafty","|","|-heal|p1a: Scrafty|271/334|[from] item: Leftovers","|turn|7","|","|move|p2a: what a buzz|Knock Off|p1a: Scrafty","|-resisted|p1a: Scrafty","|-damage|p1a: Scrafty|247/334","|-enditem|p1a: Scrafty|Leftovers|[from] move: Knock Off|[of] p2a: what a buzz","|move|p1a: Scrafty|Drain Punch|p2a: what a buzz","|-damage|p2a: what a buzz|250/361","|-heal|p1a: Scrafty|280/334|[from] drain|[of] p2a: what a buzz","|","|turn|8","|","|move|p2a: what a buzz|Brave Bird|p1a: Scrafty","|-supereffective|p1a: Scrafty","|-damage|p1a: Scrafty|26/334","|-damage|p2a: what a buzz|166/361|[from] recoil|[of] p1a: Scrafty","|move|p1a: Scrafty|Bulk Up|p1a: Scrafty","|-boost|p1a: Scrafty|atk|1","|-boost|p1a: Scrafty|def|1","|","|turn|9","|","|move|p2a: what a buzz|Brave Bird|p1a: Scrafty","|-supereffective|p1a: Scrafty","|-damage|p1a: Scrafty|0 fnt","|-damage|p2a: what a buzz|157/361|[from] recoil|[of] p1a: Scrafty","|faint|p1a: Scrafty","|","|","|switch|p1a: Kirito|Sableye, M|131/304","|turn|10","|","|move|p1a: Kirito|Will-O-Wisp|p2a: what a buzz","|-status|p2a: what a buzz|brn","|move|p2a: what a buzz|Knock Off|p1a: Kirito","|-damage|p1a: Kirito|53/304","|-enditem|p1a: Kirito|Life Orb|[from] move: Knock Off|[of] p2a: what a buzz","|","|-damage|p2a: what a buzz|112/361 brn|[from] brn","|turn|11","|","|move|p1a: Kirito|Recover|p1a: Kirito","|-heal|p1a: Kirito|205/304","|move|p2a: what a buzz|Toxic|p1a: Kirito","|-status|p1a: Kirito|tox","|","|-damage|p2a: what a buzz|67/361 brn|[from] brn","|-damage|p1a: Kirito|186/304 tox|[from] psn","|turn|12","|","|move|p1a: Kirito|Trick|p2a: what a buzz","|-fail|p2a: what a buzz","|move|p2a: what a buzz|Roost|p2a: what a buzz","|-heal|p2a: what a buzz|248/361 brn","|","|-damage|p2a: what a buzz|203/361 brn|[from] brn","|-damage|p1a: Kirito|148/304 tox|[from] psn","|turn|13","|","|switch|p1a: Silica|Liepard, F|332/332","|move|p2a: what a buzz|Roost|p2a: what a buzz","|-heal|p2a: what a buzz|361/361 brn","|","|-damage|p2a: what a buzz|316/361 brn|[from] brn","|turn|14","|","|move|p1a: Silica|Encore|p2a: what a buzz","|-start|p2a: what a buzz|Encore","|move|p2a: what a buzz|Roost|p2a: what a buzz","|-heal|p2a: what a buzz|361/361 brn","|","|-damage|p2a: what a buzz|316/361 brn|[from] brn","|turn|15","|","|move|p1a: Silica|U-turn|p2a: what a buzz","|-damage|p2a: what a buzz|273/361 brn","|","|switch|p1a: Asuna|Malamar, M|376/376","|move|p2a: what a buzz|Roost|p2a: what a buzz","|-heal|p2a: what a buzz|361/361 brn","|","|-damage|p2a: what a buzz|316/361 brn|[from] brn","|turn|16","|","|move|p2a: what a buzz|Roost|p2a: what a buzz","|-heal|p2a: what a buzz|361/361 brn","|move|p1a: Asuna|Superpower|p2a: what a buzz","|-supereffective|p2a: what a buzz","|-damage|p2a: what a buzz|189/361 brn","|-boost|p1a: Asuna|atk|1","|-boost|p1a: Asuna|def|1","|","|-damage|p2a: what a buzz|144/361 brn|[from] brn","|-end|p2a: what a buzz|Encore","|turn|17","|","|move|p2a: what a buzz|Knock Off|p1a: Asuna","|-damage|p1a: Asuna|334/376","|-enditem|p1a: Asuna|Leftovers|[from] move: Knock Off|[of] p2a: what a buzz","|move|p1a: Asuna|Superpower|p2a: what a buzz","|-damage|p2a: what a buzz|14/361 brn","|-boost|p1a: Asuna|atk|1","|-boost|p1a: Asuna|def|1","|","|-damage|p2a: what a buzz|0 fnt|[from] brn","|faint|p2a: what a buzz","|","|switch|p2a: Crobatman|Crobat, F|312/312","|turn|18","|","|move|p2a: Crobatman|U-turn|p1a: Asuna","|-supereffective|p1a: Asuna","|-damage|p1a: Asuna|178/376","|","|switch|p2a: underrated|Charizard, M|297/297","|move|p1a: Asuna|Trick Room|p1a: Asuna","|-fieldstart|move: Trick Room|[of] p1a: Asuna","|","|turn|19","|","|detailschange|p2a: underrated|Charizard-Mega-Y, M","|-mega|p2a: underrated|Charizard|Charizardite Y","|-weather|SunnyDay","|move|p1a: Asuna|Psycho Cut|p2a: underrated","|-damage|p2a: underrated|92/297","|move|p2a: underrated|Flamethrower|p1a: Asuna","|-damage|p1a: Asuna|0 fnt","|faint|p1a: Asuna","|","|-weather|SunnyDay|[upkeep]","|","|switch|p1a: Sinon|Sharpedo, F|281/281","|turn|20","|","|move|p1a: Sinon|Protect|p1a: Sinon","|-singleturn|p1a: Sinon|Protect","|move|p2a: underrated|Solar Beam|p1a: Sinon|[still]","|-prepare|p2a: underrated|Solar Beam|p1a: Sinon","|-anim|p2a: underrated|Solar Beam|p1a: Sinon","|-activate|p1a: Sinon|Protect","|","|-weather|SunnyDay|[upkeep]","|-boost|p1a: Sinon|spe|1|[from] ability: Speed Boost","|turn|21","|","|detailschange|p1a: Sinon|Sharpedo-Mega, F","|-mega|p1a: Sinon|Sharpedo|Sharpedonite","|move|p2a: underrated|Roost|p2a: underrated","|-heal|p2a: underrated|241/297","|move|p1a: Sinon|Waterfall|p2a: underrated","|-supereffective|p2a: underrated","|-damage|p2a: underrated|25/297","|","|-weather|SunnyDay|[upkeep]","|turn|22","|","|move|p2a: underrated|Solar Beam|p1a: Sinon|[still]","|-prepare|p2a: underrated|Solar Beam|p1a: Sinon","|-anim|p2a: underrated|Solar Beam|p1a: Sinon","|-supereffective|p1a: Sinon","|-damage|p1a: Sinon|0 fnt","|faint|p1a: Sinon","|","|-weather|SunnyDay|[upkeep]","|-fieldend|move: Trick Room","|","|switch|p1a: Silica|Liepard, F|332/332","|turn|23","|","|move|p1a: Silica|Protect|p1a: Silica","|-singleturn|p1a: Silica|Protect","|move|p2a: underrated|Flamethrower|p1a: Silica","|-activate|p1a: Silica|Protect","|","|-weather|none","|turn|24","|","|move|p1a: Silica|Copycat|p1a: Silica","|move|p1a: Silica|Flamethrower|p2a: underrated|[from]Copycat","|-resisted|p2a: underrated","|-damage|p2a: underrated|0 fnt","|faint|p2a: underrated","|","|","|switch|p2a: Yanmega|Yanmega, M|251/313 par","|turn|25","|","|move|p1a: Silica|Copycat|p1a: Silica","|move|p1a: Silica|Flamethrower|p2a: Yanmega|[from]Copycat","|-supereffective|p2a: Yanmega","|-damage|p2a: Yanmega|85/313 par","|move|p2a: Yanmega|Bug Buzz|p1a: Silica","|-supereffective|p1a: Silica","|-damage|p1a: Silica|0 fnt","|faint|p1a: Silica","|","|-boost|p2a: Yanmega|spe|1|[from] ability: Speed Boost","|","|switch|p1a: Kirito|Sableye, M|148/304 tox","|turn|26","|","|move|p1a: Kirito|Knock Off|p2a: Yanmega","|-damage|p2a: Yanmega|0 fnt","|-enditem|p2a: Yanmega|Choice Band|[from] move: Knock Off|[of] p1a: Kirito","|faint|p2a: Yanmega","|","|-damage|p1a: Kirito|129/304 tox|[from] psn","|","|switch|p2a: Crobatman|Crobat, F|312/312","|turn|27","|","|move|p2a: Crobatman|Brave Bird|p1a: Kirito","|-damage|p1a: Kirito|0 fnt","|-damage|p2a: Crobatman|269/312|[from] recoil|[of] p1a: Kirito","|faint|p1a: Kirito","|","|win|baller666"],"p1rating":{"entryid":"776170","serverid":"eos","formatid":"monotype","userid":"primalvergi1","username":"Primal Vergi1","w":"2","l":2,"t":"0","gxe":51.3,"r":"1500","rd":"130","sigma":"0","rptime":"1441184400","rpr":1510.1829523496,"rprd":106.18974059491,"rpsigma":"0","acre":1062.6447100651,"lacre":1062.6447100651,"oldacre":"1083.0233192078"},"p2rating":{"entryid":"778132","serverid":"eos","formatid":"monotype","userid":"baller666","username":"baller666","w":4,"l":"0","t":"0","gxe":65,"r":"1500","rd":"130","sigma":"0","rptime":"1441184400","rpr":1621.9517013769,"rprd":105.7643226644,"rpsigma":"0","acre":1137.9108899337,"lacre":1137.9108899337,"oldacre":"1115.2210965098"},"endType":"normal"}