{"seed":[31728,36890,62056,55701],"turns":23,"p1":"Primal Vergi1","p2":"Apex✦Quilluminati","p1team":[{"name":"Asuna","species":"malamar","item":"leftovers","ability":"Contrary","moves":["superpower","psychocut","knockoff","trickroom"],"nature":"Brave","evs":{"hp":252,"atk":80,"def":0,"spa":0,"spd":176,"spe":0},"ivs":{"hp":31,"atk":31,"def":31,"spa":31,"spd":31,"spe":0},"happiness":0},{"name":"Silica","species":"liepard","item":"leftovers","ability":"Prankster","moves":["uturn","copycat","protect","encore"],"nature":"Careful","evs":{"hp":252,"atk":4,"def":0,"spa":0,"spd":252,"spe":0},"ivs":{"hp":31,"atk":31,"def":31,"spa":31,"spd":31,"spe":31}},{"name":"Scrafty","species":"Scrafty","item":"leftovers","ability":"Shed Skin","moves":["drainpunch","bulkup","knockoff","poisonjab"],"nature":"Careful","evs":{"hp":252,"atk":4,"def":0,"spa":0,"spd":252,"spe":0},"ivs":{"hp":31,"atk":31,"def":31,"spa":31,"spd":31,"spe":31}},{"name":"Murkrow","species":"Murkrow","item":"eviolite","ability":"Prankster","moves":["featherdance","roost","thunderwave","taunt"],"nature":"Calm","evs":{"hp":248,"atk":0,"def":8,"spa":0,"spd":252,"spe":0},"ivs":{"hp":31,"atk":31,"def":31,"spa":31,"spd":31,"spe":31}},{"name":"Kirito","species":"sableye","item":"choiceband","ability":"Prankster","moves":["willowisp","trick","knockoff","recover"],"nature":"Calm","evs":{"hp":252,"atk":0,"def":4,"spa":0,"spd":252,"spe":0},"ivs":{"hp":31,"atk":31,"def":31,"spa":31,"spd":31,"spe":31}},{"name":"Sinon","species":"sharpedo","item":"sharpedonite","ability":"Speed Boost","moves":["waterfall","destinybond","crunch","protect"],"nature":"Adamant","evs":{"hp":0,"atk":252,"def":0,"spa":0,"spd":4,"spe":252},"ivs":{"hp":31,"atk":31,"def":31,"spa":31,"spd":31,"spe":31}}],"p2team":[{"name":"Aggron","species":"Aggron","item":"aggronite","ability":"Sturdy","moves":["heavyslam","curse","rest","sleeptalk"],"nature":"Impish","evs":{"hp":252,"atk":0,"def":16,"spa":0,"spd":240,"spe":0},"shiny":true,"ivs":{"hp":31,"atk":31,"def":31,"spa":31,"spd":31,"spe":31}},{"name":"Aerodactyl","species":"Aerodactyl","item":"focussash","ability":"Rock Head","moves":["aerialace","honeclaws","stoneedge","defog"],"nature":"Jolly","evs":{"hp":0,"atk":252,"def":0,"spa":0,"spd":4,"spe":252},"ivs":{"hp":31,"atk":31,"def":31,"spa":31,"spd":31,"spe":31}},{"name":"Cradily","species":"Cradily","item":"rockyhelmet","ability":"Storm Drain","moves":["gigadrain","stockpile","recover","toxic"],"nature":"Calm","evs":{"hp":44,"atk":0,"def":216,"spa":108,"spd":140,"spe":0},"ivs":{"hp":31,"atk":31,"def":31,"spa":31,"spd":31,"spe":31}},{"name":"Tyranitar","species":"Tyranitar","item":"assaultvest","ability":"Sand Stream","moves":["fireblast","crunch","earthquake","stoneedge"],"nature":"Naughty","evs":{"hp":252,"atk":152,"def":0,"spa":104,"spd":0,"spe":0},"ivs":{"hp":31,"atk":31,"def":31,"spa":31,"spd":31,"spe":31}},{"name":"Terrakion","species":"Terrakion","item":"choicescarf","ability":"Justified","moves":["closecombat","earthquake","ironhead","stoneedge"],"nature":"Jolly","evs":{"hp":0,"atk":252,"def":0,"spa":0,"spd":4,"spe":252},"ivs":{"hp":31,"atk":31,"def":31,"spa":31,"spd":31,"spe":31}},{"name":"Omastar","species":"Omastar","item":"focussash","ability":"Shell Armor","moves":["shellsmash","icebeam","scald","earthpower"],"nature":"Modest","evs":{"hp":0,"atk":0,"def":0,"spa":252,"spd":4,"spe":252},"ivs":{"hp":31,"atk":31,"def":31,"spa":31,"spd":31,"spe":31}}],"log":["|player|p1|Primal Vergi1|vergi1.png","|player|p2|Apex✦Quilluminati|101","|gametype|singles","|gen|6","|tier|Monotype","|rated","|rule|Baton Pass Clause: Limit one Baton Passer, can't pass Spe and other stats simultaneously","|rule|Swagger Clause: Swagger is banned","|rule|Same Type Clause: Pokémon in a team must share a type","|clearpoke","|poke|p1|Malamar, M","|poke|p1|Liepard, M","|poke|p1|Scrafty, F","|poke|p1|Murkrow, M","|poke|p1|Sableye, M","|poke|p1|Sharpedo, M","|poke|p2|Aggron, M, shiny","|poke|p2|Aerodactyl, M","|poke|p2|Cradily, M","|poke|p2|Tyranitar, M","|poke|p2|Terrakion","|poke|p2|Omastar, F","|rule|Sleep Clause Mod: Limit one foe put to sleep","|rule|Species Clause: Limit one of each Pokémon","|rule|OHKO Clause: OHKO moves are banned","|rule|Moody Clause: Moody is banned","|rule|Evasion Moves Clause: Evasion moves are banned","|rule|Endless Battle Clause: Forcing endless battles is banned","|rule|HP Percentage Mod: HP is shown in percentages","|teampreview","|","|start","|switch|p1a: Kirito|Sableye, M|304/304","|switch|p2a: Omastar|Omastar, F|281/281","|turn|1","|","|move|p1a: Kirito|Trick|p2a: Omastar","|-activate|p1a: Kirito|move: Trick|[of] p2a: Omastar","|-item|p2a: Omastar|Choice Band|[from] move: Trick","|-item|p1a: Kirito|Focus Sash|[from] move: Trick","|move|p2a: Omastar|Scald|p1a: Kirito","|-damage|p1a: Kirito|162/304","|","|turn|2","|","|move|p1a: Kirito|Will-O-Wisp|p2a: Omastar","|-status|p2a: Omastar|brn","|move|p2a: Omastar|Scald|p1a: Kirito","|-damage|p1a: Kirito|32/304","|-status|p1a: Kirito|brn","|","|-damage|p2a: Omastar|246/281 brn|[from] brn","|-damage|p1a: Kirito|0 fnt|[from] brn","|faint|p1a: Kirito","|","|switch|p1a: Scrafty|Scrafty, F|334/334","|turn|3","|","|move|p2a: Omastar|Scald|p1a: Scrafty","|-damage|p1a: Scrafty|237/334","|move|p1a: Scrafty|Bulk Up|p1a: Scrafty","|-boost|p1a: Scrafty|atk|1","|-boost|p1a: Scrafty|def|1","|","|-heal|p1a: Scrafty|257/334|[from] item: Leftovers","|-damage|p2a: Omastar|211/281 brn|[from] brn","|turn|4","|","|move|p2a: Omastar|Scald|p1a: Scrafty","|-crit|p1a: Scrafty","|-damage|p1a: Scrafty|122/334","|-status|p1a: Scrafty|brn","|move|p1a: Scrafty|Bulk Up|p1a: Scrafty","|-boost|p1a: Scrafty|atk|1","|-boost|p1a: Scrafty|def|1","|","|-activate|p1a: Scrafty|ability: Shed Skin","|-curestatus|p1a: Scrafty|brn","|-heal|p1a: Scrafty|142/334|[from] item: Leftovers","|-damage|p2a: Omastar|176/281 brn|[from] brn","|turn|5","|","|move|p2a: Omastar|Scald|p1a: Scrafty","|-damage|p1a: Scrafty|46/334","|-status|p1a: Scrafty|brn","|move|p1a: Scrafty|Drain Punch|p2a: Omastar","|-supereffective|p2a: Omastar","|-damage|p2a: Omastar|37/281 brn","|-heal|p1a: Scrafty|116/334 brn|[from] drain|[of] p2a: Omastar","|","|-heal|p1a: Scrafty|136/334 brn|[from] item: Leftovers","|-damage|p2a: Omastar|2/281 brn|[from] brn","|-damage|p1a: Scrafty|95/334 brn|[from] brn","|turn|6","|","|move|p2a: Omastar|Scald|p1a: Scrafty","|-damage|p1a: Scrafty|1/334 brn","|move|p1a: Scrafty|Drain Punch|p2a: Omastar","|-supereffective|p2a: Omastar","|-damage|p2a: Omastar|0 fnt","|-heal|p1a: Scrafty|2/334 brn|[from] drain|[of] p2a: Omastar","|faint|p2a: Omastar","|","|-activate|p1a: Scrafty|ability: Shed Skin","|-curestatus|p1a: Scrafty|brn","|-heal|p1a: Scrafty|22/334|[from] item: Leftovers","|","|switch|p2a: Terrakion|Terrakion|323/323","|turn|7","|","|move|p2a: Terrakion|Close Combat|p1a: Scrafty","|-supereffective|p1a: Scrafty","|-damage|p1a: Scrafty|0 fnt","|-unboost|p2a: Terrakion|def|1","|-unboost|p2a: Terrakion|spd|1","|faint|p1a: Scrafty","|","|","|switch|p1a: Silica|Liepard, M|332/332","|turn|8","|","|move|p1a: Silica|Protect|p1a: Silica","|-singleturn|p1a: Silica|Protect","|move|p2a: Terrakion|Close Combat|p1a: Silica","|-activate|p1a: Silica|Protect","|","|turn|9","|","|move|p1a: Silica|Copycat|p1a: Silica","|move|p1a: Silica|Close Combat|p2a: Terrakion|[from]Copycat","|-supereffective|p2a: Terrakion","|-damage|p2a: Terrakion|43/323","|-unboost|p1a: Silica|def|1","|-unboost|p1a: Silica|spd|1","|move|p2a: Terrakion|Close Combat|p1a: Silica","|-supereffective|p1a: Silica","|-damage|p1a: Silica|0 fnt","|-unboost|p2a: Terrakion|def|1","|-unboost|p2a: Terrakion|spd|1","|faint|p1a: Silica","|","|","|switch|p1a: Murkrow|Murkrow, M|323/323","|turn|10","|","|switch|p2a: Tyranitar|Tyranitar, M|404/404","|-weather|Sandstorm","|move|p1a: Murkrow|Thunder Wave|p2a: Tyranitar","|-status|p2a: Tyranitar|par","|","|-weather|Sandstorm|[upkeep]","|-damage|p1a: Murkrow|303/323|[from] sandstorm","|turn|11","|","|move|p1a: Murkrow|Feather Dance|p2a: Tyranitar","|-unboost|p2a: Tyranitar|atk|2","|move|p2a: Tyranitar|Stone Edge|p1a: Murkrow","|-supereffective|p1a: Murkrow","|-damage|p1a: Murkrow|57/323","|","|-weather|Sandstorm|[upkeep]","|-damage|p1a: Murkrow|37/323|[from] sandstorm","|turn|12","|","|switch|p2a: Aggron|Aggron, M, shiny|344/344","|move|p1a: Murkrow|Feather Dance|p2a: Aggron","|-unboost|p2a: Aggron|atk|2","|","|-weather|Sandstorm|[upkeep]","|-damage|p1a: Murkrow|17/323|[from] sandstorm","|turn|13","|","|detailschange|p2a: Aggron|Aggron-Mega, M, shiny","|-mega|p2a: Aggron|Aggron|Aggronite","|move|p1a: Murkrow|Taunt|p2a: Aggron","|-start|p2a: Aggron|move: Taunt","|cant|p2a: Aggron|move: Taunt|Curse","|","|-weather|Sandstorm|[upkeep]","|-damage|p1a: Murkrow|0 fnt|[from] sandstorm","|faint|p1a: Murkrow","|","|switch|p1a: Asuna|Malamar, M|376/376","|turn|14","|","|move|p2a: Aggron|Heavy Slam|p1a: Asuna","|-damage|p1a: Asuna|270/376","|move|p1a: Asuna|Superpower|p2a: Aggron","|-supereffective|p2a: Aggron","|-damage|p2a: Aggron|277/344","|-boost|p1a: Asuna|atk|1","|-boost|p1a: Asuna|def|1","|","|-weather|none","|-heal|p1a: Asuna|293/376|[from] item: Leftovers","|turn|15","|","|move|p2a: Aggron|Heavy Slam|p1a: Asuna","|-damage|p1a: Asuna|227/376","|move|p1a: Asuna|Superpower|p2a: Aggron","|-supereffective|p2a: Aggron","|-damage|p2a: Aggron|183/344","|-boost|p1a: Asuna|atk|1","|-boost|p1a: Asuna|def|1","|","|-heal|p1a: Asuna|250/376|[from] item: Leftovers","|-end|p2a: Aggron|move: Taunt","|turn|16","|","|move|p2a: Aggron|Curse|p2a: Aggron","|-unboost|p2a: Aggron|spe|1","|-boost|p2a: Aggron|atk|1","|-boost|p2a: Aggron|def|1","|move|p1a: Asuna|Superpower|p2a: Aggron","|-supereffective|p2a: Aggron","|-damage|p2a: Aggron|96/344","|-boost|p1a: Asuna|atk|1","|-boost|p1a: Asuna|def|1","|","|-heal|p1a: Asuna|273/376|[from] item: Leftovers","|turn|17","|","|move|p1a: Asuna|Superpower|p2a: Aggron","|-supereffective|p2a: Aggron","|-damage|p2a: Aggron|0 fnt","|-boost|p1a: Asuna|atk|1","|-boost|p1a: Asuna|def|1","|faint|p2a: Aggron","|","|-heal|p1a: Asuna|296/376|[from] item: Leftovers","|","|switch|p2a: Aerodactyl|Aerodactyl, M|301/301","|turn|18","|","|move|p2a: Aerodactyl|Hone Claws|p2a: Aerodactyl","|-boost|p2a: Aerodactyl|atk|1","|-boost|p2a: Aerodactyl|accuracy|1","|move|p1a: Asuna|Trick Room|p1a: Asuna","|-fieldstart|move: Trick Room|[of] p1a: Asuna","|","|-heal|p1a: Asuna|319/376|[from] item: Leftovers","|turn|19","|","|move|p1a: Asuna|Superpower|p2a: Aerodactyl","|-enditem|p2a: Aerodactyl|Focus Sash","|-damage|p2a: Aerodactyl|1/301","|-boost|p1a: Asuna|atk|1","|-boost|p1a: Asuna|def|1","|move|p2a: Aerodactyl|Stone Edge|p1a: Asuna","|-damage|p1a: Asuna|243/376","|","|-heal|p1a: Asuna|266/376|[from] item: Leftovers","|turn|20","|","|move|p1a: Asuna|Superpower|p2a: Aerodactyl","|-damage|p2a: Aerodactyl|0 fnt","|-boost|p1a: Asuna|atk|1","|-boost|p1a: Asuna|def|1","|faint|p2a: Aerodactyl","|","|-heal|p1a: Asuna|289/376|[from] item: Leftovers","|","|switch|p2a: Tyranitar|Tyranitar, M|404/404 par","|-weather|Sandstorm","|turn|21","|","|move|p2a: Tyranitar|Fire Blast|p1a: Asuna","|-damage|p1a: Asuna|193/376","|move|p1a: Asuna|Superpower|p2a: Tyranitar","|-supereffective|p2a: Tyranitar","|-damage|p2a: Tyranitar|0 fnt","|faint|p2a: Tyranitar","|","|-weather|Sandstorm|[upkeep]","|-damage|p1a: Asuna|170/376|[from] sandstorm","|-heal|p1a: Asuna|193/376|[from] item: Leftovers","|","|switch|p2a: Cradily|Cradily, M|324/324","|turn|22","|","|move|p2a: Cradily|Toxic|p1a: Asuna","|-status|p1a: Asuna|tox","|move|p1a: Asuna|Superpower|p2a: Cradily","|-supereffective|p2a: Cradily","|-damage|p2a: Cradily|0 fnt","|-damage|p1a: Asuna|131/376 tox|[from] item: Rocky Helmet|[of] p2a: Cradily","|faint|p2a: Cradily","|","|-weather|Sandstorm|[upkeep]","|-damage|p1a: Asuna|108/376 tox|[from] sandstorm","|-heal|p1a: Asuna|131/376 tox|[from] item: Leftovers","|-damage|p1a: Asuna|108/376 tox|[from] psn","|-fieldend|move: Trick Room","|","|switch|p2a: Terrakion|Terrakion|43/323","|turn|23","|","|move|p2a: Terrakion|Close Combat|p1a: Asuna","|-damage|p1a: Asuna|44/376 tox","|-unboost|p2a: Terrakion|def|1","|-unboost|p2a: Terrakion|spd|1","|move|p1a: Asuna|Psycho Cut|p2a: Terrakion","|-supereffective|p2a: Terrakion","|-damage|p2a: Terrakion|0 fnt","|faint|p2a: Terrakion","|","|win|Primal Vergi1"],"p1rating":{"entryid":"776170","serverid":"eos","formatid":"monotype","userid":"primalvergi1","username":"Primal Vergi1","w":2,"l":"1","t":"0","gxe":55.5,"r":"1500","rd":"130","sigma":"0","rptime":"1441184400","rpr":1543.6715310155,"rprd":110.70002659908,"rpsigma":"0","acre":1083.0233192078,"lacre":1083.0233192078,"oldacre":"1056.6020533389"},"p2rating":{"entryid":777566,"formatid":"monotype","userid":"apexquilluminati","username":"Apex✦Quilluminati","r":1500,"rd":130,"sigma":0,"rpr":1459.8393856612,"rprd":122.8583080769,"rpsigma":0,"rptime":1441184400,"w":0,"l":1,"t":0,"gxe":45,"acre":1000,"lacre":1000,"oldacre":1000},"endType":"normal"}