{"seed":[56732,22596,35726,23402],"turns":45,"p1":"Alliance - Mxy","p2":"Alliance-GhostKing","p1team":[{"name":"Beedrill","species":"Beedrill","item":"beedrillite","ability":"Swarm","moves":["uturn","poisonjab","knockoff","protect"],"nature":"Jolly","evs":{"hp":0,"atk":252,"def":0,"spa":0,"spd":4,"spe":252},"ivs":{"hp":31,"atk":31,"def":31,"spa":31,"spd":31,"spe":31}},{"name":"Weezing","species":"Weezing","item":"blacksludge","ability":"Levitate","moves":["fireblast","sludgewave","willowisp","painsplit"],"nature":"Bold","evs":{"hp":248,"atk":0,"def":252,"spa":8,"spd":0,"spe":0},"ivs":{"hp":31,"atk":0,"def":31,"spa":31,"spd":31,"spe":31}},{"name":"Nidoqueen","species":"Nidoqueen","item":"lifeorb","ability":"Sheer Force","moves":["earthpower","fireblast","icebeam","stealthrock"],"nature":"Modest","evs":{"hp":128,"atk":0,"def":0,"spa":168,"spd":0,"spe":212},"ivs":{"hp":31,"atk":31,"def":31,"spa":31,"spd":31,"spe":31}},{"name":"Dragalge","species":"Dragalge","item":"airballoon","ability":"Adaptability","moves":["toxicspikes","dragonpulse","sludgewave","scald"],"nature":"Modest","evs":{"hp":248,"atk":0,"def":60,"spa":168,"spd":32,"spe":0},"ivs":{"hp":31,"atk":0,"def":31,"spa":31,"spd":31,"spe":31}},{"name":"Drapion","species":"Drapion","item":"choicescarf","ability":"Sniper","moves":["knockoff","earthquake","rockslide","thunderfang"],"nature":"Adamant","evs":{"hp":0,"atk":252,"def":4,"spa":0,"spd":0,"spe":252},"ivs":{"hp":31,"atk":31,"def":31,"spa":31,"spd":31,"spe":31}},{"name":"Crobat","species":"Crobat","item":"leftovers","ability":"Infiltrator","moves":["bravebird","roost","taunt","toxic"],"nature":"Jolly","evs":{"hp":120,"atk":136,"def":0,"spa":0,"spd":0,"spe":252},"ivs":{"hp":31,"atk":31,"def":31,"spa":31,"spd":31,"spe":31}}],"p2team":[{"name":"Halestorm","species":"froslass","item":"focussash","ability":"Cursed Body","moves":["frostbreath","spikes","thunderwave","destinybond"],"nature":"Timid","evs":{"hp":4,"atk":0,"def":0,"spa":252,"spd":0,"spe":252},"ivs":{"hp":31,"atk":31,"def":31,"spa":31,"spd":31,"spe":31}},{"name":"Love Bites","species":"sableye","item":"sablenite","ability":"Prankster","moves":["snarl","willowisp","calmmind","recover"],"nature":"Bold","evs":{"hp":232,"atk":0,"def":200,"spa":0,"spd":60,"spe":16},"gender":"F","ivs":{"hp":31,"atk":0,"def":31,"spa":31,"spd":31,"spe":31}},{"name":"Attack On Titan","species":"golurk","item":"choicescarf","ability":"No Guard","moves":["dynamicpunch","stoneedge","earthquake","thunderpunch"],"nature":"Jolly","evs":{"hp":4,"atk":252,"def":0,"spa":0,"spd":0,"spe":252},"ivs":{"hp":31,"atk":31,"def":31,"spa":31,"spd":31,"spe":31}},{"name":"Mz. Hyde","species":"aegislash","item":"weaknesspolicy","ability":"Stance Change","moves":["shadowsneak","sacredsword","swordsdance","kingsshield"],"nature":"Adamant","evs":{"hp":240,"atk":252,"def":0,"spa":0,"spd":0,"spe":16},"gender":"F","ivs":{"hp":31,"atk":31,"def":31,"spa":31,"spd":31,"spe":31}},{"name":"Shatter Me","species":"chandelure","item":"choicescarf","ability":"Flash Fire","moves":["flamethrower","shadowball","energyball","trick"],"nature":"Timid","evs":{"hp":4,"atk":0,"def":0,"spa":252,"spd":0,"spe":252},"gender":"M","ivs":{"hp":31,"atk":0,"def":31,"spa":31,"spd":31,"spe":31}},{"name":"Gaspar","species":"gengar","item":"blacksludge","ability":"Levitate","moves":["shadowball","disable","painsplit","substitute"],"nature":"Timid","evs":{"hp":252,"atk":0,"def":0,"spa":0,"spd":4,"spe":252},"gender":"M","ivs":{"hp":31,"atk":0,"def":31,"spa":31,"spd":31,"spe":31}}],"log":["|player|p1|Alliance - Mxy|270","|player|p2|Alliance-GhostKing|144","|gametype|singles","|gen|6","|tier|Monotype","|rated","|rule|Baton Pass Clause: Limit one Baton Passer, can't pass Spe and other stats simultaneously","|rule|Swagger Clause: Swagger is banned","|rule|Same Type Clause: Pokémon in a team must share a type","|clearpoke","|poke|p1|Beedrill, M","|poke|p1|Weezing, F","|poke|p1|Nidoqueen, F","|poke|p1|Dragalge, F","|poke|p1|Drapion, M","|poke|p1|Crobat, M","|poke|p2|Froslass, F","|poke|p2|Sableye, F","|poke|p2|Golurk","|poke|p2|Aegislash, F","|poke|p2|Chandelure, M","|poke|p2|Gengar, M","|rule|Sleep Clause Mod: Limit one foe put to sleep","|rule|Species Clause: Limit one of each Pokémon","|rule|OHKO Clause: OHKO moves are banned","|rule|Moody Clause: Moody is banned","|rule|Evasion Moves Clause: Evasion moves are banned","|rule|Endless Battle Clause: Forcing endless battles is banned","|rule|HP Percentage Mod: HP is shown in percentages","|teampreview","|","|start","|switch|p1a: Nidoqueen|Nidoqueen, F|353/353","|switch|p2a: Gaspar|Gengar, M|324/324","|turn|1","|","|move|p2a: Gaspar|Substitute|p2a: Gaspar","|-start|p2a: Gaspar|Substitute","|-damage|p2a: Gaspar|243/324","|move|p1a: Nidoqueen|Stealth Rock|p2a: Gaspar","|-sidestart|p2: Alliance-GhostKing|move: Stealth Rock","|","|-heal|p2a: Gaspar|263/324|[from] item: Black Sludge","|turn|2","|","|move|p2a: Gaspar|Shadow Ball|p1a: Nidoqueen","|-crit|p1a: Nidoqueen","|-damage|p1a: Nidoqueen|164/353","|move|p1a: Nidoqueen|Fire Blast|p2a: Gaspar","|-end|p2a: Gaspar|Substitute","|","|-heal|p2a: Gaspar|283/324|[from] item: Black Sludge","|turn|3","|","|switch|p2a: Shatter Me|Chandelure, M|262/262","|-damage|p2a: Shatter Me|197/262|[from] Stealth Rock","|move|p1a: Nidoqueen|Fire Blast|p2a: Shatter Me","|-start|p2a: Shatter Me|ability: Flash Fire","|","|turn|4","|","|move|p2a: Shatter Me|Flamethrower|p1a: Nidoqueen","|-damage|p1a: Nidoqueen|0 fnt","|faint|p1a: Nidoqueen","|","|","|switch|p1a: Beedrill|Beedrill, M|271/271","|turn|5","|","|detailschange|p1a: Beedrill|Beedrill-Mega, M","|-mega|p1a: Beedrill|Beedrill|Beedrillite","|move|p1a: Beedrill|Protect|p1a: Beedrill","|-singleturn|p1a: Beedrill|Protect","|move|p2a: Shatter Me|Flamethrower|p1a: Beedrill","|-activate|p1a: Beedrill|Protect","|","|turn|6","|","|move|p1a: Beedrill|Knock Off|p2a: Shatter Me","|-supereffective|p2a: Shatter Me","|-damage|p2a: Shatter Me|0 fnt","|-enditem|p2a: Shatter Me|Choice Scarf|[from] move: Knock Off|[of] p1a: Beedrill","|faint|p2a: Shatter Me","|","|","|switch|p2a: Mz. Hyde|Aegislash, F|321/321","|-damage|p2a: Mz. Hyde|301/321|[from] Stealth Rock","|turn|7","|","|move|p2a: Mz. Hyde|King's Shield|p2a: Mz. Hyde","|-singleturn|p2a: Mz. Hyde|Protect","|move|p1a: Beedrill|U-turn|p2a: Mz. Hyde","|-activate|p2a: Mz. Hyde|Protect","|-unboost|p1a: Beedrill|atk|2","|","|turn|8","|","|switch|p1a: Weezing|Weezing, F|333/333","|move|p2a: Mz. Hyde|Swords Dance|p2a: Mz. Hyde","|-boost|p2a: Mz. Hyde|atk|2","|","|turn|9","|","|switch|p2a: Halestorm|Froslass, F|282/282","|-damage|p2a: Halestorm|212/282|[from] Stealth Rock","|move|p1a: Weezing|Will-O-Wisp|p2a: Halestorm","|-status|p2a: Halestorm|brn","|","|-damage|p2a: Halestorm|177/282 brn|[from] brn","|turn|10","|","|move|p2a: Halestorm|Spikes|p1a: Weezing","|-sidestart|p1: Alliance - Mxy|Spikes","|move|p1a: Weezing|Fire Blast|p2a: Halestorm","|-supereffective|p2a: Halestorm","|-damage|p2a: Halestorm|0 fnt","|faint|p2a: Halestorm","|","|","|switch|p2a: Gaspar|Gengar, M|283/324","|-damage|p2a: Gaspar|243/324|[from] Stealth Rock","|turn|11","|","|switch|p1a: Drapion|Drapion, M|281/281","|-damage|p1a: Drapion|246/281|[from] Spikes","|move|p2a: Gaspar|Disable|p1a: Drapion","|-fail|p1a: Drapion","|","|-heal|p2a: Gaspar|263/324|[from] item: Black Sludge","|turn|12","|","|move|p1a: Drapion|Knock Off|p2a: Gaspar","|-supereffective|p2a: Gaspar","|-damage|p2a: Gaspar|0 fnt","|-enditem|p2a: Gaspar|Black Sludge|[from] move: Knock Off|[of] p1a: Drapion","|faint|p2a: Gaspar","|","|","|switch|p2a: Mz. Hyde|Aegislash, F|301/321","|-damage|p2a: Mz. Hyde|281/321|[from] Stealth Rock","|turn|13","|","|switch|p1a: Weezing|Weezing, F|333/333","|move|p2a: Mz. Hyde|Swords Dance|p2a: Mz. Hyde","|-boost|p2a: Mz. Hyde|atk|2","|","|turn|14","|","|switch|p2a: Attack On Titan|Golurk|320/320","|-damage|p2a: Attack On Titan|300/320|[from] Stealth Rock","|move|p1a: Weezing|Will-O-Wisp|p2a: Attack On Titan","|-status|p2a: Attack On Titan|brn","|","|-damage|p2a: Attack On Titan|260/320 brn|[from] brn","|turn|15","|","|switch|p1a: Drapion|Drapion, M|246/281","|-damage|p1a: Drapion|211/281|[from] Spikes","|move|p2a: Attack On Titan|Stone Edge|p1a: Drapion","|-crit|p1a: Drapion","|-damage|p1a: Drapion|135/281","|","|-damage|p2a: Attack On Titan|220/320 brn|[from] brn","|turn|16","|","|switch|p1a: Weezing|Weezing, F|333/333","|move|p2a: Attack On Titan|Stone Edge|p1a: Weezing","|-damage|p1a: Weezing|293/333","|","|-heal|p1a: Weezing|313/333|[from] item: Black Sludge","|-damage|p2a: Attack On Titan|180/320 brn|[from] brn","|turn|17","|","|move|p2a: Attack On Titan|Stone Edge|p1a: Weezing","|-damage|p1a: Weezing|276/333","|move|p1a: Weezing|Will-O-Wisp|p2a: Attack On Titan","|-fail|p2a: Attack On Titan|brn","|","|-heal|p1a: Weezing|296/333|[from] item: Black Sludge","|-damage|p2a: Attack On Titan|140/320 brn|[from] brn","|turn|18","|","|move|p2a: Attack On Titan|Stone Edge|p1a: Weezing","|-crit|p1a: Weezing","|-damage|p1a: Weezing|243/333","|move|p1a: Weezing|Sludge Wave|p2a: Attack On Titan","|-resisted|p2a: Attack On Titan","|-damage|p2a: Attack On Titan|112/320 brn","|","|-heal|p1a: Weezing|263/333|[from] item: Black Sludge","|-damage|p2a: Attack On Titan|72/320 brn|[from] brn","|turn|19","|","|move|p2a: Attack On Titan|Stone Edge|p1a: Weezing","|-damage|p1a: Weezing|229/333","|move|p1a: Weezing|Sludge Wave|p2a: Attack On Titan","|-resisted|p2a: Attack On Titan","|-damage|p2a: Attack On Titan|41/320 brn","|","|-heal|p1a: Weezing|249/333|[from] item: Black Sludge","|-damage|p2a: Attack On Titan|1/320 brn|[from] brn","|turn|20","|","|move|p2a: Attack On Titan|Stone Edge|p1a: Weezing","|-damage|p1a: Weezing|215/333","|move|p1a: Weezing|Sludge Wave|p2a: Attack On Titan","|-resisted|p2a: Attack On Titan","|-damage|p2a: Attack On Titan|0 fnt","|faint|p2a: Attack On Titan","|","|-heal|p1a: Weezing|235/333|[from] item: Black Sludge","|","|switch|p2a: Love Bites|Sableye, F|299/299","|-damage|p2a: Love Bites|262/299|[from] Stealth Rock","|turn|21","|","|detailschange|p2a: Love Bites|Sableye-Mega, F","|-mega|p2a: Love Bites|Sableye|Sablenite","|move|p2a: Love Bites|Calm Mind|p2a: Love Bites","|-boost|p2a: Love Bites|spa|1","|-boost|p2a: Love Bites|spd|1","|move|p1a: Weezing|Fire Blast|p2a: Love Bites","|-damage|p2a: Love Bites|219/299","|","|-heal|p1a: Weezing|255/333|[from] item: Black Sludge","|turn|22","|","|switch|p1a: Beedrill|Beedrill-Mega, M|271/271","|-damage|p1a: Beedrill|238/271|[from] Spikes","|move|p2a: Love Bites|Snarl|p1a: Beedrill","|-miss|p2a: Love Bites|p1a: Beedrill","|","|turn|23","|","|move|p1a: Beedrill|U-turn|p2a: Love Bites","|-damage|p2a: Love Bites|107/299","|","|switch|p1a: Dragalge|Dragalge, F|333/333","|-item|p1a: Dragalge|Air Balloon","|move|p2a: Love Bites|Will-O-Wisp|p1a: Dragalge","|-status|p1a: Dragalge|brn","|","|-damage|p1a: Dragalge|292/333 brn|[from] brn","|turn|24","|","|move|p1a: Dragalge|Dragon Pulse|p2a: Love Bites","|-damage|p2a: Love Bites|15/299","|move|p2a: Love Bites|Recover|p2a: Love Bites","|-heal|p2a: Love Bites|165/299","|","|-damage|p1a: Dragalge|251/333 brn|[from] brn","|turn|25","|","|move|p1a: Dragalge|Scald|p2a: Love Bites","|-damage|p2a: Love Bites|121/299","|move|p2a: Love Bites|Recover|p2a: Love Bites","|-heal|p2a: Love Bites|271/299","|","|-damage|p1a: Dragalge|210/333 brn|[from] brn","|turn|26","|","|move|p1a: Dragalge|Scald|p2a: Love Bites","|-damage|p2a: Love Bites|228/299","|move|p2a: Love Bites|Calm Mind|p2a: Love Bites","|-boost|p2a: Love Bites|spa|1","|-boost|p2a: Love Bites|spd|1","|","|-damage|p1a: Dragalge|169/333 brn|[from] brn","|turn|27","|","|move|p1a: Dragalge|Scald|p2a: Love Bites","|-damage|p2a: Love Bites|195/299","|move|p2a: Love Bites|Snarl|p1a: Dragalge","|-damage|p1a: Dragalge|84/333 brn","|-enditem|p1a: Dragalge|Air Balloon","|-unboost|p1a: Dragalge|spa|1","|","|-damage|p1a: Dragalge|43/333 brn|[from] brn","|turn|28","|","|move|p1a: Dragalge|Scald|p2a: Love Bites","|-damage|p2a: Love Bites|173/299","|move|p2a: Love Bites|Recover|p2a: Love Bites","|-heal|p2a: Love Bites|299/299","|","|-damage|p1a: Dragalge|2/333 brn|[from] brn","|turn|29","|","|move|p1a: Dragalge|Scald|p2a: Love Bites","|-damage|p2a: Love Bites|276/299","|move|p2a: Love Bites|Recover|p2a: Love Bites","|-heal|p2a: Love Bites|299/299","|","|-damage|p1a: Dragalge|0 fnt|[from] brn","|faint|p1a: Dragalge","|","|switch|p1a: Weezing|Weezing, F|255/333","|turn|30","|","|move|p1a: Weezing|Pain Split|p2a: Love Bites","|-sethp|p2a: Love Bites|277/299|p1a: Weezing|277/333|[from] move: Pain Split","|move|p2a: Love Bites|Calm Mind|p2a: Love Bites","|-boost|p2a: Love Bites|spa|1","|-boost|p2a: Love Bites|spd|1","|","|-heal|p1a: Weezing|297/333|[from] item: Black Sludge","|turn|31","|","|move|p1a: Weezing|Fire Blast|p2a: Love Bites","|-damage|p2a: Love Bites|252/299","|move|p2a: Love Bites|Calm Mind|p2a: Love Bites","|-boost|p2a: Love Bites|spa|1","|-boost|p2a: Love Bites|spd|1","|","|-heal|p1a: Weezing|317/333|[from] item: Black Sludge","|turn|32","|","|move|p1a: Weezing|Fire Blast|p2a: Love Bites|[miss]","|-miss|p1a: Weezing|p2a: Love Bites","|move|p2a: Love Bites|Calm Mind|p2a: Love Bites","|-boost|p2a: Love Bites|spa|1","|-boost|p2a: Love Bites|spd|1","|","|-heal|p1a: Weezing|333/333|[from] item: Black Sludge","|turn|33","|","|move|p1a: Weezing|Fire Blast|p2a: Love Bites","|-damage|p2a: Love Bites|234/299","|move|p2a: Love Bites|Calm Mind|p2a: Love Bites","|-boost|p2a: Love Bites|spa|1","|-boost|p2a: Love Bites|spd|1","|","|turn|34","|","|move|p1a: Weezing|Fire Blast|p2a: Love Bites","|-damage|p2a: Love Bites|218/299","|-status|p2a: Love Bites|brn","|move|p2a: Love Bites|Will-O-Wisp|p1a: Weezing","|-status|p1a: Weezing|brn","|","|-damage|p1a: Weezing|292/333 brn|[from] brn","|-damage|p2a: Love Bites|181/299 brn|[from] brn","|turn|35","|","|move|p1a: Weezing|Fire Blast|p2a: Love Bites","|-damage|p2a: Love Bites|163/299 brn","|move|p2a: Love Bites|Recover|p2a: Love Bites","|-heal|p2a: Love Bites|299/299 brn","|","|-heal|p1a: Weezing|312/333 brn|[from] item: Black Sludge","|-damage|p1a: Weezing|271/333 brn|[from] brn","|-damage|p2a: Love Bites|262/299 brn|[from] brn","|turn|36","|","|move|p1a: Weezing|Fire Blast|p2a: Love Bites","|-damage|p2a: Love Bites|244/299 brn","|move|p2a: Love Bites|Snarl|p1a: Weezing","|-damage|p1a: Weezing|0 fnt","|faint|p1a: Weezing","|","|-damage|p2a: Love Bites|207/299 brn|[from] brn","|","|switch|p1a: Drapion|Drapion, M|135/281","|-damage|p1a: Drapion|100/281|[from] Spikes","|turn|37","|","|move|p1a: Drapion|Earthquake|p2a: Love Bites","|-damage|p2a: Love Bites|140/299 brn","|move|p2a: Love Bites|Recover|p2a: Love Bites","|-heal|p2a: Love Bites|290/299 brn","|","|-damage|p2a: Love Bites|253/299 brn|[from] brn","|turn|38","|","|move|p1a: Drapion|Earthquake|p2a: Love Bites","|-damage|p2a: Love Bites|185/299 brn","|move|p2a: Love Bites|Will-O-Wisp|p1a: Drapion","|-status|p1a: Drapion|brn","|","|-damage|p1a: Drapion|65/281 brn|[from] brn","|-damage|p2a: Love Bites|148/299 brn|[from] brn","|turn|39","|","|move|p1a: Drapion|Earthquake|p2a: Love Bites","|-crit|p2a: Love Bites","|-damage|p2a: Love Bites|81/299 brn","|move|p2a: Love Bites|Recover|p2a: Love Bites","|-heal|p2a: Love Bites|231/299 brn","|","|-damage|p1a: Drapion|30/281 brn|[from] brn","|-damage|p2a: Love Bites|194/299 brn|[from] brn","|turn|40","|","|move|p1a: Drapion|Earthquake|p2a: Love Bites","|-damage|p2a: Love Bites|164/299 brn","|move|p2a: Love Bites|Recover|p2a: Love Bites","|-heal|p2a: Love Bites|299/299 brn","|","|-damage|p1a: Drapion|0 fnt|[from] brn","|-damage|p2a: Love Bites|262/299 brn|[from] brn","|faint|p1a: Drapion","|","|switch|p1a: Crobat|Crobat, M|341/341","|turn|41","|","|move|p1a: Crobat|Brave Bird|p2a: Love Bites","|-damage|p2a: Love Bites|171/299 brn","|-damage|p1a: Crobat|311/341|[from] recoil|[of] p2a: Love Bites","|move|p2a: Love Bites|Will-O-Wisp|p1a: Crobat","|-status|p1a: Crobat|brn","|","|-heal|p1a: Crobat|332/341 brn|[from] item: Leftovers","|-damage|p1a: Crobat|290/341 brn|[from] brn","|-damage|p2a: Love Bites|134/299 brn|[from] brn","|turn|42","|","|move|p1a: Crobat|Brave Bird|p2a: Love Bites","|-damage|p2a: Love Bites|83/299 brn","|-damage|p1a: Crobat|273/341 brn|[from] recoil|[of] p2a: Love Bites","|move|p2a: Love Bites|Recover|p2a: Love Bites","|-heal|p2a: Love Bites|233/299 brn","|","|-heal|p1a: Crobat|294/341 brn|[from] item: Leftovers","|-damage|p1a: Crobat|252/341 brn|[from] brn","|-damage|p2a: Love Bites|196/299 brn|[from] brn","|turn|43","|","|move|p1a: Crobat|Brave Bird|p2a: Love Bites","|-crit|p2a: Love Bites","|-damage|p2a: Love Bites|126/299 brn","|-damage|p1a: Crobat|229/341 brn|[from] recoil|[of] p2a: Love Bites","|move|p2a: Love Bites|Recover|p2a: Love Bites","|-heal|p2a: Love Bites|276/299 brn","|","|-heal|p1a: Crobat|250/341 brn|[from] item: Leftovers","|-damage|p1a: Crobat|208/341 brn|[from] brn","|-damage|p2a: Love Bites|239/299 brn|[from] brn","|turn|44","|","|move|p1a: Crobat|Brave Bird|p2a: Love Bites","|-damage|p2a: Love Bites|194/299 brn","|-damage|p1a: Crobat|193/341 brn|[from] recoil|[of] p2a: Love Bites","|move|p2a: Love Bites|Recover|p2a: Love Bites","|-heal|p2a: Love Bites|299/299 brn","|","|-heal|p1a: Crobat|214/341 brn|[from] item: Leftovers","|-damage|p1a: Crobat|172/341 brn|[from] brn","|-damage|p2a: Love Bites|262/299 brn|[from] brn","|turn|45","|","|win|Alliance-GhostKing"],"p1rating":{"entryid":"127788","serverid":"eos","formatid":"monotype","userid":"alliancemxy","username":"Alliance - Mxy","w":"36","l":19,"t":"0","gxe":63.2,"r":"1634.547004251","rd":"51.038176239993","sigma":"0","rptime":"1441184400","rpr":1602.4859585107,"rprd":49.235550998597,"rpsigma":"0","acre":1181.5661643209,"lacre":1181.5661643209,"oldacre":"1220.6023535612"},"p2rating":{"entryid":770366,"formatid":"monotype","userid":"allianceghostking","username":"Alliance-GhostKing","r":1500,"rd":130,"sigma":0,"rpr":1558.5961400272,"rprd":122.93285923453,"rpsigma":0,"rptime":1441184400,"w":1,"l":0,"t":0,"gxe":57.3,"acre":1062.4579027846,"lacre":1062.4579027846,"oldacre":1000},"endType":"forfeit"}