{"seed":[38643,56257,62775,26652],"turns":26,"p1":"Apex✦Quilluminati","p2":"Hm Rider","p1team":[{"name":"Aggron","species":"Aggron","item":"aggronite","ability":"Sturdy","moves":["heavyslam","curse","rest","sleeptalk"],"nature":"Impish","evs":{"hp":252,"atk":0,"def":16,"spa":0,"spd":240,"spe":0},"shiny":true,"ivs":{"hp":31,"atk":31,"def":31,"spa":31,"spd":31,"spe":31}},{"name":"Aerodactyl","species":"Aerodactyl","item":"focussash","ability":"Rock Head","moves":["aerialace","honeclaws","stoneedge","defog"],"nature":"Jolly","evs":{"hp":0,"atk":252,"def":0,"spa":0,"spd":4,"spe":252},"ivs":{"hp":31,"atk":31,"def":31,"spa":31,"spd":31,"spe":31}},{"name":"Cradily","species":"Cradily","item":"rockyhelmet","ability":"Storm Drain","moves":["gigadrain","stockpile","recover","toxic"],"nature":"Calm","evs":{"hp":44,"atk":0,"def":216,"spa":108,"spd":140,"spe":0},"ivs":{"hp":31,"atk":31,"def":31,"spa":31,"spd":31,"spe":31}},{"name":"Tyranitar","species":"Tyranitar","item":"assaultvest","ability":"Sand Stream","moves":["fireblast","crunch","earthquake","stoneedge"],"nature":"Naughty","evs":{"hp":252,"atk":152,"def":0,"spa":104,"spd":0,"spe":0},"ivs":{"hp":31,"atk":31,"def":31,"spa":31,"spd":31,"spe":31}},{"name":"Terrakion","species":"Terrakion","item":"choicescarf","ability":"Justified","moves":["closecombat","earthquake","ironhead","stoneedge"],"nature":"Jolly","evs":{"hp":0,"atk":252,"def":0,"spa":0,"spd":4,"spe":252},"ivs":{"hp":31,"atk":31,"def":31,"spa":31,"spd":31,"spe":31}},{"name":"Omastar","species":"Omastar","item":"focussash","ability":"Shell Armor","moves":["shellsmash","icebeam","scald","earthpower"],"nature":"Modest","evs":{"hp":0,"atk":0,"def":0,"spa":252,"spd":4,"spe":252},"ivs":{"hp":31,"atk":31,"def":31,"spa":31,"spd":31,"spe":31}}],"p2team":[{"name":"Keldeo-Resolute","species":"Keldeo-Resolute","item":"lifeorb","ability":"Justified","moves":["scald","secretsword","icywind","aquajet"],"nature":"Naive","evs":{"hp":0,"atk":0,"def":0,"spa":252,"spd":4,"spe":252},"shiny":true,"ivs":{"hp":31,"atk":31,"def":31,"spa":31,"spd":31,"spe":31}},{"name":"Terrakion","species":"Terrakion","item":"choicescarf","ability":"Justified","moves":["ironhead","closecombat","earthquake","stoneedge"],"nature":"Adamant","evs":{"hp":0,"atk":252,"def":0,"spa":0,"spd":4,"spe":252},"shiny":true,"happiness":0,"ivs":{"hp":31,"atk":31,"def":31,"spa":31,"spd":31,"spe":31}},{"name":"Lucario","species":"Lucario","item":"weaknesspolicy","ability":"Steadfast","moves":["endure","shadowclaw","bulletpunch","reversal"],"nature":"Jolly","evs":{"hp":0,"atk":252,"def":0,"spa":0,"spd":4,"spe":252},"ivs":{"hp":31,"atk":31,"def":31,"spa":31,"spd":31,"spe":31}},{"name":"Gallade","species":"Gallade","item":"galladite","ability":"Steadfast","moves":["swordsdance","shadowsneak","psychocut","drainpunch"],"nature":"Jolly","evs":{"hp":0,"atk":252,"def":0,"spa":0,"spd":4,"spe":252},"shiny":true,"ivs":{"hp":31,"atk":31,"def":31,"spa":31,"spd":31,"spe":31}},{"name":"Breloom","species":"Breloom","item":"toxicorb","ability":"Poison Heal","moves":["spore","seedbomb","leechseed","machpunch"],"nature":"Jolly","evs":{"hp":248,"atk":8,"def":0,"spa":0,"spd":0,"spe":252},"shiny":true,"ivs":{"hp":31,"atk":31,"def":31,"spa":31,"spd":31,"spe":31}},{"name":"Emboar","species":"Emboar","item":"choiceband","ability":"Reckless","moves":["flareblitz","suckerpunch","heavyslam","headsmash"],"nature":"Adamant","evs":{"hp":248,"atk":252,"def":0,"spa":0,"spd":8,"spe":0},"shiny":true,"ivs":{"hp":31,"atk":31,"def":31,"spa":31,"spd":31,"spe":31}}],"log":["|player|p1|Apex✦Quilluminati|265","|player|p2|Hm Rider|13","|gametype|singles","|gen|6","|tier|Monotype","|rated","|rule|Baton Pass Clause: Limit one Baton Passer, can't pass Spe and other stats simultaneously","|rule|Swagger Clause: Swagger is banned","|rule|Same Type Clause: Pokémon in a team must share a type","|clearpoke","|poke|p1|Aggron, M, shiny","|poke|p1|Aerodactyl, M","|poke|p1|Cradily, M","|poke|p1|Tyranitar, M","|poke|p1|Terrakion","|poke|p1|Omastar, M","|poke|p2|Keldeo-Resolute, shiny","|poke|p2|Terrakion, shiny","|poke|p2|Lucario, M","|poke|p2|Gallade, M, shiny","|poke|p2|Breloom, M, shiny","|poke|p2|Emboar, F, shiny","|rule|Sleep Clause Mod: Limit one foe put to sleep","|rule|Species Clause: Limit one of each Pokémon","|rule|OHKO Clause: OHKO moves are banned","|rule|Moody Clause: Moody is banned","|rule|Evasion Moves Clause: Evasion moves are banned","|rule|Endless Battle Clause: Forcing endless battles is banned","|rule|HP Percentage Mod: HP is shown in percentages","|teampreview","|","|start","|switch|p1a: Aggron|Aggron, M, shiny|344/344","|switch|p2a: Breloom|Breloom, M, shiny|323/323","|turn|1","|","|detailschange|p1a: Aggron|Aggron-Mega, M, shiny","|-mega|p1a: Aggron|Aggron|Aggronite","|move|p2a: Breloom|Spore|p1a: Aggron","|-status|p1a: Aggron|slp","|cant|p1a: Aggron|slp","|move|p1a: Aggron|Sleep Talk|p1a: Aggron","|move|p1a: Aggron|Curse|p1a: Aggron|[from]Sleep Talk","|-unboost|p1a: Aggron|spe|1","|-boost|p1a: Aggron|atk|1","|-boost|p1a: Aggron|def|1","|","|-status|p2a: Breloom|tox|[from] item: Toxic Orb","|turn|2","|","|switch|p2a: Emboar|Emboar, F, shiny|423/423","|cant|p1a: Aggron|slp","|move|p1a: Aggron|Sleep Talk|p1a: Aggron","|move|p1a: Aggron|Heavy Slam|p2a: Emboar|[from]Sleep Talk","|-resisted|p2a: Emboar","|-damage|p2a: Emboar|318/423","|","|turn|3","|","|switch|p1a: Tyranitar|Tyranitar, M|404/404","|-weather|Sandstorm","|move|p2a: Emboar|Flare Blitz|p1a: Tyranitar","|-resisted|p1a: Tyranitar","|-damage|p1a: Tyranitar|222/404","|-damage|p2a: Emboar|258/423|[from] recoil|[of] p1a: Tyranitar","|","|-weather|Sandstorm|[upkeep]","|-damage|p2a: Emboar|232/423|[from] sandstorm","|turn|4","|","|switch|p2a: Breloom|Breloom, M, shiny|323/323 tox","|move|p1a: Tyranitar|Earthquake|p2a: Breloom","|-resisted|p2a: Breloom","|-damage|p2a: Breloom|247/323 tox","|","|-weather|Sandstorm|[upkeep]","|-damage|p2a: Breloom|227/323 tox|[from] sandstorm","|-heal|p2a: Breloom|267/323 tox|[from] ability: Poison Heal","|turn|5","|","|switch|p2a: Terrakion|Terrakion, shiny|323/323","|switch|p1a: Aggron|Aggron-Mega, M, shiny|344/344 slp","|","|-weather|Sandstorm|[upkeep]","|turn|6","|","|move|p2a: Terrakion|Close Combat|p1a: Aggron","|-supereffective|p1a: Aggron","|-damage|p1a: Aggron|182/344 slp","|-unboost|p2a: Terrakion|def|1","|-unboost|p2a: Terrakion|spd|1","|cant|p1a: Aggron|slp","|move|p1a: Aggron|Sleep Talk|p1a: Aggron","|move|p1a: Aggron|Curse|p1a: Aggron|[from]Sleep Talk","|-unboost|p1a: Aggron|spe|1","|-boost|p1a: Aggron|atk|1","|-boost|p1a: Aggron|def|1","|","|-weather|Sandstorm|[upkeep]","|turn|7","|","|switch|p2a: Keldeo-Resolute|Keldeo-Resolute, shiny|323/323","|-curestatus|p1a: Aggron|slp","|move|p1a: Aggron|Rest|p1a: Aggron","|-status|p1a: Aggron|slp","|-heal|p1a: Aggron|344/344 slp|[silent]","|-status|p1a: Aggron|slp|[from] move: Rest","|","|-weather|none","|turn|8","|","|move|p2a: Keldeo-Resolute|Secret Sword|p1a: Aggron","|-supereffective|p1a: Aggron","|-damage|p1a: Aggron|254/344 slp","|-damage|p2a: Keldeo-Resolute|291/323|[from] item: Life Orb","|cant|p1a: Aggron|slp","|move|p1a: Aggron|Sleep Talk|p1a: Aggron","|move|p1a: Aggron|Rest|p1a: Aggron|[from]Sleep Talk","|-fail|p1a: Aggron","|","|turn|9","|","|move|p2a: Keldeo-Resolute|Scald|p1a: Aggron","|-damage|p1a: Aggron|98/344 slp","|-damage|p2a: Keldeo-Resolute|259/323|[from] item: Life Orb","|cant|p1a: Aggron|slp","|move|p1a: Aggron|Sleep Talk|p1a: Aggron","|move|p1a: Aggron|Curse|p1a: Aggron|[from]Sleep Talk","|-unboost|p1a: Aggron|spe|1","|-boost|p1a: Aggron|atk|1","|-boost|p1a: Aggron|def|1","|","|turn|10","|","|switch|p1a: Cradily|Cradily, M|324/324","|move|p2a: Keldeo-Resolute|Scald|p1a: Cradily","|-boost|p1a: Cradily|spa|1|[from] ability: Storm Drain","|","|turn|11","|","|move|p2a: Keldeo-Resolute|Secret Sword|p1a: Cradily","|-supereffective|p1a: Cradily","|-damage|p1a: Cradily|0 fnt","|-damage|p2a: Keldeo-Resolute|227/323|[from] item: Life Orb","|faint|p1a: Cradily","|","|","|switch|p1a: Aerodactyl|Aerodactyl, M|301/301","|turn|12","|","|move|p1a: Aerodactyl|Hone Claws|p1a: Aerodactyl","|-boost|p1a: Aerodactyl|atk|1","|-boost|p1a: Aerodactyl|accuracy|1","|move|p2a: Keldeo-Resolute|Scald|p1a: Aerodactyl","|-supereffective|p1a: Aerodactyl","|-enditem|p1a: Aerodactyl|Focus Sash","|-damage|p1a: Aerodactyl|1/301","|-damage|p2a: Keldeo-Resolute|195/323|[from] item: Life Orb","|","|turn|13","|","|move|p2a: Keldeo-Resolute|Aqua Jet|p1a: Aerodactyl","|-supereffective|p1a: Aerodactyl","|-damage|p1a: Aerodactyl|0 fnt","|-damage|p2a: Keldeo-Resolute|163/323|[from] item: Life Orb","|faint|p1a: Aerodactyl","|","|","|switch|p1a: Terrakion|Terrakion|323/323","|turn|14","|","|move|p1a: Terrakion|Close Combat|p2a: Keldeo-Resolute","|-damage|p2a: Keldeo-Resolute|0 fnt","|-unboost|p1a: Terrakion|def|1","|-unboost|p1a: Terrakion|spd|1","|faint|p2a: Keldeo-Resolute","|","|","|switch|p2a: Lucario|Lucario, M|281/281","|turn|15","|","|move|p2a: Lucario|Endure|p2a: Lucario","|-singleturn|p2a: Lucario|move: Endure","|move|p1a: Terrakion|Close Combat|p2a: Lucario","|-supereffective|p2a: Lucario","|-activate|p2a: Lucario|move: Endure","|-damage|p2a: Lucario|1/281","|-enditem|p2a: Lucario|Weakness Policy","|-boost|p2a: Lucario|atk|2|[from] item: Weakness Policy","|-boost|p2a: Lucario|spa|2|[from] item: Weakness Policy","|-unboost|p1a: Terrakion|def|1","|-unboost|p1a: Terrakion|spd|1","|","|turn|16","|","|switch|p1a: Tyranitar|Tyranitar, M|222/404","|-weather|Sandstorm","|move|p2a: Lucario|Bullet Punch|p1a: Tyranitar","|-crit|p1a: Tyranitar","|-supereffective|p1a: Tyranitar","|-damage|p1a: Tyranitar|0 fnt","|faint|p1a: Tyranitar","|","|-weather|Sandstorm|[upkeep]","|","|switch|p1a: Omastar|Omastar, M|281/281","|turn|17","|","|move|p2a: Lucario|Reversal|p1a: Omastar","|-supereffective|p1a: Omastar","|-enditem|p1a: Omastar|Focus Sash","|-damage|p1a: Omastar|1/281","|move|p1a: Omastar|Earth Power|p2a: Lucario","|-supereffective|p2a: Lucario","|-damage|p2a: Lucario|0 fnt","|faint|p2a: Lucario","|","|-weather|Sandstorm|[upkeep]","|","|switch|p2a: Breloom|Breloom, M, shiny|267/323 tox","|turn|18","|","|switch|p1a: Aggron|Aggron-Mega, M, shiny|98/344 slp","|move|p2a: Breloom|Mach Punch|p1a: Aggron","|-supereffective|p1a: Aggron","|-damage|p1a: Aggron|61/344 slp","|","|-weather|Sandstorm|[upkeep]","|-damage|p2a: Breloom|247/323 tox|[from] sandstorm","|-heal|p2a: Breloom|287/323 tox|[from] ability: Poison Heal","|turn|19","|","|move|p2a: Breloom|Leech Seed|p1a: Aggron","|-start|p1a: Aggron|move: Leech Seed","|-curestatus|p1a: Aggron|slp","|move|p1a: Aggron|Rest|p1a: Aggron","|-status|p1a: Aggron|slp","|-heal|p1a: Aggron|344/344 slp|[silent]","|-status|p1a: Aggron|slp|[from] move: Rest","|","|-weather|Sandstorm|[upkeep]","|-damage|p2a: Breloom|267/323 tox|[from] sandstorm","|-damage|p1a: Aggron|301/344 slp|[from] Leech Seed|[of] p2a: Breloom","|-heal|p2a: Breloom|310/323 tox|[silent]","|-heal|p2a: Breloom|323/323 tox|[from] ability: Poison Heal","|turn|20","|","|switch|p2a: Gallade|Gallade, M, shiny|277/277","|cant|p1a: Aggron|slp","|move|p1a: Aggron|Sleep Talk|p1a: Aggron","|move|p1a: Aggron|Curse|p1a: Aggron|[from]Sleep Talk","|-unboost|p1a: Aggron|spe|1","|-boost|p1a: Aggron|atk|1","|-boost|p1a: Aggron|def|1","|","|-weather|none","|-damage|p1a: Aggron|258/344 slp|[from] Leech Seed|[of] p2a: Gallade","|turn|21","|","|detailschange|p2a: Gallade|Gallade-Mega, M, shiny","|-mega|p2a: Gallade|Gallade|Galladite","|move|p2a: Gallade|Swords Dance|p2a: Gallade","|-boost|p2a: Gallade|atk|2","|cant|p1a: Aggron|slp","|move|p1a: Aggron|Sleep Talk|p1a: Aggron","|move|p1a: Aggron|Curse|p1a: Aggron|[from]Sleep Talk","|-unboost|p1a: Aggron|spe|1","|-boost|p1a: Aggron|atk|1","|-boost|p1a: Aggron|def|1","|","|-damage|p1a: Aggron|215/344 slp|[from] Leech Seed|[of] p2a: Gallade","|turn|22","|","|move|p2a: Gallade|Swords Dance|p2a: Gallade","|-boost|p2a: Gallade|atk|2","|-curestatus|p1a: Aggron|slp","|move|p1a: Aggron|Rest|p1a: Aggron","|-status|p1a: Aggron|slp","|-heal|p1a: Aggron|344/344 slp|[silent]","|-status|p1a: Aggron|slp|[from] move: Rest","|","|-damage|p1a: Aggron|301/344 slp|[from] Leech Seed|[of] p2a: Gallade","|turn|23","|","|move|p2a: Gallade|Swords Dance|p2a: Gallade","|-boost|p2a: Gallade|atk|2","|cant|p1a: Aggron|slp","|move|p1a: Aggron|Sleep Talk|p1a: Aggron","|move|p1a: Aggron|Rest|p1a: Aggron|[from]Sleep Talk","|-fail|p1a: Aggron","|","|-damage|p1a: Aggron|258/344 slp|[from] Leech Seed|[of] p2a: Gallade","|turn|24","|","|move|p2a: Gallade|Drain Punch|p1a: Aggron","|-supereffective|p1a: Aggron","|-damage|p1a: Aggron|41/344 slp","|cant|p1a: Aggron|slp","|move|p1a: Aggron|Sleep Talk|p1a: Aggron","|move|p1a: Aggron|Curse|p1a: Aggron|[from]Sleep Talk","|-unboost|p1a: Aggron|spe|1","|-boost|p1a: Aggron|atk|1","|-boost|p1a: Aggron|def|1","|","|-damage|p1a: Aggron|0 fnt|[from] Leech Seed|[of] p2a: Gallade","|faint|p1a: Aggron","|","|switch|p1a: Omastar|Omastar, M|1/281","|turn|25","|","|move|p2a: Gallade|Shadow Sneak|p1a: Omastar","|-damage|p1a: Omastar|0 fnt","|faint|p1a: Omastar","|","|","|switch|p1a: Terrakion|Terrakion|323/323","|turn|26","|","|move|p1a: Terrakion|Close Combat|p2a: Gallade","|-resisted|p2a: Gallade","|-damage|p2a: Gallade|158/277","|-unboost|p1a: Terrakion|def|1","|-unboost|p1a: Terrakion|spd|1","|move|p2a: Gallade|Drain Punch|p1a: Terrakion","|-supereffective|p1a: Terrakion","|-damage|p1a: Terrakion|0 fnt","|-heal|p2a: Gallade|277/277|[from] drain|[of] p1a: Terrakion","|faint|p1a: Terrakion","|","|win|Hm Rider"],"p1rating":{"entryid":"777566","serverid":"eos","formatid":"monotype","userid":"apexquilluminati","username":"Apex✦Quilluminati","w":"2","l":6,"t":"0","gxe":39,"r":"1500","rd":"130","sigma":"0","rptime":"1441184400","rpr":1412.7926673009,"rprd":91.267900377771,"rpsigma":"0","acre":1048.7655680235,"lacre":1048.7655680235,"oldacre":"1067.1703395589"},"p2rating":{"entryid":"552316","serverid":"eos","formatid":"monotype","userid":"hmrider","username":"Hm Rider","w":14,"l":"14","t":"0","gxe":52.1,"r":"1495.4988052579","rd":"63.570644093793","sigma":"0","rptime":"1441184400","rpr":1515.9342239352,"rprd":61.732635916788,"rpsigma":"0","acre":1119.6010307565,"lacre":1119.6010307565,"oldacre":"1096.1525595656"},"endType":"normal"}