{"seed":[43905,1555,49669,59542],"turns":20,"p1":"blubber lover","p2":"Hm Narwhal","p1team":[{"name":"dafuq","species":"sewaddle","item":"focussash","ability":"Swarm","moves":["stickyweb","magiccoat","batonpass","lightscreen"],"nature":"Bold","evs":{"hp":248,"atk":0,"def":252,"spa":0,"spd":8,"spe":0},"ivs":{"hp":31,"atk":31,"def":31,"spa":31,"spd":31,"spe":31}},{"name":"ur gone","species":"durant","item":"choiceband","ability":"Hustle","moves":["ironhead","xscissor","superpower","rockslide"],"nature":"Jolly","evs":{"hp":0,"atk":252,"def":0,"spa":0,"spd":4,"spe":252},"ivs":{"hp":31,"atk":31,"def":31,"spa":31,"spd":31,"spe":31}},{"name":">qd","species":"volcarona","item":"leftovers","ability":"Flame Body","moves":["calmmind","bugbuzz","roost","flamecharge"],"nature":"Relaxed","evs":{"hp":252,"atk":0,"def":204,"spa":0,"spd":0,"spe":52},"ivs":{"hp":31,"atk":31,"def":31,"spa":31,"spd":31,"spe":31}},{"name":"better than forre","species":"pineco","item":"eviolite","ability":"Sturdy","moves":["rapidspin","stealthrock","spikes","toxicspikes"],"nature":"Bold","evs":{"hp":248,"atk":0,"def":252,"spa":0,"spd":8,"spe":0},"ivs":{"hp":31,"atk":31,"def":31,"spa":31,"spd":31,"spe":31}},{"name":"buzz lightyear!!","species":"beedrill","item":"beedrillite","ability":"Swarm","moves":["twineedle","poisonjab","xscissor","drillrun"],"nature":"Jolly","evs":{"hp":0,"atk":252,"def":0,"spa":0,"spd":4,"spe":252},"ivs":{"hp":31,"atk":31,"def":31,"spa":31,"spd":31,"spe":31}},{"name":"call me patrick","species":"crustle","item":"custapberry","ability":"Sturdy","moves":["shellsmash","xscissor","stoneedge","knockoff"],"nature":"Adamant","evs":{"hp":0,"atk":252,"def":0,"spa":0,"spd":4,"spe":252},"ivs":{"hp":31,"atk":31,"def":31,"spa":31,"spd":31,"spe":31}}],"p2team":[{"name":"Galvantula","species":"Galvantula","item":"focussash","ability":"Compound Eyes","moves":["stickyweb","thunder","bugbuzz","energyball"],"nature":"Timid","evs":{"hp":0,"atk":0,"def":0,"spa":252,"spd":4,"spe":252},"ivs":{"hp":31,"atk":31,"def":31,"spa":31,"spd":31,"spe":31}},{"name":"Pinsir","species":"Pinsir","item":"pinsirite","ability":"Moxie","moves":["return","quickattack","knockoff","rockslide"],"nature":"Jolly","evs":{"hp":4,"atk":252,"def":0,"spa":0,"spd":0,"spe":252},"shiny":true,"ivs":{"hp":31,"atk":31,"def":31,"spa":31,"spd":31,"spe":31}},{"name":"Yanmega","species":"Yanmega","item":"choicespecs","ability":"Tinted Lens","moves":["airslash","bugbuzz","ancientpower","gigadrain"],"nature":"Timid","evs":{"hp":4,"atk":0,"def":0,"spa":252,"spd":0,"spe":252},"ivs":{"hp":31,"atk":31,"def":31,"spa":31,"spd":31,"spe":31}},{"name":"Scizor","species":"Scizor","item":"leftovers","ability":"Technician","moves":["swordsdance","roost","irondefense","bulletpunch"],"nature":"Impish","evs":{"hp":248,"atk":44,"def":16,"spa":0,"spd":200,"spe":0},"ivs":{"hp":31,"atk":31,"def":31,"spa":31,"spd":31,"spe":31}},{"name":"Crustle","species":"Crustle","item":"shellbell","ability":"Sturdy","moves":["xscissor","rockslide","earthquake","shellsmash"],"nature":"Adamant","evs":{"hp":0,"atk":252,"def":0,"spa":0,"spd":4,"spe":252},"ivs":{"hp":31,"atk":31,"def":31,"spa":31,"spd":31,"spe":31}},{"name":"Volcarona","species":"Volcarona","item":"sitrusberry","ability":"Flame Body","moves":["quiverdance","fierydance","gigadrain","hiddenpowerrock"],"nature":"Timid","evs":{"hp":72,"atk":0,"def":0,"spa":252,"spd":0,"spe":184},"ivs":{"hp":31,"atk":31,"def":30,"spa":31,"spd":30,"spe":30}}],"log":["|player|p1|blubber lover|blubberlover.png","|player|p2|Hm Narwhal|101","|gametype|singles","|gen|6","|tier|Monotype","|rated","|rule|Baton Pass Clause: Limit one Baton Passer, can't pass Spe and other stats simultaneously","|rule|Swagger Clause: Swagger is banned","|rule|Same Type Clause: Pokémon in a team must share a type","|clearpoke","|poke|p1|Sewaddle, F","|poke|p1|Durant, F","|poke|p1|Volcarona, F","|poke|p1|Pineco, M","|poke|p1|Beedrill, F","|poke|p1|Crustle, F","|poke|p2|Galvantula, M","|poke|p2|Pinsir, M, shiny","|poke|p2|Yanmega, M","|poke|p2|Scizor, M","|poke|p2|Crustle, M","|poke|p2|Volcarona, F","|rule|Sleep Clause Mod: Limit one foe put to sleep","|rule|Species Clause: Limit one of each Pokémon","|rule|OHKO Clause: OHKO moves are banned","|rule|Moody Clause: Moody is banned","|rule|Evasion Moves Clause: Evasion moves are banned","|rule|Endless Battle Clause: Forcing endless battles is banned","|rule|HP Percentage Mod: HP is shown in percentages","|teampreview","|","|start","|switch|p1a: dafuq|Sewaddle, F|293/293","|switch|p2a: Galvantula|Galvantula, M|281/281","|turn|1","|","|move|p1a: dafuq|Magic Coat|p1a: dafuq","|-singleturn|p1a: dafuq|move: Magic Coat","|move|p2a: Galvantula|Sticky Web|p1a: dafuq","|move|p1a: dafuq|Sticky Web|p2a: Galvantula|[from]Magic Coat","|-sidestart|p2: Hm Narwhal|move: Sticky Web","|","|turn|2","|","|move|p2a: Galvantula|Sticky Web|p1a: dafuq","|-sidestart|p1: blubber lover|move: Sticky Web","|move|p1a: dafuq|Light Screen|p1a: dafuq","|-sidestart|p1: blubber lover|move: Light Screen","|","|turn|3","|","|move|p2a: Galvantula|Bug Buzz|p1a: dafuq","|-supereffective|p1a: dafuq","|-damage|p1a: dafuq|107/293","|move|p1a: dafuq|Baton Pass|p1a: dafuq","|","|switch|p1a: >qd|Volcarona, F|374/374","|-activate|p1a: >qd|move: Sticky Web","|-unboost|p1a: >qd|spe|1","|","|turn|4","|","|move|p2a: Galvantula|Thunder|p1a: >qd","|-damage|p1a: >qd|295/374","|move|p1a: >qd|Flame Charge|p2a: Galvantula","|-supereffective|p2a: Galvantula","|-damage|p2a: Galvantula|171/281","|-boost|p1a: >qd|spe|1","|","|-heal|p1a: >qd|318/374|[from] item: Leftovers","|turn|5","|","|move|p2a: Galvantula|Thunder|p1a: >qd","|-damage|p1a: >qd|236/374","|move|p1a: >qd|Flame Charge|p2a: Galvantula","|-supereffective|p2a: Galvantula","|-damage|p2a: Galvantula|57/281","|-boost|p1a: >qd|spe|1","|","|-heal|p1a: >qd|259/374|[from] item: Leftovers","|turn|6","|","|move|p2a: Galvantula|Thunder|p1a: >qd","|-damage|p1a: >qd|187/374","|move|p1a: >qd|Calm Mind|p1a: >qd","|-boost|p1a: >qd|spa|1","|-boost|p1a: >qd|spd|1","|","|-heal|p1a: >qd|210/374|[from] item: Leftovers","|-sideend|p1: blubber lover|move: Light Screen","|turn|7","|","|move|p2a: Galvantula|Thunder|p1a: >qd","|-damage|p1a: >qd|101/374","|move|p1a: >qd|Calm Mind|p1a: >qd","|-boost|p1a: >qd|spa|1","|-boost|p1a: >qd|spd|1","|","|-heal|p1a: >qd|124/374|[from] item: Leftovers","|turn|8","|","|move|p2a: Galvantula|Thunder|p1a: >qd","|-damage|p1a: >qd|45/374","|move|p1a: >qd|Roost|p1a: >qd","|-heal|p1a: >qd|232/374","|","|-heal|p1a: >qd|255/374|[from] item: Leftovers","|turn|9","|","|switch|p2a: Pinsir|Pinsir, M, shiny|272/272","|-activate|p2a: Pinsir|move: Sticky Web","|-unboost|p2a: Pinsir|spe|1","|move|p1a: >qd|Flame Charge|p2a: Pinsir","|-supereffective|p2a: Pinsir","|-damage|p2a: Pinsir|194/272","|-boost|p1a: >qd|spe|1","|","|-heal|p1a: >qd|278/374|[from] item: Leftovers","|turn|10","|","|detailschange|p2a: Pinsir|Pinsir-Mega, M, shiny","|-mega|p2a: Pinsir|Pinsir|Pinsirite","|move|p1a: >qd|Bug Buzz|p2a: Pinsir","|-resisted|p2a: Pinsir","|-damage|p2a: Pinsir|57/272","|move|p2a: Pinsir|Return|p1a: >qd","|-supereffective|p1a: >qd","|-damage|p1a: >qd|0 fnt","|-status|p2a: Pinsir|brn","|faint|p1a: >qd","|","|-damage|p2a: Pinsir|23/272 brn|[from] brn","|","|switch|p1a: better than forre|Pineco, M|303/303","|-activate|p1a: better than forre|move: Sticky Web","|-unboost|p1a: better than forre|spe|1","|turn|11","|","|move|p2a: Pinsir|Quick Attack|p1a: better than forre","|-supereffective|p1a: better than forre","|-damage|p1a: better than forre|251/303","|move|p1a: better than forre|Stealth Rock|p2a: Pinsir","|-sidestart|p2: Hm Narwhal|move: Stealth Rock","|","|-damage|p2a: Pinsir|0 fnt|[from] brn","|faint|p2a: Pinsir","|","|switch|p2a: Yanmega|Yanmega, M|314/314","|-damage|p2a: Yanmega|157/314|[from] Stealth Rock","|turn|12","|","|move|p2a: Yanmega|Air Slash|p1a: better than forre|[miss]","|-miss|p2a: Yanmega|p1a: better than forre","|move|p1a: better than forre|Rapid Spin|p2a: Yanmega","|-crit|p2a: Yanmega","|-damage|p2a: Yanmega|136/314","|-sideend|p1: blubber lover|Sticky Web|[from] move: Rapid Spin|[of] p1a: better than forre","|","|turn|13","|","|switch|p1a: dafuq|Sewaddle, F|107/293","|move|p2a: Yanmega|Air Slash|p1a: dafuq","|-supereffective|p1a: dafuq","|-damage|p1a: dafuq|0 fnt","|faint|p1a: dafuq","|","|","|switch|p1a: call me patrick|Crustle, F|281/281","|turn|14","|","|move|p2a: Yanmega|Air Slash|p1a: call me patrick","|-damage|p1a: call me patrick|61/281","|move|p1a: call me patrick|Shell Smash|p1a: call me patrick","|-unboost|p1a: call me patrick|def|1","|-unboost|p1a: call me patrick|spd|1","|-boost|p1a: call me patrick|atk|2","|-boost|p1a: call me patrick|spa|2","|-boost|p1a: call me patrick|spe|2","|","|turn|15","|-enditem|p1a: call me patrick|Custap Berry|[eat]","|-activate|p1a: call me patrick|Custap Berry","|","|move|p1a: call me patrick|X-Scissor|p2a: Yanmega","|-resisted|p2a: Yanmega","|-damage|p2a: Yanmega|0 fnt","|faint|p2a: Yanmega","|","|","|switch|p2a: Scizor|Scizor, M|343/343","|-activate|p2a: Scizor|move: Sticky Web","|-unboost|p2a: Scizor|spe|1","|-damage|p2a: Scizor|301/343|[from] Stealth Rock","|turn|16","|","|switch|p1a: ur gone|Durant, F|257/257","|move|p2a: Scizor|Bullet Punch|p1a: ur gone","|-resisted|p1a: ur gone","|-damage|p1a: ur gone|218/257","|","|-heal|p2a: Scizor|322/343|[from] item: Leftovers","|turn|17","|","|move|p1a: ur gone|Rock Slide|p2a: Scizor","|-damage|p2a: Scizor|172/343","|cant|p2a: Scizor|flinch","|","|-heal|p2a: Scizor|193/343|[from] item: Leftovers","|turn|18","|","|move|p1a: ur gone|Rock Slide|p2a: Scizor","|-damage|p2a: Scizor|41/343","|move|p2a: Scizor|Iron Defense|p2a: Scizor","|-boost|p2a: Scizor|def|2","|","|-heal|p2a: Scizor|62/343|[from] item: Leftovers","|turn|19","|","|move|p1a: ur gone|Rock Slide|p2a: Scizor","|-damage|p2a: Scizor|0 fnt","|faint|p2a: Scizor","|","|","|switch|p2a: Galvantula|Galvantula, M|57/281","|-activate|p2a: Galvantula|move: Sticky Web","|-unboost|p2a: Galvantula|spe|1","|-damage|p2a: Galvantula|0 fnt|[from] Stealth Rock","|faint|p2a: Galvantula","|","|switch|p2a: Volcarona|Volcarona, F|329/329","|-damage|p2a: Volcarona|165/329|[from] Stealth Rock","|-activate|p2a: Volcarona|move: Sticky Web","|-unboost|p2a: Volcarona|spe|1","|turn|20","|","|move|p1a: ur gone|Rock Slide|p2a: Volcarona","|-supereffective|p2a: Volcarona","|-damage|p2a: Volcarona|0 fnt","|faint|p2a: Volcarona","|","|","|win|blubber lover"],"p1rating":{"entryid":758782,"formatid":"monotype","userid":"blubberlover","username":"blubber lover","r":1500,"rd":130,"sigma":0,"rpr":1530.5324332247,"rprd":122.83307699536,"rpsigma":0,"rptime":1441098000,"w":1,"l":0,"t":0,"gxe":53.8,"acre":1050.3362860098,"lacre":1050.3362860098,"oldacre":1000},"p2rating":{"entryid":"633873","serverid":"eos","formatid":"monotype","userid":"hmnarwhal","username":"Hm Narwhal","w":"4","l":8,"t":"0","gxe":41.2,"r":"1400.4196761964","rd":"89.947780379388","sigma":"0","rptime":"1441098000","rpr":1431.4634760108,"rprd":83.082487268705,"rpsigma":"0","acre":1061.9381676559,"lacre":1061.9381676559,"oldacre":"1091.8622573887"},"endType":"forfeit"}