{"seed":[56814,8781,38926,35038],"turns":24,"p1":"Elder Hoot","p2":"Carnie KeySein","p1team":[{"name":"Electrode","species":"Electrode","item":"airballoon","ability":"Static","moves":["thunderwave","electroball","eerieimpulse","hiddenpowerice"],"nature":"Timid","evs":{"hp":0,"atk":0,"def":0,"spa":252,"spd":4,"spe":252},"ivs":{"hp":31,"atk":30,"def":30,"spa":31,"spd":31,"spe":31}},{"name":"Rotom-Mow","species":"Rotom-Mow","item":"assaultvest","ability":"Levitate","moves":["leafstorm","discharge","shadowball","hex"],"nature":"Modest","evs":{"hp":248,"atk":0,"def":0,"spa":252,"spd":8,"spe":0},"ivs":{"hp":31,"atk":31,"def":31,"spa":31,"spd":31,"spe":31}},{"name":"Pikachu","species":"Pikachu","item":"lightball","ability":"Static","moves":["fakeout","feint","volttackle","knockoff"],"nature":"Jolly","evs":{"hp":0,"atk":252,"def":0,"spa":0,"spd":4,"spe":252},"ivs":{"hp":31,"atk":31,"def":31,"spa":31,"spd":31,"spe":31}},{"name":"Lanturn","species":"Lanturn","item":"choicespecs","ability":"Volt Absorb","moves":["icebeam","scald","dazzlinggleam","signalbeam"],"nature":"Modest","evs":{"hp":248,"atk":0,"def":0,"spa":252,"spd":8,"spe":0},"ivs":{"hp":31,"atk":31,"def":31,"spa":31,"spd":31,"spe":31}},{"name":"Galvantula","species":"Galvantula","item":"focussash","ability":"Compound Eyes","moves":["thunder","energyball","stickyweb","bugbuzz"],"nature":"Timid","evs":{"hp":0,"atk":0,"def":0,"spa":252,"spd":4,"spe":252},"ivs":{"hp":31,"atk":31,"def":31,"spa":31,"spd":31,"spe":31}},{"name":"Eelektross","species":"Eelektross","item":"leftovers","ability":"Levitate","moves":["coil","aquatail","drainpunch","knockoff"],"nature":"Adamant","evs":{"hp":252,"atk":252,"def":0,"spa":0,"spd":4,"spe":0},"ivs":{"hp":31,"atk":31,"def":31,"spa":31,"spd":31,"spe":31}}],"p2team":[{"name":"Hawlucha","species":"Hawlucha","item":"sitrusberry","ability":"Unburden","moves":["substitute","swordsdance","highjumpkick","acrobatics"],"nature":"Jolly","evs":{"hp":12,"atk":252,"def":0,"spa":0,"spd":0,"spe":244},"ivs":{"hp":31,"atk":31,"def":31,"spa":31,"spd":31,"spe":31}},{"name":"Gliscor","species":"Gliscor","item":"toxicorb","ability":"Poison Heal","moves":["substitute","protect","earthquake","toxic"],"nature":"Jolly","evs":{"hp":252,"atk":0,"def":4,"spa":0,"spd":0,"spe":252},"ivs":{"hp":31,"atk":31,"def":31,"spa":31,"spd":31,"spe":31}},{"name":"Gyarados","species":"Gyarados","item":"gyaradosite","ability":"Intimidate","moves":["dragondance","waterfall","crunch","taunt"],"nature":"Jolly","evs":{"hp":4,"atk":252,"def":0,"spa":0,"spd":0,"spe":252},"ivs":{"hp":31,"atk":30,"def":31,"spa":30,"spd":31,"spe":30}},{"name":"Landorus","species":"Landorus","item":"lifeorb","ability":"Sheer Force","moves":["earthpower","sludgewave","psychic","hiddenpowerice"],"nature":"","evs":{"hp":0,"atk":252,"def":0,"spa":0,"spd":0,"spe":0},"ivs":{"hp":31,"atk":30,"def":30,"spa":31,"spd":31,"spe":31}},{"name":"Togekiss","species":"Togekiss","item":"lumberry","ability":"Serene Grace","moves":["thunderwave","airslash","roost","zenheadbutt"],"nature":"Calm","evs":{"hp":252,"atk":0,"def":0,"spa":0,"spd":160,"spe":96},"ivs":{"hp":31,"atk":31,"def":31,"spa":31,"spd":31,"spe":31}},{"name":"Salamence","species":"Salamence","item":"choicescarf","ability":"Moxie","moves":["outrage","earthquake","crunch","brickbreak"],"nature":"Jolly","evs":{"hp":0,"atk":252,"def":0,"spa":0,"spd":4,"spe":252},"ivs":{"hp":31,"atk":31,"def":31,"spa":31,"spd":31,"spe":31}}],"log":["|player|p1|Elder Hoot|170","|player|p2|Carnie KeySein|164","|gametype|singles","|gen|6","|tier|Monotype","|rated","|rule|Baton Pass Clause: Limit one Baton Passer, can't pass Spe and other stats simultaneously","|rule|Swagger Clause: Swagger is banned","|rule|Same Type Clause: Pokémon in a team must share a type","|clearpoke","|poke|p1|Electrode","|poke|p1|Rotom-Mow","|poke|p1|Pikachu, F","|poke|p1|Lanturn, M","|poke|p1|Galvantula, F","|poke|p1|Eelektross, M","|poke|p2|Hawlucha, M","|poke|p2|Gliscor, M","|poke|p2|Gyarados, F","|poke|p2|Landorus, M","|poke|p2|Togekiss, F","|poke|p2|Salamence, M","|rule|Sleep Clause Mod: Limit one foe put to sleep","|rule|Species Clause: Limit one of each Pokémon","|rule|OHKO Clause: OHKO moves are banned","|rule|Moody Clause: Moody is banned","|rule|Evasion Moves Clause: Evasion moves are banned","|rule|Endless Battle Clause: Forcing endless battles is banned","|rule|HP Percentage Mod: HP is shown in percentages","|teampreview","|","|start","|switch|p1a: Electrode|Electrode|261/261","|switch|p2a: Gyarados|Gyarados, F|332/332","|-item|p1a: Electrode|Air Balloon","|-ability|p2a: Gyarados|Intimidate","|-unboost|p1a: Electrode|atk|1","|turn|1","|","|detailschange|p2a: Gyarados|Gyarados-Mega, F","|-mega|p2a: Gyarados|Gyarados|Gyaradosite","|-ability|p2a: Gyarados|Mold Breaker","|move|p1a: Electrode|Thunder Wave|p2a: Gyarados","|-status|p2a: Gyarados|par","|move|p2a: Gyarados|Dragon Dance|p2a: Gyarados","|-boost|p2a: Gyarados|atk|1","|-boost|p2a: Gyarados|spe|1","|","|turn|2","|","|switch|p1a: Rotom-Mow|Rotom-Mow|303/303","|move|p2a: Gyarados|Waterfall|p1a: Rotom-Mow","|-resisted|p1a: Rotom-Mow","|-damage|p1a: Rotom-Mow|192/303","|","|turn|3","|","|move|p1a: Rotom-Mow|Discharge|p2a: Gyarados","|-supereffective|p2a: Gyarados","|-damage|p2a: Gyarados|110/332 par","|move|p2a: Gyarados|Crunch|p1a: Rotom-Mow","|-damage|p1a: Rotom-Mow|0 fnt","|faint|p1a: Rotom-Mow","|","|","|switch|p1a: Pikachu|Pikachu, F|211/211","|turn|4","|","|move|p1a: Pikachu|Fake Out|p2a: Gyarados","|-damage|p2a: Gyarados|59/332 par","|cant|p2a: Gyarados|flinch","|","|turn|5","|","|move|p1a: Pikachu|Volt Tackle|p2a: Gyarados","|-supereffective|p2a: Gyarados","|-damage|p2a: Gyarados|0 fnt","|-damage|p1a: Pikachu|192/211|[from] recoil|[of] p2a: Gyarados","|faint|p2a: Gyarados","|","|","|switch|p2a: Salamence|Salamence, M|331/331","|turn|6","|","|switch|p1a: Eelektross|Eelektross, M|374/374","|move|p2a: Salamence|Outrage|p1a: Eelektross","|-damage|p1a: Eelektross|122/374","|","|-heal|p1a: Eelektross|145/374|[from] item: Leftovers","|turn|7","|","|move|p2a: Salamence|Outrage|p1a: Eelektross|[from]lockedmove","|-damage|p1a: Eelektross|0 fnt","|-start|p2a: Salamence|confusion|[fatigue]","|faint|p1a: Eelektross","|-boost|p2a: Salamence|atk|1|[from] ability: Moxie","|","|","|switch|p1a: Galvantula|Galvantula, F|281/281","|turn|8","|","|-activate|p2a: Salamence|confusion","|-damage|p2a: Salamence|238/331|[from] confusion","|move|p1a: Galvantula|Thunder|p2a: Salamence","|-damage|p2a: Salamence|45/331","|","|turn|9","|","|-activate|p2a: Salamence|confusion","|-damage|p2a: Salamence|0 fnt|[from] confusion","|faint|p2a: Salamence","|move|p1a: Galvantula|Bug Buzz|p2: Salamence|[notarget]","|-notarget","|","|","|switch|p2a: Hawlucha|Hawlucha, M|300/300","|turn|10","|","|move|p2a: Hawlucha|High Jump Kick|p1a: Galvantula","|-resisted|p1a: Galvantula","|-damage|p1a: Galvantula|140/281","|move|p1a: Galvantula|Thunder|p2a: Hawlucha|[miss]","|-miss|p1a: Galvantula|p2a: Hawlucha","|","|turn|11","|","|move|p2a: Hawlucha|High Jump Kick|p1a: Galvantula","|-resisted|p1a: Galvantula","|-damage|p1a: Galvantula|1/281","|move|p1a: Galvantula|Thunder|p2a: Hawlucha","|-supereffective|p2a: Hawlucha","|-damage|p2a: Hawlucha|0 fnt","|faint|p2a: Hawlucha","|","|","|switch|p2a: Landorus|Landorus, M|319/319","|turn|12","|","|move|p1a: Galvantula|Bug Buzz|p2a: Landorus","|-crit|p2a: Landorus","|-resisted|p2a: Landorus","|-damage|p2a: Landorus|196/319","|move|p2a: Landorus|Earth Power|p1a: Galvantula","|-damage|p1a: Galvantula|0 fnt","|faint|p1a: Galvantula","|","|","|switch|p1a: Electrode|Electrode|261/261","|-item|p1a: Electrode|Air Balloon","|turn|13","|","|move|p1a: Electrode|Hidden Power|p2a: Landorus","|-supereffective|p2a: Landorus","|-damage|p2a: Landorus|0 fnt","|faint|p2a: Landorus","|","|","|switch|p2a: Gliscor|Gliscor, M|354/354","|turn|14","|","|move|p1a: Electrode|Hidden Power|p2a: Gliscor","|-supereffective|p2a: Gliscor","|-damage|p2a: Gliscor|110/354","|move|p2a: Gliscor|Substitute|p2a: Gliscor","|-start|p2a: Gliscor|Substitute","|-damage|p2a: Gliscor|22/354","|","|-status|p2a: Gliscor|tox|[from] item: Toxic Orb","|turn|15","|","|move|p1a: Electrode|Hidden Power|p2a: Gliscor","|-supereffective|p2a: Gliscor","|-end|p2a: Gliscor|Substitute","|move|p2a: Gliscor|Toxic|p1a: Electrode","|-status|p1a: Electrode|tox","|","|-damage|p1a: Electrode|245/261 tox|[from] psn","|-heal|p2a: Gliscor|66/354 tox|[from] ability: Poison Heal","|turn|16","|","|move|p2a: Gliscor|Protect|p2a: Gliscor","|-singleturn|p2a: Gliscor|Protect","|move|p1a: Electrode|Hidden Power|p2a: Gliscor","|-activate|p2a: Gliscor|Protect","|","|-damage|p1a: Electrode|213/261 tox|[from] psn","|-heal|p2a: Gliscor|110/354 tox|[from] ability: Poison Heal","|turn|17","|","|move|p2a: Gliscor|Protect|p2a: Gliscor","|-singleturn|p2a: Gliscor|Protect","|move|p1a: Electrode|Hidden Power|p2a: Gliscor","|-activate|p2a: Gliscor|Protect","|","|-damage|p1a: Electrode|165/261 tox|[from] psn","|-heal|p2a: Gliscor|154/354 tox|[from] ability: Poison Heal","|turn|18","|","|switch|p2a: Togekiss|Togekiss, F|374/374","|move|p1a: Electrode|Hidden Power|p2a: Togekiss","|-supereffective|p2a: Togekiss","|-damage|p2a: Togekiss|302/374","|","|-damage|p1a: Electrode|101/261 tox|[from] psn","|turn|19","|","|switch|p1a: Pikachu|Pikachu, F|192/211","|move|p2a: Togekiss|Air Slash|p1a: Pikachu","|-resisted|p1a: Pikachu","|-damage|p1a: Pikachu|109/211","|","|turn|20","|","|move|p1a: Pikachu|Fake Out|p2a: Togekiss","|-damage|p2a: Togekiss|245/374","|cant|p2a: Togekiss|flinch","|","|turn|21","|","|move|p1a: Pikachu|Volt Tackle|p2a: Togekiss","|-supereffective|p2a: Togekiss","|-damage|p2a: Togekiss|0 fnt","|-damage|p1a: Pikachu|28/211|[from] recoil|[of] p2a: Togekiss","|faint|p2a: Togekiss","|","|","|switch|p2a: Gliscor|Gliscor, M|154/354 tox","|turn|22","|","|move|p2a: Gliscor|Earthquake|p1a: Pikachu","|-supereffective|p1a: Pikachu","|-damage|p1a: Pikachu|0 fnt","|faint|p1a: Pikachu","|","|-heal|p2a: Gliscor|198/354 tox|[from] ability: Poison Heal","|","|switch|p1a: Electrode|Electrode|101/261 tox","|-item|p1a: Electrode|Air Balloon","|turn|23","|","|move|p2a: Gliscor|Protect|p2a: Gliscor","|-singleturn|p2a: Gliscor|Protect","|move|p1a: Electrode|Hidden Power|p2a: Gliscor","|-activate|p2a: Gliscor|Protect","|","|-damage|p1a: Electrode|85/261 tox|[from] psn","|-heal|p2a: Gliscor|242/354 tox|[from] ability: Poison Heal","|turn|24","|","|move|p1a: Electrode|Hidden Power|p2a: Gliscor","|-supereffective|p2a: Gliscor","|-damage|p2a: Gliscor|0 fnt","|faint|p2a: Gliscor","|","|win|Elder Hoot"],"p1rating":{"entryid":"555056","serverid":"eos","formatid":"monotype","userid":"elderhoot","username":"Elder Hoot","w":7,"l":"12","t":"0","gxe":42.6,"r":"1434.2729034485","rd":"84.287501446993","sigma":"0","rptime":"1441184400","rpr":1442.6951337691,"rprd":72.586011136645,"rpsigma":"0","acre":1115.1596730401,"lacre":1115.1596730401,"oldacre":"1086.8546112475"},"p2rating":{"entryid":"787247","serverid":"eos","formatid":"monotype","userid":"carniekeysein","username":"Carnie KeySein","w":"3","l":2,"t":"0","gxe":53,"r":"1500","rd":"130","sigma":"0","rptime":"1441184400","rpr":1523.7603863697,"rprd":102.3411391004,"rpsigma":"0","acre":1077.8070532142,"lacre":1077.8070532142,"oldacre":"1104.0428375045"},"endType":"normal"}