{"seed":[64449,6257,57347,48371],"turns":29,"p1":"Carnie KeySein","p2":"Lotus ۩ Shadow","p1team":[{"name":"Hawlucha","species":"Hawlucha","item":"sitrusberry","ability":"Unburden","moves":["substitute","swordsdance","highjumpkick","acrobatics"],"nature":"Jolly","evs":{"hp":12,"atk":252,"def":0,"spa":0,"spd":0,"spe":244},"ivs":{"hp":31,"atk":31,"def":31,"spa":31,"spd":31,"spe":31}},{"name":"Gliscor","species":"Gliscor","item":"toxicorb","ability":"Poison Heal","moves":["substitute","protect","earthquake","toxic"],"nature":"Jolly","evs":{"hp":252,"atk":0,"def":4,"spa":0,"spd":0,"spe":252},"ivs":{"hp":31,"atk":31,"def":31,"spa":31,"spd":31,"spe":31}},{"name":"Gyarados","species":"Gyarados","item":"gyaradosite","ability":"Intimidate","moves":["dragondance","waterfall","crunch","taunt"],"nature":"Jolly","evs":{"hp":4,"atk":252,"def":0,"spa":0,"spd":0,"spe":252},"ivs":{"hp":31,"atk":30,"def":31,"spa":30,"spd":31,"spe":30}},{"name":"Landorus","species":"Landorus","item":"lifeorb","ability":"Sheer Force","moves":["earthpower","sludgewave","psychic","hiddenpowerice"],"nature":"","evs":{"hp":0,"atk":252,"def":0,"spa":0,"spd":0,"spe":0},"ivs":{"hp":31,"atk":30,"def":30,"spa":31,"spd":31,"spe":31}},{"name":"Togekiss","species":"Togekiss","item":"lumberry","ability":"Serene Grace","moves":["thunderwave","airslash","roost","zenheadbutt"],"nature":"Calm","evs":{"hp":252,"atk":0,"def":0,"spa":0,"spd":160,"spe":96},"ivs":{"hp":31,"atk":31,"def":31,"spa":31,"spd":31,"spe":31}},{"name":"Salamence","species":"Salamence","item":"choicescarf","ability":"Moxie","moves":["outrage","earthquake","crunch","brickbreak"],"nature":"Jolly","evs":{"hp":0,"atk":252,"def":0,"spa":0,"spd":4,"spe":252},"ivs":{"hp":31,"atk":31,"def":31,"spa":31,"spd":31,"spe":31}}],"p2team":[{"name":"Skarmory","species":"Skarmory","item":"custapberry","ability":"Sturdy","moves":["bravebird","stealthrock","spikes","tailwind"],"nature":"Jolly","evs":{"hp":4,"atk":252,"def":0,"spa":0,"spd":0,"spe":252},"ivs":{"hp":31,"atk":31,"def":31,"spa":31,"spd":31,"spe":31}},{"name":"Bisharp","species":"Bisharp","item":"focussash","ability":"Defiant","moves":["suckerpunch","knockoff","psychocut","swordsdance"],"nature":"Adamant","evs":{"hp":0,"atk":252,"def":4,"spa":0,"spd":0,"spe":252},"ivs":{"hp":31,"atk":31,"def":31,"spa":31,"spd":31,"spe":31}},{"name":"Doublade","species":"Doublade","item":"eviolite","ability":"No Guard","moves":["shadowsneak","swordsdance","gyroball","sacredsword"],"nature":"Brave","evs":{"hp":252,"atk":252,"def":4,"spa":0,"spd":0,"spe":0},"ivs":{"hp":31,"atk":31,"def":31,"spa":31,"spd":31,"spe":0}},{"name":"Heatran","species":"Heatran","item":"airballoon","ability":"Flash Fire","moves":["stoneedge","hiddenpowerice","fireblast","earthpower"],"nature":"Modest","evs":{"hp":0,"atk":0,"def":0,"spa":252,"spd":52,"spe":204},"ivs":{"hp":31,"atk":30,"def":30,"spa":31,"spd":31,"spe":31}},{"name":"Scizor","species":"Scizor","item":"scizorite","ability":"Technician","moves":["swordsdance","bulletpunch","bugbite","roost"],"nature":"Adamant","evs":{"hp":248,"atk":252,"def":0,"spa":0,"spd":8,"spe":0},"ivs":{"hp":31,"atk":31,"def":31,"spa":31,"spd":31,"spe":31}},{"name":"Lucario","species":"Lucario","item":"lifeorb","ability":"Inner Focus","moves":["icepunch","extremespeed","closecombat","swordsdance"],"nature":"Jolly","evs":{"hp":0,"atk":252,"def":4,"spa":0,"spd":0,"spe":252},"ivs":{"hp":31,"atk":31,"def":31,"spa":31,"spd":31,"spe":31}}],"log":["|player|p1|Carnie KeySein|164","|player|p2|Lotus ۩ Shadow|220","|gametype|singles","|gen|6","|tier|Monotype","|rated","|rule|Baton Pass Clause: Limit one Baton Passer, can't pass Spe and other stats simultaneously","|rule|Swagger Clause: Swagger is banned","|rule|Same Type Clause: Pokémon in a team must share a type","|clearpoke","|poke|p1|Hawlucha, M","|poke|p1|Gliscor, M","|poke|p1|Gyarados, M","|poke|p1|Landorus, M","|poke|p1|Togekiss, F","|poke|p1|Salamence, M","|poke|p2|Skarmory, F","|poke|p2|Bisharp, F","|poke|p2|Doublade, M","|poke|p2|Heatran, M","|poke|p2|Scizor, M","|poke|p2|Lucario, F","|rule|Sleep Clause Mod: Limit one foe put to sleep","|rule|Species Clause: Limit one of each Pokémon","|rule|OHKO Clause: OHKO moves are banned","|rule|Moody Clause: Moody is banned","|rule|Evasion Moves Clause: Evasion moves are banned","|rule|Endless Battle Clause: Forcing endless battles is banned","|rule|HP Percentage Mod: HP is shown in percentages","|teampreview","|","|start","|switch|p1a: Gyarados|Gyarados, M|332/332","|switch|p2a: Skarmory|Skarmory, F|272/272","|-ability|p1a: Gyarados|Intimidate","|-unboost|p2a: Skarmory|atk|1","|turn|1","|","|detailschange|p1a: Gyarados|Gyarados-Mega, M","|-mega|p1a: Gyarados|Gyarados|Gyaradosite","|-ability|p1a: Gyarados|Mold Breaker","|move|p1a: Gyarados|Dragon Dance|p1a: Gyarados","|-boost|p1a: Gyarados|atk|1","|-boost|p1a: Gyarados|spe|1","|move|p2a: Skarmory|Stealth Rock|p1a: Gyarados","|-sidestart|p1: Carnie KeySein|move: Stealth Rock","|","|turn|2","|","|switch|p2a: Scizor|Scizor, M|343/343","|move|p1a: Gyarados|Waterfall|p2a: Scizor","|-damage|p2a: Scizor|85/343","|","|turn|3","|","|detailschange|p2a: Scizor|Scizor-Mega, M","|-mega|p2a: Scizor|Scizor|Scizorite","|move|p2a: Scizor|Bullet Punch|p1a: Gyarados","|-resisted|p1a: Gyarados","|-damage|p1a: Gyarados|269/332","|move|p1a: Gyarados|Waterfall|p2a: Scizor","|-damage|p2a: Scizor|0 fnt","|faint|p2a: Scizor","|","|","|switch|p2a: Doublade|Doublade, M|322/322","|turn|4","|","|move|p1a: Gyarados|Waterfall|p2a: Doublade","|-damage|p2a: Doublade|202/322","|move|p2a: Doublade|Sacred Sword|p1a: Gyarados","|-supereffective|p1a: Gyarados","|-damage|p1a: Gyarados|75/332","|","|turn|5","|","|move|p1a: Gyarados|Waterfall|p2a: Doublade","|-damage|p2a: Doublade|78/322","|cant|p2a: Doublade|flinch","|","|turn|6","|","|move|p2a: Doublade|Shadow Sneak|p1a: Gyarados","|-resisted|p1a: Gyarados","|-damage|p1a: Gyarados|42/332","|move|p1a: Gyarados|Waterfall|p2a: Doublade","|-damage|p2a: Doublade|0 fnt","|faint|p2a: Doublade","|","|","|switch|p2a: Lucario|Lucario, F|281/281","|turn|7","|","|move|p2a: Lucario|Extreme Speed|p1a: Gyarados","|-damage|p1a: Gyarados|0 fnt","|-damage|p2a: Lucario|253/281|[from] item: Life Orb","|faint|p1a: Gyarados","|","|","|switch|p1a: Salamence|Salamence, M|331/331","|-damage|p1a: Salamence|249/331|[from] Stealth Rock","|turn|8","|","|move|p1a: Salamence|Outrage|p2a: Lucario","|-resisted|p2a: Lucario","|-damage|p2a: Lucario|100/281","|move|p2a: Lucario|Ice Punch|p1a: Salamence","|-supereffective|p1a: Salamence","|-damage|p1a: Salamence|0 fnt","|-damage|p2a: Lucario|72/281|[from] item: Life Orb","|faint|p1a: Salamence","|","|","|switch|p1a: Landorus|Landorus, M|319/319","|-damage|p1a: Landorus|280/319|[from] Stealth Rock","|turn|9","|","|switch|p2a: Skarmory|Skarmory, F|272/272","|move|p1a: Landorus|Sludge Wave|p2a: Skarmory","|-immune|p2a: Skarmory|[msg]","|","|turn|10","|","|move|p2a: Skarmory|Tailwind|p2a: Skarmory","|-sidestart|p2: Lotus ۩ Shadow|move: Tailwind","|move|p1a: Landorus|Hidden Power|p2a: Skarmory","|-damage|p2a: Skarmory|185/272","|-damage|p1a: Landorus|249/319|[from] item: Life Orb","|","|turn|11","|","|move|p2a: Skarmory|Brave Bird|p1a: Landorus","|-damage|p1a: Landorus|93/319","|-damage|p2a: Skarmory|134/272|[from] recoil|[of] p1a: Landorus","|move|p1a: Landorus|Psychic|p2a: Skarmory","|-resisted|p2a: Skarmory","|-damage|p2a: Skarmory|39/272","|","|turn|12","|-enditem|p2a: Skarmory|Custap Berry|[eat]","|-activate|p2a: Skarmory|Custap Berry","|","|move|p2a: Skarmory|Brave Bird|p1a: Landorus","|-damage|p1a: Landorus|0 fnt","|-damage|p2a: Skarmory|8/272|[from] recoil|[of] p1a: Landorus","|faint|p1a: Landorus","|","|","|switch|p1a: Hawlucha|Hawlucha, M|300/300","|-damage|p1a: Hawlucha|263/300|[from] Stealth Rock","|turn|13","|","|move|p2a: Skarmory|Brave Bird|p1a: Hawlucha","|-supereffective|p1a: Hawlucha","|-damage|p1a: Hawlucha|0 fnt","|-damage|p2a: Skarmory|0 fnt|[from] recoil|[of] p1a: Hawlucha","|faint|p1a: Hawlucha","|faint|p2a: Skarmory","|","|-sideend|p2: Lotus ۩ Shadow|move: Tailwind","|","|switch|p2a: Heatran|Heatran, M|323/323","|switch|p1a: Togekiss|Togekiss, F|374/374","|-item|p2a: Heatran|Air Balloon","|-damage|p1a: Togekiss|281/374|[from] Stealth Rock","|turn|14","|","|move|p2a: Heatran|Stone Edge|p1a: Togekiss","|-supereffective|p1a: Togekiss","|-damage|p1a: Togekiss|135/374","|move|p1a: Togekiss|Thunder Wave|p2a: Heatran","|-status|p2a: Heatran|par","|","|turn|15","|","|move|p1a: Togekiss|Air Slash|p2a: Heatran","|-resisted|p2a: Heatran","|-damage|p2a: Heatran|279/323 par","|-enditem|p2a: Heatran|Air Balloon","|cant|p2a: Heatran|flinch","|","|turn|16","|","|move|p1a: Togekiss|Air Slash|p2a: Heatran","|-resisted|p2a: Heatran","|-damage|p2a: Heatran|234/323 par","|cant|p2a: Heatran|flinch","|","|turn|17","|","|move|p1a: Togekiss|Air Slash|p2a: Heatran","|-crit|p2a: Heatran","|-resisted|p2a: Heatran","|-damage|p2a: Heatran|159/323 par","|cant|p2a: Heatran|flinch","|","|turn|18","|","|move|p1a: Togekiss|Roost|p1a: Togekiss","|-heal|p1a: Togekiss|322/374","|cant|p2a: Heatran|par","|","|turn|19","|","|move|p1a: Togekiss|Air Slash|p2a: Heatran","|-resisted|p2a: Heatran","|-damage|p2a: Heatran|113/323 par","|cant|p2a: Heatran|flinch","|","|turn|20","|","|move|p1a: Togekiss|Air Slash|p2a: Heatran","|-resisted|p2a: Heatran","|-damage|p2a: Heatran|70/323 par","|cant|p2a: Heatran|par","|","|turn|21","|","|move|p1a: Togekiss|Air Slash|p2a: Heatran","|-resisted|p2a: Heatran","|-damage|p2a: Heatran|25/323 par","|move|p2a: Heatran|Fire Blast|p1a: Togekiss","|-damage|p1a: Togekiss|171/374","|","|turn|22","|","|move|p1a: Togekiss|Roost|p1a: Togekiss","|-heal|p1a: Togekiss|358/374","|move|p2a: Heatran|Fire Blast|p1a: Togekiss","|-damage|p1a: Togekiss|193/374","|","|turn|23","|","|move|p1a: Togekiss|Roost|p1a: Togekiss","|-heal|p1a: Togekiss|374/374","|move|p2a: Heatran|Fire Blast|p1a: Togekiss|[miss]","|-miss|p2a: Heatran|p1a: Togekiss","|","|turn|24","|","|move|p1a: Togekiss|Air Slash|p2a: Heatran","|-resisted|p2a: Heatran","|-damage|p2a: Heatran|0 fnt","|faint|p2a: Heatran","|","|","|switch|p2a: Lucario|Lucario, F|72/281","|turn|25","|","|move|p2a: Lucario|Swords Dance|p2a: Lucario","|-boost|p2a: Lucario|atk|2","|move|p1a: Togekiss|Air Slash|p2a: Lucario","|-damage|p2a: Lucario|0 fnt","|faint|p2a: Lucario","|","|","|switch|p2a: Bisharp|Bisharp, F|271/271","|turn|26","|","|move|p2a: Bisharp|Psycho Cut|p1a: Togekiss","|-damage|p1a: Togekiss|283/374","|move|p1a: Togekiss|Thunder Wave|p2a: Bisharp","|-status|p2a: Bisharp|par","|","|turn|27","|","|move|p2a: Bisharp|Sucker Punch|p1a: Togekiss","|-resisted|p1a: Togekiss","|-damage|p1a: Togekiss|202/374","|move|p1a: Togekiss|Air Slash|p2a: Bisharp","|-resisted|p2a: Bisharp","|-damage|p2a: Bisharp|199/271 par","|","|turn|28","|","|move|p1a: Togekiss|Air Slash|p2a: Bisharp","|-resisted|p2a: Bisharp","|-damage|p2a: Bisharp|126/271 par","|cant|p2a: Bisharp|flinch","|","|turn|29","|","|win|Carnie KeySein"],"p1rating":{"entryid":"787247","serverid":"eos","formatid":"monotype","userid":"carniekeysein","username":"Carnie KeySein","w":3,"l":"1","t":"0","gxe":57.9,"r":"1500","rd":"130","sigma":"0","rptime":"1441184400","rpr":1563.0872278983,"rprd":106.60113108068,"rpsigma":"0","acre":1104.0428375045,"lacre":1104.0428375045,"oldacre":"1082.9406775159"},"p2rating":{"entryid":787675,"formatid":"monotype","userid":"lotusshadow","username":"Lotus ۩ Shadow","r":1500,"rd":130,"sigma":0,"rpr":1459.8393856612,"rprd":122.8583080769,"rpsigma":0,"rptime":1441184400,"w":0,"l":1,"t":0,"gxe":45,"acre":1000,"lacre":1000,"oldacre":1000},"endType":"forfeit"}