{"seed":[45652,6831,55048,47480],"turns":26,"p1":"Rain ☆ S.Herbs","p2":"V Photon","p1team":[{"name":"Cofa'","species":"cofagrigus","item":"leftovers","ability":"Mummy","moves":["toxicspikes","infestation","hex","willowisp"],"nature":"Calm","evs":{"hp":252,"atk":0,"def":0,"spa":4,"spd":252,"spe":0},"shiny":true,"ivs":{"hp":31,"atk":31,"def":31,"spa":31,"spd":31,"spe":31}},{"name":"Gengar","species":"Gengar","item":"lifeorb","ability":"Levitate","moves":["shadowball","sludgewave","focusblast","energyball"],"nature":"Timid","evs":{"hp":0,"atk":0,"def":0,"spa":252,"spd":4,"spe":252},"shiny":true,"ivs":{"hp":31,"atk":31,"def":31,"spa":31,"spd":31,"spe":31}},{"name":"Aegislash","species":"Aegislash","item":"leftovers","ability":"Stance Change","moves":["swordsdance","shadowsneak","sacredsword","kingsshield"],"nature":"Adamant","evs":{"hp":252,"atk":252,"def":0,"spa":0,"spd":4,"spe":0},"shiny":true,"ivs":{"hp":31,"atk":31,"def":31,"spa":31,"spd":31,"spe":31}},{"name":"Jellicent","species":"Jellicent","item":"leftovers","ability":"Water Absorb","moves":["recover","scald","toxic","icebeam"],"nature":"Bold","evs":{"hp":252,"atk":0,"def":252,"spa":0,"spd":0,"spe":4},"ivs":{"hp":31,"atk":31,"def":31,"spa":31,"spd":31,"spe":31}},{"name":"Spiritomb","species":"Spiritomb","item":"leftovers","ability":"Infiltrator","moves":["confuseray","darkpulse","psychic","shadowsneak"],"nature":"Modest","evs":{"hp":252,"atk":4,"def":0,"spa":252,"spd":0,"spe":0},"shiny":true,"ivs":{"hp":31,"atk":31,"def":31,"spa":31,"spd":31,"spe":31}},{"name":"Golurk","species":"Golurk","item":"choicescarf","ability":"No Guard","moves":["dynamicpunch","earthquake","icepunch","firepunch"],"nature":"Jolly","evs":{"hp":0,"atk":252,"def":0,"spa":0,"spd":4,"spe":252},"shiny":true,"ivs":{"hp":31,"atk":31,"def":31,"spa":31,"spd":31,"spe":31}}],"p2team":[{"name":"Stun","species":"venusaur","item":"venusaurite","ability":"Overgrow","moves":["sludgebomb","synthesis","hiddenpowerfire","gigadrain"],"nature":"Quiet","evs":{"hp":68,"atk":0,"def":128,"spa":104,"spd":208,"spe":0},"ivs":{"hp":31,"atk":30,"def":31,"spa":30,"spd":31,"spe":30}},{"name":"Myth","species":"ferrothorn","item":"rockyhelmet","ability":"Iron Barbs","moves":["stealthrock","leechseed","gyroball","toxic"],"nature":"Relaxed","evs":{"hp":252,"atk":0,"def":88,"spa":0,"spd":168,"spe":0},"ivs":{"hp":31,"atk":31,"def":31,"spa":31,"spd":31,"spe":31}},{"name":"Viper","species":"whimsicott","item":"choicespecs","ability":"Infiltrator","moves":["moonblast","shadowball","psychic","hiddenpowerfire"],"nature":"Timid","evs":{"hp":0,"atk":0,"def":0,"spa":252,"spd":4,"spe":252},"ivs":{"hp":31,"atk":30,"def":31,"spa":30,"spd":31,"spe":30}},{"name":"Kray","species":"roserade","item":"choicescarf","ability":"Technician","moves":["extrasensory","hiddenpowerice","energyball","dazzlinggleam"],"nature":"Timid","evs":{"hp":0,"atk":0,"def":0,"spa":252,"spd":4,"spe":252},"ivs":{"hp":31,"atk":30,"def":30,"spa":31,"spd":31,"spe":31}},{"name":"Neo","species":"shiftry","item":"lifeorb","ability":"Chlorophyll","moves":["knockoff","suckerpunch","rockslide","swordsdance"],"nature":"Adamant","evs":{"hp":0,"atk":252,"def":0,"spa":0,"spd":4,"spe":252},"ivs":{"hp":31,"atk":31,"def":31,"spa":31,"spd":31,"spe":31}},{"name":"Sam","species":"breloom","item":"toxicorb","ability":"Poison Heal","moves":["swordsdance","drainpunch","seedbomb","machpunch"],"nature":"Jolly","evs":{"hp":12,"atk":244,"def":0,"spa":0,"spd":0,"spe":252},"ivs":{"hp":31,"atk":31,"def":31,"spa":31,"spd":31,"spe":31}}],"log":["|player|p1|Rain ☆ S.Herbs|154","|player|p2|V Photon|169","|gametype|singles","|gen|6","|tier|Monotype","|rated","|rule|Baton Pass Clause: Limit one Baton Passer, can't pass Spe and other stats simultaneously","|rule|Swagger Clause: Swagger is banned","|rule|Same Type Clause: Pokémon in a team must share a type","|clearpoke","|poke|p1|Cofagrigus, F, shiny","|poke|p1|Gengar, F, shiny","|poke|p1|Aegislash, F, shiny","|poke|p1|Jellicent, F","|poke|p1|Spiritomb, M, shiny","|poke|p1|Golurk, shiny","|poke|p2|Venusaur, F","|poke|p2|Ferrothorn, F","|poke|p2|Whimsicott, M","|poke|p2|Roserade, F","|poke|p2|Shiftry, F","|poke|p2|Breloom, F","|rule|Sleep Clause Mod: Limit one foe put to sleep","|rule|Species Clause: Limit one of each Pokémon","|rule|OHKO Clause: OHKO moves are banned","|rule|Moody Clause: Moody is banned","|rule|Evasion Moves Clause: Evasion moves are banned","|rule|Endless Battle Clause: Forcing endless battles is banned","|rule|HP Percentage Mod: HP is shown in percentages","|teampreview","|","|start","|switch|p1a: Cofa'|Cofagrigus, F, shiny|320/320","|switch|p2a: Neo|Shiftry, F|321/321","|turn|1","|","|switch|p2a: Viper|Whimsicott, M|261/261","|move|p1a: Cofa'|Will-O-Wisp|p2a: Viper","|-status|p2a: Viper|brn","|","|-damage|p2a: Viper|229/261 brn|[from] brn","|turn|2","|","|switch|p1a: Gengar|Gengar, F, shiny|261/261","|move|p2a: Viper|Shadow Ball|p1a: Gengar","|-supereffective|p1a: Gengar","|-damage|p1a: Gengar|13/261","|","|-damage|p2a: Viper|197/261 brn|[from] brn","|turn|3","|","|switch|p2a: Myth|Ferrothorn, F|352/352","|move|p1a: Gengar|Sludge Wave|p2a: Myth","|-immune|p2a: Myth|[msg]","|","|turn|4","|","|move|p1a: Gengar|Focus Blast|p2a: Myth|[miss]","|-miss|p1a: Gengar|p2a: Myth","|move|p2a: Myth|Stealth Rock|p1a: Gengar","|-sidestart|p1: Rain ☆ S.Herbs|move: Stealth Rock","|","|turn|5","|","|switch|p2a: Kray|Roserade, F|261/261","|move|p1a: Gengar|Focus Blast|p2a: Kray","|-resisted|p2a: Kray","|-damage|p2a: Kray|167/261","|-damage|p1a: Gengar|0 fnt|[from] item: Life Orb","|faint|p1a: Gengar","|","|","|switch|p1a: Aegislash|Aegislash, F, shiny|324/324","|-damage|p1a: Aegislash|304/324|[from] Stealth Rock","|turn|6","|","|switch|p2a: Myth|Ferrothorn, F|352/352","|switch|p1a: Cofa'|Cofagrigus, F, shiny|320/320","|-damage|p1a: Cofa'|280/320|[from] Stealth Rock","|","|-heal|p1a: Cofa'|300/320|[from] item: Leftovers","|turn|7","|","|move|p1a: Cofa'|Infestation|p2a: Myth","|-damage|p2a: Myth|339/352","|-damage|p1a: Cofa'|260/320|[from] ability: Iron Barbs|[of] p2a: Myth","|-damage|p1a: Cofa'|207/320|[from] item: Rocky Helmet|[of] p2a: Myth","|-activate|p2a: Myth|move: Infestation|[of] p1a: Cofa'","|move|p2a: Myth|Leech Seed|p1a: Cofa'","|-start|p1a: Cofa'|move: Leech Seed","|","|-heal|p1a: Cofa'|227/320|[from] item: Leftovers","|-damage|p1a: Cofa'|187/320|[from] Leech Seed|[of] p2a: Myth","|-heal|p2a: Myth|352/352|[silent]","|-damage|p2a: Myth|308/352|[from] move: Infestation|[partiallytrapped]","|turn|8","|","|move|p1a: Cofa'|Will-O-Wisp|p2a: Myth","|-status|p2a: Myth|brn","|move|p2a: Myth|Toxic|p1a: Cofa'","|-status|p1a: Cofa'|tox","|","|-heal|p1a: Cofa'|207/320 tox|[from] item: Leftovers","|-damage|p1a: Cofa'|167/320 tox|[from] Leech Seed|[of] p2a: Myth","|-heal|p2a: Myth|348/352 brn|[silent]","|-damage|p1a: Cofa'|147/320 tox|[from] psn","|-damage|p2a: Myth|304/352 brn|[from] brn","|-damage|p2a: Myth|260/352 brn|[from] move: Infestation|[partiallytrapped]","|turn|9","|","|move|p1a: Cofa'|Hex|p2a: Myth","|-damage|p2a: Myth|152/352 brn","|move|p2a: Myth|Gyro Ball|p1a: Cofa'","|-damage|p1a: Cofa'|133/320 tox","|-activate|p1a: Cofa'|ability: Mummy|ironbarbs|[of] p2a: Myth","|","|-heal|p1a: Cofa'|153/320 tox|[from] item: Leftovers","|-damage|p1a: Cofa'|113/320 tox|[from] Leech Seed|[of] p2a: Myth","|-heal|p2a: Myth|192/352 brn|[silent]","|-damage|p1a: Cofa'|73/320 tox|[from] psn","|-damage|p2a: Myth|148/352 brn|[from] brn","|-damage|p2a: Myth|104/352 brn|[from] move: Infestation|[partiallytrapped]","|turn|10","|","|move|p1a: Cofa'|Hex|p2a: Myth","|-damage|p2a: Myth|0 fnt","|faint|p2a: Myth","|","|-heal|p1a: Cofa'|93/320 tox|[from] item: Leftovers","|-damage|p1a: Cofa'|33/320 tox|[from] psn","|","|switch|p2a: Sam|Breloom, F|264/264","|turn|11","|","|move|p2a: Sam|Seed Bomb|p1a: Cofa'","|-damage|p1a: Cofa'|0 fnt","|faint|p1a: Cofa'","|","|-status|p2a: Sam|tox|[from] item: Toxic Orb","|","|switch|p1a: Golurk|Golurk, shiny|319/319","|-damage|p1a: Golurk|300/319|[from] Stealth Rock","|turn|12","|","|move|p1a: Golurk|Ice Punch|p2a: Sam","|-supereffective|p2a: Sam","|-damage|p2a: Sam|66/264 tox","|move|p2a: Sam|Seed Bomb|p1a: Golurk","|-supereffective|p1a: Golurk","|-damage|p1a: Golurk|0 fnt","|faint|p1a: Golurk","|","|-heal|p2a: Sam|99/264 tox|[from] ability: Poison Heal","|","|switch|p1a: Spiritomb|Spiritomb, M, shiny|304/304","|-damage|p1a: Spiritomb|266/304|[from] Stealth Rock","|turn|13","|","|move|p2a: Sam|Swords Dance|p2a: Sam","|-boost|p2a: Sam|atk|2","|move|p1a: Spiritomb|Psychic|p2a: Sam","|-supereffective|p2a: Sam","|-damage|p2a: Sam|0 fnt","|faint|p2a: Sam","|","|-heal|p1a: Spiritomb|285/304|[from] item: Leftovers","|","|switch|p2a: Neo|Shiftry, F|321/321","|turn|14","|","|switch|p2a: Kray|Roserade, F|167/261","|move|p1a: Spiritomb|Confuse Ray|p2a: Kray","|-start|p2a: Kray|confusion","|","|-heal|p1a: Spiritomb|304/304|[from] item: Leftovers","|turn|15","|","|-activate|p2a: Kray|confusion","|-damage|p2a: Kray|122/261|[from] confusion","|move|p1a: Spiritomb|Psychic|p2a: Kray","|-supereffective|p2a: Kray","|-damage|p2a: Kray|0 fnt","|faint|p2a: Kray","|","|","|switch|p2a: Viper|Whimsicott, M|197/261 brn","|turn|16","|","|switch|p1a: Jellicent|Jellicent, F|404/404","|-damage|p1a: Jellicent|354/404|[from] Stealth Rock","|move|p2a: Viper|Moonblast|p1a: Jellicent","|-crit|p1a: Jellicent","|-damage|p1a: Jellicent|87/404","|","|-heal|p1a: Jellicent|112/404|[from] item: Leftovers","|-damage|p2a: Viper|165/261 brn|[from] brn","|turn|17","|","|switch|p2a: Stun|Venusaur, F|318/318","|move|p1a: Jellicent|Recover|p1a: Jellicent","|-heal|p1a: Jellicent|314/404","|","|-heal|p1a: Jellicent|339/404|[from] item: Leftovers","|turn|18","|","|detailschange|p2a: Stun|Venusaur-Mega, F","|-mega|p2a: Stun|Venusaur|Venusaurite","|move|p2a: Stun|Giga Drain|p1a: Jellicent","|-supereffective|p1a: Jellicent","|-damage|p1a: Jellicent|91/404","|move|p1a: Jellicent|Ice Beam|p2a: Stun","|-supereffective|p2a: Stun","|-damage|p2a: Stun|274/318","|","|-heal|p1a: Jellicent|116/404|[from] item: Leftovers","|turn|19","|","|move|p2a: Stun|Hidden Power|p1a: Jellicent","|-resisted|p1a: Jellicent","|-damage|p1a: Jellicent|86/404","|move|p1a: Jellicent|Scald|p2a: Stun","|-resisted|p2a: Stun","|-damage|p2a: Stun|243/318","|-status|p2a: Stun|brn","|","|-heal|p1a: Jellicent|111/404|[from] item: Leftovers","|-damage|p2a: Stun|204/318 brn|[from] brn","|turn|20","|","|move|p2a: Stun|Giga Drain|p1a: Jellicent","|-supereffective|p1a: Jellicent","|-damage|p1a: Jellicent|0 fnt","|-heal|p2a: Stun|260/318 brn|[from] drain|[of] p1a: Jellicent","|faint|p1a: Jellicent","|","|-damage|p2a: Stun|221/318 brn|[from] brn","|","|switch|p1a: Spiritomb|Spiritomb, M, shiny|304/304","|-damage|p1a: Spiritomb|266/304|[from] Stealth Rock","|turn|21","|","|move|p2a: Stun|Sludge Bomb|p1a: Spiritomb","|-resisted|p1a: Spiritomb","|-damage|p1a: Spiritomb|200/304","|-status|p1a: Spiritomb|psn","|move|p1a: Spiritomb|Confuse Ray|p2a: Stun","|-start|p2a: Stun|confusion","|","|-heal|p1a: Spiritomb|219/304 psn|[from] item: Leftovers","|-damage|p2a: Stun|182/318 brn|[from] brn","|-damage|p1a: Spiritomb|181/304 psn|[from] psn","|turn|22","|","|switch|p2a: Viper|Whimsicott, M|165/261 brn","|move|p1a: Spiritomb|Dark Pulse|p2a: Viper","|-resisted|p2a: Viper","|-damage|p2a: Viper|83/261 brn","|","|-heal|p1a: Spiritomb|200/304 psn|[from] item: Leftovers","|-damage|p2a: Viper|51/261 brn|[from] brn","|-damage|p1a: Spiritomb|162/304 psn|[from] psn","|turn|23","|","|move|p1a: Spiritomb|Shadow Sneak|p2a: Viper","|-damage|p2a: Viper|6/261 brn","|move|p2a: Viper|Shadow Ball|p1a: Spiritomb","|-crit|p1a: Spiritomb","|-damage|p1a: Spiritomb|26/304 psn","|","|-heal|p1a: Spiritomb|45/304 psn|[from] item: Leftovers","|-damage|p2a: Viper|0 fnt|[from] brn","|-damage|p1a: Spiritomb|7/304 psn|[from] psn","|faint|p2a: Viper","|","|switch|p2a: Neo|Shiftry, F|321/321","|turn|24","|","|move|p2a: Neo|Swords Dance|p2a: Neo","|-boost|p2a: Neo|atk|2","|move|p1a: Spiritomb|Confuse Ray|p2a: Neo","|-start|p2a: Neo|confusion","|","|-heal|p1a: Spiritomb|26/304 psn|[from] item: Leftovers","|-damage|p1a: Spiritomb|0 fnt|[from] psn","|faint|p1a: Spiritomb","|","|switch|p1a: Aegislash|Aegislash, F, shiny|304/324","|-damage|p1a: Aegislash|284/324|[from] Stealth Rock","|turn|25","|","|move|p1a: Aegislash|King's Shield|p1a: Aegislash","|-singleturn|p1a: Aegislash|Protect","|-activate|p2a: Neo|confusion","|-damage|p2a: Neo|151/321|[from] confusion","|","|-heal|p1a: Aegislash|304/324|[from] item: Leftovers","|turn|26","|","|-activate|p2a: Neo|confusion","|-damage|p2a: Neo|0 fnt|[from] confusion","|faint|p2a: Neo","|move|p1a: Aegislash|Swords Dance|p1a: Aegislash","|-boost|p1a: Aegislash|atk|2","|","|-heal|p1a: Aegislash|324/324|[from] item: Leftovers","|","|win|Rain ☆ S.Herbs"],"p1rating":{"entryid":"61538","serverid":"eos","formatid":"monotype","userid":"rainsherbs","username":"Rain ☆ S.Herbs","w":23,"l":"30","t":"0","gxe":43.7,"r":"1446.8650886179","rd":"49.458029710485","sigma":"0","rptime":"1441098000","rpr":1452.2109195341,"rprd":47.893754662262,"rpsigma":"0","acre":1102.6202327872,"lacre":1102.6202327872,"oldacre":"1055.6226891904"},"p2rating":{"entryid":"24749","serverid":"eos","formatid":"monotype","userid":"vphoton","username":"V Photon - ⓈⓁⒺⒺⓅ","w":"20","l":19,"t":"0","gxe":51.6,"r":"1504.2495003069","rd":"58.807597499128","sigma":"0","rptime":"1441098000","rpr":1512.0605187683,"rprd":55.277717279974,"rpsigma":"0","acre":1202.2958780326,"lacre":1202.2958780326,"oldacre":"1239.4110045881"},"endType":"forfeit"}