{"seed":[7023,18194,62328,40008],"turns":22,"p1":"Alliance - Mxy","p2":"Guard Wulf","p1team":[{"name":"Beedrill","species":"Beedrill","item":"beedrillite","ability":"Swarm","moves":["xscissor","poisonjab","knockoff","protect"],"nature":"Jolly","evs":{"hp":0,"atk":252,"def":0,"spa":0,"spd":4,"spe":252},"ivs":{"hp":31,"atk":31,"def":31,"spa":31,"spd":31,"spe":31}},{"name":"Weezing","species":"Weezing","item":"blacksludge","ability":"Levitate","moves":["fireblast","sludgewave","willowisp","painsplit"],"nature":"Bold","evs":{"hp":248,"atk":0,"def":252,"spa":8,"spd":0,"spe":0},"ivs":{"hp":31,"atk":0,"def":31,"spa":31,"spd":31,"spe":31}},{"name":"Nidoqueen","species":"Nidoqueen","item":"lifeorb","ability":"Sheer Force","moves":["earthpower","fireblast","icebeam","stealthrock"],"nature":"Modest","evs":{"hp":128,"atk":0,"def":0,"spa":168,"spd":0,"spe":212},"ivs":{"hp":31,"atk":31,"def":31,"spa":31,"spd":31,"spe":31}},{"name":"Tentacruel","species":"Tentacruel","item":"airballoon","ability":"Liquid Ooze","moves":["toxicspikes","rapidspin","scald","substitute"],"nature":"Bold","evs":{"hp":160,"atk":0,"def":76,"spa":0,"spd":76,"spe":196},"ivs":{"hp":31,"atk":31,"def":31,"spa":31,"spd":31,"spe":31}},{"name":"Drapion","species":"Drapion","item":"choicescarf","ability":"Sniper","moves":["knockoff","earthquake","rockslide","thunderfang"],"nature":"Adamant","evs":{"hp":0,"atk":252,"def":4,"spa":0,"spd":0,"spe":252},"ivs":{"hp":31,"atk":31,"def":31,"spa":31,"spd":31,"spe":31}},{"name":"Crobat","species":"Crobat","item":"leftovers","ability":"Infiltrator","moves":["bravebird","roost","taunt","toxic"],"nature":"Jolly","evs":{"hp":160,"atk":96,"def":0,"spa":0,"spd":0,"spe":252},"ivs":{"hp":31,"atk":31,"def":31,"spa":31,"spd":31,"spe":31}}],"p2team":[{"name":"Jirachi","species":"Jirachi","item":"leftovers","ability":"Serene Grace","moves":["ironhead","stealthrock","wish","protect"],"nature":"Careful","evs":{"hp":252,"atk":0,"def":0,"spa":0,"spd":224,"spe":32},"ivs":{"hp":31,"atk":31,"def":31,"spa":31,"spd":31,"spe":31}},{"name":"Slowbro","species":"Slowbro","item":"leftovers","ability":"Regenerator","moves":["scald","thunderwave","icebeam","slackoff"],"nature":"Bold","evs":{"hp":252,"atk":0,"def":252,"spa":4,"spd":0,"spe":0},"ivs":{"hp":31,"atk":31,"def":31,"spa":31,"spd":31,"spe":31}},{"name":"Meloetta","species":"Meloetta","item":"leftovers","ability":"Serene Grace","moves":["thunderwave","hypervoice","dazzlinggleam","healbell"],"nature":"Calm","evs":{"hp":248,"atk":0,"def":0,"spa":8,"spd":252,"spe":0},"ivs":{"hp":31,"atk":31,"def":31,"spa":31,"spd":31,"spe":31}},{"name":"Victini","species":"Victini","item":"choicescarf","ability":"Victory Star","moves":["uturn","boltstrike","vcreate","zenheadbutt"],"nature":"Jolly","evs":{"hp":0,"atk":252,"def":0,"spa":0,"spd":4,"spe":252},"ivs":{"hp":31,"atk":31,"def":31,"spa":31,"spd":31,"spe":31}},{"name":"Gardevoir","species":"Gardevoir","item":"gardevoirite","ability":"Trace","moves":["substitute","hypervoice","focusblast","psyshock"],"nature":"Timid","evs":{"hp":0,"atk":0,"def":0,"spa":252,"spd":4,"spe":252},"ivs":{"hp":31,"atk":31,"def":31,"spa":31,"spd":31,"spe":31}},{"name":"Hoopa-Unbound","species":"Hoopa-Unbound","item":"focussash","ability":"Magician","moves":["hyperspacefury","knockoff","drainpunch","firepunch"],"nature":"Adamant","evs":{"hp":248,"atk":252,"def":0,"spa":0,"spd":8,"spe":0},"ivs":{"hp":31,"atk":31,"def":31,"spa":31,"spd":31,"spe":31}}],"log":["|player|p1|Alliance - Mxy|270","|player|p2|Guard Wulf|80","|gametype|singles","|gen|6","|tier|Monotype","|rated","|rule|Baton Pass Clause: Limit one Baton Passer, can't pass Spe and other stats simultaneously","|rule|Swagger Clause: Swagger is banned","|rule|Same Type Clause: Pokémon in a team must share a type","|clearpoke","|poke|p1|Beedrill, M","|poke|p1|Weezing, M","|poke|p1|Nidoqueen, F","|poke|p1|Tentacruel, F","|poke|p1|Drapion, M","|poke|p1|Crobat, F","|poke|p2|Jirachi","|poke|p2|Slowbro, M","|poke|p2|Meloetta","|poke|p2|Victini","|poke|p2|Gardevoir, M","|poke|p2|Hoopa-Unbound","|rule|Sleep Clause Mod: Limit one foe put to sleep","|rule|Species Clause: Limit one of each Pokémon","|rule|OHKO Clause: OHKO moves are banned","|rule|Moody Clause: Moody is banned","|rule|Evasion Moves Clause: Evasion moves are banned","|rule|Endless Battle Clause: Forcing endless battles is banned","|rule|HP Percentage Mod: HP is shown in percentages","|teampreview","|","|start","|switch|p1a: Nidoqueen|Nidoqueen, F|353/353","|switch|p2a: Hoopa-Unbound|Hoopa-Unbound|363/363","|turn|1","|","|switch|p1a: Drapion|Drapion, M|281/281","|move|p2a: Hoopa-Unbound|Knock Off|p1a: Drapion","|-resisted|p1a: Drapion","|-damage|p1a: Drapion|178/281","|-enditem|p1a: Drapion|Choice Scarf|[from] move: Knock Off|[of] p2a: Hoopa-Unbound","|","|turn|2","|","|move|p1a: Drapion|Knock Off|p2a: Hoopa-Unbound","|-damage|p2a: Hoopa-Unbound|149/363","|-enditem|p2a: Hoopa-Unbound|Focus Sash|[from] move: Knock Off|[of] p1a: Drapion","|move|p2a: Hoopa-Unbound|Drain Punch|p1a: Drapion","|-damage|p1a: Drapion|67/281","|-heal|p2a: Hoopa-Unbound|205/363|[from] drain|[of] p1a: Drapion","|","|turn|3","|","|move|p1a: Drapion|Earthquake|p2a: Hoopa-Unbound","|-damage|p2a: Hoopa-Unbound|59/363","|move|p2a: Hoopa-Unbound|Drain Punch|p1a: Drapion","|-damage|p1a: Drapion|0 fnt","|-heal|p2a: Hoopa-Unbound|93/363|[from] drain|[of] p1a: Drapion","|faint|p1a: Drapion","|","|","|switch|p1a: Beedrill|Beedrill, M|271/271","|turn|4","|","|detailschange|p1a: Beedrill|Beedrill-Mega, M","|-mega|p1a: Beedrill|Beedrill|Beedrillite","|move|p1a: Beedrill|Knock Off|p2a: Hoopa-Unbound","|-damage|p2a: Hoopa-Unbound|0 fnt","|faint|p2a: Hoopa-Unbound","|","|","|switch|p2a: Victini|Victini|341/341","|turn|5","|","|move|p1a: Beedrill|Protect|p1a: Beedrill","|-singleturn|p1a: Beedrill|Protect","|move|p2a: Victini|Zen Headbutt|p1a: Beedrill","|-activate|p1a: Beedrill|Protect","|","|turn|6","|","|switch|p1a: Weezing|Weezing, M|333/333","|move|p2a: Victini|Zen Headbutt|p1a: Weezing","|-supereffective|p1a: Weezing","|-damage|p1a: Weezing|193/333","|","|-heal|p1a: Weezing|213/333|[from] item: Black Sludge","|turn|7","|","|switch|p2a: Meloetta|Meloetta|403/403","|move|p1a: Weezing|Pain Split|p2a: Meloetta","|-sethp|p2a: Meloetta|308/403|p1a: Weezing|308/333|[from] move: Pain Split","|","|-heal|p2a: Meloetta|333/403|[from] item: Leftovers","|-heal|p1a: Weezing|328/333|[from] item: Black Sludge","|turn|8","|","|switch|p1a: Tentacruel|Tentacruel, F|341/341","|-item|p1a: Tentacruel|Air Balloon","|move|p2a: Meloetta|Thunder Wave|p1a: Tentacruel","|-status|p1a: Tentacruel|par","|","|-heal|p2a: Meloetta|358/403|[from] item: Leftovers","|turn|9","|","|switch|p2a: Gardevoir|Gardevoir, M|277/277","|-ability|p2a: Gardevoir|Liquid Ooze|[from] ability: Trace|[of] p1a: Tentacruel","|move|p1a: Tentacruel|Toxic Spikes|p2a: Gardevoir","|-sidestart|p2: Guard Wulf|move: Toxic Spikes","|","|turn|10","|","|switch|p1a: Crobat|Crobat, F|351/351","|detailschange|p2a: Gardevoir|Gardevoir-Mega, M","|-mega|p2a: Gardevoir|Gardevoir|Gardevoirite","|move|p2a: Gardevoir|Substitute|p2a: Gardevoir","|-start|p2a: Gardevoir|Substitute","|-damage|p2a: Gardevoir|208/277","|","|turn|11","|","|move|p1a: Crobat|Brave Bird|p2a: Gardevoir","|-damage|p2a: Gardevoir|10/277","|-damage|p1a: Crobat|286/351|[from] recoil|[of] p2a: Gardevoir","|move|p2a: Gardevoir|Psyshock|p1a: Crobat","|-supereffective|p1a: Crobat","|-damage|p1a: Crobat|0 fnt","|faint|p1a: Crobat","|","|","|switch|p1a: Tentacruel|Tentacruel, F|341/341 par","|-item|p1a: Tentacruel|Air Balloon","|turn|12","|","|move|p2a: Gardevoir|Psyshock|p1a: Tentacruel","|-supereffective|p1a: Tentacruel","|-damage|p1a: Tentacruel|0 fnt","|-enditem|p1a: Tentacruel|Air Balloon","|faint|p1a: Tentacruel","|","|","|switch|p1a: Weezing|Weezing, M|328/333","|turn|13","|","|move|p2a: Gardevoir|Psyshock|p1a: Weezing","|-supereffective|p1a: Weezing","|-damage|p1a: Weezing|100/333","|move|p1a: Weezing|Sludge Wave|p2a: Gardevoir","|-supereffective|p2a: Gardevoir","|-end|p2a: Gardevoir|Substitute","|","|-heal|p1a: Weezing|120/333|[from] item: Black Sludge","|turn|14","|","|move|p2a: Gardevoir|Psyshock|p1a: Weezing","|-supereffective|p1a: Weezing","|-damage|p1a: Weezing|0 fnt","|faint|p1a: Weezing","|","|","|switch|p1a: Beedrill|Beedrill-Mega, M|271/271","|turn|15","|","|move|p1a: Beedrill|Knock Off|p2a: Gardevoir","|-damage|p2a: Gardevoir|0 fnt","|faint|p2a: Gardevoir","|","|","|switch|p2a: Victini|Victini|341/341","|-status|p2a: Victini|psn","|turn|16","|","|move|p1a: Beedrill|Protect|p1a: Beedrill","|-singleturn|p1a: Beedrill|Protect","|move|p2a: Victini|V-create|p1a: Beedrill","|-activate|p1a: Beedrill|Protect","|","|-damage|p2a: Victini|299/341 psn|[from] psn","|turn|17","|","|switch|p1a: Nidoqueen|Nidoqueen, F|353/353","|move|p2a: Victini|V-create|p1a: Nidoqueen","|-damage|p1a: Nidoqueen|68/353","|-unboost|p2a: Victini|spe|1","|-unboost|p2a: Victini|def|1","|-unboost|p2a: Victini|spd|1","|","|-damage|p2a: Victini|257/341 psn|[from] psn","|turn|18","|","|switch|p2a: Jirachi|Jirachi|404/404","|move|p1a: Nidoqueen|Earth Power|p2a: Jirachi","|-supereffective|p2a: Jirachi","|-damage|p2a: Jirachi|115/404","|","|-heal|p2a: Jirachi|140/404|[from] item: Leftovers","|turn|19","|","|move|p2a: Jirachi|Iron Head|p1a: Nidoqueen","|-damage|p1a: Nidoqueen|0 fnt","|faint|p1a: Nidoqueen","|","|-heal|p2a: Jirachi|165/404|[from] item: Leftovers","|","|switch|p1a: Beedrill|Beedrill-Mega, M|271/271","|turn|20","|","|move|p1a: Beedrill|Knock Off|p2a: Jirachi","|-supereffective|p2a: Jirachi","|-damage|p2a: Jirachi|0 fnt","|-enditem|p2a: Jirachi|Leftovers|[from] move: Knock Off|[of] p1a: Beedrill","|faint|p2a: Jirachi","|","|","|switch|p2a: Victini|Victini|257/341 psn","|turn|21","|","|move|p1a: Beedrill|Protect|p1a: Beedrill","|-singleturn|p1a: Beedrill|Protect","|move|p2a: Victini|V-create|p1a: Beedrill","|-activate|p1a: Beedrill|Protect","|","|-damage|p2a: Victini|215/341 psn|[from] psn","|turn|22","|","|move|p2a: Victini|V-create|p1a: Beedrill","|-supereffective|p1a: Beedrill","|-damage|p1a: Beedrill|0 fnt","|-unboost|p2a: Victini|spe|1","|-unboost|p2a: Victini|def|1","|-unboost|p2a: Victini|spd|1","|faint|p1a: Beedrill","|","|win|Guard Wulf"],"p1rating":{"entryid":"127788","serverid":"eos","formatid":"monotype","userid":"alliancemxy","username":"Alliance - Mxy","w":"36","l":17,"t":"0","gxe":65.3,"r":"1634.547004251","rd":"51.038176239993","sigma":"0","rptime":"1441184400","rpr":1620.3959100947,"rprd":50.008360127342,"rpsigma":"0","acre":1258.8426043378,"lacre":1258.8426043378,"oldacre":"1280.8824691637"},"p2rating":{"entryid":"152473","serverid":"eos","formatid":"monotype","userid":"guardwulf","username":"Guard Wulf","w":32,"l":"9","t":"0","gxe":71.6,"r":"1667.9891844432","rd":"57.632702335111","sigma":"0","rptime":"1441184400","rpr":1676.3111879015,"rprd":56.88191993347,"rpsigma":"0","acre":1339.8464970648,"lacre":1339.8464970648,"oldacre":"1322.2146052041"},"endType":"normal"}