{"seed":[32009,8824,31317,63185],"turns":27,"p1":"Frontier♅Haunter","p2":"Metalyte","p1team":[{"name":"Politoed","species":"Politoed","item":"ejectbutton","ability":"Drizzle","moves":["scald","protect","encore","toxic"],"nature":"Bold","evs":{"hp":248,"atk":0,"def":252,"spa":8,"spd":0,"spe":0},"ivs":{"hp":31,"atk":31,"def":31,"spa":31,"spd":31,"spe":31}},{"name":"Swampert","species":"Swampert","item":"swampertite","ability":"Torrent","moves":["waterfall","icepunch","earthquake","raindance"],"nature":"Adamant","evs":{"hp":4,"atk":252,"def":0,"spa":0,"spd":0,"spe":252},"ivs":{"hp":31,"atk":31,"def":31,"spa":31,"spd":31,"spe":31}},{"name":"Azumarill","species":"Azumarill","item":"choiceband","ability":"Sap Sipper","moves":["playrough","waterfall","aquajet","knockoff"],"nature":"Adamant","evs":{"hp":92,"atk":252,"def":0,"spa":0,"spd":0,"spe":164},"ivs":{"hp":31,"atk":31,"def":31,"spa":31,"spd":31,"spe":31}},{"name":"Kingdra","species":"Kingdra","item":"lifeorb","ability":"Swift Swim","moves":["dracometeor","dragonpulse","scald","icebeam"],"nature":"Modest","evs":{"hp":28,"atk":0,"def":0,"spa":252,"spd":0,"spe":228},"ivs":{"hp":31,"atk":31,"def":31,"spa":31,"spd":31,"spe":31}},{"name":"Gyarados","species":"Gyarados","item":"leftovers","ability":"Intimidate","moves":["bounce","waterfall","substitute","dragondance"],"nature":"Adamant","evs":{"hp":0,"atk":252,"def":0,"spa":0,"spd":4,"spe":252},"ivs":{"hp":31,"atk":31,"def":31,"spa":31,"spd":31,"spe":31}},{"name":"Tentacruel","species":"Tentacruel","item":"blacksludge","ability":"Liquid Ooze","moves":["acidspray","toxicspikes","scald","rapidspin"],"nature":"Calm","evs":{"hp":252,"atk":0,"def":0,"spa":0,"spd":252,"spe":0},"ivs":{"hp":31,"atk":31,"def":31,"spa":31,"spd":31,"spe":31}}],"p2team":[{"name":"Avant-Garde","species":"gardevoir","item":"gardevoirite","ability":"Synchronize","moves":["substitute","hypervoice","psyshock","focusblast"],"nature":"Timid","evs":{"hp":0,"atk":0,"def":0,"spa":252,"spd":4,"spe":252},"ivs":{"hp":31,"atk":31,"def":31,"spa":31,"spd":31,"spe":31}},{"name":"Slowbro","species":"Slowbro","item":"rockyhelmet","ability":"Regenerator","moves":["slackoff","thunderwave","scald","flamethrower"],"nature":"Bold","evs":{"hp":248,"atk":0,"def":252,"spa":8,"spd":0,"spe":0},"ivs":{"hp":31,"atk":31,"def":31,"spa":31,"spd":31,"spe":31}},{"name":"Meloetta","species":"Meloetta","item":"assaultvest","ability":"Serene Grace","moves":["hypervoice","psyshock","shadowball","focusblast"],"nature":"Modest","evs":{"hp":248,"atk":0,"def":0,"spa":252,"spd":8,"spe":0},"ivs":{"hp":31,"atk":31,"def":31,"spa":31,"spd":31,"spe":31}},{"name":"Jirachi","species":"Jirachi","item":"choicescarf","ability":"Serene Grace","moves":["zenheadbutt","ironhead","healingwish","trick"],"nature":"Jolly","evs":{"hp":0,"atk":252,"def":0,"spa":0,"spd":4,"spe":252},"ivs":{"hp":31,"atk":31,"def":31,"spa":31,"spd":31,"spe":31}},{"name":"Sigilyph","species":"Sigilyph","item":"flameorb","ability":"Magic Guard","moves":["roost","cosmicpower","storedpower","psychoshift"],"nature":"Calm","evs":{"hp":248,"atk":0,"def":0,"spa":8,"spd":252,"spe":0},"ivs":{"hp":31,"atk":31,"def":31,"spa":31,"spd":31,"spe":31}},{"name":"Celebi","species":"Celebi","item":"leftovers","ability":"Natural Cure","moves":["substitute","nastyplot","gigadrain","shadowball"],"nature":"Timid","evs":{"hp":4,"atk":0,"def":0,"spa":252,"spd":0,"spe":252},"ivs":{"hp":31,"atk":31,"def":31,"spa":31,"spd":31,"spe":31}}],"log":["|player|p1|Frontier♅Haunter|162","|player|p2|Metalyte|165","|gametype|singles","|gen|6","|tier|Monotype","|rated","|rule|Baton Pass Clause: Limit one Baton Passer, can't pass Spe and other stats simultaneously","|rule|Swagger Clause: Swagger is banned","|rule|Same Type Clause: Pokémon in a team must share a type","|clearpoke","|poke|p1|Politoed, F","|poke|p1|Swampert, M","|poke|p1|Azumarill, M","|poke|p1|Kingdra, F","|poke|p1|Gyarados, F","|poke|p1|Tentacruel, M","|poke|p2|Gardevoir, M","|poke|p2|Slowbro, M","|poke|p2|Meloetta","|poke|p2|Jirachi","|poke|p2|Sigilyph, F","|poke|p2|Celebi","|rule|Sleep Clause Mod: Limit one foe put to sleep","|rule|Species Clause: Limit one of each Pokémon","|rule|OHKO Clause: OHKO moves are banned","|rule|Moody Clause: Moody is banned","|rule|Evasion Moves Clause: Evasion moves are banned","|rule|Endless Battle Clause: Forcing endless battles is banned","|rule|HP Percentage Mod: HP is shown in percentages","|teampreview","|","|start","|switch|p1a: Tentacruel|Tentacruel, M|364/364","|switch|p2a: Celebi|Celebi|342/342","|turn|1","|","|switch|p2a: Slowbro|Slowbro, M|393/393","|move|p1a: Tentacruel|Toxic Spikes|p2a: Slowbro","|-sidestart|p2: Metalyte|move: Toxic Spikes","|","|turn|2","|","|switch|p2a: Sigilyph|Sigilyph, F|347/347","|move|p1a: Tentacruel|Acid Spray|p2a: Sigilyph","|-damage|p2a: Sigilyph|313/347","|-unboost|p2a: Sigilyph|spd|2","|","|-status|p2a: Sigilyph|brn|[from] item: Flame Orb","|turn|3","|","|move|p1a: Tentacruel|Toxic Spikes|p2a: Sigilyph","|-sidestart|p2: Metalyte|move: Toxic Spikes","|move|p2a: Sigilyph|Psycho Shift|p1a: Tentacruel","|-status|p1a: Tentacruel|brn","|-curestatus|p2a: Sigilyph|brn","|","|-damage|p1a: Tentacruel|319/364 brn|[from] brn","|-status|p2a: Sigilyph|brn|[from] item: Flame Orb","|turn|4","|","|move|p1a: Tentacruel|Scald|p2a: Sigilyph","|-damage|p2a: Sigilyph|172/347 brn","|move|p2a: Sigilyph|Cosmic Power|p2a: Sigilyph","|-boost|p2a: Sigilyph|def|1","|-boost|p2a: Sigilyph|spd|1","|","|-heal|p1a: Tentacruel|341/364 brn|[from] item: Black Sludge","|-damage|p1a: Tentacruel|296/364 brn|[from] brn","|turn|5","|","|move|p1a: Tentacruel|Acid Spray|p2a: Sigilyph","|-damage|p2a: Sigilyph|124/347 brn","|-unboost|p2a: Sigilyph|spd|2","|move|p2a: Sigilyph|Roost|p2a: Sigilyph","|-heal|p2a: Sigilyph|298/347 brn","|","|-heal|p1a: Tentacruel|318/364 brn|[from] item: Black Sludge","|-damage|p1a: Tentacruel|273/364 brn|[from] brn","|turn|6","|","|switch|p2a: Avant-Garde|Gardevoir, M|277/277","|-status|p2a: Avant-Garde|tox","|move|p1a: Tentacruel|Scald|p2a: Avant-Garde","|-damage|p2a: Avant-Garde|213/277 tox","|","|-heal|p1a: Tentacruel|295/364 brn|[from] item: Black Sludge","|-damage|p2a: Avant-Garde|196/277 tox|[from] psn","|-damage|p1a: Tentacruel|250/364 brn|[from] brn","|turn|7","|","|detailschange|p2a: Avant-Garde|Gardevoir-Mega, M","|-mega|p2a: Avant-Garde|Gardevoir|Gardevoirite","|move|p2a: Avant-Garde|Psyshock|p1a: Tentacruel","|-supereffective|p1a: Tentacruel","|-damage|p1a: Tentacruel|0 fnt","|faint|p1a: Tentacruel","|","|-damage|p2a: Avant-Garde|162/277 tox|[from] psn","|","|switch|p1a: Politoed|Politoed, F|383/383","|-weather|RainDance","|turn|8","|","|move|p2a: Avant-Garde|Hyper Voice|p1a: Politoed","|-damage|p1a: Politoed|136/383","|-enditem|p1a: Politoed|Eject Button","|","|switch|p1a: Kingdra|Kingdra, F|298/298","|","|-weather|RainDance|[upkeep]","|-damage|p2a: Avant-Garde|111/277 tox|[from] psn","|turn|9","|","|switch|p2a: Meloetta|Meloetta|403/403","|-status|p2a: Meloetta|tox","|move|p1a: Kingdra|Scald|p2a: Meloetta","|-damage|p2a: Meloetta|265/403 tox","|-damage|p1a: Kingdra|269/298|[from] item: Life Orb","|","|-weather|RainDance|[upkeep]","|-damage|p2a: Meloetta|240/403 tox|[from] psn","|turn|10","|","|move|p1a: Kingdra|Draco Meteor|p2a: Meloetta","|-damage|p2a: Meloetta|100/403 tox","|-unboost|p1a: Kingdra|spa|2","|-damage|p1a: Kingdra|240/298|[from] item: Life Orb","|move|p2a: Meloetta|Hyper Voice|p1a: Kingdra","|-damage|p1a: Kingdra|71/298","|","|-weather|RainDance|[upkeep]","|-damage|p2a: Meloetta|50/403 tox|[from] psn","|turn|11","|","|move|p1a: Kingdra|Scald|p2a: Meloetta","|-damage|p2a: Meloetta|0 fnt","|-damage|p1a: Kingdra|42/298|[from] item: Life Orb","|faint|p2a: Meloetta","|","|-weather|RainDance|[upkeep]","|","|switch|p2a: Celebi|Celebi|342/342","|-status|p2a: Celebi|tox","|turn|12","|","|move|p1a: Kingdra|Ice Beam|p2a: Celebi","|-supereffective|p2a: Celebi","|-damage|p2a: Celebi|222/342 tox","|-damage|p1a: Kingdra|13/298|[from] item: Life Orb","|move|p2a: Celebi|Nasty Plot|p2a: Celebi","|-boost|p2a: Celebi|spa|2","|","|-weather|none","|-heal|p2a: Celebi|243/342 tox|[from] item: Leftovers","|-damage|p2a: Celebi|222/342 tox|[from] psn","|turn|13","|","|move|p2a: Celebi|Giga Drain|p1a: Kingdra","|-damage|p1a: Kingdra|0 fnt","|-heal|p2a: Celebi|229/342 tox|[from] drain|[of] p1a: Kingdra","|faint|p1a: Kingdra","|","|-heal|p2a: Celebi|250/342 tox|[from] item: Leftovers","|-damage|p2a: Celebi|208/342 tox|[from] psn","|","|switch|p1a: Azumarill|Azumarill, M|364/364","|turn|14","|","|move|p2a: Celebi|Giga Drain|p1a: Azumarill","|-boost|p1a: Azumarill|atk|1|[from] ability: Sap Sipper","|move|p1a: Azumarill|Knock Off|p2a: Celebi","|-supereffective|p2a: Celebi","|-damage|p2a: Celebi|0 fnt","|-enditem|p2a: Celebi|Leftovers|[from] move: Knock Off|[of] p1a: Azumarill","|faint|p2a: Celebi","|","|","|switch|p2a: Jirachi|Jirachi|341/341","|turn|15","|","|move|p2a: Jirachi|Healing Wish|p2a: Jirachi","|faint|p2a: Jirachi","|move|p1a: Azumarill|Knock Off|p2: Jirachi|[notarget]","|-notarget","|","|","|switch|p2a: Avant-Garde|Gardevoir-Mega, M|111/277 tox","|-heal|p2a: Avant-Garde|277/277|[from] move: Healing Wish","|-status|p2a: Avant-Garde|tox","|turn|16","|","|move|p2a: Avant-Garde|Hyper Voice|p1a: Azumarill","|-damage|p1a: Azumarill|49/364","|move|p1a: Azumarill|Knock Off|p2a: Avant-Garde","|-damage|p2a: Avant-Garde|124/277 tox","|","|-damage|p2a: Avant-Garde|107/277 tox|[from] psn","|turn|17","|","|move|p2a: Avant-Garde|Hyper Voice|p1a: Azumarill","|-damage|p1a: Azumarill|0 fnt","|faint|p1a: Azumarill","|","|-damage|p2a: Avant-Garde|73/277 tox|[from] psn","|","|switch|p1a: Politoed|Politoed, F|136/383","|-weather|RainDance","|turn|18","|","|move|p2a: Avant-Garde|Hyper Voice|p1a: Politoed","|-damage|p1a: Politoed|0 fnt","|faint|p1a: Politoed","|","|-weather|RainDance|[upkeep]","|-damage|p2a: Avant-Garde|22/277 tox|[from] psn","|","|switch|p1a: Swampert|Swampert, M|342/342","|turn|19","|","|switch|p2a: Slowbro|Slowbro, M|393/393","|-status|p2a: Slowbro|tox","|detailschange|p1a: Swampert|Swampert-Mega, M","|-mega|p1a: Swampert|Swampert|Swampertite","|move|p1a: Swampert|Waterfall|p2a: Slowbro","|-resisted|p2a: Slowbro","|-damage|p2a: Slowbro|297/393 tox","|-damage|p1a: Swampert|285/342|[from] item: Rocky Helmet|[of] p2a: Slowbro","|","|-weather|RainDance|[upkeep]","|-damage|p2a: Slowbro|273/393 tox|[from] psn","|turn|20","|","|move|p1a: Swampert|Earthquake|p2a: Slowbro","|-damage|p2a: Slowbro|126/393 tox","|move|p2a: Slowbro|Scald|p1a: Swampert","|-damage|p1a: Swampert|146/342","|-status|p1a: Swampert|brn","|","|-weather|RainDance|[upkeep]","|-damage|p1a: Swampert|104/342 brn|[from] brn","|-damage|p2a: Slowbro|78/393 tox|[from] psn","|turn|21","|","|move|p1a: Swampert|Ice Punch|p2a: Slowbro","|-resisted|p2a: Slowbro","|-damage|p2a: Slowbro|60/393 tox","|-damage|p1a: Swampert|47/342 brn|[from] item: Rocky Helmet|[of] p2a: Slowbro","|move|p2a: Slowbro|Scald|p1a: Swampert","|-damage|p1a: Swampert|0 fnt","|faint|p1a: Swampert","|","|-weather|RainDance|[upkeep]","|-damage|p2a: Slowbro|0 fnt|[from] psn","|faint|p2a: Slowbro","|","|switch|p2a: Avant-Garde|Gardevoir-Mega, M|22/277 tox","|switch|p1a: Gyarados|Gyarados, F|331/331","|-ability|p1a: Gyarados|Intimidate","|-unboost|p2a: Avant-Garde|atk|1","|turn|22","|","|move|p2a: Avant-Garde|Hyper Voice|p1a: Gyarados","|-damage|p1a: Gyarados|102/331","|move|p1a: Gyarados|Bounce|p2a: Avant-Garde|[still]","|-prepare|p1a: Gyarados|Bounce|p2a: Avant-Garde","|","|-weather|none","|-heal|p1a: Gyarados|122/331|[from] item: Leftovers","|-damage|p2a: Avant-Garde|5/277 tox|[from] psn","|turn|23","|","|move|p2a: Avant-Garde|Hyper Voice|p1a: Gyarados","|-miss|p2a: Avant-Garde|p1a: Gyarados","|move|p1a: Gyarados|Bounce|p2a: Avant-Garde|[from]lockedmove","|-damage|p2a: Avant-Garde|0 fnt","|faint|p2a: Avant-Garde","|","|-heal|p1a: Gyarados|142/331|[from] item: Leftovers","|","|switch|p2a: Sigilyph|Sigilyph, F|298/347 brn","|turn|24","|","|move|p1a: Gyarados|Substitute|p1a: Gyarados","|-start|p1a: Gyarados|Substitute","|-damage|p1a: Gyarados|60/331","|move|p2a: Sigilyph|Psycho Shift|p1a: Gyarados","|-fail|p1a: Gyarados","|","|-heal|p1a: Gyarados|80/331|[from] item: Leftovers","|turn|25","|","|move|p1a: Gyarados|Dragon Dance|p1a: Gyarados","|-boost|p1a: Gyarados|atk|1","|-boost|p1a: Gyarados|spe|1","|move|p2a: Sigilyph|Cosmic Power|p2a: Sigilyph","|-boost|p2a: Sigilyph|def|1","|-boost|p2a: Sigilyph|spd|1","|","|-heal|p1a: Gyarados|100/331|[from] item: Leftovers","|turn|26","|","|move|p1a: Gyarados|Waterfall|p2a: Sigilyph","|-damage|p2a: Sigilyph|111/347 brn","|move|p2a: Sigilyph|Cosmic Power|p2a: Sigilyph","|-boost|p2a: Sigilyph|def|1","|-boost|p2a: Sigilyph|spd|1","|","|-heal|p1a: Gyarados|120/331|[from] item: Leftovers","|turn|27","|","|move|p1a: Gyarados|Waterfall|p2a: Sigilyph","|-damage|p2a: Sigilyph|0 fnt","|faint|p2a: Sigilyph","|","|win|Frontier♅Haunter"],"p1rating":{"entryid":"759360","serverid":"eos","formatid":"monotype","userid":"frontierhaunter","username":"Frontier♅Haunter","w":1,"l":"1","t":"0","gxe":50.8,"r":"1500","rd":"130","sigma":"0","rptime":"1441098000","rpr":1506.5375139235,"rprd":116.48722451569,"rpsigma":"0","acre":1051.213626304,"lacre":1051.213626304,"oldacre":"1000"},"p2rating":{"entryid":"261411","serverid":"eos","formatid":"monotype","userid":"metalyte","username":"Metalyte","w":"6","l":5,"t":"0","gxe":52.9,"r":"1551.245827939","rd":"94.946161953151","sigma":"0","rptime":"1441098000","rpr":1522.7263683626,"rprd":86.997061807877,"rpsigma":"0","acre":1068.070911246,"lacre":1068.070911246,"oldacre":"1100.079427686"},"endType":"normal"}