{"seed":[21487,11718,22893,10768],"turns":18,"p1":"Frontier♅Haunter","p2":"kjnjlfnjff","p1team":[{"name":"Politoed","species":"Politoed","item":"ejectbutton","ability":"Drizzle","moves":["scald","protect","encore","toxic"],"nature":"Bold","evs":{"hp":248,"atk":0,"def":252,"spa":8,"spd":0,"spe":0},"ivs":{"hp":31,"atk":31,"def":31,"spa":31,"spd":31,"spe":31}},{"name":"Swampert","species":"Swampert","item":"swampertite","ability":"Torrent","moves":["waterfall","icepunch","earthquake","raindance"],"nature":"Adamant","evs":{"hp":4,"atk":252,"def":0,"spa":0,"spd":0,"spe":252},"ivs":{"hp":31,"atk":31,"def":31,"spa":31,"spd":31,"spe":31}},{"name":"Azumarill","species":"Azumarill","item":"choiceband","ability":"Sap Sipper","moves":["playrough","waterfall","aquajet","knockoff"],"nature":"Adamant","evs":{"hp":92,"atk":252,"def":0,"spa":0,"spd":0,"spe":164},"ivs":{"hp":31,"atk":31,"def":31,"spa":31,"spd":31,"spe":31}},{"name":"Kingdra","species":"Kingdra","item":"lifeorb","ability":"Swift Swim","moves":["dracometeor","dragonpulse","scald","icebeam"],"nature":"Modest","evs":{"hp":28,"atk":0,"def":0,"spa":252,"spd":0,"spe":228},"ivs":{"hp":31,"atk":31,"def":31,"spa":31,"spd":31,"spe":31}},{"name":"Gyarados","species":"Gyarados","item":"leftovers","ability":"Intimidate","moves":["bounce","waterfall","substitute","dragondance"],"nature":"Adamant","evs":{"hp":0,"atk":252,"def":0,"spa":0,"spd":4,"spe":252},"ivs":{"hp":31,"atk":31,"def":31,"spa":31,"spd":31,"spe":31}},{"name":"Tentacruel","species":"Tentacruel","item":"blacksludge","ability":"Liquid Ooze","moves":["acidspray","toxicspikes","scald","rapidspin"],"nature":"Calm","evs":{"hp":252,"atk":0,"def":0,"spa":0,"spd":252,"spe":0},"ivs":{"hp":31,"atk":31,"def":31,"spa":31,"spd":31,"spe":31}}],"p2team":[{"name":"Aurorus","species":"Aurorus","item":"babiriberry","ability":"Snow Warning","moves":["blizzard","freezedry","ancientpower","calmmind"],"nature":"Modest","evs":{"hp":252,"atk":0,"def":0,"spa":252,"spd":0,"spe":6},"gender":"M","shiny":true,"ivs":{"hp":31,"atk":31,"def":31,"spa":31,"spd":31,"spe":31}},{"name":"Avalugg","species":"Avalugg","item":"rockyhelmet","ability":"Sturdy","moves":["icefang","earthquake","stoneedge","recover"],"nature":"Impish","evs":{"hp":252,"atk":6,"def":252,"spa":0,"spd":0,"spe":0},"gender":"M","shiny":true,"ivs":{"hp":31,"atk":31,"def":31,"spa":31,"spd":31,"spe":31}},{"name":"Weavile","species":"Weavile","item":"focussash","ability":"Pressure","moves":["knockoff","iceshard","iciclecrash","swordsdance"],"nature":"Jolly","evs":{"hp":6,"atk":252,"def":0,"spa":0,"spd":0,"spe":252},"gender":"M","shiny":true,"ivs":{"hp":31,"atk":31,"def":31,"spa":31,"spd":31,"spe":31}},{"name":"Rotom-Frost","species":"Rotom-Frost","item":"assaultvest","ability":"Levitate","moves":["blizzard","voltswitch","darkpulse","thunderbolt"],"nature":"Modest","evs":{"hp":252,"atk":0,"def":0,"spa":252,"spd":0,"spe":6},"ivs":{"hp":31,"atk":31,"def":31,"spa":31,"spd":31,"spe":31}},{"name":"Cloyster","species":"Cloyster","item":"whiteherb","ability":"Skill Link","moves":["iciclespear","rockblast","rapidspin","shellsmash"],"nature":"Adamant","evs":{"hp":6,"atk":252,"def":0,"spa":0,"spd":0,"spe":252},"gender":"M","shiny":true,"ivs":{"hp":31,"atk":31,"def":31,"spa":31,"spd":31,"spe":31}},{"name":"Lapras","species":"Lapras","item":"leftovers","ability":"Water Absorb","moves":["freezedry","surf","healbell","toxic"],"nature":"Modest","evs":{"hp":0,"atk":0,"def":200,"spa":252,"spd":52,"spe":6},"gender":"M","shiny":true,"ivs":{"hp":31,"atk":31,"def":31,"spa":31,"spd":31,"spe":31}}],"log":["|player|p1|Frontier♅Haunter|162","|player|p2|kjnjlfnjff|102","|gametype|singles","|gen|6","|tier|Monotype","|rated","|rule|Baton Pass Clause: Limit one Baton Passer, can't pass Spe and other stats simultaneously","|rule|Swagger Clause: Swagger is banned","|rule|Same Type Clause: Pokémon in a team must share a type","|clearpoke","|poke|p1|Politoed, M","|poke|p1|Swampert, F","|poke|p1|Azumarill, M","|poke|p1|Kingdra, F","|poke|p1|Gyarados, M","|poke|p1|Tentacruel, F","|poke|p2|Aurorus, M, shiny","|poke|p2|Avalugg, M, shiny","|poke|p2|Weavile, M, shiny","|poke|p2|Rotom-Frost","|poke|p2|Cloyster, M, shiny","|poke|p2|Lapras, M, shiny","|rule|Sleep Clause Mod: Limit one foe put to sleep","|rule|Species Clause: Limit one of each Pokémon","|rule|OHKO Clause: OHKO moves are banned","|rule|Moody Clause: Moody is banned","|rule|Evasion Moves Clause: Evasion moves are banned","|rule|Endless Battle Clause: Forcing endless battles is banned","|rule|HP Percentage Mod: HP is shown in percentages","|teampreview","|","|start","|switch|p1a: Tentacruel|Tentacruel, F|364/364","|switch|p2a: Aurorus|Aurorus, M, shiny|450/450","|-weather|Hail","|turn|1","|","|move|p1a: Tentacruel|Toxic Spikes|p2a: Aurorus","|-sidestart|p2: kjnjlfnjff|move: Toxic Spikes","|move|p2a: Aurorus|Calm Mind|p2a: Aurorus","|-boost|p2a: Aurorus|spa|1","|-boost|p2a: Aurorus|spd|1","|","|-weather|Hail|[upkeep]","|-damage|p1a: Tentacruel|342/364|[from] hail","|-heal|p1a: Tentacruel|364/364|[from] item: Black Sludge","|turn|2","|","|move|p1a: Tentacruel|Acid Spray|p2a: Aurorus","|-crit|p2a: Aurorus","|-resisted|p2a: Aurorus","|-damage|p2a: Aurorus|417/450","|-unboost|p2a: Aurorus|spd|2","|move|p2a: Aurorus|Freeze-Dry|p1a: Tentacruel","|-supereffective|p1a: Tentacruel","|-damage|p1a: Tentacruel|140/364","|","|-weather|Hail|[upkeep]","|-damage|p1a: Tentacruel|118/364|[from] hail","|-heal|p1a: Tentacruel|140/364|[from] item: Black Sludge","|turn|3","|","|move|p1a: Tentacruel|Scald|p2a: Aurorus","|-supereffective|p2a: Aurorus","|-damage|p2a: Aurorus|169/450","|move|p2a: Aurorus|Freeze-Dry|p1a: Tentacruel","|-supereffective|p1a: Tentacruel","|-damage|p1a: Tentacruel|0 fnt","|faint|p1a: Tentacruel","|","|-weather|Hail|[upkeep]","|","|switch|p1a: Gyarados|Gyarados, M|331/331","|-ability|p1a: Gyarados|Intimidate","|-unboost|p2a: Aurorus|atk|1","|turn|4","|","|switch|p2a: Lapras|Lapras, M, shiny|401/401","|-status|p2a: Lapras|psn","|move|p1a: Gyarados|Waterfall|p2a: Lapras","|-immune|p2a: Lapras|[msg]","|","|-weather|Hail|[upkeep]","|-damage|p1a: Gyarados|311/331|[from] hail","|-heal|p1a: Gyarados|331/331|[from] item: Leftovers","|-damage|p2a: Lapras|351/401 psn|[from] psn","|turn|5","|","|move|p1a: Gyarados|Substitute|p1a: Gyarados","|-start|p1a: Gyarados|Substitute","|-damage|p1a: Gyarados|249/331","|move|p2a: Lapras|Heal Bell|p2a: Lapras","|-cureteam|p2a: Lapras|[from] move: HealBell","|","|-weather|none","|-heal|p1a: Gyarados|269/331|[from] item: Leftovers","|-heal|p2a: Lapras|376/401|[from] item: Leftovers","|turn|6","|","|move|p1a: Gyarados|Dragon Dance|p1a: Gyarados","|-boost|p1a: Gyarados|atk|1","|-boost|p1a: Gyarados|spe|1","|move|p2a: Lapras|Freeze-Dry|p1a: Gyarados","|-supereffective|p1a: Gyarados","|-end|p1a: Gyarados|Substitute","|","|-heal|p1a: Gyarados|289/331|[from] item: Leftovers","|-heal|p2a: Lapras|401/401|[from] item: Leftovers","|turn|7","|","|move|p1a: Gyarados|Bounce|p2a: Lapras|[still]","|-prepare|p1a: Gyarados|Bounce|p2a: Lapras","|move|p2a: Lapras|Freeze-Dry|p1a: Gyarados|[miss]","|-miss|p2a: Lapras|p1a: Gyarados","|","|-heal|p1a: Gyarados|309/331|[from] item: Leftovers","|turn|8","|","|move|p1a: Gyarados|Bounce|p2a: Lapras|[from]lockedmove","|-damage|p2a: Lapras|170/401","|move|p2a: Lapras|Freeze-Dry|p1a: Gyarados","|-crit|p1a: Gyarados","|-supereffective|p1a: Gyarados","|-damage|p1a: Gyarados|0 fnt","|faint|p1a: Gyarados","|","|-heal|p2a: Lapras|195/401|[from] item: Leftovers","|","|switch|p1a: Azumarill|Azumarill, M|364/364","|turn|9","|","|switch|p2a: Cloyster|Cloyster, M, shiny|242/242","|-status|p2a: Cloyster|psn","|move|p1a: Azumarill|Play Rough|p2a: Cloyster","|-damage|p2a: Cloyster|148/242 psn","|","|-damage|p2a: Cloyster|118/242 psn|[from] psn","|turn|10","|","|move|p2a: Cloyster|Rapid Spin|p1a: Azumarill","|-damage|p1a: Azumarill|338/364","|-sideend|p2: kjnjlfnjff|Toxic Spikes|[from] move: Rapid Spin|[of] p2a: Cloyster","|move|p1a: Azumarill|Play Rough|p2a: Cloyster","|-crit|p2a: Cloyster","|-damage|p2a: Cloyster|0 fnt","|faint|p2a: Cloyster","|","|","|switch|p2a: Rotom-Frost|Rotom-Frost|304/304","|turn|11","|","|move|p2a: Rotom-Frost|Thunderbolt|p1a: Azumarill","|-supereffective|p1a: Azumarill","|-damage|p1a: Azumarill|0 fnt","|faint|p1a: Azumarill","|","|","|switch|p1a: Kingdra|Kingdra, F|298/298","|turn|12","|","|move|p1a: Kingdra|Dragon Pulse|p2a: Rotom-Frost","|-damage|p2a: Rotom-Frost|191/304","|-damage|p1a: Kingdra|269/298|[from] item: Life Orb","|move|p2a: Rotom-Frost|Volt Switch|p1a: Kingdra","|-damage|p1a: Kingdra|148/298","|","|switch|p2a: Weavile|Weavile, M, shiny|282/282","|-ability|p2a: Weavile|Pressure","|","|turn|13","|","|switch|p1a: Politoed|Politoed, M|383/383","|-weather|RainDance","|move|p2a: Weavile|Knock Off|p1a: Politoed","|-damage|p1a: Politoed|250/383","|-enditem|p1a: Politoed|Eject Button|[from] move: Knock Off|[of] p2a: Weavile","|","|-weather|RainDance|[upkeep]","|turn|14","|","|switch|p2a: Lapras|Lapras, M, shiny|195/401","|switch|p1a: Swampert|Swampert, F|342/342","|","|-weather|RainDance|[upkeep]","|-heal|p2a: Lapras|220/401|[from] item: Leftovers","|turn|15","|","|detailschange|p1a: Swampert|Swampert-Mega, F","|-mega|p1a: Swampert|Swampert|Swampertite","|move|p1a: Swampert|Earthquake|p2a: Lapras","|-damage|p2a: Lapras|28/401","|move|p2a: Lapras|Freeze-Dry|p1a: Swampert","|-supereffective|p1a: Swampert","|-damage|p1a: Swampert|0 fnt","|faint|p1a: Swampert","|","|-weather|RainDance|[upkeep]","|-heal|p2a: Lapras|53/401|[from] item: Leftovers","|","|switch|p1a: Kingdra|Kingdra, F|148/298","|turn|16","|","|switch|p2a: Aurorus|Aurorus, M, shiny|169/450","|-weather|Hail","|move|p1a: Kingdra|Dragon Pulse|p2a: Aurorus","|-damage|p2a: Aurorus|0 fnt","|-damage|p1a: Kingdra|119/298|[from] item: Life Orb","|faint|p2a: Aurorus","|","|-weather|Hail|[upkeep]","|-damage|p1a: Kingdra|101/298|[from] hail","|","|switch|p2a: Rotom-Frost|Rotom-Frost|191/304","|turn|17","|","|switch|p1a: Politoed|Politoed, M|250/383","|-weather|RainDance","|move|p2a: Rotom-Frost|Thunderbolt|p1a: Politoed","|-supereffective|p1a: Politoed","|-damage|p1a: Politoed|0 fnt","|faint|p1a: Politoed","|","|-weather|RainDance|[upkeep]","|","|switch|p1a: Kingdra|Kingdra, F|101/298","|turn|18","|","|move|p1a: Kingdra|Scald|p2a: Rotom-Frost","|-damage|p2a: Rotom-Frost|26/304","|-damage|p1a: Kingdra|72/298|[from] item: Life Orb","|move|p2a: Rotom-Frost|Volt Switch|p1a: Kingdra","|-damage|p1a: Kingdra|0 fnt","|faint|p1a: Kingdra","|","|win|kjnjlfnjff"],"p1rating":{"entryid":759360,"formatid":"monotype","userid":"frontierhaunter","username":"Frontier♅Haunter","r":1500,"rd":130,"sigma":0,"rpr":1459.8393856612,"rprd":122.8583080769,"rpsigma":0,"rptime":1441098000,"w":0,"l":1,"t":0,"gxe":45,"acre":1000,"lacre":1000,"oldacre":1000},"p2rating":{"entryid":759361,"formatid":"monotype","userid":"kjnjlfnjff","username":"kjnjlfnjff","r":1500,"rd":130,"sigma":0,"rpr":1540.1606143388,"rprd":122.8583080769,"rpsigma":0,"rptime":1441098000,"w":1,"l":0,"t":0,"gxe":55,"acre":1040,"lacre":1040,"oldacre":1000},"endType":"normal"}