{"seed":[60950,32214,19064,41614],"turns":22,"p1":"Logic","p2":"GTX♅BlackSweeper","p1team":[{"name":"Manaphy","species":"Manaphy","item":"leftovers","ability":"Hydration","moves":["calmmind","raindance","rest","scald"],"nature":"Bold","evs":{"hp":240,"atk":0,"def":148,"spa":0,"spd":0,"spe":120},"ivs":{"hp":31,"atk":0,"def":31,"spa":31,"spd":31,"spe":31}},{"name":"Manectric","species":"Manectric","item":"manectite","ability":"Static","moves":["thunderbolt","hiddenpowerice","flamethrower","voltswitch"],"nature":"Timid","evs":{"hp":0,"atk":0,"def":0,"spa":252,"spd":4,"spe":252},"ivs":{"hp":31,"atk":30,"def":30,"spa":31,"spd":31,"spe":31}},{"name":"Latios","species":"Latios","item":"lifeorb","ability":"Levitate","moves":["dracometeor","psyshock","recover","defog"],"nature":"Timid","evs":{"hp":0,"atk":0,"def":0,"spa":252,"spd":4,"spe":252},"ivs":{"hp":29,"atk":0,"def":31,"spa":31,"spd":31,"spe":31}},{"name":"Ferrothorn","species":"Ferrothorn","item":"leftovers","ability":"Iron Barbs","moves":["stealthrock","leechseed","powerwhip","gyroball"],"nature":"Relaxed","evs":{"hp":252,"atk":0,"def":148,"spa":0,"spd":108,"spe":0},"ivs":{"hp":31,"atk":31,"def":31,"spa":31,"spd":31,"spe":0}},{"name":"Landorus-Therian","species":"Landorus-Therian","item":"leftovers","ability":"Intimidate","moves":["rockpolish","swordsdance","stoneedge","earthquake"],"nature":"Adamant","evs":{"hp":168,"atk":84,"def":0,"spa":0,"spd":24,"spe":232},"ivs":{"hp":31,"atk":31,"def":31,"spa":31,"spd":31,"spe":31}},{"name":"Clefable","species":"Clefable","item":"leftovers","ability":"Magic Guard","moves":["thunderwave","calmmind","moonblast","softboiled"],"nature":"Sassy","evs":{"hp":252,"atk":0,"def":188,"spa":0,"spd":68,"spe":0},"gender":"F","ivs":{"hp":31,"atk":31,"def":31,"spa":31,"spd":31,"spe":16}}],"p2team":[{"name":"Weavile","species":"Weavile","item":"lifeorb","ability":"Pressure","moves":["swordsdance","knockoff","iceshard","poisonjab"],"nature":"Jolly","evs":{"hp":4,"atk":252,"def":0,"spa":0,"spd":0,"spe":252},"shiny":true,"ivs":{"hp":31,"atk":31,"def":31,"spa":31,"spd":31,"spe":31}},{"name":"Starmie","species":"Starmie","item":"lifeorb","ability":"Analytic","moves":["hydropump","hiddenpowerfire","psychic","rapidspin"],"nature":"Timid","evs":{"hp":0,"atk":0,"def":0,"spa":252,"spd":4,"spe":252},"ivs":{"hp":31,"atk":30,"def":31,"spa":30,"spd":31,"spe":30},"shiny":true},{"name":"Lopunny","species":"Lopunny","item":"lopunnite","ability":"Limber","moves":["fakeout","icepunch","highjumpkick","return"],"nature":"Adamant","evs":{"hp":0,"atk":252,"def":4,"spa":0,"spd":0,"spe":252},"ivs":{"hp":31,"atk":31,"def":31,"spa":31,"spd":31,"spe":31}},{"name":"Garchomp","species":"Garchomp","item":"rockyhelmet","ability":"Rough Skin","moves":["stealthrock","dracometeor","fireblast","toxic"],"nature":"Modest","evs":{"hp":252,"atk":0,"def":4,"spa":252,"spd":0,"spe":0},"ivs":{"hp":31,"atk":31,"def":31,"spa":31,"spd":31,"spe":31}},{"name":"Scizor","species":"Scizor","item":"leftovers","ability":"Technician","moves":["bugbite","swordsdance","roost","bulletpunch"],"nature":"Adamant","evs":{"hp":252,"atk":144,"def":112,"spa":0,"spd":0,"spe":0},"ivs":{"hp":31,"atk":31,"def":31,"spa":31,"spd":31,"spe":31}},{"name":"Landorus-Therian","species":"Landorus-Therian","item":"choicescarf","ability":"Intimidate","moves":["explosion","earthquake","uturn","stoneedge"],"nature":"Jolly","evs":{"hp":0,"atk":252,"def":4,"spa":0,"spd":0,"spe":252},"ivs":{"hp":31,"atk":30,"def":30,"spa":31,"spd":31,"spe":31},"shiny":true}],"log":["|player|p1|Logic|logic.gif","|player|p2|GTX♅BlackSweeper|293","|gametype|singles","|gen|6","|tier|OU","|rated","|clearpoke","|poke|p1|Manaphy","|poke|p1|Manectric, M","|poke|p1|Latios, M","|poke|p1|Ferrothorn, F","|poke|p1|Landorus-Therian, M","|poke|p1|Clefable, F","|poke|p2|Weavile, M, shiny","|poke|p2|Starmie, shiny","|poke|p2|Lopunny, M","|poke|p2|Garchomp, M","|poke|p2|Scizor, M","|poke|p2|Landorus-Therian, M, shiny","|rule|Swagger Clause: Swagger is banned","|rule|Baton Pass Clause: Limit one Baton Passer, can't pass Spe and other stats simultaneously","|rule|Sleep Clause Mod: Limit one foe put to sleep","|rule|Species Clause: Limit one of each Pokémon","|rule|OHKO Clause: OHKO moves are banned","|rule|Moody Clause: Moody is banned","|rule|Evasion Moves Clause: Evasion moves are banned","|rule|Endless Battle Clause: Forcing endless battles is banned","|rule|HP Percentage Mod: HP is shown in percentages","|teampreview","|","|start","|switch|p1a: Ferrothorn|Ferrothorn, F|352/352","|switch|p2a: Lopunny|Lopunny, M|271/271","|turn|1","|","|switch|p1a: Landorus-Therian|Landorus-Therian, M|361/361","|-ability|p1a: Landorus-Therian|Intimidate","|-unboost|p2a: Lopunny|atk|1","|detailschange|p2a: Lopunny|Lopunny-Mega, M","|-mega|p2a: Lopunny|Lopunny|Lopunnite","|move|p2a: Lopunny|High Jump Kick|p1a: Landorus-Therian","|-resisted|p1a: Landorus-Therian","|-damage|p1a: Landorus-Therian|269/361","|","|-heal|p1a: Landorus-Therian|291/361|[from] item: Leftovers","|turn|2","|","|switch|p1a: Clefable|Clefable, F|394/394","|move|p2a: Lopunny|Ice Punch|p1a: Clefable","|-damage|p1a: Clefable|329/394","|","|-heal|p1a: Clefable|353/394|[from] item: Leftovers","|turn|3","|","|switch|p2a: Starmie|Starmie, shiny|261/261","|move|p1a: Clefable|Thunder Wave|p2a: Starmie","|-status|p2a: Starmie|par","|","|-heal|p1a: Clefable|377/394|[from] item: Leftovers","|turn|4","|","|switch|p1a: Ferrothorn|Ferrothorn, F|352/352","|move|p2a: Starmie|Hydro Pump|p1a: Ferrothorn","|-resisted|p1a: Ferrothorn","|-damage|p1a: Ferrothorn|235/352","|-damage|p2a: Starmie|235/261 par|[from] item: Life Orb","|","|-heal|p1a: Ferrothorn|257/352|[from] item: Leftovers","|turn|5","|","|move|p2a: Starmie|Hidden Power|p1a: Ferrothorn","|-supereffective|p1a: Ferrothorn","|-damage|p1a: Ferrothorn|0 fnt","|-damage|p2a: Starmie|209/261 par|[from] item: Life Orb","|faint|p1a: Ferrothorn","|","|","|switch|p1a: Manectric|Manectric, M|281/281","|turn|6","|","|detailschange|p1a: Manectric|Manectric-Mega, M","|-mega|p1a: Manectric|Manectric|Manectite","|-ability|p1a: Manectric|Intimidate","|-unboost|p2a: Starmie|atk|1","|move|p1a: Manectric|Hidden Power|p2a: Starmie","|-resisted|p2a: Starmie","|-damage|p2a: Starmie|166/261 par","|move|p2a: Starmie|Hydro Pump|p1a: Manectric","|-damage|p1a: Manectric|0 fnt","|-damage|p2a: Starmie|140/261 par|[from] item: Life Orb","|faint|p1a: Manectric","|","|","|switch|p1a: Clefable|Clefable, F|377/394","|turn|7","|","|move|p1a: Clefable|Calm Mind|p1a: Clefable","|-boost|p1a: Clefable|spa|1","|-boost|p1a: Clefable|spd|1","|cant|p2a: Starmie|par","|","|-heal|p1a: Clefable|394/394|[from] item: Leftovers","|turn|8","|","|switch|p2a: Scizor|Scizor, M|344/344","|move|p1a: Clefable|Calm Mind|p1a: Clefable","|-boost|p1a: Clefable|spa|1","|-boost|p1a: Clefable|spd|1","|","|turn|9","|","|move|p2a: Scizor|Bullet Punch|p1a: Clefable","|-supereffective|p1a: Clefable","|-damage|p1a: Clefable|188/394","|move|p1a: Clefable|Thunder Wave|p2a: Scizor","|-status|p2a: Scizor|par","|","|-heal|p1a: Clefable|212/394|[from] item: Leftovers","|turn|10","|","|move|p1a: Clefable|Soft-Boiled|p1a: Clefable","|-heal|p1a: Clefable|394/394","|cant|p2a: Scizor|par","|","|turn|11","|","|move|p2a: Scizor|Bullet Punch|p1a: Clefable","|-supereffective|p1a: Clefable","|-damage|p1a: Clefable|152/394","|move|p1a: Clefable|Moonblast|p2a: Scizor","|-resisted|p2a: Scizor","|-damage|p2a: Scizor|221/344 par","|","|-heal|p1a: Clefable|176/394|[from] item: Leftovers","|-heal|p2a: Scizor|242/344 par|[from] item: Leftovers","|turn|12","|","|switch|p1a: Landorus-Therian|Landorus-Therian, M|291/361","|-ability|p1a: Landorus-Therian|Intimidate","|-unboost|p2a: Scizor|atk|1","|move|p2a: Scizor|Bullet Punch|p1a: Landorus-Therian","|-damage|p1a: Landorus-Therian|204/361","|","|-heal|p1a: Landorus-Therian|226/361|[from] item: Leftovers","|-heal|p2a: Scizor|263/344 par|[from] item: Leftovers","|turn|13","|","|move|p1a: Landorus-Therian|Swords Dance|p1a: Landorus-Therian","|-boost|p1a: Landorus-Therian|atk|2","|move|p2a: Scizor|Swords Dance|p2a: Scizor","|-boost|p2a: Scizor|atk|2","|","|-heal|p1a: Landorus-Therian|248/361|[from] item: Leftovers","|-heal|p2a: Scizor|284/344 par|[from] item: Leftovers","|turn|14","|","|move|p2a: Scizor|Bullet Punch|p1a: Landorus-Therian","|-damage|p1a: Landorus-Therian|79/361","|move|p1a: Landorus-Therian|Earthquake|p2a: Scizor","|-damage|p2a: Scizor|0 fnt","|faint|p2a: Scizor","|","|-heal|p1a: Landorus-Therian|101/361|[from] item: Leftovers","|","|switch|p2a: Weavile|Weavile, M, shiny|282/282","|-ability|p2a: Weavile|Pressure","|turn|15","|","|move|p2a: Weavile|Knock Off|p1a: Landorus-Therian","|-damage|p1a: Landorus-Therian|0 fnt","|-enditem|p1a: Landorus-Therian|Leftovers|[from] move: Knock Off|[of] p2a: Weavile","|-damage|p2a: Weavile|254/282|[from] item: Life Orb","|faint|p1a: Landorus-Therian","|","|","|switch|p1a: Clefable|Clefable, F|176/394","|turn|16","|","|move|p2a: Weavile|Poison Jab|p1a: Clefable","|-supereffective|p1a: Clefable","|-damage|p1a: Clefable|0 fnt","|-damage|p2a: Weavile|226/282|[from] item: Life Orb","|faint|p1a: Clefable","|","|","|switch|p1a: Manaphy|Manaphy|401/401","|turn|17","|","|move|p2a: Weavile|Knock Off|p1a: Manaphy","|-damage|p1a: Manaphy|220/401","|-enditem|p1a: Manaphy|Leftovers|[from] move: Knock Off|[of] p2a: Weavile","|-damage|p2a: Weavile|198/282|[from] item: Life Orb","|move|p1a: Manaphy|Rain Dance|p1a: Manaphy","|-weather|RainDance","|","|-weather|RainDance|[upkeep]","|turn|18","|","|move|p2a: Weavile|Swords Dance|p2a: Weavile","|-boost|p2a: Weavile|atk|2","|move|p1a: Manaphy|Scald|p2a: Weavile","|-damage|p2a: Weavile|38/282","|","|-weather|RainDance|[upkeep]","|turn|19","|","|move|p2a: Weavile|Poison Jab|p1a: Manaphy","|-damage|p1a: Manaphy|34/401","|-status|p1a: Manaphy|psn","|-damage|p2a: Weavile|10/282|[from] item: Life Orb","|move|p1a: Manaphy|Rest|p1a: Manaphy","|-status|p1a: Manaphy|slp","|-heal|p1a: Manaphy|401/401 slp|[silent]","|-status|p1a: Manaphy|slp|[from] move: Rest","|","|-weather|RainDance|[upkeep]","|-curestatus|p1a: Manaphy|slp","|turn|20","|","|move|p2a: Weavile|Knock Off|p1a: Manaphy","|-damage|p1a: Manaphy|162/401","|-damage|p2a: Weavile|0 fnt|[from] item: Life Orb","|faint|p2a: Weavile","|move|p1a: Manaphy|Scald|p2: Weavile|[notarget]","|-notarget","|","|-weather|RainDance|[upkeep]","|","|switch|p2a: Lopunny|Lopunny-Mega, M|271/271","|turn|21","|","|switch|p1a: Latios|Latios, M|299/299","|move|p2a: Lopunny|Fake Out|p1a: Latios","|-damage|p1a: Latios|200/299","|","|-weather|none","|turn|22","|","|move|p2a: Lopunny|Ice Punch|p1a: Latios","|-supereffective|p1a: Latios","|-damage|p1a: Latios|0 fnt","|faint|p1a: Latios","|","|","|win|GTX♅BlackSweeper"],"p1rating":{"entryid":"6797128","serverid":"eos","formatid":"ou","userid":"logic","username":"Logic","w":"35","l":7,"t":"0","gxe":77.4,"r":"1749.6534441875","rd":"64.550389085816","sigma":"0","rptime":"1439629200","rpr":1735.0894113989,"rprd":63.643975232361,"rpsigma":"0","acre":1300.757724232,"lacre":1300.757724232,"oldacre":"1330.4207446576"},"p2rating":{"entryid":"7470155","serverid":"eos","formatid":"ou","userid":"gtxblacksweeper","username":"GTX♅BlackSweeper","w":8,"l":"1","t":"0","gxe":70.2,"r":"1635.3037768025","rd":"95.222364529473","sigma":"0","rptime":"1439629200","rpr":1666.7904237388,"rprd":92.267054829356,"rpsigma":"0","acre":1184.370835112,"lacre":1184.370835112,"oldacre":"1147.2920595799"},"endType":"forfeit"}