{"seed":[15196,1103,39804,20271],"turns":22,"p1":"RUSH Coconuts","p2":"txning V","p1team":[{"name":"Zeref","species":"gengar","item":"choicescarf","ability":"Levitate","moves":["icywind","shadowball","sludgebomb","destinybond"],"nature":"Timid","evs":{"hp":0,"atk":0,"def":0,"spa":252,"spd":4,"spe":252},"gender":"M","ivs":{"hp":31,"atk":31,"def":31,"spa":31,"spd":31,"spe":31}},{"name":"Levi","species":"jirachi","item":"choicescarf","ability":"Serene Grace","moves":["meteormash","zenheadbutt","firepunch","uturn"],"nature":"Adamant","evs":{"hp":0,"atk":252,"def":0,"spa":0,"spd":4,"spe":252},"ivs":{"hp":31,"atk":31,"def":31,"spa":31,"spd":31,"spe":31}},{"name":"Natsu","species":"charizard","item":"charizarditey","ability":"Blaze","moves":["fireblast","solarbeam","focusblast","roost"],"nature":"Timid","evs":{"hp":0,"atk":0,"def":0,"spa":252,"spd":4,"spe":252},"gender":"M","ivs":{"hp":31,"atk":31,"def":31,"spa":31,"spd":31,"spe":31}},{"name":"Bisca","species":"serperior","item":"lifeorb","ability":"Contrary","moves":["leafstorm","gigadrain","hiddenpowerfire","dragonpulse"],"nature":"Timid","evs":{"hp":0,"atk":0,"def":0,"spa":252,"spd":4,"spe":252},"gender":"F","ivs":{"hp":31,"atk":30,"def":31,"spa":30,"spd":31,"spe":30}},{"name":"Mavis","species":"sylveon","item":"leftovers","ability":"Pixilate","moves":["hypervoice","wish","calmmind","healbell"],"nature":"Bold","evs":{"hp":252,"atk":0,"def":252,"spa":4,"spd":0,"spe":0},"gender":"F","ivs":{"hp":31,"atk":31,"def":31,"spa":31,"spd":31,"spe":31}},{"name":"Kagura","species":"lucario","item":"focussash","ability":"Steadfast","moves":["icepunch","closecombat","extremespeed","swordsdance"],"nature":"Jolly","evs":{"hp":0,"atk":252,"def":0,"spa":0,"spd":4,"spe":252},"gender":"F","ivs":{"hp":31,"atk":31,"def":31,"spa":31,"spd":31,"spe":31}}],"p2team":[{"name":"Medicham","species":"Medicham","item":"medichamite","ability":"Pure Power","moves":["bulletpunch","icepunch","highjumpkick","zenheadbutt"],"nature":"Jolly","evs":{"hp":0,"atk":252,"def":0,"spa":0,"spd":4,"spe":252},"gender":"M","ivs":{"hp":31,"atk":31,"def":31,"spa":31,"spd":31,"spe":31}},{"name":"Excadrill","species":"Excadrill","item":"lifeorb","ability":"Sand Rush","moves":["earthquake","ironhead","swordsdance","rockslide"],"nature":"Adamant","evs":{"hp":60,"atk":252,"def":0,"spa":0,"spd":4,"spe":192},"ivs":{"hp":31,"atk":31,"def":31,"spa":31,"spd":31,"spe":31}},{"name":"Tyranitar","species":"Tyranitar","item":"lifeorb","ability":"Sand Stream","moves":["fireblast","icebeam","stealthrock","stoneedge"],"nature":"Bold","evs":{"hp":252,"atk":68,"def":0,"spa":188,"spd":0,"spe":0},"ivs":{"hp":31,"atk":31,"def":31,"spa":31,"spd":31,"spe":31}},{"name":"Serperior","species":"Serperior","item":"leftovers","ability":"Contrary","moves":["leafstorm","substitute","dragonpulse","hiddenpowerfire"],"nature":"Timid","evs":{"hp":0,"atk":0,"def":0,"spa":252,"spd":4,"spe":252},"ivs":{"hp":31,"atk":30,"def":31,"spa":30,"spd":31,"spe":30}},{"name":"Rotom-Wash","species":"Rotom-Wash","item":"choicescarf","ability":"Levitate","moves":["hydropump","voltswitch","willowisp","trick"],"nature":"Modest","evs":{"hp":44,"atk":0,"def":0,"spa":252,"spd":0,"spe":212},"ivs":{"hp":31,"atk":0,"def":31,"spa":31,"spd":31,"spe":31}},{"name":"Togekiss","species":"Togekiss","item":"leftovers","ability":"Serene Grace","moves":["airslash","thunderwave","roost","dazzlinggleam"],"nature":"Modest","evs":{"hp":252,"atk":0,"def":12,"spa":244,"spd":0,"spe":0},"ivs":{"hp":31,"atk":0,"def":31,"spa":31,"spd":31,"spe":31}}],"log":["|player|p1|RUSH Coconuts|1","|player|p2|txning V|153","|gametype|singles","|gen|6","|tier|OU","|rated","|clearpoke","|poke|p1|Gengar, M","|poke|p1|Jirachi","|poke|p1|Charizard, M","|poke|p1|Serperior, F","|poke|p1|Sylveon, F","|poke|p1|Lucario, F","|poke|p2|Medicham, M","|poke|p2|Excadrill, M","|poke|p2|Tyranitar, F","|poke|p2|Serperior, F","|poke|p2|Rotom-Wash","|poke|p2|Togekiss, M","|rule|Swagger Clause: Swagger is banned","|rule|Baton Pass Clause: Limit one Baton Passer, can't pass Spe and other stats simultaneously","|rule|Sleep Clause Mod: Limit one foe put to sleep","|rule|Species Clause: Limit one of each Pokémon","|rule|OHKO Clause: OHKO moves are banned","|rule|Moody Clause: Moody is banned","|rule|Evasion Moves Clause: Evasion moves are banned","|rule|Endless Battle Clause: Forcing endless battles is banned","|rule|HP Percentage Mod: HP is shown in percentages","|teampreview","|","|start","|switch|p1a: Zeref|Gengar, M|261/261","|switch|p2a: Rotom-Wash|Rotom-Wash|252/252","|turn|1","|","|switch|p1a: Bisca|Serperior, F|291/291","|move|p2a: Rotom-Wash|Volt Switch|p1a: Bisca","|-resisted|p1a: Bisca","|-damage|p1a: Bisca|232/291","|","|switch|p2a: Togekiss|Togekiss, M|374/374","|","|turn|2","|","|switch|p1a: Mavis|Sylveon, F|394/394","|move|p2a: Togekiss|Thunder Wave|p1a: Mavis","|-status|p1a: Mavis|par","|","|turn|3","|","|move|p2a: Togekiss|Air Slash|p1a: Mavis","|-damage|p1a: Mavis|282/394 par","|cant|p1a: Mavis|flinch","|","|-heal|p1a: Mavis|306/394 par|[from] item: Leftovers","|turn|4","|","|switch|p1a: Levi|Jirachi|341/341","|move|p2a: Togekiss|Air Slash|p1a: Levi","|-resisted|p1a: Levi","|-damage|p1a: Levi|267/341","|","|turn|5","|","|switch|p2a: Rotom-Wash|Rotom-Wash|252/252","|move|p1a: Levi|Zen Headbutt|p2a: Rotom-Wash","|-damage|p2a: Rotom-Wash|126/252","|","|turn|6","|","|move|p1a: Levi|Zen Headbutt|p2a: Rotom-Wash","|-damage|p2a: Rotom-Wash|0 fnt","|faint|p2a: Rotom-Wash","|","|","|switch|p2a: Tyranitar|Tyranitar, F|404/404","|-weather|Sandstorm","|turn|7","|","|switch|p1a: Mavis|Sylveon, F|306/394 par","|move|p2a: Tyranitar|Stealth Rock|p1a: Mavis","|-sidestart|p1: RUSH Coconuts|move: Stealth Rock","|","|-weather|Sandstorm|[upkeep]","|-damage|p1a: Mavis|282/394 par|[from] sandstorm","|-heal|p1a: Mavis|306/394 par|[from] item: Leftovers","|turn|8","|","|move|p2a: Tyranitar|Stone Edge|p1a: Mavis|[miss]","|-miss|p2a: Tyranitar|p1a: Mavis","|cant|p1a: Mavis|par","|","|-weather|Sandstorm|[upkeep]","|-damage|p1a: Mavis|282/394 par|[from] sandstorm","|-heal|p1a: Mavis|306/394 par|[from] item: Leftovers","|turn|9","|","|move|p2a: Tyranitar|Stone Edge|p1a: Mavis","|-damage|p1a: Mavis|131/394 par","|-damage|p2a: Tyranitar|364/404|[from] item: Life Orb","|move|p1a: Mavis|Wish|p1a: Mavis","|","|-weather|Sandstorm|[upkeep]","|-damage|p1a: Mavis|107/394 par|[from] sandstorm","|-heal|p1a: Mavis|131/394 par|[from] item: Leftovers","|turn|10","|","|switch|p1a: Kagura|Lucario, F|281/281","|-damage|p1a: Kagura|273/281|[from] Stealth Rock","|move|p2a: Tyranitar|Stone Edge|p1a: Kagura","|-resisted|p1a: Kagura","|-damage|p1a: Kagura|208/281","|-damage|p2a: Tyranitar|324/404|[from] item: Life Orb","|","|-weather|Sandstorm|[upkeep]","|-heal|p1a: Kagura|281/281|[from] move: Wish|[wisher] Mavis","|turn|11","|","|switch|p2a: Medicham|Medicham, M|261/261","|move|p1a: Kagura|Close Combat|p2a: Medicham","|-resisted|p2a: Medicham","|-damage|p2a: Medicham|141/261","|-unboost|p1a: Kagura|def|1","|-unboost|p1a: Kagura|spd|1","|","|-weather|none","|turn|12","|","|switch|p1a: Zeref|Gengar, M|261/261","|-damage|p1a: Zeref|229/261|[from] Stealth Rock","|detailschange|p2a: Medicham|Medicham-Mega, M","|-mega|p2a: Medicham|Medicham|Medichamite","|move|p2a: Medicham|Zen Headbutt|p1a: Zeref","|-supereffective|p1a: Zeref","|-damage|p1a: Zeref|0 fnt","|faint|p1a: Zeref","|","|","|switch|p1a: Natsu|Charizard, M|297/297","|-damage|p1a: Natsu|149/297|[from] Stealth Rock","|turn|13","|","|detailschange|p1a: Natsu|Charizard-Mega-Y, M","|-mega|p1a: Natsu|Charizard|Charizardite Y","|-weather|SunnyDay","|move|p1a: Natsu|Fire Blast|p2a: Medicham","|-damage|p2a: Medicham|0 fnt","|faint|p2a: Medicham","|","|-weather|SunnyDay|[upkeep]","|","|switch|p2a: Tyranitar|Tyranitar, F|324/404","|-weather|Sandstorm","|turn|14","|","|switch|p1a: Mavis|Sylveon, F|131/394 par","|-damage|p1a: Mavis|82/394 par|[from] Stealth Rock","|move|p2a: Tyranitar|Fire Blast|p1a: Mavis","|-damage|p1a: Mavis|0 fnt","|-damage|p2a: Tyranitar|284/404|[from] item: Life Orb","|faint|p1a: Mavis","|","|-weather|Sandstorm|[upkeep]","|","|switch|p1a: Bisca|Serperior, F|232/291","|-damage|p1a: Bisca|196/291|[from] Stealth Rock","|turn|15","|","|move|p1a: Bisca|Leaf Storm|p2a: Tyranitar","|-supereffective|p2a: Tyranitar","|-damage|p2a: Tyranitar|11/404","|-boost|p1a: Bisca|spa|2","|-damage|p1a: Bisca|167/291|[from] item: Life Orb","|move|p2a: Tyranitar|Ice Beam|p1a: Bisca","|-supereffective|p1a: Bisca","|-damage|p1a: Bisca|0 fnt","|-damage|p2a: Tyranitar|0 fnt|[from] item: Life Orb","|faint|p1a: Bisca","|faint|p2a: Tyranitar","|","|-weather|Sandstorm|[upkeep]","|","|switch|p1a: Natsu|Charizard-Mega-Y, M|149/297","|switch|p2a: Excadrill|Excadrill, M|376/376","|-damage|p1a: Natsu|1/297|[from] Stealth Rock","|-weather|SunnyDay","|turn|16","|","|move|p1a: Natsu|Fire Blast|p2a: Excadrill","|-supereffective|p2a: Excadrill","|-damage|p2a: Excadrill|0 fnt","|faint|p2a: Excadrill","|","|-weather|SunnyDay|[upkeep]","|","|switch|p2a: Togekiss|Togekiss, M|374/374","|turn|17","|","|move|p1a: Natsu|Fire Blast|p2a: Togekiss","|-damage|p2a: Togekiss|83/374","|move|p2a: Togekiss|Thunder Wave|p1a: Natsu","|-status|p1a: Natsu|par","|","|-weather|SunnyDay|[upkeep]","|-heal|p2a: Togekiss|106/374|[from] item: Leftovers","|turn|18","|","|move|p2a: Togekiss|Air Slash|p1a: Natsu","|-damage|p1a: Natsu|0 fnt","|faint|p1a: Natsu","|","|-weather|SunnyDay|[upkeep]","|-heal|p2a: Togekiss|129/374|[from] item: Leftovers","|","|switch|p1a: Levi|Jirachi|267/341","|-damage|p1a: Levi|246/341|[from] Stealth Rock","|turn|19","|","|move|p1a: Levi|Meteor Mash|p2a: Togekiss","|-supereffective|p2a: Togekiss","|-damage|p2a: Togekiss|0 fnt","|faint|p2a: Togekiss","|","|-weather|SunnyDay|[upkeep]","|","|switch|p2a: Serperior|Serperior, F|291/291","|turn|20","|","|move|p1a: Levi|Meteor Mash|p2a: Serperior","|-damage|p2a: Serperior|150/291","|move|p2a: Serperior|Hidden Power|p1a: Levi","|-supereffective|p1a: Levi","|-damage|p1a: Levi|90/341","|","|-weather|none","|-heal|p2a: Serperior|168/291|[from] item: Leftovers","|turn|21","|","|move|p1a: Levi|Meteor Mash|p2a: Serperior","|-damage|p2a: Serperior|5/291","|move|p2a: Serperior|Hidden Power|p1a: Levi","|-supereffective|p1a: Levi","|-damage|p1a: Levi|0 fnt","|faint|p1a: Levi","|","|-heal|p2a: Serperior|23/291|[from] item: Leftovers","|","|switch|p1a: Kagura|Lucario, F|281/281","|-damage|p1a: Kagura|273/281|[from] Stealth Rock","|turn|22","|","|move|p1a: Kagura|Extreme Speed|p2a: Serperior","|-damage|p2a: Serperior|0 fnt","|faint|p2a: Serperior","|","|win|RUSH Coconuts"],"p1rating":{"entryid":7643729,"formatid":"ou","userid":"rushcoconuts","username":"RUSH Coconuts","r":1500,"rd":130,"sigma":0,"rpr":1544.6225479581,"rprd":122.88932203932,"rpsigma":0,"rptime":1439629200,"w":1,"l":0,"t":0,"gxe":55.6,"acre":1042.5485014602,"lacre":1042.5485014602,"oldacre":1000},"p2rating":{"entryid":"6941769","serverid":"eos","formatid":"ou","userid":"txningv","username":"txning V","w":"1","l":2,"t":"0","gxe":45.3,"r":1497.5169285902,"rd":121.46185056799,"sigma":"0","rptime":1439629200,"rpr":1462.2106079396,"rprd":115.57660657984,"rpsigma":"0","acre":1007.9921601191,"lacre":1007.9921601191,"oldacre":"1022.1660277196"},"endType":"normal"}