{"seed":[49715,55185,6934,39281],"turns":23,"p1":"maverick hunter","p2":"Alexmoria33","p1team":[{"name":"Suicune","species":"Suicune","item":"leftovers","ability":"Pressure","moves":["scald","calmmind","rest","sleeptalk"],"nature":"Bold","evs":{"hp":252,"atk":0,"def":252,"spa":0,"spd":4,"spe":0},"ivs":{"hp":31,"atk":31,"def":31,"spa":31,"spd":31,"spe":31}},{"name":"Chansey","species":"Chansey","item":"eviolite","ability":"Natural Cure","moves":["seismictoss","wish","healbell","softboiled"],"nature":"Bold","evs":{"hp":248,"atk":0,"def":252,"spa":0,"spd":8,"spe":0},"ivs":{"hp":31,"atk":31,"def":31,"spa":31,"spd":31,"spe":31}},{"name":"Gothitelle","species":"Gothitelle","item":"choicescarf","ability":"Shadow Tag","moves":["psychic","calmmind","rest","trick"],"nature":"Timid","evs":{"hp":0,"atk":0,"def":0,"spa":252,"spd":4,"spe":252},"ivs":{"hp":31,"atk":31,"def":31,"spa":31,"spd":31,"spe":31}},{"name":"Hippowdon","species":"Hippowdon","item":"leftovers","ability":"Sand Stream","moves":["stealthrock","earthquake","slackoff","whirlwind"],"nature":"Impish","evs":{"hp":252,"atk":4,"def":252,"spa":0,"spd":0,"spe":0},"ivs":{"hp":31,"atk":31,"def":31,"spa":31,"spd":31,"spe":31}},{"name":"Skarmory","species":"Skarmory","item":"leftovers","ability":"Sturdy","moves":["defog","toxic","roost","counter"],"nature":"Impish","evs":{"hp":252,"atk":0,"def":232,"spa":0,"spd":0,"spe":24},"ivs":{"hp":31,"atk":31,"def":31,"spa":31,"spd":31,"spe":31}},{"name":"Altaria","species":"Altaria","item":"altarianite","ability":"Natural Cure","moves":["cottonguard","dragondance","roost","facade"],"nature":"Careful","evs":{"hp":248,"atk":8,"def":0,"spa":0,"spd":252,"spe":0},"ivs":{"hp":31,"atk":31,"def":31,"spa":31,"spd":31,"spe":31}}],"p2team":[{"name":"Ferrothorn","species":"Ferrothorn","item":"rockyhelmet","ability":"Iron Barbs","moves":["stealthrock","spikes","gyroball","leechseed"],"nature":"Relaxed","evs":{"hp":248,"atk":8,"def":252,"spa":0,"spd":0,"spe":0},"ivs":{"hp":31,"atk":31,"def":31,"spa":31,"spd":31,"spe":0}},{"name":"Mamoswine","species":"Mamoswine","item":"focussash","ability":"Thick Fat","moves":["iceshard","earthquake","superpower","endeavor"],"nature":"Adamant","evs":{"hp":248,"atk":252,"def":0,"spa":0,"spd":8,"spe":0},"ivs":{"hp":31,"atk":31,"def":31,"spa":31,"spd":31,"spe":31}},{"name":"Sylveon","species":"Sylveon","item":"leftovers","ability":"Pixilate","moves":["wish","hypervoice","toxic","protect"],"nature":"Calm","evs":{"hp":252,"atk":0,"def":0,"spa":4,"spd":252,"spe":0},"ivs":{"hp":31,"atk":31,"def":31,"spa":31,"spd":31,"spe":31}},{"name":"Keldeo","species":"Keldeo","item":"choicespecs","ability":"Justified","moves":["scald","secretsword","icywind","hiddenpowerpoison"],"nature":"Timid","evs":{"hp":0,"atk":0,"def":0,"spa":252,"spd":4,"spe":252},"ivs":{"hp":31,"atk":31,"def":30,"spa":30,"spd":30,"spe":31}},{"name":"Sceptile","species":"Sceptile","item":"sceptilite","ability":"Overgrow","moves":["gigadrain","dragonpulse","focusblast","substitute"],"nature":"Timid","evs":{"hp":0,"atk":0,"def":0,"spa":252,"spd":4,"spe":252},"ivs":{"hp":31,"atk":31,"def":31,"spa":31,"spd":31,"spe":31}},{"name":"Chandelure","species":"Chandelure","item":"choicescarf","ability":"Flash Fire","moves":["overheat","shadowball","energyball","hiddenpowerfighting"],"nature":"Timid","evs":{"hp":0,"atk":0,"def":0,"spa":252,"spd":4,"spe":252},"ivs":{"hp":31,"atk":31,"def":30,"spa":30,"spd":30,"spe":30}}],"log":["|player|p1|maverick hunter|144","|player|p2|Alexmoria33|184","|gametype|singles","|gen|6","|tier|OU","|rated","|clearpoke","|poke|p1|Suicune","|poke|p1|Chansey, F","|poke|p1|Gothitelle, F","|poke|p1|Hippowdon, F","|poke|p1|Skarmory, F","|poke|p1|Altaria, M","|poke|p2|Ferrothorn, M","|poke|p2|Mamoswine, M","|poke|p2|Sylveon, M","|poke|p2|Keldeo","|poke|p2|Sceptile, M","|poke|p2|Chandelure, M","|rule|Swagger Clause: Swagger is banned","|rule|Baton Pass Clause: Limit one Baton Passer, can't pass Spe and other stats simultaneously","|rule|Sleep Clause Mod: Limit one foe put to sleep","|rule|Species Clause: Limit one of each Pokémon","|rule|OHKO Clause: OHKO moves are banned","|rule|Moody Clause: Moody is banned","|rule|Evasion Moves Clause: Evasion moves are banned","|rule|Endless Battle Clause: Forcing endless battles is banned","|rule|HP Percentage Mod: HP is shown in percentages","|teampreview","|","|start","|switch|p1a: Gothitelle|Gothitelle, F|281/281","|switch|p2a: Sceptile|Sceptile, M|281/281","|turn|1","|","|switch|p1a: Chansey|Chansey, F|703/703","|detailschange|p2a: Sceptile|Sceptile-Mega, M","|-mega|p2a: Sceptile|Sceptile|Sceptilite","|move|p2a: Sceptile|Substitute|p2a: Sceptile","|-start|p2a: Sceptile|Substitute","|-damage|p2a: Sceptile|211/281","|","|turn|2","|","|move|p2a: Sceptile|Focus Blast|p1a: Chansey","|-supereffective|p1a: Chansey","|-damage|p1a: Chansey|507/703","|move|p1a: Chansey|Wish|p1a: Chansey","|","|turn|3","|","|switch|p1a: Hippowdon|Hippowdon, F|420/420","|-weather|Sandstorm","|move|p2a: Sceptile|Giga Drain|p1a: Hippowdon","|-supereffective|p1a: Hippowdon","|-damage|p1a: Hippowdon|48/420","|-heal|p2a: Sceptile|281/281|[from] drain|[of] p1a: Hippowdon","|","|-weather|Sandstorm|[upkeep]","|-damage|p2a: Sceptile|264/281|[from] sandstorm","|-heal|p1a: Hippowdon|399/420|[from] move: Wish|[wisher] Chansey","|-heal|p1a: Hippowdon|420/420|[from] item: Leftovers","|turn|4","|","|switch|p1a: Chansey|Chansey, F|507/703","|move|p2a: Sceptile|Giga Drain|p1a: Chansey","|-crit|p1a: Chansey","|-damage|p1a: Chansey|366/703","|-heal|p2a: Sceptile|281/281|[from] drain|[of] p1a: Chansey","|","|-weather|Sandstorm|[upkeep]","|-damage|p2a: Sceptile|264/281|[from] sandstorm","|-damage|p1a: Chansey|323/703|[from] sandstorm","|turn|5","|","|move|p2a: Sceptile|Dragon Pulse|p1a: Chansey","|-damage|p1a: Chansey|214/703","|move|p1a: Chansey|Soft-Boiled|p1a: Chansey","|-heal|p1a: Chansey|566/703","|","|-weather|Sandstorm|[upkeep]","|-damage|p2a: Sceptile|247/281|[from] sandstorm","|-damage|p1a: Chansey|523/703|[from] sandstorm","|turn|6","|","|switch|p2a: Keldeo|Keldeo|323/323","|move|p1a: Chansey|Wish|p1a: Chansey","|","|-weather|Sandstorm|[upkeep]","|-damage|p2a: Keldeo|303/323|[from] sandstorm","|-damage|p1a: Chansey|480/703|[from] sandstorm","|turn|7","|","|switch|p1a: Suicune|Suicune|404/404","|-ability|p1a: Suicune|Pressure","|move|p2a: Keldeo|Scald|p1a: Suicune","|-resisted|p1a: Suicune","|-damage|p1a: Suicune|302/404","|","|-weather|none","|-heal|p1a: Suicune|404/404|[from] move: Wish|[wisher] Chansey","|turn|8","|","|switch|p2a: Ferrothorn|Ferrothorn, M|351/351","|move|p1a: Suicune|Calm Mind|p1a: Suicune","|-boost|p1a: Suicune|spa|1","|-boost|p1a: Suicune|spd|1","|","|turn|9","|","|move|p1a: Suicune|Calm Mind|p1a: Suicune","|-boost|p1a: Suicune|spa|1","|-boost|p1a: Suicune|spd|1","|move|p2a: Ferrothorn|Leech Seed|p1a: Suicune","|-start|p1a: Suicune|move: Leech Seed","|","|-damage|p1a: Suicune|354/404|[from] Leech Seed|[of] p2a: Ferrothorn","|turn|10","|","|move|p1a: Suicune|Calm Mind|p1a: Suicune","|-boost|p1a: Suicune|spa|1","|-boost|p1a: Suicune|spd|1","|move|p2a: Ferrothorn|Gyro Ball|p1a: Suicune","|-resisted|p1a: Suicune","|-damage|p1a: Suicune|307/404","|","|-heal|p1a: Suicune|332/404|[from] item: Leftovers","|-damage|p1a: Suicune|282/404|[from] Leech Seed|[of] p2a: Ferrothorn","|turn|11","|","|move|p1a: Suicune|Calm Mind|p1a: Suicune","|-boost|p1a: Suicune|spa|1","|-boost|p1a: Suicune|spd|1","|move|p2a: Ferrothorn|Stealth Rock|p1a: Suicune","|-sidestart|p1: maverick hunter|move: Stealth Rock","|","|-heal|p1a: Suicune|307/404|[from] item: Leftovers","|-damage|p1a: Suicune|257/404|[from] Leech Seed|[of] p2a: Ferrothorn","|turn|12","|","|move|p1a: Suicune|Calm Mind|p1a: Suicune","|-boost|p1a: Suicune|spa|1","|-boost|p1a: Suicune|spd|1","|move|p2a: Ferrothorn|Spikes|p1a: Suicune","|-sidestart|p1: maverick hunter|Spikes","|","|-heal|p1a: Suicune|282/404|[from] item: Leftovers","|-damage|p1a: Suicune|232/404|[from] Leech Seed|[of] p2a: Ferrothorn","|turn|13","|","|move|p1a: Suicune|Scald|p2a: Ferrothorn","|-resisted|p2a: Ferrothorn","|-damage|p2a: Ferrothorn|227/351","|move|p2a: Ferrothorn|Spikes|p1a: Suicune","|-sidestart|p1: maverick hunter|Spikes","|","|-heal|p1a: Suicune|257/404|[from] item: Leftovers","|-damage|p1a: Suicune|207/404|[from] Leech Seed|[of] p2a: Ferrothorn","|-heal|p2a: Ferrothorn|277/351|[silent]","|turn|14","|","|move|p1a: Suicune|Scald|p2a: Ferrothorn","|-resisted|p2a: Ferrothorn","|-damage|p2a: Ferrothorn|140/351","|move|p2a: Ferrothorn|Spikes|p1a: Suicune","|-sidestart|p1: maverick hunter|Spikes","|","|-heal|p1a: Suicune|232/404|[from] item: Leftovers","|-damage|p1a: Suicune|182/404|[from] Leech Seed|[of] p2a: Ferrothorn","|-heal|p2a: Ferrothorn|190/351|[silent]","|turn|15","|","|move|p1a: Suicune|Calm Mind|p1a: Suicune","|-boost|p1a: Suicune|spa|1","|-boost|p1a: Suicune|spd|1","|move|p2a: Ferrothorn|Gyro Ball|p1a: Suicune","|-resisted|p1a: Suicune","|-damage|p1a: Suicune|137/404","|","|-heal|p1a: Suicune|162/404|[from] item: Leftovers","|-damage|p1a: Suicune|112/404|[from] Leech Seed|[of] p2a: Ferrothorn","|-heal|p2a: Ferrothorn|240/351|[silent]","|turn|16","|","|move|p1a: Suicune|Rest|p1a: Suicune","|-status|p1a: Suicune|slp","|-heal|p1a: Suicune|404/404 slp|[silent]","|-status|p1a: Suicune|slp|[from] move: Rest","|move|p2a: Ferrothorn|Gyro Ball|p1a: Suicune","|-resisted|p1a: Suicune","|-damage|p1a: Suicune|361/404 slp","|","|-heal|p1a: Suicune|386/404 slp|[from] item: Leftovers","|-damage|p1a: Suicune|336/404 slp|[from] Leech Seed|[of] p2a: Ferrothorn","|-heal|p2a: Ferrothorn|290/351|[silent]","|turn|17","|","|cant|p1a: Suicune|slp","|move|p1a: Suicune|Sleep Talk|p1a: Suicune","|move|p1a: Suicune|Scald|p2a: Ferrothorn|[from]Sleep Talk","|-resisted|p2a: Ferrothorn","|-damage|p2a: Ferrothorn|139/351","|move|p2a: Ferrothorn|Gyro Ball|p1a: Suicune","|-resisted|p1a: Suicune","|-damage|p1a: Suicune|289/404 slp","|","|-heal|p1a: Suicune|314/404 slp|[from] item: Leftovers","|-damage|p1a: Suicune|264/404 slp|[from] Leech Seed|[of] p2a: Ferrothorn","|-heal|p2a: Ferrothorn|189/351|[silent]","|turn|18","|","|switch|p2a: Mamoswine|Mamoswine, M|423/423","|cant|p1a: Suicune|slp","|move|p1a: Suicune|Sleep Talk|p1a: Suicune","|move|p1a: Suicune|Scald|p2a: Mamoswine|[from]Sleep Talk","|-supereffective|p2a: Mamoswine","|-enditem|p2a: Mamoswine|Focus Sash","|-damage|p2a: Mamoswine|1/423","|","|-heal|p1a: Suicune|289/404 slp|[from] item: Leftovers","|-damage|p1a: Suicune|239/404 slp|[from] Leech Seed|[of] p2a: Mamoswine","|-heal|p2a: Mamoswine|51/423|[silent]","|turn|19","|","|-curestatus|p1a: Suicune|slp","|move|p1a: Suicune|Scald|p2a: Mamoswine","|-supereffective|p2a: Mamoswine","|-damage|p2a: Mamoswine|0 fnt","|faint|p2a: Mamoswine","|","|-heal|p1a: Suicune|264/404|[from] item: Leftovers","|","|switch|p2a: Chandelure|Chandelure, M|261/261","|turn|20","|","|move|p2a: Chandelure|Energy Ball|p1a: Suicune","|-supereffective|p1a: Suicune","|-damage|p1a: Suicune|210/404","|move|p1a: Suicune|Scald|p2a: Chandelure","|-supereffective|p2a: Chandelure","|-damage|p2a: Chandelure|0 fnt","|faint|p2a: Chandelure","|","|-heal|p1a: Suicune|235/404|[from] item: Leftovers","|","|switch|p2a: Sceptile|Sceptile-Mega, M|247/281","|turn|21","|","|move|p2a: Sceptile|Substitute|p2a: Sceptile","|-start|p2a: Sceptile|Substitute","|-damage|p2a: Sceptile|177/281","|move|p1a: Suicune|Rest|p1a: Suicune","|-status|p1a: Suicune|slp","|-heal|p1a: Suicune|404/404 slp|[silent]","|-status|p1a: Suicune|slp|[from] move: Rest","|","|-damage|p1a: Suicune|354/404 slp|[from] Leech Seed|[of] p2a: Sceptile","|-heal|p2a: Sceptile|227/281|[silent]","|turn|22","|","|move|p2a: Sceptile|Giga Drain|p1a: Suicune","|-supereffective|p1a: Suicune","|-damage|p1a: Suicune|288/404 slp","|-heal|p2a: Sceptile|260/281|[from] drain|[of] p1a: Suicune","|cant|p1a: Suicune|slp","|move|p1a: Suicune|Sleep Talk|p1a: Suicune","|move|p1a: Suicune|Calm Mind|p1a: Suicune|[from]Sleep Talk","|-fail|p1a: Suicune","|","|-heal|p1a: Suicune|313/404 slp|[from] item: Leftovers","|-damage|p1a: Suicune|263/404 slp|[from] Leech Seed|[of] p2a: Sceptile","|-heal|p2a: Sceptile|281/281|[silent]","|turn|23","|","|win|maverick hunter"],"p1rating":{"entryid":7660075,"formatid":"ou","userid":"maverickhunter","username":"maverick hunter","r":1500,"rd":130,"sigma":0,"rpr":1540.1606143388,"rprd":122.8583080769,"rpsigma":0,"rptime":1439629200,"w":1,"l":0,"t":0,"gxe":55,"acre":1040,"lacre":1040,"oldacre":1000},"p2rating":{"entryid":7660076,"formatid":"ou","userid":"alexmoria33","username":"Alexmoria33","r":1500,"rd":130,"sigma":0,"rpr":1459.8393856612,"rprd":122.8583080769,"rpsigma":0,"rptime":1439629200,"w":0,"l":1,"t":0,"gxe":45,"acre":1000,"lacre":1000,"oldacre":1000},"endType":"forfeit"}