{"seed":[53095,19086,56226,15147],"turns":24,"p1":"GTX♅Pyroar","p2":"Jejed","p1team":[{"name":"Jirachi Grill","species":"jirachi","item":"leftovers","ability":"Serene Grace","moves":["ironhead","wish","protect","poweruppunch"],"nature":"Impish","evs":{"hp":252,"atk":0,"def":224,"spa":0,"spd":0,"spe":32},"ivs":{"hp":31,"atk":31,"def":31,"spa":31,"spd":31,"spe":31}},{"name":"Thirsty","species":"slurpuff","item":"sitrusberry","ability":"Unburden","moves":["playrough","return","bellydrum","drainpunch"],"nature":"Adamant","evs":{"hp":4,"atk":252,"def":0,"spa":0,"spd":0,"spe":252},"ivs":{"hp":31,"atk":31,"def":31,"spa":31,"spd":31,"spe":31}},{"name":"Molassas","species":"slowbro","item":"slowbronite","ability":"Oblivious","moves":["calmmind","scald","slackoff","psyshock"],"nature":"Bold","evs":{"hp":252,"atk":0,"def":80,"spa":0,"spd":176,"spe":0},"shiny":true,"ivs":{"hp":31,"atk":31,"def":31,"spa":31,"spd":31,"spe":31}},{"name":"Icona","species":"volcarona","item":"lumberry","ability":"Flame Body","moves":["quiverdance","fierydance","gigadrain","bugbuzz"],"nature":"Timid","evs":{"hp":72,"atk":0,"def":0,"spa":252,"spd":0,"spe":184},"ivs":{"hp":31,"atk":31,"def":31,"spa":31,"spd":31,"spe":31}},{"name":"Cena","species":"hawlucha","item":"sitrusberry","ability":"Unburden","moves":["substitute","swordsdance","highjumpkick","acrobatics"],"nature":"Jolly","evs":{"hp":12,"atk":252,"def":0,"spa":0,"spd":0,"spe":244},"shiny":true,"ivs":{"hp":31,"atk":31,"def":31,"spa":31,"spd":31,"spe":31}},{"name":"Kitty","species":"landorustherian","item":"leftovers","ability":"Intimidate","moves":["earthquake","uturn","stoneedge","stealthrock"],"nature":"Impish","evs":{"hp":124,"atk":0,"def":0,"spa":128,"spd":0,"spe":128},"ivs":{"hp":31,"atk":31,"def":31,"spa":31,"spd":31,"spe":31}}],"p2team":[{"name":"Altaria","species":"Altaria","item":"altarianite","ability":"Natural Cure","moves":["dragonclaw","dragondance","substitute","dracometeor"],"nature":"Lonely","evs":{"hp":0,"atk":252,"def":0,"spa":4,"spd":0,"spe":252},"ivs":{"hp":31,"atk":31,"def":31,"spa":31,"spd":31,"spe":31}},{"name":"Charizard","species":"Charizard","item":"charizarditex","ability":"Blaze","moves":["flamethrower","flareblitz","dragondance","seismictoss"],"nature":"Lonely","evs":{"hp":0,"atk":252,"def":0,"spa":4,"spd":0,"spe":252},"ivs":{"hp":31,"atk":31,"def":31,"spa":31,"spd":31,"spe":31}},{"name":"Metagross","species":"Metagross","item":"metagrossite","ability":"Clear Body","moves":["earthquake","psychic","protect","flashcannon"],"nature":"Lax","evs":{"hp":248,"atk":8,"def":252,"spa":0,"spd":0,"spe":0},"ivs":{"hp":31,"atk":31,"def":31,"spa":31,"spd":31,"spe":31}},{"name":"Diancie","species":"Diancie","item":"diancite","ability":"Clear Body","moves":["psychic","moonblast","dazzlinggleam","protect"],"nature":"Modest","evs":{"hp":248,"atk":0,"def":0,"spa":252,"spd":8,"spe":0},"ivs":{"hp":31,"atk":31,"def":31,"spa":31,"spd":31,"spe":31}},{"name":"Gardevoir","species":"Gardevoir","item":"gardevoirite","ability":"Synchronize","moves":["psychic","energyball","thunderbolt","moonblast"],"nature":"Modest","evs":{"hp":248,"atk":0,"def":0,"spa":252,"spd":8,"spe":0},"ivs":{"hp":31,"atk":31,"def":31,"spa":31,"spd":31,"spe":31}},{"name":"Latias","species":"Latias","item":"latiasite","ability":"Levitate","moves":["thunderbolt","surf","outrage","roost"],"nature":"Mild","evs":{"hp":248,"atk":8,"def":0,"spa":252,"spd":0,"spe":0},"ivs":{"hp":31,"atk":31,"def":31,"spa":31,"spd":31,"spe":31}}],"log":["|player|p1|GTX♅Pyroar|169","|player|p2|Jejed|265","|gametype|singles","|gen|6","|tier|OU","|rated","|clearpoke","|poke|p1|Jirachi","|poke|p1|Slurpuff, F","|poke|p1|Slowbro, M, shiny","|poke|p1|Volcarona, F","|poke|p1|Hawlucha, F, shiny","|poke|p1|Landorus-Therian, M","|poke|p2|Altaria, M","|poke|p2|Charizard, F","|poke|p2|Metagross","|poke|p2|Diancie","|poke|p2|Gardevoir, F","|poke|p2|Latias, F","|rule|Swagger Clause: Swagger is banned","|rule|Baton Pass Clause: Limit one Baton Passer, can't pass Spe and other stats simultaneously","|rule|Sleep Clause Mod: Limit one foe put to sleep","|rule|Species Clause: Limit one of each Pokémon","|rule|OHKO Clause: OHKO moves are banned","|rule|Moody Clause: Moody is banned","|rule|Evasion Moves Clause: Evasion moves are banned","|rule|Endless Battle Clause: Forcing endless battles is banned","|rule|HP Percentage Mod: HP is shown in percentages","|teampreview","|","|start","|switch|p1a: Kitty|Landorus-Therian, M|350/350","|switch|p2a: Gardevoir|Gardevoir, F|339/339","|-ability|p1a: Kitty|Intimidate","|-unboost|p2a: Gardevoir|atk|1","|turn|1","|","|move|p1a: Kitty|Stealth Rock|p2a: Gardevoir","|-sidestart|p2: Jejed|move: Stealth Rock","|move|p2a: Gardevoir|Energy Ball|p1a: Kitty","|-damage|p1a: Kitty|210/350","|","|-heal|p1a: Kitty|231/350|[from] item: Leftovers","|turn|2","|","|detailschange|p2a: Gardevoir|Gardevoir-Mega, F","|-mega|p2a: Gardevoir|Gardevoir|Gardevoirite","|move|p1a: Kitty|Earthquake|p2a: Gardevoir","|-damage|p2a: Gardevoir|105/339","|move|p2a: Gardevoir|Energy Ball|p1a: Kitty","|-damage|p1a: Kitty|69/350","|","|-heal|p1a: Kitty|90/350|[from] item: Leftovers","|turn|3","|","|move|p1a: Kitty|U-turn|p2a: Gardevoir","|-damage|p2a: Gardevoir|0 fnt","|faint|p2a: Gardevoir","|","|switch|p1a: Icona|Volcarona, F|329/329","|","|","|switch|p2a: Latias|Latias, F|363/363","|-damage|p2a: Latias|318/363|[from] Stealth Rock","|turn|4","|","|move|p1a: Icona|Quiver Dance|p1a: Icona","|-boost|p1a: Icona|spa|1","|-boost|p1a: Icona|spd|1","|-boost|p1a: Icona|spe|1","|move|p2a: Latias|Surf|p1a: Icona","|-crit|p1a: Icona","|-supereffective|p1a: Icona","|-damage|p1a: Icona|13/329","|","|turn|5","|","|move|p1a: Icona|Fiery Dance|p2a: Latias","|-resisted|p2a: Latias","|-damage|p2a: Latias|231/363","|-boost|p1a: Icona|spa|1","|move|p2a: Latias|Surf|p1a: Icona","|-supereffective|p1a: Icona","|-damage|p1a: Icona|0 fnt","|faint|p1a: Icona","|","|","|switch|p1a: Molassas|Slowbro, M, shiny|394/394","|turn|6","|","|detailschange|p1a: Molassas|Slowbro-Mega, M, shiny","|-mega|p1a: Molassas|Slowbro|Slowbronite","|move|p2a: Latias|Thunderbolt|p1a: Molassas","|-supereffective|p1a: Molassas","|-damage|p1a: Molassas|174/394","|move|p1a: Molassas|Calm Mind|p1a: Molassas","|-boost|p1a: Molassas|spa|1","|-boost|p1a: Molassas|spd|1","|","|turn|7","|","|move|p2a: Latias|Thunderbolt|p1a: Molassas","|-supereffective|p1a: Molassas","|-damage|p1a: Molassas|30/394","|move|p1a: Molassas|Slack Off|p1a: Molassas","|-heal|p1a: Molassas|227/394","|","|turn|8","|","|move|p2a: Latias|Thunderbolt|p1a: Molassas","|-supereffective|p1a: Molassas","|-damage|p1a: Molassas|79/394","|move|p1a: Molassas|Slack Off|p1a: Molassas","|-heal|p1a: Molassas|276/394","|","|turn|9","|","|move|p2a: Latias|Outrage|p1a: Molassas","|-damage|p1a: Molassas|210/394","|move|p1a: Molassas|Slack Off|p1a: Molassas","|-heal|p1a: Molassas|394/394","|","|turn|10","|","|move|p2a: Latias|Outrage|p1a: Molassas|[from]lockedmove","|-damage|p1a: Molassas|327/394","|-start|p2a: Latias|confusion|[fatigue]","|move|p1a: Molassas|Calm Mind|p1a: Molassas","|-boost|p1a: Molassas|spa|1","|-boost|p1a: Molassas|spd|1","|","|turn|11","|","|-activate|p2a: Latias|confusion","|move|p2a: Latias|Thunderbolt|p1a: Molassas","|-supereffective|p1a: Molassas","|-damage|p1a: Molassas|227/394","|move|p1a: Molassas|Calm Mind|p1a: Molassas","|-boost|p1a: Molassas|spa|1","|-boost|p1a: Molassas|spd|1","|","|turn|12","|","|-activate|p2a: Latias|confusion","|-damage|p2a: Latias|200/363|[from] confusion","|move|p1a: Molassas|Calm Mind|p1a: Molassas","|-boost|p1a: Molassas|spa|1","|-boost|p1a: Molassas|spd|1","|","|turn|13","|","|-activate|p2a: Latias|confusion","|-damage|p2a: Latias|164/363|[from] confusion","|move|p1a: Molassas|Slack Off|p1a: Molassas","|-heal|p1a: Molassas|394/394","|","|turn|14","|","|-activate|p2a: Latias|confusion","|move|p2a: Latias|Roost|p2a: Latias","|-heal|p2a: Latias|346/363","|move|p1a: Molassas|Calm Mind|p1a: Molassas","|-boost|p1a: Molassas|spa|1","|-boost|p1a: Molassas|spd|1","|","|turn|15","|","|-end|p2a: Latias|confusion","|move|p2a: Latias|Thunderbolt|p1a: Molassas","|-supereffective|p1a: Molassas","|-damage|p1a: Molassas|334/394","|-status|p1a: Molassas|par","|move|p1a: Molassas|Calm Mind|p1a: Molassas","|-boost|p1a: Molassas|spa|1","|-boost|p1a: Molassas|spd|1","|","|turn|16","|","|move|p2a: Latias|Thunderbolt|p1a: Molassas","|-supereffective|p1a: Molassas","|-damage|p1a: Molassas|278/394 par","|cant|p1a: Molassas|par","|","|turn|17","|","|move|p2a: Latias|Thunderbolt|p1a: Molassas","|-supereffective|p1a: Molassas","|-damage|p1a: Molassas|224/394 par","|move|p1a: Molassas|Psyshock|p2a: Latias","|-resisted|p2a: Latias","|-damage|p2a: Latias|53/363","|","|turn|18","|","|move|p2a: Latias|Thunderbolt|p1a: Molassas","|-supereffective|p1a: Molassas","|-damage|p1a: Molassas|168/394 par","|move|p1a: Molassas|Psyshock|p2a: Latias","|-resisted|p2a: Latias","|-damage|p2a: Latias|0 fnt","|faint|p2a: Latias","|","|","|switch|p2a: Altaria|Altaria, M|291/291","|-damage|p2a: Altaria|219/291|[from] Stealth Rock","|turn|19","|","|move|p2a: Altaria|Draco Meteor|p1a: Molassas","|-damage|p1a: Molassas|141/394 par","|-unboost|p2a: Altaria|spa|2","|move|p1a: Molassas|Slack Off|p1a: Molassas","|-heal|p1a: Molassas|338/394 par","|","|turn|20","|","|move|p2a: Altaria|Dragon Dance|p2a: Altaria","|-boost|p2a: Altaria|atk|1","|-boost|p2a: Altaria|spe|1","|move|p1a: Molassas|Psyshock|p2a: Altaria","|-damage|p2a: Altaria|0 fnt","|faint|p2a: Altaria","|","|","|switch|p2a: Diancie|Diancie|303/303","|-damage|p2a: Diancie|266/303|[from] Stealth Rock","|turn|21","|","|move|p2a: Diancie|Moonblast|p1a: Molassas","|-damage|p1a: Molassas|301/394 par","|move|p1a: Molassas|Scald|p2a: Diancie","|-supereffective|p2a: Diancie","|-damage|p2a: Diancie|0 fnt","|faint|p2a: Diancie","|","|","|switch|p2a: Metagross|Metagross|363/363","|-damage|p2a: Metagross|341/363|[from] Stealth Rock","|turn|22","|","|move|p2a: Metagross|Protect|p2a: Metagross","|-singleturn|p2a: Metagross|Protect","|move|p1a: Molassas|Scald|p2a: Metagross","|-activate|p2a: Metagross|Protect","|","|turn|23","|","|move|p2a: Metagross|Earthquake|p1a: Molassas","|-damage|p1a: Molassas|244/394 par","|move|p1a: Molassas|Scald|p2a: Metagross","|-damage|p2a: Metagross|0 fnt","|faint|p2a: Metagross","|","|","|switch|p2a: Charizard|Charizard, F|297/297","|-damage|p2a: Charizard|149/297|[from] Stealth Rock","|turn|24","|","|move|p2a: Charizard|Flare Blitz|p1a: Molassas","|-resisted|p1a: Molassas","|-damage|p1a: Molassas|196/394 par","|-damage|p2a: Charizard|133/297|[from] recoil|[of] p1a: Molassas","|move|p1a: Molassas|Scald|p2a: Charizard","|-supereffective|p2a: Charizard","|-damage|p2a: Charizard|0 fnt","|faint|p2a: Charizard","|","|win|GTX♅Pyroar"],"p1rating":{"entryid":"7598890","serverid":"eos","formatid":"ou","userid":"gtxpyroar","username":"GTX♅Pyroar","w":3,"l":"2","t":"0","gxe":55.8,"r":"1519.871727621","rd":"108.21294386634","sigma":"0","rptime":"1439629200","rpr":1545.4370383336,"rprd":103.92257679635,"rpsigma":"0","acre":1080.425867624,"lacre":1080.425867624,"oldacre":"1050.1629877136"},"p2rating":{"entryid":"7037925","serverid":"eos","formatid":"ou","userid":"jejed","username":"Jejed","w":"1","l":3,"t":"0","gxe":43,"r":"1473.5985886896","rd":116.57670528634,"sigma":"0","rptime":1439629200,"rpr":1444.1577566896,"rprd":111.19579185791,"rpsigma":"0","acre":1013.4378227164,"lacre":1013.4378227164,"oldacre":"1026.4542646289"},"endType":"normal"}