{"seed":[18855,21770,4947,28457],"turns":26,"p1":"V codypoke","p2":"Baron Rudo","p1team":[{"name":"Gallade","species":"Gallade","item":"galladite","ability":"Justified","moves":["swordsdance","drainpunch","icepunch","zenheadbutt"],"nature":"Jolly","evs":{"hp":4,"atk":252,"def":0,"spa":0,"spd":0,"spe":252},"shiny":true,"ivs":{"hp":31,"atk":31,"def":31,"spa":31,"spd":31,"spe":31}},{"name":"Bisharp","species":"Bisharp","item":"blackglasses","ability":"Defiant","moves":["knockoff","ironhead","suckerpunch","pursuit"],"nature":"Adamant","evs":{"hp":0,"atk":252,"def":0,"spa":0,"spd":52,"spe":204},"shiny":true,"ivs":{"hp":31,"atk":31,"def":31,"spa":31,"spd":31,"spe":31}},{"name":"Skarmory","species":"Skarmory","item":"leftovers","ability":"Sturdy","moves":["ironhead","spikes","roost","whirlwind"],"nature":"Careful","evs":{"hp":248,"atk":0,"def":8,"spa":0,"spd":252,"spe":0},"ivs":{"hp":31,"atk":31,"def":31,"spa":31,"spd":31,"spe":31}},{"name":"Chansey","species":"Chansey","item":"eviolite","ability":"Natural Cure","moves":["toxic","softboiled","seismictoss","healbell"],"nature":"Bold","evs":{"hp":4,"atk":0,"def":252,"spa":0,"spd":252,"spe":0},"shiny":true,"ivs":{"hp":31,"atk":31,"def":31,"spa":31,"spd":31,"spe":31}},{"name":"Staraptor","species":"Staraptor","item":"choicescarf","ability":"Reckless","moves":["bravebird","doubleedge","finalgambit","uturn"],"nature":"Jolly","evs":{"hp":0,"atk":252,"def":4,"spa":0,"spd":0,"spe":252},"shiny":true,"ivs":{"hp":31,"atk":31,"def":31,"spa":31,"spd":31,"spe":31}},{"name":"Latios","species":"Latios","item":"lifeorb","ability":"Levitate","moves":["dracometeor","psyshock","hiddenpowerfire","defog"],"nature":"Timid","evs":{"hp":0,"atk":0,"def":4,"spa":252,"spd":0,"spe":252},"ivs":{"hp":31,"atk":30,"def":31,"spa":30,"spd":31,"spe":30},"shiny":true}],"p2team":[{"name":"Norba Rudo","species":"hawlucha","item":"widelens","ability":"Unburden","moves":["fly","swordsdance","highjumpkick","uturn"],"nature":"Jolly","evs":{"hp":4,"atk":252,"def":0,"spa":0,"spd":0,"spe":252},"gender":"M","shiny":true,"ivs":{"hp":31,"atk":31,"def":31,"spa":31,"spd":31,"spe":31}},{"name":"മലയാളം","species":"scolipede","item":"rockyhelmet","ability":"Speed Boost","moves":["xscissor","poisonjab","toxicspikes","swordsdance"],"nature":"Adamant","evs":{"hp":252,"atk":252,"def":0,"spa":0,"spd":0,"spe":4},"gender":"F","shiny":true,"ivs":{"hp":31,"atk":31,"def":31,"spa":31,"spd":31,"spe":31}},{"name":"तिगळारि लिपि","species":"togekiss","item":"scopelens","ability":"Super Luck","moves":["dazzlinggleam","roost","flamethrower","safeguard"],"nature":"Modest","evs":{"hp":196,"atk":0,"def":0,"spa":200,"spd":0,"spe":112},"gender":"F","ivs":{"hp":31,"atk":31,"def":31,"spa":31,"spd":31,"spe":31}},{"name":"തടവിലിടുക","species":"smeargle","item":"widelens","ability":"Technician","moves":["transform","meanlook","imprison","darkvoid"],"nature":"Timid","evs":{"hp":252,"atk":4,"def":0,"spa":0,"spd":0,"spe":252},"gender":"M","shiny":true,"ivs":{"hp":31,"atk":31,"def":31,"spa":31,"spd":31,"spe":31}},{"name":"Cardio Bunny","species":"lopunny","item":"lopunnite","ability":"Cute Charm","moves":["poweruppunch","attract","teeterdance","return"],"nature":"Jolly","evs":{"hp":4,"atk":252,"def":0,"spa":0,"spd":0,"spe":252},"shiny":true,"ivs":{"hp":31,"atk":31,"def":31,"spa":31,"spd":31,"spe":31}},{"name":"ತಿಗಳಾರಿ ಲಿಪಿ","species":"gliscor","item":"toxicorb","ability":"Poison Heal","moves":["earthquake","acrobatics","fling","swordsdance"],"nature":"Jolly","evs":{"hp":120,"atk":136,"def":0,"spa":0,"spd":0,"spe":252},"ivs":{"hp":31,"atk":31,"def":31,"spa":31,"spd":31,"spe":31}}],"log":["|player|p1|V codypoke|190","|player|p2|Baron Rudo|136","|gametype|singles","|gen|6","|tier|OU","|rated","|clearpoke","|poke|p1|Gallade, M, shiny","|poke|p1|Bisharp, F, shiny","|poke|p1|Skarmory, M","|poke|p1|Chansey, F, shiny","|poke|p1|Staraptor, M, shiny","|poke|p1|Latios, M, shiny","|poke|p2|Hawlucha, M, shiny","|poke|p2|Scolipede, F, shiny","|poke|p2|Togekiss, F","|poke|p2|Smeargle, M, shiny","|poke|p2|Lopunny, F, shiny","|poke|p2|Gliscor, M","|rule|Swagger Clause: Swagger is banned","|rule|Baton Pass Clause: Limit one Baton Passer, can't pass Spe and other stats simultaneously","|rule|Sleep Clause Mod: Limit one foe put to sleep","|rule|Species Clause: Limit one of each Pokémon","|rule|OHKO Clause: OHKO moves are banned","|rule|Moody Clause: Moody is banned","|rule|Evasion Moves Clause: Evasion moves are banned","|rule|Endless Battle Clause: Forcing endless battles is banned","|rule|HP Percentage Mod: HP is shown in percentages","|teampreview","|","|start","|switch|p1a: Skarmory|Skarmory, M|333/333","|switch|p2a: തടവിലിടുക|Smeargle, M, shiny|314/314","|turn|1","|","|move|p2a: തടവിലിടുക|Dark Void|p1a: Skarmory","|-status|p1a: Skarmory|slp","|cant|p1a: Skarmory|slp","|","|turn|2","|","|move|p2a: തടവിലിടുക|Mean Look|p1a: Skarmory","|-activate|p1a: Skarmory|trapped","|cant|p1a: Skarmory|slp","|","|turn|3","|","|move|p2a: തടവിലിടുക|Imprison|p2a: തടവിലിടുക","|-start|p2a: തടവിലിടുക|move: Imprison","|cant|p1a: Skarmory|slp","|","|turn|4","|","|move|p2a: തടവിലിടുക|Transform|p1a: Skarmory","|-transform|p2a: തടവിലിടുക|p1a: Skarmory","|-curestatus|p1a: Skarmory|slp","|cant|p1a: Skarmory|move: Imprison|Whirlwind","|","|turn|5","|","|-activate|p1a: Skarmory|move: Struggle","|move|p1a: Skarmory|Struggle|p2a: തടവിലിടുക","|-damage|p2a: തടവിലിടുക|291/314","|-damage|p1a: Skarmory|250/333|[from] recoil","|move|p2a: തടവിലിടുക|Spikes|p1a: Skarmory","|-sidestart|p1: V codypoke|Spikes","|","|-heal|p1a: Skarmory|270/333|[from] item: Leftovers","|turn|6","|","|move|p2a: തടവിലിടുക|Spikes|p1a: Skarmory","|-sidestart|p1: V codypoke|Spikes","|-activate|p1a: Skarmory|move: Struggle","|move|p1a: Skarmory|Struggle|p2a: തടവിലിടുക","|-damage|p2a: തടവിലിടുക|264/314","|-damage|p1a: Skarmory|187/333|[from] recoil","|","|-heal|p1a: Skarmory|207/333|[from] item: Leftovers","|turn|7","|","|move|p2a: തടവിലിടുക|Spikes|p1a: Skarmory","|-sidestart|p1: V codypoke|Spikes","|-activate|p1a: Skarmory|move: Struggle","|move|p1a: Skarmory|Struggle|p2a: തടവിലിടുക","|-damage|p2a: തടവിലിടുക|240/314","|-damage|p1a: Skarmory|124/333|[from] recoil","|","|-heal|p1a: Skarmory|144/333|[from] item: Leftovers","|turn|8","|","|move|p2a: തടവിലിടുക|Iron Head|p1a: Skarmory","|-resisted|p1a: Skarmory","|-damage|p1a: Skarmory|117/333","|-activate|p1a: Skarmory|move: Struggle","|move|p1a: Skarmory|Struggle|p2a: തടവിലിടുക","|-damage|p2a: തടവിലിടുക|217/314","|-damage|p1a: Skarmory|34/333|[from] recoil","|","|-heal|p1a: Skarmory|54/333|[from] item: Leftovers","|turn|9","|","|move|p2a: തടവിലിടുക|Roost|p2a: തടവിലിടുക","|-heal|p2a: തടവിലിടുക|314/314","|-activate|p1a: Skarmory|move: Struggle","|move|p1a: Skarmory|Struggle|p2a: തടവിലിടുക","|-damage|p2a: തടവിലിടുക|292/314","|-damage|p1a: Skarmory|0 fnt|[from] recoil","|faint|p1a: Skarmory","|","|","|switch|p1a: Latios|Latios, M, shiny|301/301","|turn|10","|","|move|p1a: Latios|Defog|p2a: തടവിലിടുക","|-unboost|p2a: തടവിലിടുക|evasion|1","|-sideend|p1: V codypoke|Spikes|[from] move: Defog|[of] p1a: Latios","|move|p2a: തടവിലിടുക|Whirlwind|p1a: Latios","|drag|p1a: Chansey|Chansey, F, shiny|642/642","|","|turn|11","|","|move|p2a: തടവിലിടുക|Spikes|p1a: Chansey","|-sidestart|p1: V codypoke|Spikes","|move|p1a: Chansey|Seismic Toss|p2a: തടവിലിടുക","|-damage|p2a: തടവിലിടുക|192/314","|","|turn|12","|","|move|p2a: തടവിലിടുക|Roost|p2a: തടവിലിടുക","|-heal|p2a: തടവിലിടുക|314/314","|move|p1a: Chansey|Seismic Toss|p2a: തടവിലിടുക","|-damage|p2a: തടവിലിടുക|214/314","|","|turn|13","|","|move|p1a: Chansey|Seismic Toss|p2a: തടവിലിടുക","|-damage|p2a: തടവിലിടുക|114/314","|move|p2a: തടവിലിടുക|Whirlwind|p1a: Chansey","|drag|p1a: Bisharp|Bisharp, F, shiny|271/271","|-damage|p1a: Bisharp|238/271|[from] Spikes","|","|turn|14","|","|move|p1a: Bisharp|Knock Off|p2a: തടവിലിടുക","|-damage|p2a: തടവിലിടുക|0 fnt","|-enditem|p2a: തടവിലിടുക|Wide Lens|[from] move: Knock Off|[of] p1a: Bisharp","|faint|p2a: തടവിലിടുക","|","|","|switch|p2a: Cardio Bunny|Lopunny, F, shiny|272/272","|turn|15","|","|detailschange|p2a: Cardio Bunny|Lopunny-Mega, F, shiny","|-mega|p2a: Cardio Bunny|Lopunny|Lopunnite","|move|p1a: Bisharp|Sucker Punch|p2a: Cardio Bunny","|-fail|p1a: Bisharp","|move|p2a: Cardio Bunny|Teeter Dance|p1a: Bisharp","|-start|p1a: Bisharp|confusion","|","|turn|16","|","|move|p2a: Cardio Bunny|Power-Up Punch|p1a: Bisharp","|-supereffective|p1a: Bisharp","|-damage|p1a: Bisharp|0 fnt","|-boost|p2a: Cardio Bunny|atk|1","|faint|p1a: Bisharp","|","|","|switch|p1a: Latios|Latios, M, shiny|301/301","|turn|17","|","|move|p2a: Cardio Bunny|Return|p1a: Latios","|-damage|p1a: Latios|0 fnt","|faint|p1a: Latios","|","|","|switch|p1a: Staraptor|Staraptor, M, shiny|311/311","|turn|18","|","|move|p1a: Staraptor|Brave Bird|p2a: Cardio Bunny","|-crit|p2a: Cardio Bunny","|-supereffective|p2a: Cardio Bunny","|-damage|p2a: Cardio Bunny|0 fnt","|-damage|p1a: Staraptor|221/311|[from] recoil|[of] p2a: Cardio Bunny","|faint|p2a: Cardio Bunny","|","|","|switch|p2a: മലയാളം|Scolipede, F, shiny|324/324","|turn|19","|","|move|p1a: Staraptor|Brave Bird|p2a: മലയാളം","|-supereffective|p2a: മലയാളം","|-damage|p2a: മലയാളം|0 fnt","|-damage|p1a: Staraptor|170/311|[from] item: Rocky Helmet|[of] p2a: മലയാളം","|-damage|p1a: Staraptor|63/311|[from] recoil|[of] p2a: മലയാളം","|faint|p2a: മലയാളം","|","|","|switch|p2a: ತಿಗಳಾರಿ ಲಿಪಿ|Gliscor, M|321/321","|turn|20","|","|move|p1a: Staraptor|Brave Bird|p2a: ತಿಗಳಾರಿ ಲಿಪಿ","|-damage|p2a: ತಿಗಳಾರಿ ಲಿಪಿ|108/321","|-damage|p1a: Staraptor|0 fnt|[from] recoil|[of] p2a: ತಿಗಳಾರಿ ಲಿಪಿ","|faint|p1a: Staraptor","|move|p2a: ತಿಗಳಾರಿ ಲಿಪಿ|Acrobatics|p1: Staraptor|[notarget]","|-notarget","|","|-status|p2a: ತಿಗಳಾರಿ ಲಿಪಿ|tox|[from] item: Toxic Orb","|","|switch|p1a: Chansey|Chansey, F, shiny|642/642","|-damage|p1a: Chansey|562/642|[from] Spikes","|turn|21","|","|move|p2a: ತಿಗಳಾರಿ ಲಿಪಿ|Fling|p1a: Chansey","|-enditem|p2a: ತಿಗಳಾರಿ ಲಿಪಿ|Toxic Orb|[from] move: Fling","|-damage|p1a: Chansey|530/642","|-status|p1a: Chansey|tox","|move|p1a: Chansey|Seismic Toss|p2a: ತಿಗಳಾರಿ ಲಿಪಿ","|-damage|p2a: ತಿಗಳಾರಿ ಲಿಪಿ|8/321 tox","|","|-heal|p2a: ತಿಗಳಾರಿ ಲಿಪಿ|48/321 tox|[from] ability: Poison Heal","|-damage|p1a: Chansey|490/642 tox|[from] psn","|turn|22","|","|move|p2a: ತಿಗಳಾರಿ ಲಿಪಿ|Earthquake|p1a: Chansey","|-damage|p1a: Chansey|322/642 tox","|move|p1a: Chansey|Seismic Toss|p2a: ತಿಗಳಾರಿ ಲಿಪಿ","|-damage|p2a: ತಿಗಳಾರಿ ಲಿಪಿ|0 fnt","|faint|p2a: ತಿಗಳಾರಿ ಲಿಪಿ","|","|-damage|p1a: Chansey|242/642 tox|[from] psn","|","|switch|p2a: Norba Rudo|Hawlucha, M, shiny|298/298","|turn|23","|","|move|p2a: Norba Rudo|High Jump Kick|p1a: Chansey","|-supereffective|p1a: Chansey","|-damage|p1a: Chansey|0 fnt","|faint|p1a: Chansey","|","|","|switch|p1a: Gallade|Gallade, M, shiny|278/278","|-damage|p1a: Gallade|244/278|[from] Spikes","|turn|24","|","|detailschange|p1a: Gallade|Gallade-Mega, M, shiny","|-mega|p1a: Gallade|Gallade|Galladite","|move|p2a: Norba Rudo|Fly|p1a: Gallade|[still]","|-prepare|p2a: Norba Rudo|Fly|p1a: Gallade","|move|p1a: Gallade|Zen Headbutt|p2a: Norba Rudo|[miss]","|-miss|p1a: Gallade|p2a: Norba Rudo","|","|turn|25","|","|move|p2a: Norba Rudo|Fly|p1a: Gallade|[from]lockedmove","|-supereffective|p1a: Gallade","|-damage|p1a: Gallade|2/278","|move|p1a: Gallade|Zen Headbutt|p2a: Norba Rudo","|-supereffective|p2a: Norba Rudo","|-damage|p2a: Norba Rudo|0 fnt","|faint|p2a: Norba Rudo","|","|","|switch|p2a: तिगळारि लिपि|Togekiss, F|360/360","|turn|26","|","|move|p1a: Gallade|Ice Punch|p2a: तिगळारि लिपि","|-supereffective|p2a: तिगळारि लिपि","|-damage|p2a: तिगळारि लिपि|134/360","|move|p2a: तिगळारि लिपि|Dazzling Gleam|p1a: Gallade","|-supereffective|p1a: Gallade","|-damage|p1a: Gallade|0 fnt","|faint|p1a: Gallade","|","|win|Baron Rudo"],"p1rating":{"entryid":7660702,"formatid":"ou","userid":"vcodypoke","username":"V codypoke","r":1500,"rd":130,"sigma":0,"rpr":1459.8393856612,"rprd":122.8583080769,"rpsigma":0,"rptime":1439629200,"w":0,"l":1,"t":0,"gxe":45,"acre":1000,"lacre":1000,"oldacre":1000},"p2rating":{"entryid":7660703,"formatid":"ou","userid":"baronrudo","username":"Baron Rudo","r":1500,"rd":130,"sigma":0,"rpr":1540.1606143388,"rprd":122.8583080769,"rpsigma":0,"rptime":1439629200,"w":1,"l":0,"t":0,"gxe":55,"acre":1040,"lacre":1040,"oldacre":1000},"endType":"normal"}