{"seed":[24885,42225,29035,54408],"turns":26,"p1":"Alliance - Warner","p2":"Rytíř temnoty","p1team":[{"name":"Heracross","species":"Heracross","item":"heracronite","ability":"Guts","moves":["pinmissile","rockblast","bulletseed","closecombat"],"nature":"Brave","evs":{"hp":252,"atk":252,"def":4,"spa":0,"spd":0,"spe":0},"ivs":{"hp":31,"atk":31,"def":31,"spa":31,"spd":31,"spe":0}},{"name":"Porygon2","species":"Porygon2","item":"eviolite","ability":"Analytic","moves":["icebeam","foulplay","recover","trickroom"],"nature":"Relaxed","evs":{"hp":252,"atk":0,"def":200,"spa":0,"spd":56,"spe":0},"ivs":{"hp":31,"atk":31,"def":31,"spa":31,"spd":31,"spe":0}},{"name":"Magnezone","species":"Magnezone","item":"choicespecs","ability":"Magnet Pull","moves":["voltswitch","thunderbolt","hiddenpowerfire","flashcannon"],"nature":"Quiet","evs":{"hp":252,"atk":0,"def":0,"spa":252,"spd":4,"spe":0},"ivs":{"hp":31,"atk":0,"def":31,"spa":30,"spd":31,"spe":0}},{"name":"Hoopa-Unbound","species":"Hoopa-Unbound","item":"lifeorb","ability":"Magician","moves":["hyperspacefury","gunkshot","psychic","trickroom"],"nature":"Brave","evs":{"hp":232,"atk":244,"def":0,"spa":32,"spd":0,"spe":0},"ivs":{"hp":31,"atk":31,"def":31,"spa":31,"spd":31,"spe":0}},{"name":"Landorus-Therian","species":"Landorus-Therian","item":"leftovers","ability":"Intimidate","moves":["earthquake","stoneedge","uturn","stealthrock"],"nature":"Impish","evs":{"hp":228,"atk":0,"def":236,"spa":0,"spd":44,"spe":0},"ivs":{"hp":31,"atk":31,"def":31,"spa":31,"spd":31,"spe":31}},{"name":"Azumarill","species":"Azumarill","item":"sitrusberry","ability":"Thick Fat","moves":["aquajet","playrough","superpower","bellydrum"],"nature":"Brave","evs":{"hp":252,"atk":252,"def":0,"spa":0,"spd":4,"spe":0},"ivs":{"hp":31,"atk":31,"def":31,"spa":31,"spd":31,"spe":0}}],"p2team":[{"name":"Aerodactyl","species":"Aerodactyl","item":"focussash","ability":"Unnerve","moves":["taunt","stoneedge","fireblast","stealthrock"],"nature":"Hasty","evs":{"hp":0,"atk":4,"def":0,"spa":252,"spd":0,"spe":252},"gender":"F","shiny":true,"ivs":{"hp":31,"atk":31,"def":31,"spa":31,"spd":31,"spe":31}},{"name":"SmogonFlame","species":"talonflame","item":"salacberry","ability":"Gale Wings","moves":["swordsdance","flareblitz","bravebird","naturalgift"],"nature":"Jolly","evs":{"hp":52,"atk":252,"def":0,"spa":0,"spd":4,"spe":200},"gender":"M","shiny":true,"ivs":{"hp":31,"atk":31,"def":31,"spa":31,"spd":31,"spe":31}},{"name":"Weavile","species":"Weavile","item":"lifeorb","ability":"Pressure","moves":["iceshard","icepunch","knockoff","lowkick"],"nature":"Jolly","evs":{"hp":0,"atk":252,"def":0,"spa":0,"spd":4,"spe":252},"gender":"F","ivs":{"hp":31,"atk":31,"def":31,"spa":31,"spd":31,"spe":31}},{"name":"Metagross","species":"Metagross","item":"metagrossite","ability":"Clear Body","moves":["meteormash","zenheadbutt","bulletpunch","icepunch"],"nature":"Jolly","evs":{"hp":0,"atk":252,"def":0,"spa":0,"spd":4,"spe":252},"ivs":{"hp":31,"atk":31,"def":31,"spa":31,"spd":31,"spe":31}},{"name":"Starmie","species":"Starmie","item":"lifeorb","ability":"Natural Cure","moves":["psyshock","scald","hiddenpowerfire","rapidspin"],"nature":"Timid","evs":{"hp":0,"atk":0,"def":0,"spa":252,"spd":4,"spe":252},"ivs":{"hp":31,"atk":30,"def":31,"spa":30,"spd":31,"spe":30}},{"name":"Hawlucha","species":"Hawlucha","item":"sitrusberry","ability":"Unburden","moves":["acrobatics","highjumpkick","poisonjab","swordsdance"],"nature":"Adamant","evs":{"hp":200,"atk":252,"def":52,"spa":0,"spd":4,"spe":0},"ivs":{"hp":31,"atk":31,"def":31,"spa":31,"spd":31,"spe":31}}],"log":["|player|p1|Alliance - Warner|126","|player|p2|Rytíř temnoty|161","|gametype|singles","|gen|6","|tier|OU","|rated","|clearpoke","|poke|p1|Heracross, M","|poke|p1|Porygon2","|poke|p1|Magnezone","|poke|p1|Hoopa-Unbound","|poke|p1|Landorus-Therian, M","|poke|p1|Azumarill, M","|poke|p2|Aerodactyl, F, shiny","|poke|p2|Talonflame, M, shiny","|poke|p2|Weavile, F","|poke|p2|Metagross","|poke|p2|Starmie","|poke|p2|Hawlucha, M","|rule|Swagger Clause: Swagger is banned","|rule|Baton Pass Clause: Limit one Baton Passer, can't pass Spe and other stats simultaneously","|rule|Sleep Clause Mod: Limit one foe put to sleep","|rule|Species Clause: Limit one of each Pokémon","|rule|OHKO Clause: OHKO moves are banned","|rule|Moody Clause: Moody is banned","|rule|Evasion Moves Clause: Evasion moves are banned","|rule|Endless Battle Clause: Forcing endless battles is banned","|rule|HP Percentage Mod: HP is shown in percentages","|teampreview","|","|start","|switch|p1a: Porygon2|Porygon2|374/374","|switch|p2a: Aerodactyl|Aerodactyl, F, shiny|301/301","|-ability|p2a: Aerodactyl|Unnerve|p1: Alliance - Warner","|turn|1","|","|move|p2a: Aerodactyl|Taunt|p1a: Porygon2","|-start|p1a: Porygon2|move: Taunt","|cant|p1a: Porygon2|move: Taunt|Trick Room","|","|turn|2","|","|move|p2a: Aerodactyl|Stealth Rock|p1a: Porygon2","|-sidestart|p1: Alliance - Warner|move: Stealth Rock","|move|p1a: Porygon2|Ice Beam|p2a: Aerodactyl","|-supereffective|p2a: Aerodactyl","|-damage|p2a: Aerodactyl|71/301","|","|turn|3","|","|switch|p2a: Metagross|Metagross|301/301","|move|p1a: Porygon2|Ice Beam|p2a: Metagross","|-resisted|p2a: Metagross","|-damage|p2a: Metagross|248/301","|","|-end|p1a: Porygon2|move: Taunt","|turn|4","|","|detailschange|p2a: Metagross|Metagross-Mega","|-mega|p2a: Metagross|Metagross|Metagrossite","|move|p2a: Metagross|Meteor Mash|p1a: Porygon2","|-damage|p1a: Porygon2|262/374","|move|p1a: Porygon2|Trick Room|p1a: Porygon2","|-fieldstart|move: Trick Room|[of] p1a: Porygon2","|","|turn|5","|","|move|p1a: Porygon2|Foul Play|p2a: Metagross","|-supereffective|p2a: Metagross","|-damage|p2a: Metagross|82/301","|move|p2a: Metagross|Meteor Mash|p1a: Porygon2","|-damage|p1a: Porygon2|132/374","|-boost|p2a: Metagross|atk|1","|","|turn|6","|","|switch|p2a: Aerodactyl|Aerodactyl, F, shiny|71/301","|-ability|p2a: Aerodactyl|Unnerve|p1: Alliance - Warner","|move|p1a: Porygon2|Foul Play|p2a: Aerodactyl","|-damage|p2a: Aerodactyl|0 fnt","|faint|p2a: Aerodactyl","|","|","|switch|p2a: Hawlucha|Hawlucha, M|347/347","|turn|7","|","|switch|p1a: Landorus-Therian|Landorus-Therian, M|376/376","|-damage|p1a: Landorus-Therian|329/376|[from] Stealth Rock","|-ability|p1a: Landorus-Therian|Intimidate","|-unboost|p2a: Hawlucha|atk|1","|move|p2a: Hawlucha|High Jump Kick|p1a: Landorus-Therian","|-resisted|p1a: Landorus-Therian","|-damage|p1a: Landorus-Therian|274/376","|","|-heal|p1a: Landorus-Therian|297/376|[from] item: Leftovers","|turn|8","|","|move|p1a: Landorus-Therian|Stealth Rock|p2a: Hawlucha","|-sidestart|p2: Rytíř temnoty|move: Stealth Rock","|move|p2a: Hawlucha|Swords Dance|p2a: Hawlucha","|-boost|p2a: Hawlucha|atk|2","|","|-heal|p1a: Landorus-Therian|320/376|[from] item: Leftovers","|-fieldend|move: Trick Room","|turn|9","|","|move|p2a: Hawlucha|Acrobatics|p1a: Landorus-Therian","|-damage|p1a: Landorus-Therian|227/376","|move|p1a: Landorus-Therian|Stone Edge|p2a: Hawlucha","|-crit|p2a: Hawlucha","|-damage|p2a: Hawlucha|139/347","|-enditem|p2a: Hawlucha|Sitrus Berry|[eat]","|-heal|p2a: Hawlucha|225/347|[from] item: Sitrus Berry","|","|-heal|p1a: Landorus-Therian|250/376|[from] item: Leftovers","|turn|10","|","|move|p2a: Hawlucha|Acrobatics|p1a: Landorus-Therian","|-crit|p1a: Landorus-Therian","|-damage|p1a: Landorus-Therian|0 fnt","|faint|p1a: Landorus-Therian","|","|","|switch|p1a: Azumarill|Azumarill, M|404/404","|-damage|p1a: Azumarill|354/404|[from] Stealth Rock","|turn|11","|","|move|p2a: Hawlucha|Poison Jab|p1a: Azumarill","|-supereffective|p1a: Azumarill","|-damage|p1a: Azumarill|40/404","|-enditem|p1a: Azumarill|Sitrus Berry|[eat]","|-heal|p1a: Azumarill|141/404|[from] item: Sitrus Berry","|move|p1a: Azumarill|Play Rough|p2a: Hawlucha","|-supereffective|p2a: Hawlucha","|-damage|p2a: Hawlucha|0 fnt","|faint|p2a: Hawlucha","|","|","|switch|p2a: Starmie|Starmie|261/261","|-damage|p2a: Starmie|229/261|[from] Stealth Rock","|turn|12","|","|move|p1a: Azumarill|Aqua Jet|p2a: Starmie","|-resisted|p2a: Starmie","|-damage|p2a: Starmie|205/261","|move|p2a: Starmie|Rapid Spin|p1a: Azumarill","|-damage|p1a: Azumarill|123/404","|-sideend|p2: Rytíř temnoty|Stealth Rock|[from] move: Rapid Spin|[of] p2a: Starmie","|-damage|p2a: Starmie|179/261|[from] item: Life Orb","|","|turn|13","|","|move|p2a: Starmie|Psyshock|p1a: Azumarill","|-damage|p1a: Azumarill|0 fnt","|-damage|p2a: Starmie|153/261|[from] item: Life Orb","|faint|p1a: Azumarill","|","|","|switch|p1a: Hoopa-Unbound|Hoopa-Unbound|359/359","|-damage|p1a: Hoopa-Unbound|315/359|[from] Stealth Rock","|turn|14","|","|move|p2a: Starmie|Scald|p1a: Hoopa-Unbound","|-damage|p1a: Hoopa-Unbound|186/359","|-damage|p2a: Starmie|127/261|[from] item: Life Orb","|move|p1a: Hoopa-Unbound|Trick Room|p1a: Hoopa-Unbound","|-fieldstart|move: Trick Room|[of] p1a: Hoopa-Unbound","|","|turn|15","|","|move|p1a: Hoopa-Unbound|Hyperspace Fury|p2a: Starmie","|-supereffective|p2a: Starmie","|-damage|p2a: Starmie|0 fnt","|-unboost|p1a: Hoopa-Unbound|def|1","|-damage|p1a: Hoopa-Unbound|151/359|[from] item: Life Orb","|faint|p2a: Starmie","|","|","|switch|p2a: Metagross|Metagross-Mega|82/301","|turn|16","|","|move|p2a: Metagross|Bullet Punch|p1a: Hoopa-Unbound","|-damage|p1a: Hoopa-Unbound|0 fnt","|faint|p1a: Hoopa-Unbound","|","|","|switch|p1a: Porygon2|Porygon2|132/374","|-damage|p1a: Porygon2|86/374|[from] Stealth Rock","|turn|17","|","|move|p2a: Metagross|Bullet Punch|p1a: Porygon2","|-damage|p1a: Porygon2|35/374","|move|p1a: Porygon2|Recover|p1a: Porygon2","|-heal|p1a: Porygon2|222/374","|","|turn|18","|","|move|p1a: Porygon2|Recover|p1a: Porygon2","|-heal|p1a: Porygon2|374/374","|move|p2a: Metagross|Meteor Mash|p1a: Porygon2","|-damage|p1a: Porygon2|254/374","|","|-fieldend|move: Trick Room","|turn|19","|","|move|p2a: Metagross|Meteor Mash|p1a: Porygon2","|-damage|p1a: Porygon2|134/374","|move|p1a: Porygon2|Trick Room|p1a: Porygon2","|-fieldstart|move: Trick Room|[of] p1a: Porygon2","|","|turn|20","|","|move|p1a: Porygon2|Foul Play|p2a: Metagross","|-supereffective|p2a: Metagross","|-damage|p2a: Metagross|0 fnt","|faint|p2a: Metagross","|","|","|switch|p2a: Weavile|Weavile, F|281/281","|-ability|p2a: Weavile|Pressure","|turn|21","|","|move|p1a: Porygon2|Recover|p1a: Porygon2","|-heal|p1a: Porygon2|321/374","|move|p2a: Weavile|Knock Off|p1a: Porygon2","|-damage|p1a: Porygon2|203/374","|-enditem|p1a: Porygon2|Eviolite|[from] move: Knock Off|[of] p2a: Weavile","|-damage|p2a: Weavile|253/281|[from] item: Life Orb","|","|turn|22","|","|switch|p1a: Heracross|Heracross, M|364/364","|-damage|p1a: Heracross|319/364|[from] Stealth Rock","|move|p2a: Weavile|Ice Punch|p1a: Heracross","|-damage|p1a: Heracross|107/364","|-damage|p2a: Weavile|225/281|[from] item: Life Orb","|","|turn|23","|","|detailschange|p1a: Heracross|Heracross-Mega, M","|-mega|p1a: Heracross|Heracross|Heracronite","|move|p2a: Weavile|Ice Shard|p1a: Heracross","|-damage|p1a: Heracross|28/364","|-damage|p2a: Weavile|197/281|[from] item: Life Orb","|move|p1a: Heracross|Close Combat|p2a: Weavile","|-supereffective|p2a: Weavile","|-damage|p2a: Weavile|0 fnt","|-unboost|p1a: Heracross|def|1","|-unboost|p1a: Heracross|spd|1","|faint|p2a: Weavile","|","|-fieldend|move: Trick Room","|","|switch|p2a: SmogonFlame|Talonflame, M, shiny|310/310","|turn|24","|","|move|p2a: SmogonFlame|Brave Bird|p1a: Heracross","|-crit|p1a: Heracross","|-supereffective|p1a: Heracross","|-damage|p1a: Heracross|0 fnt","|-damage|p2a: SmogonFlame|301/310|[from] recoil|[of] p1a: Heracross","|faint|p1a: Heracross","|","|","|switch|p1a: Porygon2|Porygon2|203/374","|-damage|p1a: Porygon2|157/374|[from] Stealth Rock","|turn|25","|","|move|p2a: SmogonFlame|Brave Bird|p1a: Porygon2","|-damage|p1a: Porygon2|30/374","|-damage|p2a: SmogonFlame|259/310|[from] recoil|[of] p1a: Porygon2","|move|p1a: Porygon2|Trick Room|p1a: Porygon2","|-fieldstart|move: Trick Room|[of] p1a: Porygon2","|","|turn|26","|","|move|p2a: SmogonFlame|Brave Bird|p1a: Porygon2","|-damage|p1a: Porygon2|0 fnt","|-damage|p2a: SmogonFlame|249/310|[from] recoil|[of] p1a: Porygon2","|faint|p1a: Porygon2","|","|","|win|Alliance - Warner"],"p1rating":{"entryid":7658208,"formatid":"ou","userid":"alliancewarner","username":"Alliance - Warner","r":1500,"rd":130,"sigma":0,"rpr":1544.783674493,"rprd":122.8364905948,"rpsigma":0,"rptime":1439629200,"w":1,"l":0,"t":0,"gxe":55.6,"acre":1044.584930701,"lacre":1044.584930701,"oldacre":1000},"p2rating":{"entryid":"7587639","serverid":"eos","formatid":"ou","userid":"ryttemnoty","username":"Rytíř temnoty","w":"1","l":1,"t":"0","gxe":50,"r":"1540.1606143388","rd":"123.22070420879","sigma":"0","rptime":"1439629200","rpr":1499.7560864701,"rprd":117.15305015554,"rpsigma":"0","acre":1022.1660277196,"lacre":1022.1660277196,"oldacre":"1040"},"endType":"forfeit"}