{"seed":[46707,15236,23523,54939],"turns":20,"p1":"tonyy18","p2":"Dragonic Patrick","p1team":[{"name":"Lopunny","species":"Lopunny","item":"lopunnite","ability":"Limber","moves":["highjumpkick","return","fakeout","icepunch"],"nature":"Jolly","evs":{"hp":0,"atk":252,"def":4,"spa":0,"spd":0,"spe":252},"ivs":{"hp":31,"atk":31,"def":31,"spa":31,"spd":31,"spe":31}},{"name":"Latios","species":"Latios","item":"lifeorb","ability":"Levitate","moves":["dracometeor","psyshock","hiddenpowerfire","defog"],"nature":"Timid","evs":{"hp":0,"atk":0,"def":4,"spa":252,"spd":0,"spe":252},"ivs":{"hp":31,"atk":30,"def":31,"spa":30,"spd":31,"spe":30}},{"name":"Ferrothorn","species":"Ferrothorn","item":"leftovers","ability":"Iron Barbs","moves":["stealthrock","leechseed","gyroball","thunderwave"],"nature":"Relaxed","evs":{"hp":252,"atk":0,"def":88,"spa":0,"spd":168,"spe":0},"ivs":{"hp":31,"atk":31,"def":31,"spa":31,"spd":31,"spe":31}},{"name":"Azumarill","species":"Azumarill","item":"choiceband","ability":"Huge Power","moves":["playrough","waterfall","aquajet","knockoff"],"nature":"Adamant","evs":{"hp":172,"atk":252,"def":0,"spa":0,"spd":0,"spe":84},"ivs":{"hp":31,"atk":31,"def":31,"spa":31,"spd":31,"spe":31}},{"name":"Raikou","species":"Raikou","item":"assaultvest","ability":"Pressure","moves":["thunderbolt","voltswitch","hiddenpowerice","shadowball"],"nature":"Timid","evs":{"hp":0,"atk":0,"def":0,"spa":252,"spd":32,"spe":224},"ivs":{"hp":31,"atk":30,"def":30,"spa":31,"spd":31,"spe":31}},{"name":"Kyurem-Black","species":"Kyurem-Black","item":"lifeorb","ability":"Teravolt","moves":["icebeam","earthpower","fusionbolt","roost"],"nature":"Mild","evs":{"hp":0,"atk":20,"def":0,"spa":252,"spd":0,"spe":236},"ivs":{"hp":31,"atk":31,"def":31,"spa":31,"spd":31,"spe":31}}],"p2team":[{"name":"Latios","species":"Latios","item":"latiosite","ability":"Levitate","moves":["dragonpulse","storedpower","calmmind","roost"],"nature":"Timid","evs":{"hp":252,"atk":0,"def":0,"spa":4,"spd":0,"spe":252},"ivs":{"hp":31,"atk":31,"def":31,"spa":31,"spd":31,"spe":31}},{"name":"Mew","species":"Mew","item":"leftovers","ability":"Synchronize","moves":["batonpass","amnesia","roost","barrier"],"nature":"","evs":{"hp":252,"atk":0,"def":0,"spa":0,"spd":0,"spe":252},"shiny":true,"ivs":{"hp":31,"atk":31,"def":31,"spa":31,"spd":31,"spe":31}}],"log":["|player|p1|tonyy18|102","|player|p2|Dragonic Patrick|153","|gametype|singles","|gen|6","|tier|OU","|rated","|clearpoke","|poke|p1|Lopunny, M","|poke|p1|Latios, M","|poke|p1|Ferrothorn, M","|poke|p1|Azumarill, M","|poke|p1|Raikou","|poke|p1|Kyurem-Black","|poke|p2|Latios, M","|poke|p2|Mew, shiny","|rule|Swagger Clause: Swagger is banned","|rule|Baton Pass Clause: Limit one Baton Passer, can't pass Spe and other stats simultaneously","|rule|Sleep Clause Mod: Limit one foe put to sleep","|rule|Species Clause: Limit one of each Pokémon","|rule|OHKO Clause: OHKO moves are banned","|rule|Moody Clause: Moody is banned","|rule|Evasion Moves Clause: Evasion moves are banned","|rule|Endless Battle Clause: Forcing endless battles is banned","|rule|HP Percentage Mod: HP is shown in percentages","|teampreview","|","|start","|switch|p1a: Latios|Latios, M|301/301","|switch|p2a: Mew|Mew, shiny|404/404","|turn|1","|","|move|p1a: Latios|Draco Meteor|p2a: Mew","|-damage|p2a: Mew|96/404","|-unboost|p1a: Latios|spa|2","|-damage|p1a: Latios|271/301|[from] item: Life Orb","|move|p2a: Mew|Amnesia|p2a: Mew","|-boost|p2a: Mew|spd|2","|","|-heal|p2a: Mew|121/404|[from] item: Leftovers","|turn|2","|","|move|p1a: Latios|Draco Meteor|p2a: Mew","|-damage|p2a: Mew|43/404","|-unboost|p1a: Latios|spa|2","|-damage|p1a: Latios|241/301|[from] item: Life Orb","|move|p2a: Mew|Barrier|p2a: Mew","|-boost|p2a: Mew|def|2","|","|-heal|p2a: Mew|68/404|[from] item: Leftovers","|turn|3","|","|move|p1a: Latios|Draco Meteor|p2a: Mew|[miss]","|-miss|p1a: Latios|p2a: Mew","|move|p2a: Mew|Roost|p2a: Mew","|-heal|p2a: Mew|270/404","|","|-heal|p2a: Mew|295/404|[from] item: Leftovers","|turn|4","|","|switch|p1a: Ferrothorn|Ferrothorn, M|352/352","|move|p2a: Mew|Barrier|p2a: Mew","|-boost|p2a: Mew|def|2","|","|-heal|p2a: Mew|320/404|[from] item: Leftovers","|turn|5","|","|move|p2a: Mew|Barrier|p2a: Mew","|-boost|p2a: Mew|def|2","|move|p1a: Ferrothorn|Thunder Wave|p2a: Mew","|-status|p2a: Mew|par","|-status|p1a: Ferrothorn|par","|","|-heal|p2a: Mew|345/404 par|[from] item: Leftovers","|turn|6","|","|move|p2a: Mew|Amnesia|p2a: Mew","|-boost|p2a: Mew|spd|2","|move|p1a: Ferrothorn|Leech Seed|p2a: Mew","|-start|p2a: Mew|move: Leech Seed","|","|-heal|p2a: Mew|370/404 par|[from] item: Leftovers","|-damage|p2a: Mew|320/404 par|[from] Leech Seed|[of] p1a: Ferrothorn","|turn|7","|","|cant|p2a: Mew|par","|move|p1a: Ferrothorn|Stealth Rock|p2a: Mew","|-sidestart|p2: Dragonic Patrick|move: Stealth Rock","|","|-heal|p2a: Mew|345/404 par|[from] item: Leftovers","|-damage|p2a: Mew|295/404 par|[from] Leech Seed|[of] p1a: Ferrothorn","|turn|8","|","|move|p2a: Mew|Amnesia|p2a: Mew","|-boost|p2a: Mew|spd|2","|move|p1a: Ferrothorn|Gyro Ball|p2a: Mew","|-damage|p2a: Mew|267/404 par","|","|-heal|p2a: Mew|292/404 par|[from] item: Leftovers","|-damage|p2a: Mew|242/404 par|[from] Leech Seed|[of] p1a: Ferrothorn","|turn|9","|","|cant|p2a: Mew|par","|move|p1a: Ferrothorn|Gyro Ball|p2a: Mew","|-damage|p2a: Mew|212/404 par","|","|-heal|p2a: Mew|237/404 par|[from] item: Leftovers","|-damage|p2a: Mew|187/404 par|[from] Leech Seed|[of] p1a: Ferrothorn","|turn|10","|","|switch|p1a: Azumarill|Azumarill, M|384/384","|cant|p2a: Mew|par","|","|-heal|p2a: Mew|212/404 par|[from] item: Leftovers","|-damage|p2a: Mew|162/404 par|[from] Leech Seed|[of] p1a: Azumarill","|turn|11","|","|move|p1a: Azumarill|Knock Off|p2a: Mew","|-supereffective|p2a: Mew","|-damage|p2a: Mew|64/404 par","|-enditem|p2a: Mew|Leftovers|[from] move: Knock Off|[of] p1a: Azumarill","|move|p2a: Mew|Baton Pass|p2a: Mew","|","|switch|p2a: Latios|Latios, M|364/364","|-damage|p2a: Latios|319/364|[from] Stealth Rock","|","|-damage|p2a: Latios|274/364|[from] Leech Seed|[of] p1a: Azumarill","|turn|12","|","|detailschange|p2a: Latios|Latios-Mega, M","|-mega|p2a: Latios|Latios|Latiosite","|move|p2a: Latios|Stored Power|p1a: Azumarill","|-damage|p1a: Azumarill|0 fnt","|faint|p1a: Azumarill","|","|","|switch|p1a: Ferrothorn|Ferrothorn, M|352/352 par","|turn|13","|","|move|p2a: Latios|Calm Mind|p2a: Latios","|-boost|p2a: Latios|spa|1","|cant|p1a: Ferrothorn|par","|","|-damage|p2a: Latios|229/364|[from] Leech Seed|[of] p1a: Ferrothorn","|turn|14","|","|move|p2a: Latios|Calm Mind|p2a: Latios","|-boost|p2a: Latios|spa|1","|move|p1a: Ferrothorn|Thunder Wave|p2a: Latios","|-status|p2a: Latios|par","|","|-damage|p2a: Latios|184/364 par|[from] Leech Seed|[of] p1a: Ferrothorn","|turn|15","|","|cant|p2a: Latios|par","|move|p1a: Ferrothorn|Gyro Ball|p2a: Latios","|-damage|p2a: Latios|148/364 par","|","|-damage|p2a: Latios|103/364 par|[from] Leech Seed|[of] p1a: Ferrothorn","|turn|16","|","|move|p2a: Latios|Roost|p2a: Latios","|-heal|p2a: Latios|285/364 par","|move|p1a: Ferrothorn|Gyro Ball|p2a: Latios","|-damage|p2a: Latios|248/364 par","|","|-damage|p2a: Latios|203/364 par|[from] Leech Seed|[of] p1a: Ferrothorn","|turn|17","|","|move|p2a: Latios|Stored Power|p1a: Ferrothorn","|-resisted|p1a: Ferrothorn","|-damage|p1a: Ferrothorn|0 fnt","|faint|p1a: Ferrothorn","|","|","|switch|p1a: Latios|Latios, M|241/301","|turn|18","|","|move|p1a: Latios|Draco Meteor|p2a: Latios","|-supereffective|p2a: Latios","|-damage|p2a: Latios|60/364 par","|-unboost|p1a: Latios|spa|2","|-damage|p1a: Latios|211/301|[from] item: Life Orb","|cant|p2a: Latios|par","|","|-damage|p2a: Latios|15/364 par|[from] Leech Seed|[of] p1a: Latios","|-heal|p1a: Latios|256/301|[silent]","|turn|19","|","|move|p1a: Latios|Draco Meteor|p2a: Latios","|-supereffective|p2a: Latios","|-damage|p2a: Latios|0 fnt","|-unboost|p1a: Latios|spa|2","|-damage|p1a: Latios|226/301|[from] item: Life Orb","|faint|p2a: Latios","|","|","|switch|p2a: Mew|Mew, shiny|64/404 par","|-damage|p2a: Mew|14/404 par|[from] Stealth Rock","|turn|20","|","|win|tonyy18"],"p1rating":{"entryid":7655265,"formatid":"ou","userid":"tonyy18","username":"tonyy18","r":1500,"rd":130,"sigma":0,"rpr":1540.1606143388,"rprd":122.8583080769,"rpsigma":0,"rptime":1439629200,"w":1,"l":0,"t":0,"gxe":55,"acre":1040,"lacre":1040,"oldacre":1000},"p2rating":{"entryid":7655266,"formatid":"ou","userid":"dragonicpatrick","username":"Dragonic Patrick","r":1500,"rd":130,"sigma":0,"rpr":1459.8393856612,"rprd":122.8583080769,"rpsigma":0,"rptime":1439629200,"w":0,"l":1,"t":0,"gxe":45,"acre":1000,"lacre":1000,"oldacre":1000},"endType":"forfeit"}