{"seed":[55826,45824,4045,2454],"turns":23,"p1":"wtfprezentz","p2":"Professor♅ Gotenks","p1team":[{"name":"Garchomp","species":"Garchomp","item":"rockyhelmet","ability":"Rough Skin","moves":["earthquake","dracometeor","fireblast","ironhead"],"nature":"","evs":{"hp":0,"atk":0,"def":0,"spa":0,"spd":0,"spe":0},"ivs":{"hp":31,"atk":31,"def":31,"spa":31,"spd":31,"spe":31}},{"name":"Aggron","species":"Aggron","item":"aggronite","ability":"Heavy Metal","moves":["heavyslam","earthquake","toxic","surf"],"nature":"Lax","evs":{"hp":248,"atk":8,"def":252,"spa":0,"spd":0,"spe":0},"ivs":{"hp":31,"atk":31,"def":31,"spa":31,"spd":31,"spe":31}},{"name":"Victini","species":"Victini","item":"focussash","ability":"Victory Star","moves":["vcreate","boltstrike","psychic","dazzlinggleam"],"nature":"Hasty","evs":{"hp":0,"atk":4,"def":0,"spa":252,"spd":0,"spe":252},"ivs":{"hp":31,"atk":31,"def":31,"spa":31,"spd":31,"spe":31}},{"name":"Kyurem-Black","species":"Kyurem-Black","item":"focussash","ability":"Teravolt","moves":["fusionbolt","dracometeor","flashcannon","icebeam"],"nature":"Rash","evs":{"hp":248,"atk":8,"def":0,"spa":252,"spd":0,"spe":0},"ivs":{"hp":31,"atk":30,"def":31,"spa":30,"spd":31,"spe":30}},{"name":"Clefable","species":"Clefable","item":"","ability":"Magic Guard","moves":["moonblast","fireblast","psychic","softboiled"],"nature":"","evs":{"hp":0,"atk":0,"def":0,"spa":0,"spd":0,"spe":0},"ivs":{"hp":31,"atk":31,"def":31,"spa":31,"spd":31,"spe":31}},{"name":"Scizor","species":"Scizor","item":"","ability":"Technician","moves":["bulletpunch","acrobatics","bugbuzz","roost"],"nature":"","evs":{"hp":0,"atk":0,"def":0,"spa":0,"spd":0,"spe":0},"ivs":{"hp":31,"atk":31,"def":31,"spa":31,"spd":31,"spe":31}}],"p2team":[{"name":"Metagross","species":"Metagross","item":"metagrossite","ability":"Light Metal","moves":["bulletpunch","zenheadbutt","meteormash","brickbreak"],"nature":"Adamant","evs":{"hp":248,"atk":252,"def":0,"spa":0,"spd":8,"spe":0},"ivs":{"hp":31,"atk":31,"def":31,"spa":31,"spd":31,"spe":31}},{"name":"Clefable","species":"Clefable","item":"leftovers","ability":"Magic Guard","moves":["calmmind","cosmicpower","moonblast","storedpower"],"nature":"Modest","evs":{"hp":248,"atk":0,"def":0,"spa":252,"spd":8,"spe":0},"ivs":{"hp":31,"atk":31,"def":31,"spa":31,"spd":31,"spe":31}},{"name":"Klefki","species":"Klefki","item":"lightclay","ability":"Prankster","moves":["reflect","lightscreen","thunderwave","drainingkiss"],"nature":"Bold","evs":{"hp":248,"atk":0,"def":252,"spa":8,"spd":0,"spe":0},"ivs":{"hp":31,"atk":31,"def":31,"spa":31,"spd":31,"spe":31}},{"name":"Gyarados","species":"Gyarados","item":"leftovers","ability":"Moxie","moves":["substitute","dragondance","earthquake","waterfall"],"nature":"Adamant","evs":{"hp":0,"atk":252,"def":0,"spa":0,"spd":4,"spe":252},"ivs":{"hp":31,"atk":31,"def":31,"spa":31,"spd":31,"spe":31}},{"name":"Victini","species":"Victini","item":"choicescarf","ability":"Victory Star","moves":["vcreate","boltstrike","uturn","zenheadbutt"],"nature":"Jolly","evs":{"hp":0,"atk":252,"def":0,"spa":0,"spd":4,"spe":252},"ivs":{"hp":31,"atk":31,"def":31,"spa":31,"spd":31,"spe":31}},{"name":"Gengar","species":"Gengar","item":"choicescarf","ability":"Levitate","moves":["sludgebomb","thunderbolt","hiddenpowersteel","gigadrain"],"nature":"Timid","evs":{"hp":0,"atk":0,"def":0,"spa":252,"spd":4,"spe":252},"ivs":{"hp":31,"atk":31,"def":31,"spa":31,"spd":30,"spe":31}}],"log":["|player|p1|wtfprezentz|162","|player|p2|Professor♅ Gotenks|professorgotenks.png","|gametype|singles","|gen|6","|tier|OU","|rated","|clearpoke","|poke|p1|Garchomp, M","|poke|p1|Aggron, F","|poke|p1|Victini","|poke|p1|Kyurem-Black","|poke|p1|Clefable, F","|poke|p1|Scizor, F","|poke|p2|Metagross","|poke|p2|Clefable, F","|poke|p2|Klefki, F","|poke|p2|Gyarados, M","|poke|p2|Victini","|poke|p2|Gengar, F","|rule|Swagger Clause: Swagger is banned","|rule|Baton Pass Clause: Limit one Baton Passer, can't pass Spe and other stats simultaneously","|rule|Sleep Clause Mod: Limit one foe put to sleep","|rule|Species Clause: Limit one of each Pokémon","|rule|OHKO Clause: OHKO moves are banned","|rule|Moody Clause: Moody is banned","|rule|Evasion Moves Clause: Evasion moves are banned","|rule|Endless Battle Clause: Forcing endless battles is banned","|rule|HP Percentage Mod: HP is shown in percentages","|teampreview","|","|start","|switch|p1a: Garchomp|Garchomp, M|357/357","|switch|p2a: Gyarados|Gyarados, M|331/331","|turn|1","|","|move|p2a: Gyarados|Substitute|p2a: Gyarados","|-start|p2a: Gyarados|Substitute","|-damage|p2a: Gyarados|249/331","|move|p1a: Garchomp|Iron Head|p2a: Gyarados","|-resisted|p2a: Gyarados","|-activate|p2a: Gyarados|Substitute|[damage]","|","|-heal|p2a: Gyarados|269/331|[from] item: Leftovers","|turn|2","|","|switch|p1a: Kyurem-Black|Kyurem-Black|453/453","|-ability|p1a: Kyurem-Black|Teravolt","|move|p2a: Gyarados|Dragon Dance|p2a: Gyarados","|-boost|p2a: Gyarados|atk|1","|-boost|p2a: Gyarados|spe|1","|","|-heal|p2a: Gyarados|289/331|[from] item: Leftovers","|turn|3","|","|move|p2a: Gyarados|Waterfall|p1a: Kyurem-Black","|-resisted|p1a: Kyurem-Black","|-damage|p1a: Kyurem-Black|348/453","|move|p1a: Kyurem-Black|Fusion Bolt|p2a: Gyarados","|-supereffective|p2a: Gyarados","|-end|p2a: Gyarados|Substitute","|","|-heal|p2a: Gyarados|309/331|[from] item: Leftovers","|turn|4","|","|switch|p2a: Metagross|Metagross|363/363","|move|p1a: Kyurem-Black|Fusion Bolt|p2a: Metagross","|-damage|p2a: Metagross|270/363","|","|turn|5","|","|switch|p1a: Victini|Victini|341/341","|detailschange|p2a: Metagross|Metagross-Mega","|-mega|p2a: Metagross|Metagross|Metagrossite","|move|p2a: Metagross|Meteor Mash|p1a: Victini","|-resisted|p1a: Victini","|-damage|p1a: Victini|213/341","|-boost|p2a: Metagross|atk|1","|","|turn|6","|","|move|p1a: Victini|V-create|p2a: Metagross","|-supereffective|p2a: Metagross","|-damage|p2a: Metagross|0 fnt","|-unboost|p1a: Victini|spe|1","|-unboost|p1a: Victini|def|1","|-unboost|p1a: Victini|spd|1","|faint|p2a: Metagross","|","|","|switch|p2a: Klefki|Klefki, F|317/317","|turn|7","|","|move|p2a: Klefki|Reflect|p2a: Klefki","|-sidestart|p2: Professor♅ Gotenks|Reflect","|move|p1a: Victini|V-create|p2a: Klefki","|-supereffective|p2a: Klefki","|-damage|p2a: Klefki|146/317","|-unboost|p1a: Victini|spe|1","|-unboost|p1a: Victini|def|1","|-unboost|p1a: Victini|spd|1","|","|turn|8","|","|move|p2a: Klefki|Light Screen|p2a: Klefki","|-sidestart|p2: Professor♅ Gotenks|move: Light Screen","|move|p1a: Victini|V-create|p2a: Klefki","|-supereffective|p2a: Klefki","|-damage|p2a: Klefki|0 fnt","|-unboost|p1a: Victini|spe|1","|-unboost|p1a: Victini|def|1","|-unboost|p1a: Victini|spd|1","|faint|p2a: Klefki","|","|","|switch|p2a: Gyarados|Gyarados, M|309/331","|turn|9","|","|move|p2a: Gyarados|Waterfall|p1a: Victini","|-supereffective|p1a: Victini","|-damage|p1a: Victini|0 fnt","|faint|p1a: Victini","|-boost|p2a: Gyarados|atk|1|[from] ability: Moxie","|","|-heal|p2a: Gyarados|329/331|[from] item: Leftovers","|","|switch|p1a: Kyurem-Black|Kyurem-Black|348/453","|-ability|p1a: Kyurem-Black|Teravolt","|turn|10","|","|switch|p2a: Clefable|Clefable, F|393/393","|move|p1a: Kyurem-Black|Fusion Bolt|p2a: Clefable","|-damage|p2a: Clefable|314/393","|","|-heal|p2a: Clefable|338/393|[from] item: Leftovers","|turn|11","|","|move|p1a: Kyurem-Black|Flash Cannon|p2a: Clefable","|-supereffective|p2a: Clefable","|-damage|p2a: Clefable|240/393","|move|p2a: Clefable|Cosmic Power|p2a: Clefable","|-boost|p2a: Clefable|def|1","|-boost|p2a: Clefable|spd|1","|","|-heal|p2a: Clefable|264/393|[from] item: Leftovers","|turn|12","|","|switch|p1a: Aggron|Aggron, F|343/343","|move|p2a: Clefable|Cosmic Power|p2a: Clefable","|-boost|p2a: Clefable|def|1","|-boost|p2a: Clefable|spd|1","|","|-heal|p2a: Clefable|288/393|[from] item: Leftovers","|turn|13","|","|detailschange|p1a: Aggron|Aggron-Mega, F","|-mega|p1a: Aggron|Aggron|Aggronite","|move|p2a: Clefable|Cosmic Power|p2a: Clefable","|-boost|p2a: Clefable|def|1","|-boost|p2a: Clefable|spd|1","|move|p1a: Aggron|Heavy Slam|p2a: Clefable","|-supereffective|p2a: Clefable","|-damage|p2a: Clefable|180/393","|","|-heal|p2a: Clefable|204/393|[from] item: Leftovers","|turn|14","|","|move|p2a: Clefable|Cosmic Power|p2a: Clefable","|-boost|p2a: Clefable|def|1","|-boost|p2a: Clefable|spd|1","|move|p1a: Aggron|Heavy Slam|p2a: Clefable","|-supereffective|p2a: Clefable","|-damage|p2a: Clefable|125/393","|","|-heal|p2a: Clefable|149/393|[from] item: Leftovers","|-sideend|p2: Professor♅ Gotenks|Reflect","|turn|15","|","|switch|p2a: Victini|Victini|341/341","|move|p1a: Aggron|Heavy Slam|p2a: Victini","|-resisted|p2a: Victini","|-damage|p2a: Victini|245/341","|","|-sideend|p2: Professor♅ Gotenks|move: Light Screen","|turn|16","|","|move|p2a: Victini|V-create|p1a: Aggron","|-supereffective|p1a: Aggron","|-damage|p1a: Aggron|198/343","|-unboost|p2a: Victini|spe|1","|-unboost|p2a: Victini|def|1","|-unboost|p2a: Victini|spd|1","|move|p1a: Aggron|Earthquake|p2a: Victini","|-supereffective|p2a: Victini","|-damage|p2a: Victini|0 fnt","|faint|p2a: Victini","|","|","|switch|p2a: Gyarados|Gyarados, M|329/331","|turn|17","|","|move|p2a: Gyarados|Dragon Dance|p2a: Gyarados","|-boost|p2a: Gyarados|atk|1","|-boost|p2a: Gyarados|spe|1","|move|p1a: Aggron|Toxic|p2a: Gyarados","|-status|p2a: Gyarados|tox","|","|-heal|p2a: Gyarados|331/331 tox|[from] item: Leftovers","|-damage|p2a: Gyarados|311/331 tox|[from] psn","|turn|18","|","|switch|p1a: Kyurem-Black|Kyurem-Black|348/453","|-ability|p1a: Kyurem-Black|Teravolt","|move|p2a: Gyarados|Earthquake|p1a: Kyurem-Black","|-damage|p1a: Kyurem-Black|153/453","|","|-heal|p2a: Gyarados|331/331 tox|[from] item: Leftovers","|-damage|p2a: Gyarados|291/331 tox|[from] psn","|turn|19","|","|move|p2a: Gyarados|Earthquake|p1a: Kyurem-Black","|-damage|p1a: Kyurem-Black|0 fnt","|faint|p1a: Kyurem-Black","|-boost|p2a: Gyarados|atk|1|[from] ability: Moxie","|","|-heal|p2a: Gyarados|311/331 tox|[from] item: Leftovers","|-damage|p2a: Gyarados|251/331 tox|[from] psn","|","|switch|p1a: Scizor|Scizor, F|281/281","|turn|20","|","|move|p1a: Scizor|Bullet Punch|p2a: Gyarados","|-resisted|p2a: Gyarados","|-damage|p2a: Gyarados|196/331 tox","|move|p2a: Gyarados|Earthquake|p1a: Scizor","|-damage|p1a: Scizor|21/281","|","|-heal|p2a: Gyarados|216/331 tox|[from] item: Leftovers","|-damage|p2a: Gyarados|136/331 tox|[from] psn","|turn|21","|","|move|p2a: Gyarados|Waterfall|p1a: Scizor","|-damage|p1a: Scizor|0 fnt","|faint|p1a: Scizor","|-boost|p2a: Gyarados|atk|1|[from] ability: Moxie","|","|-heal|p2a: Gyarados|156/331 tox|[from] item: Leftovers","|-damage|p2a: Gyarados|56/331 tox|[from] psn","|","|switch|p1a: Clefable|Clefable, F|331/331","|turn|22","|","|move|p2a: Gyarados|Waterfall|p1a: Clefable","|-damage|p1a: Clefable|0 fnt","|faint|p1a: Clefable","|-boost|p2a: Gyarados|atk|1|[from] ability: Moxie","|","|-heal|p2a: Gyarados|76/331 tox|[from] item: Leftovers","|-damage|p2a: Gyarados|0 fnt|[from] psn","|faint|p2a: Gyarados","|","|switch|p2a: Gengar|Gengar, F|261/261","|switch|p1a: Aggron|Aggron-Mega, F|198/343","|turn|23","|","|move|p2a: Gengar|Giga Drain|p1a: Aggron","|-resisted|p1a: Aggron","|-damage|p1a: Aggron|135/343","|move|p1a: Aggron|Heavy Slam|p2a: Gengar","|-damage|p2a: Gengar|0 fnt","|faint|p2a: Gengar","|","|","|win|wtfprezentz"],"p1rating":{"entryid":"196631","serverid":"eos","formatid":"ou","userid":"wtfprezentz","username":"wtfprezentz","w":1,"l":"1","t":"0","gxe":50,"r":"1500","rd":"130","sigma":"0","rptime":"1440061200","rpr":1500,"rprd":116.77753930647,"rpsigma":"0","acre":1040,"lacre":1040,"oldacre":"1000"},"p2rating":{"entryid":212915,"formatid":"ou","userid":"professorgotenks","username":"Professor♅ Gotenks","r":1500,"rd":130,"sigma":0,"rpr":1459.8393856612,"rprd":122.8583080769,"rpsigma":0,"rptime":1440061200,"w":0,"l":1,"t":0,"gxe":45,"acre":1000,"lacre":1000,"oldacre":1000},"endType":"forfeit"}