{"seed":[41885,44515,1441,63869],"turns":44,"p1":"Logic","p2":"Poopypotter","p1team":[{"name":"Manaphy","species":"Manaphy","item":"leftovers","ability":"Hydration","moves":["calmmind","raindance","rest","scald"],"nature":"Bold","evs":{"hp":240,"atk":0,"def":148,"spa":0,"spd":0,"spe":120},"ivs":{"hp":31,"atk":0,"def":31,"spa":31,"spd":31,"spe":31}},{"name":"Manectric","species":"Manectric","item":"manectite","ability":"Static","moves":["thunderbolt","hiddenpowerice","flamethrower","voltswitch"],"nature":"Timid","evs":{"hp":0,"atk":0,"def":0,"spa":252,"spd":4,"spe":252},"ivs":{"hp":31,"atk":30,"def":30,"spa":31,"spd":31,"spe":31}},{"name":"Latios","species":"Latios","item":"lifeorb","ability":"Levitate","moves":["dracometeor","psyshock","recover","defog"],"nature":"Timid","evs":{"hp":0,"atk":0,"def":0,"spa":252,"spd":4,"spe":252},"ivs":{"hp":29,"atk":0,"def":31,"spa":31,"spd":31,"spe":31}},{"name":"Ferrothorn","species":"Ferrothorn","item":"leftovers","ability":"Iron Barbs","moves":["stealthrock","leechseed","powerwhip","gyroball"],"nature":"Relaxed","evs":{"hp":252,"atk":0,"def":148,"spa":0,"spd":108,"spe":0},"ivs":{"hp":31,"atk":31,"def":31,"spa":31,"spd":31,"spe":0}},{"name":"Landorus-Therian","species":"Landorus-Therian","item":"leftovers","ability":"Intimidate","moves":["rockpolish","swordsdance","stoneedge","earthquake"],"nature":"Adamant","evs":{"hp":168,"atk":84,"def":0,"spa":0,"spd":24,"spe":232},"ivs":{"hp":31,"atk":31,"def":31,"spa":31,"spd":31,"spe":31}},{"name":"Clefable","species":"Clefable","item":"leftovers","ability":"Magic Guard","moves":["thunderwave","calmmind","moonblast","softboiled"],"nature":"Sassy","evs":{"hp":252,"atk":0,"def":188,"spa":0,"spd":68,"spe":0},"gender":"F","ivs":{"hp":31,"atk":31,"def":31,"spa":31,"spd":31,"spe":16}}],"p2team":[{"name":"Jirachi","species":"Jirachi","item":"leftovers","ability":"Serene Grace","moves":["ironhead","toxic","wish","protect"],"nature":"Careful","evs":{"hp":252,"atk":0,"def":0,"spa":0,"spd":224,"spe":32},"ivs":{"hp":31,"atk":31,"def":31,"spa":31,"spd":31,"spe":31}},{"name":"Mienshao","species":"Mienshao","item":"lifeorb","ability":"Regenerator","moves":["highjumpkick","knockoff","uturn","poisonjab"],"nature":"Jolly","evs":{"hp":0,"atk":252,"def":0,"spa":0,"spd":4,"spe":252},"ivs":{"hp":31,"atk":31,"def":31,"spa":31,"spd":31,"spe":31}},{"name":"Slowbro","species":"Slowbro","item":"leftovers","ability":"Regenerator","moves":["scald","slackoff","thunderwave","psyshock"],"nature":"Bold","evs":{"hp":252,"atk":0,"def":232,"spa":0,"spd":24,"spe":0},"ivs":{"hp":31,"atk":31,"def":31,"spa":31,"spd":31,"spe":31}},{"name":"Hoopa-Unbound","species":"Hoopa-Unbound","item":"choicescarf","ability":"Magician","moves":["darkpulse","focusblast","hyperspacehole","thunderbolt"],"nature":"Timid","evs":{"hp":0,"atk":0,"def":0,"spa":252,"spd":4,"spe":252},"ivs":{"hp":31,"atk":31,"def":31,"spa":31,"spd":31,"spe":31}},{"name":"Amoonguss","species":"Amoonguss","item":"blacksludge","ability":"Regenerator","moves":["spore","gigadrain","sludgebomb","stunspore"],"nature":"Bold","evs":{"hp":252,"atk":0,"def":160,"spa":0,"spd":96,"spe":0},"ivs":{"hp":31,"atk":31,"def":31,"spa":31,"spd":31,"spe":31}},{"name":"Drapion","species":"Drapion","item":"blacksludge","ability":"Battle Armor","moves":["knockoff","taunt","toxicspikes","whirlwind"],"nature":"Careful","evs":{"hp":248,"atk":0,"def":0,"spa":0,"spd":216,"spe":44},"ivs":{"hp":31,"atk":31,"def":31,"spa":31,"spd":31,"spe":31}}],"log":["|player|p1|Logic|logic.gif","|player|p2|Poopypotter|266","|gametype|singles","|gen|6","|tier|OU","|rated","|clearpoke","|poke|p1|Manaphy","|poke|p1|Manectric, M","|poke|p1|Latios, M","|poke|p1|Ferrothorn, M","|poke|p1|Landorus-Therian, M","|poke|p1|Clefable, F","|poke|p2|Jirachi","|poke|p2|Mienshao, M","|poke|p2|Slowbro, F","|poke|p2|Hoopa-Unbound","|poke|p2|Amoonguss, F","|poke|p2|Drapion, F","|rule|Swagger Clause: Swagger is banned","|rule|Baton Pass Clause: Limit one Baton Passer, can't pass Spe and other stats simultaneously","|rule|Sleep Clause Mod: Limit one foe put to sleep","|rule|Species Clause: Limit one of each Pokémon","|rule|OHKO Clause: OHKO moves are banned","|rule|Moody Clause: Moody is banned","|rule|Evasion Moves Clause: Evasion moves are banned","|rule|Endless Battle Clause: Forcing endless battles is banned","|rule|HP Percentage Mod: HP is shown in percentages","|teampreview","|","|start","|switch|p1a: Manectric|Manectric, M|281/281","|switch|p2a: Jirachi|Jirachi|404/404","|turn|1","|","|detailschange|p1a: Manectric|Manectric-Mega, M","|-mega|p1a: Manectric|Manectric|Manectite","|-ability|p1a: Manectric|Intimidate","|-unboost|p2a: Jirachi|atk|1","|move|p1a: Manectric|Flamethrower|p2a: Jirachi","|-supereffective|p2a: Jirachi","|-damage|p2a: Jirachi|236/404","|move|p2a: Jirachi|Toxic|p1a: Manectric","|-status|p1a: Manectric|tox","|","|-heal|p2a: Jirachi|261/404|[from] item: Leftovers","|-damage|p1a: Manectric|264/281 tox|[from] psn","|turn|2","|","|move|p2a: Jirachi|Protect|p2a: Jirachi","|-singleturn|p2a: Jirachi|Protect","|move|p1a: Manectric|Volt Switch|p2a: Jirachi","|-activate|p2a: Jirachi|Protect","|","|-heal|p2a: Jirachi|286/404|[from] item: Leftovers","|-damage|p1a: Manectric|230/281 tox|[from] psn","|turn|3","|","|move|p1a: Manectric|Volt Switch|p2a: Jirachi","|-damage|p2a: Jirachi|190/404","|","|switch|p1a: Ferrothorn|Ferrothorn, M|352/352","|move|p2a: Jirachi|Toxic|p1a: Ferrothorn","|-immune|p1a: Ferrothorn|[msg]","|","|-heal|p2a: Jirachi|215/404|[from] item: Leftovers","|turn|4","|","|move|p2a: Jirachi|Wish|p2a: Jirachi","|move|p1a: Ferrothorn|Stealth Rock|p2a: Jirachi","|-sidestart|p2: Poopypotter|move: Stealth Rock","|","|-heal|p2a: Jirachi|240/404|[from] item: Leftovers","|turn|5","|","|move|p2a: Jirachi|Iron Head|p1a: Ferrothorn","|-resisted|p1a: Ferrothorn","|-damage|p1a: Ferrothorn|331/352","|-damage|p2a: Jirachi|190/404|[from] ability: Iron Barbs|[of] p1a: Ferrothorn","|move|p1a: Ferrothorn|Leech Seed|p2a: Jirachi","|-start|p2a: Jirachi|move: Leech Seed","|","|-heal|p2a: Jirachi|392/404|[from] move: Wish|[wisher] Jirachi","|-heal|p2a: Jirachi|404/404|[from] item: Leftovers","|-heal|p1a: Ferrothorn|352/352|[from] item: Leftovers","|-damage|p2a: Jirachi|354/404|[from] Leech Seed|[of] p1a: Ferrothorn","|turn|6","|","|switch|p2a: Drapion|Drapion, F|343/343","|-damage|p2a: Drapion|301/343|[from] Stealth Rock","|switch|p1a: Landorus-Therian|Landorus-Therian, M|361/361","|-ability|p1a: Landorus-Therian|Intimidate","|-unboost|p2a: Drapion|atk|1","|","|-heal|p2a: Drapion|322/343|[from] item: Black Sludge","|turn|7","|","|move|p1a: Landorus-Therian|Earthquake|p2a: Drapion","|-supereffective|p2a: Drapion","|-damage|p2a: Drapion|0 fnt","|faint|p2a: Drapion","|","|","|switch|p2a: Slowbro|Slowbro, F|394/394","|-damage|p2a: Slowbro|345/394|[from] Stealth Rock","|turn|8","|","|switch|p1a: Clefable|Clefable, F|394/394","|move|p2a: Slowbro|Scald|p1a: Clefable","|-damage|p1a: Clefable|313/394","|","|-heal|p1a: Clefable|337/394|[from] item: Leftovers","|-heal|p2a: Slowbro|369/394|[from] item: Leftovers","|turn|9","|","|move|p1a: Clefable|Thunder Wave|p2a: Slowbro","|-status|p2a: Slowbro|par","|move|p2a: Slowbro|Thunder Wave|p1a: Clefable","|-status|p1a: Clefable|par","|","|-heal|p1a: Clefable|361/394 par|[from] item: Leftovers","|-heal|p2a: Slowbro|393/394 par|[from] item: Leftovers","|turn|10","|","|switch|p1a: Ferrothorn|Ferrothorn, M|352/352","|switch|p2a: Mienshao|Mienshao, M|271/271","|-damage|p2a: Mienshao|255/271|[from] Stealth Rock","|","|turn|11","|","|switch|p1a: Landorus-Therian|Landorus-Therian, M|361/361","|-ability|p1a: Landorus-Therian|Intimidate","|-unboost|p2a: Mienshao|atk|1","|move|p2a: Mienshao|Knock Off|p1a: Landorus-Therian","|-damage|p1a: Landorus-Therian|261/361","|-enditem|p1a: Landorus-Therian|Leftovers|[from] move: Knock Off|[of] p2a: Mienshao","|-damage|p2a: Mienshao|228/271|[from] item: Life Orb","|","|turn|12","|","|move|p2a: Mienshao|U-turn|p1a: Landorus-Therian","|-resisted|p1a: Landorus-Therian","|-damage|p1a: Landorus-Therian|219/361","|-damage|p2a: Mienshao|201/271|[from] item: Life Orb","|","|switch|p2a: Amoonguss|Amoonguss, F|432/432","|-damage|p2a: Amoonguss|378/432|[from] Stealth Rock","|move|p1a: Landorus-Therian|Earthquake|p2a: Amoonguss","|-damage|p2a: Amoonguss|197/432","|","|-heal|p2a: Amoonguss|224/432|[from] item: Black Sludge","|turn|13","|","|switch|p1a: Ferrothorn|Ferrothorn, M|352/352","|move|p2a: Amoonguss|Giga Drain|p1a: Ferrothorn","|-resisted|p1a: Ferrothorn","|-damage|p1a: Ferrothorn|336/352","|-heal|p2a: Amoonguss|232/432|[from] drain|[of] p1a: Ferrothorn","|","|-heal|p2a: Amoonguss|259/432|[from] item: Black Sludge","|-heal|p1a: Ferrothorn|352/352|[from] item: Leftovers","|turn|14","|","|switch|p2a: Mienshao|Mienshao, M|271/271","|-damage|p2a: Mienshao|255/271|[from] Stealth Rock","|move|p1a: Ferrothorn|Leech Seed|p2a: Mienshao","|-start|p2a: Mienshao|move: Leech Seed","|","|-damage|p2a: Mienshao|222/271|[from] Leech Seed|[of] p1a: Ferrothorn","|turn|15","|","|switch|p1a: Latios|Latios, M|299/299","|move|p2a: Mienshao|Knock Off|p1a: Latios","|-supereffective|p1a: Latios","|-damage|p1a: Latios|0 fnt","|-enditem|p1a: Latios|Life Orb|[from] move: Knock Off|[of] p2a: Mienshao","|-damage|p2a: Mienshao|195/271|[from] item: Life Orb","|faint|p1a: Latios","|","|","|switch|p1a: Manectric|Manectric-Mega, M|230/281 tox","|-ability|p1a: Manectric|Intimidate","|-unboost|p2a: Mienshao|atk|1","|turn|16","|","|switch|p2a: Amoonguss|Amoonguss, F|403/432","|-damage|p2a: Amoonguss|349/432|[from] Stealth Rock","|move|p1a: Manectric|Thunderbolt|p2a: Amoonguss","|-resisted|p2a: Amoonguss","|-damage|p2a: Amoonguss|263/432","|","|-heal|p2a: Amoonguss|290/432|[from] item: Black Sludge","|-damage|p1a: Manectric|213/281 tox|[from] psn","|turn|17","|","|move|p1a: Manectric|Volt Switch|p2a: Amoonguss","|-resisted|p2a: Amoonguss","|-damage|p2a: Amoonguss|224/432","|","|switch|p1a: Ferrothorn|Ferrothorn, M|352/352","|move|p2a: Amoonguss|Spore|p1a: Ferrothorn","|-immune|p1a: Ferrothorn|[msg]","|","|-heal|p2a: Amoonguss|251/432|[from] item: Black Sludge","|turn|18","|","|switch|p2a: Hoopa-Unbound|Hoopa-Unbound|301/301","|-damage|p2a: Hoopa-Unbound|264/301|[from] Stealth Rock","|move|p1a: Ferrothorn|Gyro Ball|p2a: Hoopa-Unbound","|-damage|p2a: Hoopa-Unbound|0 fnt","|faint|p2a: Hoopa-Unbound","|","|","|switch|p2a: Mienshao|Mienshao, M|271/271","|-damage|p2a: Mienshao|255/271|[from] Stealth Rock","|turn|19","|","|move|p2a: Mienshao|High Jump Kick|p1a: Ferrothorn","|-supereffective|p1a: Ferrothorn","|-damage|p1a: Ferrothorn|0 fnt","|-damage|p2a: Mienshao|222/271|[from] ability: Iron Barbs|[of] p1a: Ferrothorn","|-damage|p2a: Mienshao|195/271|[from] item: Life Orb","|faint|p1a: Ferrothorn","|","|","|switch|p1a: Manectric|Manectric-Mega, M|213/281 tox","|-ability|p1a: Manectric|Intimidate","|-unboost|p2a: Mienshao|atk|1","|turn|20","|","|move|p1a: Manectric|Thunderbolt|p2a: Mienshao","|-damage|p2a: Mienshao|0 fnt","|faint|p2a: Mienshao","|","|-damage|p1a: Manectric|196/281 tox|[from] psn","|","|switch|p2a: Amoonguss|Amoonguss, F|395/432","|-damage|p2a: Amoonguss|341/432|[from] Stealth Rock","|turn|21","|","|move|p1a: Manectric|Volt Switch|p2a: Amoonguss","|-resisted|p2a: Amoonguss","|-damage|p2a: Amoonguss|270/432","|","|switch|p1a: Manaphy|Manaphy|401/401","|move|p2a: Amoonguss|Spore|p1a: Manaphy","|-status|p1a: Manaphy|slp","|","|-heal|p2a: Amoonguss|297/432|[from] item: Black Sludge","|turn|22","|","|switch|p1a: Landorus-Therian|Landorus-Therian, M|219/361","|-ability|p1a: Landorus-Therian|Intimidate","|-unboost|p2a: Amoonguss|atk|1","|move|p2a: Amoonguss|Stun Spore|p1a: Landorus-Therian","|-status|p1a: Landorus-Therian|par","|","|-heal|p2a: Amoonguss|324/432|[from] item: Black Sludge","|turn|23","|","|move|p2a: Amoonguss|Giga Drain|p1a: Landorus-Therian","|-damage|p1a: Landorus-Therian|132/361 par","|-heal|p2a: Amoonguss|368/432|[from] drain|[of] p1a: Landorus-Therian","|cant|p1a: Landorus-Therian|par","|","|-heal|p2a: Amoonguss|395/432|[from] item: Black Sludge","|turn|24","|","|move|p2a: Amoonguss|Giga Drain|p1a: Landorus-Therian","|-damage|p1a: Landorus-Therian|36/361 par","|-heal|p2a: Amoonguss|432/432|[from] drain|[of] p1a: Landorus-Therian","|cant|p1a: Landorus-Therian|par","|","|turn|25","|","|move|p2a: Amoonguss|Giga Drain|p1a: Landorus-Therian","|-damage|p1a: Landorus-Therian|0 fnt","|faint|p1a: Landorus-Therian","|","|","|switch|p1a: Clefable|Clefable, F|361/394 par","|turn|26","|","|move|p2a: Amoonguss|Sludge Bomb|p1a: Clefable","|-supereffective|p1a: Clefable","|-damage|p1a: Clefable|191/394 par","|move|p1a: Clefable|Thunder Wave|p2a: Amoonguss","|-status|p2a: Amoonguss|par","|","|-heal|p1a: Clefable|215/394 par|[from] item: Leftovers","|turn|27","|","|move|p1a: Clefable|Soft-Boiled|p1a: Clefable","|-heal|p1a: Clefable|394/394 par","|move|p2a: Amoonguss|Sludge Bomb|p1a: Clefable","|-supereffective|p1a: Clefable","|-damage|p1a: Clefable|230/394 par","|","|-heal|p1a: Clefable|254/394 par|[from] item: Leftovers","|turn|28","|","|cant|p1a: Clefable|par","|cant|p2a: Amoonguss|par","|","|-heal|p1a: Clefable|278/394 par|[from] item: Leftovers","|turn|29","|","|move|p1a: Clefable|Calm Mind|p1a: Clefable","|-boost|p1a: Clefable|spa|1","|-boost|p1a: Clefable|spd|1","|move|p2a: Amoonguss|Sludge Bomb|p1a: Clefable","|-supereffective|p1a: Clefable","|-damage|p1a: Clefable|156/394 par","|","|-heal|p1a: Clefable|180/394 par|[from] item: Leftovers","|turn|30","|","|cant|p1a: Clefable|par","|move|p2a: Amoonguss|Sludge Bomb|p1a: Clefable","|-supereffective|p1a: Clefable","|-damage|p1a: Clefable|72/394 par","|","|-heal|p1a: Clefable|96/394 par|[from] item: Leftovers","|turn|31","|","|move|p1a: Clefable|Soft-Boiled|p1a: Clefable","|-heal|p1a: Clefable|293/394 par","|move|p2a: Amoonguss|Sludge Bomb|p1a: Clefable","|-supereffective|p1a: Clefable","|-damage|p1a: Clefable|185/394 par","|","|-heal|p1a: Clefable|209/394 par|[from] item: Leftovers","|turn|32","|","|move|p1a: Clefable|Calm Mind|p1a: Clefable","|-boost|p1a: Clefable|spa|1","|-boost|p1a: Clefable|spd|1","|move|p2a: Amoonguss|Sludge Bomb|p1a: Clefable","|-supereffective|p1a: Clefable","|-damage|p1a: Clefable|123/394 par","|","|-heal|p1a: Clefable|147/394 par|[from] item: Leftovers","|turn|33","|","|move|p1a: Clefable|Soft-Boiled|p1a: Clefable","|-heal|p1a: Clefable|344/394 par","|cant|p2a: Amoonguss|par","|","|-heal|p1a: Clefable|368/394 par|[from] item: Leftovers","|turn|34","|","|move|p1a: Clefable|Moonblast|p2a: Amoonguss","|-resisted|p2a: Amoonguss","|-damage|p2a: Amoonguss|321/432 par","|-unboost|p2a: Amoonguss|spa|1","|move|p2a: Amoonguss|Sludge Bomb|p1a: Clefable","|-supereffective|p1a: Clefable","|-damage|p1a: Clefable|314/394 par","|","|-heal|p1a: Clefable|338/394 par|[from] item: Leftovers","|-heal|p2a: Amoonguss|348/432 par|[from] item: Black Sludge","|turn|35","|","|switch|p2a: Jirachi|Jirachi|354/404","|-damage|p2a: Jirachi|329/404|[from] Stealth Rock","|cant|p1a: Clefable|par","|","|-heal|p2a: Jirachi|354/404|[from] item: Leftovers","|-heal|p1a: Clefable|362/394 par|[from] item: Leftovers","|turn|36","|","|switch|p1a: Manaphy|Manaphy|401/401 slp","|move|p2a: Jirachi|Iron Head|p1a: Manaphy","|-resisted|p1a: Manaphy","|-damage|p1a: Manaphy|362/401 slp","|","|-heal|p1a: Manaphy|387/401 slp|[from] item: Leftovers","|-heal|p2a: Jirachi|379/404|[from] item: Leftovers","|turn|37","|","|cant|p1a: Manaphy|slp","|move|p2a: Jirachi|Toxic|p1a: Manaphy","|-fail|p1a: Manaphy","|","|-heal|p1a: Manaphy|401/401 slp|[from] item: Leftovers","|-heal|p2a: Jirachi|404/404|[from] item: Leftovers","|turn|38","|","|-curestatus|p1a: Manaphy|slp","|move|p1a: Manaphy|Rain Dance|p1a: Manaphy","|-weather|RainDance","|move|p2a: Jirachi|Iron Head|p1a: Manaphy","|-resisted|p1a: Manaphy","|-damage|p1a: Manaphy|365/401","|","|-weather|RainDance|[upkeep]","|-heal|p1a: Manaphy|390/401|[from] item: Leftovers","|turn|39","|","|switch|p2a: Amoonguss|Amoonguss, F|432/432 par","|-damage|p2a: Amoonguss|378/432 par|[from] Stealth Rock","|move|p1a: Manaphy|Calm Mind|p1a: Manaphy","|-boost|p1a: Manaphy|spa|1","|-boost|p1a: Manaphy|spd|1","|","|-weather|RainDance|[upkeep]","|-heal|p1a: Manaphy|401/401|[from] item: Leftovers","|-heal|p2a: Amoonguss|405/432 par|[from] item: Black Sludge","|turn|40","|","|move|p1a: Manaphy|Calm Mind|p1a: Manaphy","|-boost|p1a: Manaphy|spa|1","|-boost|p1a: Manaphy|spd|1","|cant|p2a: Amoonguss|par","|","|-weather|RainDance|[upkeep]","|-heal|p2a: Amoonguss|432/432 par|[from] item: Black Sludge","|turn|41","|","|move|p1a: Manaphy|Calm Mind|p1a: Manaphy","|-boost|p1a: Manaphy|spa|1","|-boost|p1a: Manaphy|spd|1","|move|p2a: Amoonguss|Spore|p1a: Manaphy","|-status|p1a: Manaphy|slp","|","|-weather|RainDance|[upkeep]","|-curestatus|p1a: Manaphy|slp","|turn|42","|","|move|p1a: Manaphy|Calm Mind|p1a: Manaphy","|-boost|p1a: Manaphy|spa|1","|-boost|p1a: Manaphy|spd|1","|move|p2a: Amoonguss|Giga Drain|p1a: Manaphy","|-supereffective|p1a: Manaphy","|-damage|p1a: Manaphy|351/401","|","|-weather|none","|-heal|p1a: Manaphy|376/401|[from] item: Leftovers","|turn|43","|","|move|p1a: Manaphy|Rain Dance|p1a: Manaphy","|-weather|RainDance","|cant|p2a: Amoonguss|par","|","|-weather|RainDance|[upkeep]","|-heal|p1a: Manaphy|401/401|[from] item: Leftovers","|turn|44","|","|win|Logic"],"p1rating":{"entryid":"2182","serverid":"eos","formatid":"ou","userid":"logic","username":"Logic","w":11,"l":"4","t":"0","gxe":64.3,"r":"1588.2375685046","rd":"81.634078047989","sigma":"0","rptime":"1440061200","rpr":1613.2860622625,"rprd":78.215029650764,"rpsigma":"0","acre":1155.1353611984,"lacre":1155.1353611984,"oldacre":"1139.6773409228"},"p2rating":{"entryid":191716,"formatid":"ou","userid":"poopypotter","username":"Poopypotter","r":1500,"rd":130,"sigma":0,"rpr":1468.1920204485,"rprd":122.64282644523,"rpsigma":0,"rptime":1440061200,"w":0,"l":1,"t":0,"gxe":46,"acre":1000,"lacre":1000,"oldacre":1000},"endType":"forfeit"}