{"seed":[27436,55731,16308,19431],"turns":24,"p1":"Radite","p2":"fefdfr","p1team":[{"name":"Lopunny","species":"Lopunny","item":"lopunnite","ability":"Cute Charm","moves":["fakeout","return","poweruppunch","icepunch"],"nature":"Jolly","evs":{"hp":0,"atk":252,"def":0,"spa":0,"spd":4,"spe":252},"ivs":{"hp":31,"atk":31,"def":31,"spa":31,"spd":31,"spe":31}},{"name":"Manaphy","species":"Manaphy","item":"damprock","ability":"Hydration","moves":["tailglow","raindance","scald","psychic"],"nature":"Timid","evs":{"hp":96,"atk":0,"def":0,"spa":252,"spd":0,"spe":160},"ivs":{"hp":31,"atk":31,"def":31,"spa":31,"spd":31,"spe":31}},{"name":"Scizor","species":"Scizor","item":"choiceband","ability":"Technician","moves":["uturn","bulletpunch","pursuit","superpower"],"nature":"Adamant","evs":{"hp":248,"atk":252,"def":0,"spa":0,"spd":8,"spe":0},"ivs":{"hp":31,"atk":31,"def":31,"spa":31,"spd":31,"spe":31}},{"name":"Celebi","species":"Celebi","item":"leftovers","ability":"Natural Cure","moves":["recover","gigadrain","batonpass","perishsong"],"nature":"Calm","evs":{"hp":248,"atk":0,"def":0,"spa":0,"spd":252,"spe":8},"ivs":{"hp":31,"atk":31,"def":31,"spa":31,"spd":31,"spe":31}},{"name":"Heatran","species":"Heatran","item":"leftovers","ability":"Flash Fire","moves":["lavaplume","toxic","stealthrock","protect"],"nature":"Calm","evs":{"hp":252,"atk":0,"def":0,"spa":4,"spd":252,"spe":0},"ivs":{"hp":31,"atk":31,"def":31,"spa":31,"spd":31,"spe":31}},{"name":"Mandibuzz","species":"Mandibuzz","item":"rockyhelmet","ability":"Overcoat","moves":["foulplay","roost","taunt","defog"],"nature":"Impish","evs":{"hp":248,"atk":0,"def":136,"spa":0,"spd":108,"spe":16},"ivs":{"hp":31,"atk":31,"def":31,"spa":31,"spd":31,"spe":31}}],"p2team":[{"name":"Clefable","species":"Clefable","item":"leftovers","ability":"Magic Guard","moves":["moonblast","calmmind","moonlight","flamethrower"],"nature":"Bold","evs":{"hp":252,"atk":0,"def":252,"spa":4,"spd":0,"spe":0},"ivs":{"hp":31,"atk":31,"def":31,"spa":31,"spd":31,"spe":31}},{"name":"Azumarill","species":"Azumarill","item":"assaultvest","ability":"Huge Power","moves":["aquajet","waterfall","knockoff","playrough"],"nature":"Adamant","evs":{"hp":248,"atk":252,"def":0,"spa":0,"spd":8,"spe":0},"ivs":{"hp":31,"atk":31,"def":31,"spa":31,"spd":31,"spe":31}},{"name":"Metagross","species":"Metagross","item":"metagrossite","ability":"Clear Body","moves":["meteormash","zenheadbutt","hammerarm","bulletpunch"],"nature":"Adamant","evs":{"hp":248,"atk":252,"def":0,"spa":0,"spd":8,"spe":0},"ivs":{"hp":31,"atk":31,"def":31,"spa":31,"spd":31,"spe":31}},{"name":"Landorus-Therian","species":"Landorus-Therian","item":"leftovers","ability":"Intimidate","moves":["earthquake","stealthrock","uturn","toxic"],"nature":"Impish","evs":{"hp":252,"atk":4,"def":252,"spa":0,"spd":0,"spe":0},"ivs":{"hp":31,"atk":31,"def":31,"spa":31,"spd":31,"spe":31}},{"name":"Hoopa-Unbound","species":"Hoopa-Unbound","item":"choicescarf","ability":"Magician","moves":["darkpulse","psychic","focusblast","thunderbolt"],"nature":"Timid","evs":{"hp":0,"atk":0,"def":0,"spa":252,"spd":4,"spe":252},"ivs":{"hp":31,"atk":31,"def":31,"spa":31,"spd":31,"spe":31}},{"name":"Chansey","species":"Chansey","item":"eviolite","ability":"Natural Cure","moves":["wish","healbell","protect","seismictoss"],"nature":"Bold","evs":{"hp":248,"atk":0,"def":252,"spa":0,"spd":8,"spe":0},"ivs":{"hp":31,"atk":31,"def":31,"spa":31,"spd":31,"spe":31}}],"log":["|player|p1|Radite|80","|player|p2|fefdfr|169","|gametype|singles","|gen|6","|tier|OU","|rated","|clearpoke","|poke|p1|Lopunny, F","|poke|p1|Manaphy","|poke|p1|Scizor, M","|poke|p1|Celebi","|poke|p1|Heatran, M","|poke|p1|Mandibuzz, F","|poke|p2|Clefable, M","|poke|p2|Azumarill, F","|poke|p2|Metagross","|poke|p2|Landorus-Therian, M","|poke|p2|Hoopa-Unbound","|poke|p2|Chansey, F","|rule|Swagger Clause: Swagger is banned","|rule|Baton Pass Clause: Limit one Baton Passer, can't pass Spe and other stats simultaneously","|rule|Sleep Clause Mod: Limit one foe put to sleep","|rule|Species Clause: Limit one of each Pokémon","|rule|OHKO Clause: OHKO moves are banned","|rule|Moody Clause: Moody is banned","|rule|Evasion Moves Clause: Evasion moves are banned","|rule|Endless Battle Clause: Forcing endless battles is banned","|rule|HP Percentage Mod: HP is shown in percentages","|teampreview","|","|start","|switch|p1a: Heatran|Heatran, M|386/386","|switch|p2a: Clefable|Clefable, M|394/394","|turn|1","|","|move|p1a: Heatran|Stealth Rock|p2a: Clefable","|-sidestart|p2: fefdfr|move: Stealth Rock","|move|p2a: Clefable|Calm Mind|p2a: Clefable","|-boost|p2a: Clefable|spa|1","|-boost|p2a: Clefable|spd|1","|","|turn|2","|","|switch|p1a: Mandibuzz|Mandibuzz, F|423/423","|move|p2a: Clefable|Calm Mind|p2a: Clefable","|-boost|p2a: Clefable|spa|1","|-boost|p2a: Clefable|spd|1","|","|turn|3","|","|move|p1a: Mandibuzz|Taunt|p2a: Clefable","|-start|p2a: Clefable|move: Taunt","|move|p2a: Clefable|Moonblast|p1a: Mandibuzz","|-supereffective|p1a: Mandibuzz","|-damage|p1a: Mandibuzz|51/423","|","|turn|4","|","|switch|p1a: Scizor|Scizor, M|343/343","|move|p2a: Clefable|Moonblast|p1a: Scizor","|-resisted|p1a: Scizor","|-damage|p1a: Scizor|223/343","|","|turn|5","|","|move|p1a: Scizor|Bullet Punch|p2a: Clefable","|-crit|p2a: Clefable","|-supereffective|p2a: Clefable","|-damage|p2a: Clefable|0 fnt","|faint|p2a: Clefable","|","|","|switch|p2a: Chansey|Chansey, F|703/703","|-damage|p2a: Chansey|616/703|[from] Stealth Rock","|turn|6","|","|move|p1a: Scizor|Bullet Punch|p2a: Chansey","|-damage|p2a: Chansey|376/703","|move|p2a: Chansey|Seismic Toss|p1a: Scizor","|-damage|p1a: Scizor|123/343","|","|turn|7","|","|switch|p1a: Mandibuzz|Mandibuzz, F|51/423","|move|p2a: Chansey|Seismic Toss|p1a: Mandibuzz","|-damage|p1a: Mandibuzz|0 fnt","|-damage|p2a: Chansey|259/703|[from] item: Rocky Helmet|[of] p1a: Mandibuzz","|faint|p1a: Mandibuzz","|","|","|switch|p1a: Scizor|Scizor, M|123/343","|turn|8","|","|move|p1a: Scizor|Pursuit|p2a: Chansey","|-damage|p2a: Chansey|112/703","|move|p2a: Chansey|Wish|p2a: Chansey","|","|turn|9","|","|switch|p1a: Manaphy|Manaphy|365/365","|move|p2a: Chansey|Protect|p2a: Chansey","|-fail|p2a: Chansey","|","|-heal|p2a: Chansey|463/703|[from] move: Wish|[wisher] Chansey","|turn|10","|","|move|p1a: Manaphy|Tail Glow|p1a: Manaphy","|-boost|p1a: Manaphy|spa|3","|move|p2a: Chansey|Wish|p2a: Chansey","|","|turn|11","|","|switch|p2a: Metagross|Metagross|363/363","|-damage|p2a: Metagross|341/363|[from] Stealth Rock","|move|p1a: Manaphy|Rain Dance|p1a: Manaphy","|-weather|RainDance","|","|-weather|RainDance|[upkeep]","|-heal|p2a: Metagross|363/363|[from] move: Wish|[wisher] Chansey","|turn|12","|","|detailschange|p2a: Metagross|Metagross-Mega","|-mega|p2a: Metagross|Metagross|Metagrossite","|move|p1a: Manaphy|Scald|p2a: Metagross","|-damage|p2a: Metagross|0 fnt","|faint|p2a: Metagross","|","|-weather|RainDance|[upkeep]","|","|switch|p2a: Hoopa-Unbound|Hoopa-Unbound|301/301","|-damage|p2a: Hoopa-Unbound|264/301|[from] Stealth Rock","|turn|13","|","|move|p2a: Hoopa-Unbound|Thunderbolt|p1a: Manaphy","|-supereffective|p1a: Manaphy","|-damage|p1a: Manaphy|101/365","|move|p1a: Manaphy|Scald|p2a: Hoopa-Unbound","|-damage|p2a: Hoopa-Unbound|0 fnt","|faint|p2a: Hoopa-Unbound","|","|-weather|RainDance|[upkeep]","|","|switch|p2a: Azumarill|Azumarill, F|403/403","|-damage|p2a: Azumarill|353/403|[from] Stealth Rock","|turn|14","|","|move|p2a: Azumarill|Aqua Jet|p1a: Manaphy","|-resisted|p1a: Manaphy","|-damage|p1a: Manaphy|33/365","|move|p1a: Manaphy|Psychic|p2a: Azumarill","|-damage|p2a: Azumarill|177/403","|","|-weather|RainDance|[upkeep]","|turn|15","|","|move|p2a: Azumarill|Aqua Jet|p1a: Manaphy","|-resisted|p1a: Manaphy","|-damage|p1a: Manaphy|0 fnt","|faint|p1a: Manaphy","|","|-weather|RainDance|[upkeep]","|","|switch|p1a: Scizor|Scizor, M|123/343","|turn|16","|","|move|p1a: Scizor|Bullet Punch|p2a: Azumarill","|-damage|p2a: Azumarill|0 fnt","|faint|p2a: Azumarill","|","|-weather|RainDance|[upkeep]","|","|switch|p2a: Landorus-Therian|Landorus-Therian, M|382/382","|-damage|p2a: Landorus-Therian|335/382|[from] Stealth Rock","|-ability|p2a: Landorus-Therian|Intimidate","|-unboost|p1a: Scizor|atk|1","|turn|17","|","|switch|p1a: Heatran|Heatran, M|386/386","|move|p2a: Landorus-Therian|Earthquake|p1a: Heatran","|-supereffective|p1a: Heatran","|-damage|p1a: Heatran|0 fnt","|faint|p1a: Heatran","|","|-weather|RainDance|[upkeep]","|-heal|p2a: Landorus-Therian|358/382|[from] item: Leftovers","|","|switch|p1a: Lopunny|Lopunny, F|271/271","|turn|18","|","|detailschange|p1a: Lopunny|Lopunny-Mega, F","|-mega|p1a: Lopunny|Lopunny|Lopunnite","|move|p1a: Lopunny|Fake Out|p2a: Landorus-Therian","|-damage|p2a: Landorus-Therian|300/382","|cant|p2a: Landorus-Therian|flinch","|","|-weather|none","|-heal|p2a: Landorus-Therian|323/382|[from] item: Leftovers","|turn|19","|","|move|p1a: Lopunny|Ice Punch|p2a: Landorus-Therian","|-supereffective|p2a: Landorus-Therian","|-damage|p2a: Landorus-Therian|19/382","|move|p2a: Landorus-Therian|Toxic|p1a: Lopunny","|-status|p1a: Lopunny|tox","|","|-heal|p2a: Landorus-Therian|42/382|[from] item: Leftovers","|-damage|p1a: Lopunny|255/271 tox|[from] psn","|turn|20","|","|move|p1a: Lopunny|Power-Up Punch|p2a: Landorus-Therian","|-resisted|p2a: Landorus-Therian","|-damage|p2a: Landorus-Therian|14/382","|-boost|p1a: Lopunny|atk|1","|move|p2a: Landorus-Therian|Stealth Rock|p1a: Lopunny","|-sidestart|p1: Radite|move: Stealth Rock","|","|-heal|p2a: Landorus-Therian|37/382|[from] item: Leftovers","|-damage|p1a: Lopunny|223/271 tox|[from] psn","|turn|21","|","|move|p1a: Lopunny|Power-Up Punch|p2a: Landorus-Therian","|-resisted|p2a: Landorus-Therian","|-damage|p2a: Landorus-Therian|0 fnt","|-boost|p1a: Lopunny|atk|1","|faint|p2a: Landorus-Therian","|","|-damage|p1a: Lopunny|175/271 tox|[from] psn","|","|switch|p2a: Chansey|Chansey, F|463/703","|-damage|p2a: Chansey|376/703|[from] Stealth Rock","|turn|22","|","|switch|p1a: Celebi|Celebi|403/403","|-damage|p1a: Celebi|353/403|[from] Stealth Rock","|move|p2a: Chansey|Seismic Toss|p1a: Celebi","|-damage|p1a: Celebi|253/403","|","|-heal|p1a: Celebi|278/403|[from] item: Leftovers","|turn|23","|","|move|p1a: Celebi|Perish Song|p1a: Celebi","|-start|p1a: Celebi|perish3|[silent]","|-start|p2a: Chansey|perish3|[silent]","|-fieldactivate|move: Perish Song","|move|p2a: Chansey|Heal Bell|p2a: Chansey","|-cureteam|p2a: Chansey|[from] move: HealBell","|","|-start|p1a: Celebi|perish3","|-start|p2a: Chansey|perish3","|-heal|p1a: Celebi|303/403|[from] item: Leftovers","|turn|24","|player|p2","|","|win|Radite"],"p1rating":{"entryid":223151,"formatid":"ou","userid":"radite","username":"Radite","r":1500,"rd":130,"sigma":0,"rpr":1540.1606143388,"rprd":122.8583080769,"rpsigma":0,"rptime":1440061200,"w":1,"l":0,"t":0,"gxe":55,"acre":1044.584930701,"lacre":1044.584930701,"oldacre":1000},"p2rating":{"entryid":"222913","serverid":"eos","formatid":"ou","userid":"fefdfr","username":"fefdfr","w":"1","l":1,"t":"0","gxe":50,"r":"1500","rd":"130","sigma":"0","rptime":"1440061200","rpr":1500,"rprd":116.77753930647,"rpsigma":"0","acre":1022.1660277196,"lacre":1022.1660277196,"oldacre":"1040"},"endType":"forfeit"}