{"seed":[60697,51470,21097,37080],"turns":27,"p1":"Praingelbraingel","p2":"Guard Wulf - ⒶⓌⒶⓎ","p1team":[{"name":"Clefable","species":"Clefable","item":"leftovers","ability":"Magic Guard","moves":["moonblast","calmmind","moonlight","flamethrower"],"nature":"Bold","evs":{"hp":252,"atk":0,"def":252,"spa":4,"spd":0,"spe":0},"ivs":{"hp":31,"atk":31,"def":31,"spa":31,"spd":31,"spe":31}},{"name":"Azumarill","species":"Azumarill","item":"assaultvest","ability":"Huge Power","moves":["aquajet","waterfall","knockoff","playrough"],"nature":"Adamant","evs":{"hp":248,"atk":252,"def":0,"spa":0,"spd":8,"spe":0},"ivs":{"hp":31,"atk":31,"def":31,"spa":31,"spd":31,"spe":31}},{"name":"Metagross","species":"Metagross","item":"metagrossite","ability":"Clear Body","moves":["meteormash","zenheadbutt","hammerarm","bulletpunch"],"nature":"Adamant","evs":{"hp":248,"atk":252,"def":0,"spa":0,"spd":8,"spe":0},"ivs":{"hp":31,"atk":31,"def":31,"spa":31,"spd":31,"spe":31}},{"name":"Landorus-Therian","species":"Landorus-Therian","item":"leftovers","ability":"Intimidate","moves":["earthquake","stealthrock","uturn","toxic"],"nature":"Impish","evs":{"hp":252,"atk":4,"def":252,"spa":0,"spd":0,"spe":0},"ivs":{"hp":31,"atk":31,"def":31,"spa":31,"spd":31,"spe":31}},{"name":"Hoopa-Unbound","species":"Hoopa-Unbound","item":"choicescarf","ability":"Magician","moves":["darkpulse","psychic","focusblast","thunderbolt"],"nature":"Timid","evs":{"hp":0,"atk":0,"def":0,"spa":252,"spd":4,"spe":252},"ivs":{"hp":31,"atk":31,"def":31,"spa":31,"spd":31,"spe":31}},{"name":"Chansey","species":"Chansey","item":"eviolite","ability":"Natural Cure","moves":["wish","healbell","protect","seismictoss"],"nature":"Bold","evs":{"hp":248,"atk":0,"def":252,"spa":0,"spd":8,"spe":0},"ivs":{"hp":31,"atk":31,"def":31,"spa":31,"spd":31,"spe":31}}],"p2team":[{"name":"Venusaur","species":"Venusaur","item":"venusaurite","ability":"Chlorophyll","moves":["gigadrain","sludgebomb","hiddenpowerfire","synthesis"],"nature":"Modest","evs":{"hp":232,"atk":0,"def":0,"spa":252,"spd":4,"spe":20},"ivs":{"atk":30,"spa":30,"spe":30,"hp":31,"def":31,"spd":31}},{"name":"Feraligatr","species":"Feraligatr","item":"lifeorb","ability":"Sheer Force","moves":["dragondance","waterfall","crunch","icepunch"],"nature":"Jolly","evs":{"hp":0,"atk":252,"def":0,"spa":0,"spd":4,"spe":252},"ivs":{"hp":31,"atk":31,"def":31,"spa":31,"spd":31,"spe":31}},{"name":"Latios","species":"Latios","item":"lifeorb","ability":"Levitate","moves":["defog","roost","dracometeor","psyshock"],"nature":"Timid","evs":{"hp":0,"atk":0,"def":0,"spa":252,"spd":4,"spe":252},"ivs":{"hp":31,"atk":31,"def":31,"spa":31,"spd":31,"spe":31}},{"name":"Garchomp","species":"Garchomp","item":"rockyhelmet","ability":"Rough Skin","moves":["stealthrock","earthquake","dragontail","fireblast"],"nature":"Impish","evs":{"hp":252,"atk":0,"def":164,"spa":0,"spd":76,"spe":16},"ivs":{"hp":31,"atk":31,"def":31,"spa":31,"spd":31,"spe":31}},{"name":"Weavile","species":"Weavile","item":"lifeorb","ability":"Pressure","moves":["iciclecrash","knockoff","iceshard","lowkick"],"nature":"Jolly","evs":{"hp":0,"atk":252,"def":0,"spa":0,"spd":4,"spe":252},"ivs":{"hp":31,"atk":31,"def":31,"spa":31,"spd":31,"spe":31}},{"name":"Skarmory","species":"Skarmory","item":"leftovers","ability":"Sturdy","moves":["spikes","roost","whirlwind","bravebird"],"nature":"Careful","evs":{"hp":252,"atk":0,"def":32,"spa":0,"spd":200,"spe":24},"ivs":{"hp":31,"atk":31,"def":31,"spa":31,"spd":31,"spe":31}}],"log":["|player|p1|Praingelbraingel|101","|player|p2|Guard Wulf - ⒶⓌⒶⓎ|143","|gametype|singles","|gen|6","|tier|OU","|rated","|clearpoke","|poke|p1|Clefable, F","|poke|p1|Azumarill, F","|poke|p1|Metagross","|poke|p1|Landorus-Therian, M","|poke|p1|Hoopa-Unbound","|poke|p1|Chansey, F","|poke|p2|Venusaur, F","|poke|p2|Feraligatr, M","|poke|p2|Latios, M","|poke|p2|Garchomp, M","|poke|p2|Weavile, F","|poke|p2|Skarmory, F","|rule|Swagger Clause: Swagger is banned","|rule|Baton Pass Clause: Limit one Baton Passer, can't pass Spe and other stats simultaneously","|rule|Sleep Clause Mod: Limit one foe put to sleep","|rule|Species Clause: Limit one of each Pokémon","|rule|OHKO Clause: OHKO moves are banned","|rule|Moody Clause: Moody is banned","|rule|Evasion Moves Clause: Evasion moves are banned","|rule|Endless Battle Clause: Forcing endless battles is banned","|rule|HP Percentage Mod: HP is shown in percentages","|teampreview","|","|start","|switch|p1a: Landorus-Therian|Landorus-Therian, M|382/382","|switch|p2a: Garchomp|Garchomp, M|420/420","|-ability|p1a: Landorus-Therian|Intimidate","|-unboost|p2a: Garchomp|atk|1","|turn|1","|","|move|p2a: Garchomp|Stealth Rock|p1a: Landorus-Therian","|-sidestart|p1: Praingelbraingel|move: Stealth Rock","|move|p1a: Landorus-Therian|Toxic|p2a: Garchomp|[miss]","|-miss|p1a: Landorus-Therian|p2a: Garchomp","|","|turn|2","|","|switch|p2a: Venusaur|Venusaur, F|359/359","|move|p1a: Landorus-Therian|Stealth Rock|p2a: Venusaur","|-sidestart|p2: Guard Wulf - ⒶⓌⒶⓎ|move: Stealth Rock","|","|turn|3","|","|detailschange|p2a: Venusaur|Venusaur-Mega, F","|-mega|p2a: Venusaur|Venusaur|Venusaurite","|move|p1a: Landorus-Therian|U-turn|p2a: Venusaur","|-damage|p2a: Venusaur|295/359","|","|switch|p1a: Clefable|Clefable, F|394/394","|move|p2a: Venusaur|Giga Drain|p1a: Clefable","|-damage|p1a: Clefable|247/394","|-heal|p2a: Venusaur|359/359|[from] drain|[of] p1a: Clefable","|","|-heal|p1a: Clefable|271/394|[from] item: Leftovers","|turn|4","|","|move|p2a: Venusaur|Sludge Bomb|p1a: Clefable","|-crit|p1a: Clefable","|-supereffective|p1a: Clefable","|-damage|p1a: Clefable|0 fnt","|faint|p1a: Clefable","|","|","|switch|p1a: Metagross|Metagross|363/363","|-damage|p1a: Metagross|341/363|[from] Stealth Rock","|turn|5","|","|switch|p2a: Garchomp|Garchomp, M|420/420","|-damage|p2a: Garchomp|394/420|[from] Stealth Rock","|detailschange|p1a: Metagross|Metagross-Mega","|-mega|p1a: Metagross|Metagross|Metagrossite","|move|p1a: Metagross|Zen Headbutt|p2a: Garchomp","|-damage|p2a: Garchomp|211/420","|-damage|p1a: Metagross|296/363|[from] ability: Rough Skin|[of] p2a: Garchomp","|-damage|p1a: Metagross|236/363|[from] item: Rocky Helmet|[of] p2a: Garchomp","|","|turn|6","|","|move|p1a: Metagross|Meteor Mash|p2a: Garchomp","|-damage|p2a: Garchomp|15/420","|-damage|p1a: Metagross|191/363|[from] ability: Rough Skin|[of] p2a: Garchomp","|-damage|p1a: Metagross|131/363|[from] item: Rocky Helmet|[of] p2a: Garchomp","|move|p2a: Garchomp|Fire Blast|p1a: Metagross|[miss]","|-miss|p2a: Garchomp|p1a: Metagross","|","|turn|7","|","|move|p1a: Metagross|Bullet Punch|p2a: Garchomp","|-damage|p2a: Garchomp|0 fnt","|-damage|p1a: Metagross|86/363|[from] ability: Rough Skin|[of] p2a: Garchomp","|-damage|p1a: Metagross|26/363|[from] item: Rocky Helmet|[of] p2a: Garchomp","|faint|p2a: Garchomp","|","|","|switch|p2a: Weavile|Weavile, F|281/281","|-damage|p2a: Weavile|211/281|[from] Stealth Rock","|-ability|p2a: Weavile|Pressure","|turn|8","|","|move|p2a: Weavile|Ice Shard|p1a: Metagross","|-resisted|p1a: Metagross","|-damage|p1a: Metagross|0 fnt","|-damage|p2a: Weavile|183/281|[from] item: Life Orb","|faint|p1a: Metagross","|","|","|switch|p1a: Azumarill|Azumarill, F|403/403","|-damage|p1a: Azumarill|353/403|[from] Stealth Rock","|turn|9","|","|switch|p2a: Venusaur|Venusaur-Mega, F|359/359","|-damage|p2a: Venusaur|315/359|[from] Stealth Rock","|move|p1a: Azumarill|Play Rough|p2a: Venusaur","|-resisted|p2a: Venusaur","|-damage|p2a: Venusaur|231/359","|","|turn|10","|","|switch|p1a: Hoopa-Unbound|Hoopa-Unbound|301/301","|-damage|p1a: Hoopa-Unbound|264/301|[from] Stealth Rock","|move|p2a: Venusaur|Synthesis|p2a: Venusaur","|-heal|p2a: Venusaur|359/359","|","|turn|11","|","|switch|p2a: Skarmory|Skarmory, F|334/334","|-damage|p2a: Skarmory|293/334|[from] Stealth Rock","|move|p1a: Hoopa-Unbound|Psychic|p2a: Skarmory","|-resisted|p2a: Skarmory","|-damage|p2a: Skarmory|197/334","|","|-heal|p2a: Skarmory|217/334|[from] item: Leftovers","|turn|12","|","|switch|p1a: Azumarill|Azumarill, F|353/403","|-damage|p1a: Azumarill|303/403|[from] Stealth Rock","|move|p2a: Skarmory|Roost|p2a: Skarmory","|-heal|p2a: Skarmory|334/334","|","|turn|13","|","|move|p2a: Skarmory|Spikes|p1a: Azumarill","|-sidestart|p1: Praingelbraingel|Spikes","|move|p1a: Azumarill|Knock Off|p2a: Skarmory","|-damage|p2a: Skarmory|225/334","|-enditem|p2a: Skarmory|Leftovers|[from] move: Knock Off|[of] p1a: Azumarill","|","|turn|14","|","|move|p2a: Skarmory|Spikes|p1a: Azumarill","|-sidestart|p1: Praingelbraingel|Spikes","|move|p1a: Azumarill|Waterfall|p2a: Skarmory","|-damage|p2a: Skarmory|96/334","|","|turn|15","|","|move|p2a: Skarmory|Roost|p2a: Skarmory","|-heal|p2a: Skarmory|263/334","|move|p1a: Azumarill|Waterfall|p2a: Skarmory","|-damage|p2a: Skarmory|143/334","|","|turn|16","|","|move|p2a: Skarmory|Roost|p2a: Skarmory","|-heal|p2a: Skarmory|310/334","|move|p1a: Azumarill|Waterfall|p2a: Skarmory","|-damage|p2a: Skarmory|189/334","|","|turn|17","|","|move|p2a: Skarmory|Roost|p2a: Skarmory","|-heal|p2a: Skarmory|334/334","|move|p1a: Azumarill|Waterfall|p2a: Skarmory","|-damage|p2a: Skarmory|201/334","|","|turn|18","|","|move|p2a: Skarmory|Roost|p2a: Skarmory","|-heal|p2a: Skarmory|334/334","|move|p1a: Azumarill|Waterfall|p2a: Skarmory","|-damage|p2a: Skarmory|211/334","|","|turn|19","|","|move|p2a: Skarmory|Spikes|p1a: Azumarill","|-sidestart|p1: Praingelbraingel|Spikes","|move|p1a: Azumarill|Waterfall|p2a: Skarmory","|-damage|p2a: Skarmory|78/334","|","|turn|20","|","|move|p1a: Azumarill|Aqua Jet|p2a: Skarmory","|-damage|p2a: Skarmory|8/334","|move|p2a: Skarmory|Roost|p2a: Skarmory","|-heal|p2a: Skarmory|175/334","|","|turn|21","|","|move|p2a: Skarmory|Roost|p2a: Skarmory","|-heal|p2a: Skarmory|334/334","|move|p1a: Azumarill|Waterfall|p2a: Skarmory","|-damage|p2a: Skarmory|217/334","|","|turn|22","|","|move|p2a: Skarmory|Roost|p2a: Skarmory","|-heal|p2a: Skarmory|334/334","|move|p1a: Azumarill|Waterfall|p2a: Skarmory","|-damage|p2a: Skarmory|201/334","|","|turn|23","|","|move|p2a: Skarmory|Roost|p2a: Skarmory","|-heal|p2a: Skarmory|334/334","|move|p1a: Azumarill|Waterfall|p2a: Skarmory","|-damage|p2a: Skarmory|210/334","|","|turn|24","|","|move|p1a: Azumarill|Waterfall|p2a: Skarmory","|-damage|p2a: Skarmory|84/334","|move|p2a: Skarmory|Whirlwind|p1a: Azumarill","|drag|p1a: Hoopa-Unbound|Hoopa-Unbound|264/301","|-damage|p1a: Hoopa-Unbound|189/301|[from] Spikes","|-damage|p1a: Hoopa-Unbound|152/301|[from] Stealth Rock","|","|turn|25","|","|move|p1a: Hoopa-Unbound|Thunderbolt|p2a: Skarmory","|-supereffective|p2a: Skarmory","|-damage|p2a: Skarmory|0 fnt","|faint|p2a: Skarmory","|","|","|switch|p2a: Venusaur|Venusaur-Mega, F|359/359","|-damage|p2a: Venusaur|315/359|[from] Stealth Rock","|turn|26","|","|switch|p1a: Landorus-Therian|Landorus-Therian, M|382/382","|-damage|p1a: Landorus-Therian|335/382|[from] Stealth Rock","|-ability|p1a: Landorus-Therian|Intimidate","|-unboost|p2a: Venusaur|atk|1","|move|p2a: Venusaur|Sludge Bomb|p1a: Landorus-Therian","|-resisted|p1a: Landorus-Therian","|-damage|p1a: Landorus-Therian|238/382","|","|-heal|p1a: Landorus-Therian|261/382|[from] item: Leftovers","|turn|27","|","|move|p1a: Landorus-Therian|U-turn|p2a: Venusaur","|-damage|p2a: Venusaur|252/359","|","|switch|p1a: Hoopa-Unbound|Hoopa-Unbound|152/301","|-damage|p1a: Hoopa-Unbound|115/301|[from] Stealth Rock","|-damage|p1a: Hoopa-Unbound|40/301|[from] Spikes","|move|p2a: Venusaur|Giga Drain|p1a: Hoopa-Unbound","|-damage|p1a: Hoopa-Unbound|0 fnt","|-heal|p2a: Venusaur|272/359|[from] drain|[of] p1a: Hoopa-Unbound","|faint|p1a: Hoopa-Unbound","|","|","|win|Guard Wulf - ⒶⓌⒶⓎ"],"p1rating":{"entryid":"196630","serverid":"eos","formatid":"ou","userid":"praingelbraingel","username":"Praingelbraingel","w":"1","l":1,"t":"0","gxe":50,"r":"1500","rd":"130","sigma":"0","rptime":"1440061200","rpr":1500,"rprd":116.77753930647,"rpsigma":"0","acre":1022.1660277196,"lacre":1022.1660277196,"oldacre":"1040"},"p2rating":{"entryid":198347,"formatid":"ou","userid":"guardwulf","username":"Guard Wulf - ⒶⓌⒶⓎ","r":1500,"rd":130,"sigma":0,"rpr":1540.1606143388,"rprd":122.8583080769,"rpsigma":0,"rptime":1440061200,"w":1,"l":0,"t":0,"gxe":55,"acre":1044.584930701,"lacre":1044.584930701,"oldacre":1000},"endType":"forfeit"}