{"seed":[13099,23172,63048,25220],"turns":19,"p1":"SLRorich","p2":"SL~Kingdra","p1team":[{"name":"Heracross","species":"Heracross","item":"heracronite","ability":"Moxie","moves":["brickbreak","bulletseed","rockblast","armthrust"],"nature":"Adamant","evs":{"hp":248,"atk":252,"def":0,"spa":0,"spd":8,"spe":0},"shiny":true,"ivs":{"hp":31,"atk":31,"def":31,"spa":31,"spd":31,"spe":31}},{"name":"Medicham","species":"Medicham","item":"choicescarf","ability":"Pure Power","moves":["bulletpunch","fakeout","highjumpkick","zenheadbutt"],"nature":"Jolly","evs":{"hp":0,"atk":252,"def":0,"spa":0,"spd":4,"spe":252},"shiny":true,"ivs":{"hp":31,"atk":31,"def":31,"spa":31,"spd":31,"spe":31}},{"name":"Talonflame","species":"Talonflame","item":"choiceband","ability":"Gale Wings","moves":["bravebird","flareblitz","quickattack","flamecharge"],"nature":"Jolly","evs":{"hp":0,"atk":252,"def":0,"spa":0,"spd":4,"spe":252},"ivs":{"hp":31,"atk":31,"def":31,"spa":31,"spd":31,"spe":31}},{"name":"Dragonite","species":"Dragonite","item":"weaknesspolicy","ability":"Multiscale","moves":["dragonclaw","dragondance","extremespeed","dive"],"nature":"Adamant","evs":{"hp":0,"atk":252,"def":0,"spa":0,"spd":4,"spe":252},"ivs":{"hp":31,"atk":31,"def":31,"spa":31,"spd":31,"spe":31}},{"name":"Gliscor","species":"Gliscor","item":"toxicorb","ability":"Poison Heal","moves":["earthquake","knockoff","swordsdance","protect"],"nature":"Adamant","evs":{"hp":184,"atk":168,"def":84,"spa":0,"spd":0,"spe":72},"ivs":{"hp":31,"atk":31,"def":31,"spa":31,"spd":31,"spe":31}},{"name":"Diggersby","species":"Diggersby","item":"lifeorb","ability":"Huge Power","moves":["return","earthquake","quickattack","swordsdance"],"nature":"Jolly","evs":{"hp":0,"atk":252,"def":0,"spa":0,"spd":4,"spe":252},"ivs":{"hp":31,"atk":31,"def":31,"spa":31,"spd":31,"spe":31}}],"p2team":[{"name":"Chansey","species":"Chansey","item":"eviolite","ability":"Natural Cure","moves":["softboiled","toxic","seismictoss","protect"],"nature":"Impish","evs":{"hp":252,"atk":0,"def":252,"spa":0,"spd":4,"spe":0},"ivs":{"hp":31,"atk":31,"def":31,"spa":31,"spd":31,"spe":31}},{"name":"Sableye","species":"Sableye","item":"sablenite","ability":"Prankster","moves":["calmmind","recover","willowisp","darkpulse"],"nature":"Bold","evs":{"hp":252,"atk":0,"def":172,"spa":0,"spd":84,"spe":0},"ivs":{"hp":31,"atk":31,"def":31,"spa":31,"spd":31,"spe":31}},{"name":"Slowbro","species":"Slowbro","item":"leftovers","ability":"Oblivious","moves":["calmmind","irondefense","slackoff","scald"],"nature":"Calm","evs":{"hp":252,"atk":0,"def":128,"spa":0,"spd":128,"spe":0},"ivs":{"hp":31,"atk":31,"def":31,"spa":31,"spd":31,"spe":31}},{"name":"Cloyster","species":"Cloyster","item":"focussash","ability":"Skill Link","moves":["shellsmash","iciclespear","rockblast","iceshard"],"nature":"Adamant","evs":{"hp":0,"atk":252,"def":4,"spa":0,"spd":0,"spe":252},"ivs":{"hp":31,"atk":31,"def":31,"spa":31,"spd":31,"spe":31}},{"name":"Gliscor","species":"Gliscor","item":"toxicorb","ability":"Poison Heal","moves":["roost","toxic","protect","earthquake"],"nature":"Careful","evs":{"hp":252,"atk":0,"def":92,"spa":0,"spd":164,"spe":0},"ivs":{"hp":31,"atk":31,"def":31,"spa":31,"spd":31,"spe":31}},{"name":"Clefable","species":"Clefable","item":"leftovers","ability":"Unaware","moves":["moonblast","healbell","wish","protect"],"nature":"Bold","evs":{"hp":248,"atk":0,"def":252,"spa":0,"spd":8,"spe":0},"ivs":{"hp":31,"atk":31,"def":31,"spa":31,"spd":31,"spe":31}}],"log":["|player|p1|SLRorich|137","|player|p2|SL~Kingdra|99","|gametype|singles","|gen|6","|tier|OU","|rated","|clearpoke","|poke|p1|Heracross, M, shiny","|poke|p1|Medicham, F, shiny","|poke|p1|Talonflame, F","|poke|p1|Dragonite, M","|poke|p1|Gliscor, F","|poke|p1|Diggersby, M","|poke|p2|Chansey, F","|poke|p2|Sableye, F","|poke|p2|Slowbro, F","|poke|p2|Cloyster, M","|poke|p2|Gliscor, M","|poke|p2|Clefable, M","|rule|Swagger Clause: Swagger is banned","|rule|Baton Pass Clause: Limit one Baton Passer, can't pass Spe and other stats simultaneously","|rule|Sleep Clause Mod: Limit one foe put to sleep","|rule|Species Clause: Limit one of each Pokémon","|rule|OHKO Clause: OHKO moves are banned","|rule|Moody Clause: Moody is banned","|rule|Evasion Moves Clause: Evasion moves are banned","|rule|Endless Battle Clause: Forcing endless battles is banned","|rule|HP Percentage Mod: HP is shown in percentages","|teampreview","|","|start","|switch|p1a: Diggersby|Diggersby, M|311/311","|switch|p2a: Cloyster|Cloyster, M|241/241","|turn|1","|","|move|p1a: Diggersby|Earthquake|p2a: Cloyster","|-damage|p2a: Cloyster|85/241","|-damage|p1a: Diggersby|280/311|[from] item: Life Orb","|move|p2a: Cloyster|Shell Smash|p2a: Cloyster","|-unboost|p2a: Cloyster|def|1","|-unboost|p2a: Cloyster|spd|1","|-boost|p2a: Cloyster|atk|2","|-boost|p2a: Cloyster|spa|2","|-boost|p2a: Cloyster|spe|2","|","|turn|2","|","|move|p1a: Diggersby|Quick Attack|p2a: Cloyster","|-damage|p2a: Cloyster|0 fnt","|-damage|p1a: Diggersby|249/311|[from] item: Life Orb","|faint|p2a: Cloyster","|","|","|switch|p2a: Sableye|Sableye, F|304/304","|turn|3","|","|move|p2a: Sableye|Will-O-Wisp|p1a: Diggersby|[miss]","|-miss|p2a: Sableye|p1a: Diggersby","|move|p1a: Diggersby|Swords Dance|p1a: Diggersby","|-boost|p1a: Diggersby|atk|2","|","|turn|4","|","|move|p2a: Sableye|Will-O-Wisp|p1a: Diggersby","|-status|p1a: Diggersby|brn","|move|p1a: Diggersby|Earthquake|p2a: Sableye","|-damage|p2a: Sableye|36/304","|-damage|p1a: Diggersby|218/311 brn|[from] item: Life Orb","|","|-damage|p1a: Diggersby|180/311 brn|[from] brn","|turn|5","|","|move|p2a: Sableye|Recover|p2a: Sableye","|-heal|p2a: Sableye|188/304","|move|p1a: Diggersby|Earthquake|p2a: Sableye","|-damage|p2a: Sableye|0 fnt","|-damage|p1a: Diggersby|149/311 brn|[from] item: Life Orb","|faint|p2a: Sableye","|","|-damage|p1a: Diggersby|111/311 brn|[from] brn","|","|switch|p2a: Slowbro|Slowbro, F|394/394","|turn|6","|","|move|p1a: Diggersby|Return|p2a: Slowbro","|-damage|p2a: Slowbro|176/394","|-damage|p1a: Diggersby|80/311 brn|[from] item: Life Orb","|move|p2a: Slowbro|Iron Defense|p2a: Slowbro","|-boost|p2a: Slowbro|def|2","|","|-heal|p2a: Slowbro|200/394|[from] item: Leftovers","|-damage|p1a: Diggersby|42/311 brn|[from] brn","|turn|7","|","|move|p1a: Diggersby|Earthquake|p2a: Slowbro","|-damage|p2a: Slowbro|97/394","|-damage|p1a: Diggersby|11/311 brn|[from] item: Life Orb","|move|p2a: Slowbro|Slack Off|p2a: Slowbro","|-heal|p2a: Slowbro|294/394","|","|-heal|p2a: Slowbro|318/394|[from] item: Leftovers","|-damage|p1a: Diggersby|0 fnt|[from] brn","|faint|p1a: Diggersby","|","|switch|p1a: Heracross|Heracross, M, shiny|363/363","|turn|8","|","|detailschange|p1a: Heracross|Heracross-Mega, M, shiny","|-mega|p1a: Heracross|Heracross|Heracronite","|move|p1a: Heracross|Bullet Seed|p2a: Slowbro","|-supereffective|p2a: Slowbro","|-damage|p2a: Slowbro|278/394","|-supereffective|p2a: Slowbro","|-damage|p2a: Slowbro|240/394","|-supereffective|p2a: Slowbro","|-damage|p2a: Slowbro|202/394","|-supereffective|p2a: Slowbro","|-damage|p2a: Slowbro|164/394","|-supereffective|p2a: Slowbro","|-damage|p2a: Slowbro|126/394","|-hitcount|p2a: Slowbro|5","|move|p2a: Slowbro|Iron Defense|p2a: Slowbro","|-boost|p2a: Slowbro|def|2","|","|-heal|p2a: Slowbro|150/394|[from] item: Leftovers","|turn|9","|","|move|p1a: Heracross|Bullet Seed|p2a: Slowbro","|-supereffective|p2a: Slowbro","|-damage|p2a: Slowbro|124/394","|-supereffective|p2a: Slowbro","|-damage|p2a: Slowbro|98/394","|-supereffective|p2a: Slowbro","|-damage|p2a: Slowbro|74/394","|-supereffective|p2a: Slowbro","|-damage|p2a: Slowbro|48/394","|-supereffective|p2a: Slowbro","|-damage|p2a: Slowbro|22/394","|-hitcount|p2a: Slowbro|5","|move|p2a: Slowbro|Slack Off|p2a: Slowbro","|-heal|p2a: Slowbro|219/394","|","|-heal|p2a: Slowbro|243/394|[from] item: Leftovers","|turn|10","|","|switch|p1a: Medicham|Medicham, F, shiny|261/261","|move|p2a: Slowbro|Iron Defense|p2a: Slowbro","|-boost|p2a: Slowbro|def|2","|","|-heal|p2a: Slowbro|267/394|[from] item: Leftovers","|turn|11","|","|move|p1a: Medicham|Fake Out|p2a: Slowbro","|-damage|p2a: Slowbro|255/394","|cant|p2a: Slowbro|flinch","|","|-heal|p2a: Slowbro|279/394|[from] item: Leftovers","|turn|12","|","|switch|p1a: Dragonite|Dragonite, M|323/323","|move|p2a: Slowbro|Slack Off|p2a: Slowbro","|-heal|p2a: Slowbro|394/394","|","|turn|13","|","|move|p1a: Dragonite|Dragon Dance|p1a: Dragonite","|-boost|p1a: Dragonite|atk|1","|-boost|p1a: Dragonite|spe|1","|move|p2a: Slowbro|Calm Mind|p2a: Slowbro","|-boost|p2a: Slowbro|spa|1","|-boost|p2a: Slowbro|spd|1","|","|turn|14","|","|move|p1a: Dragonite|Dragon Dance|p1a: Dragonite","|-boost|p1a: Dragonite|atk|1","|-boost|p1a: Dragonite|spe|1","|move|p2a: Slowbro|Calm Mind|p2a: Slowbro","|-boost|p2a: Slowbro|spa|1","|-boost|p2a: Slowbro|spd|1","|","|turn|15","|","|move|p1a: Dragonite|Dragon Dance|p1a: Dragonite","|-boost|p1a: Dragonite|atk|1","|-boost|p1a: Dragonite|spe|1","|move|p2a: Slowbro|Scald|p1a: Dragonite","|-resisted|p1a: Dragonite","|-damage|p1a: Dragonite|277/323","|","|turn|16","|","|move|p1a: Dragonite|Dragon Dance|p1a: Dragonite","|-boost|p1a: Dragonite|atk|1","|-boost|p1a: Dragonite|spe|1","|move|p2a: Slowbro|Calm Mind|p2a: Slowbro","|-boost|p2a: Slowbro|spa|1","|-boost|p2a: Slowbro|spd|1","|","|turn|17","|","|move|p1a: Dragonite|Dragon Dance|p1a: Dragonite","|-boost|p1a: Dragonite|atk|1","|-boost|p1a: Dragonite|spe|1","|move|p2a: Slowbro|Calm Mind|p2a: Slowbro","|-boost|p2a: Slowbro|spa|1","|-boost|p2a: Slowbro|spd|1","|","|turn|18","|","|move|p1a: Dragonite|Dragon Dance|p1a: Dragonite","|-boost|p1a: Dragonite|atk|1","|-boost|p1a: Dragonite|spe|1","|move|p2a: Slowbro|Scald|p1a: Dragonite","|-resisted|p1a: Dragonite","|-damage|p1a: Dragonite|140/323","|","|turn|19","|","|move|p1a: Dragonite|Dragon Claw|p2a: Slowbro","|-damage|p2a: Slowbro|264/394","|move|p2a: Slowbro|Scald|p1a: Dragonite","|-resisted|p1a: Dragonite","|-damage|p1a: Dragonite|0 fnt","|faint|p1a: Dragonite","|","|-heal|p2a: Slowbro|288/394|[from] item: Leftovers","|","|win|SL~Kingdra"],"p1rating":{"entryid":209270,"formatid":"ou","userid":"slrorich","username":"SLRorich","r":1500,"rd":130,"sigma":0,"rpr":1459.8393856612,"rprd":122.8583080769,"rpsigma":0,"rptime":1440061200,"w":0,"l":1,"t":0,"gxe":45,"acre":1000,"lacre":1000,"oldacre":1000},"p2rating":{"entryid":209271,"formatid":"ou","userid":"slkingdra","username":"SL~Kingdra","r":1500,"rd":130,"sigma":0,"rpr":1540.1606143388,"rprd":122.8583080769,"rpsigma":0,"rptime":1440061200,"w":1,"l":0,"t":0,"gxe":55,"acre":1040,"lacre":1040,"oldacre":1000},"endType":"forfeit"}