{"seed":[55512,8920,22606,8517],"turns":94,"p1":"JunGPG","p2":"It learns that","p1team":[{"name":"Gliscor","species":"Gliscor","item":"toxicorb","ability":"Poison Heal","moves":["stealthrock","substitute","roost","toxic"],"nature":"Sassy","evs":{"hp":252,"atk":0,"def":128,"spa":0,"spd":128,"spe":0},"gender":"M","ivs":{"hp":31,"atk":31,"def":31,"spa":31,"spd":31,"spe":31}},{"name":"Rotom-Wash","species":"Rotom-Wash","item":"jabocaberry","ability":"Levitate","moves":["hydropump","thunder","thunderwave","willowisp"],"nature":"Calm","evs":{"hp":124,"atk":0,"def":0,"spa":220,"spd":164,"spe":0},"shiny":true,"ivs":{"hp":31,"atk":31,"def":31,"spa":31,"spd":31,"spe":31}},{"name":"Breloom","species":"Breloom","item":"cobaberry","ability":"Technician","moves":["drainpunch","seedbomb","thunderpunch","poweruppunch"],"nature":"Naughty","evs":{"hp":248,"atk":252,"def":0,"spa":8,"spd":0,"spe":0},"gender":"M","ivs":{"hp":31,"atk":30,"def":30,"spa":31,"spd":31,"spe":31}},{"name":"Talonflame","species":"Talonflame","item":"kingsrock","ability":"Gale Wings","moves":["uturn","bravebird","flareblitz","roost"],"nature":"","gender":"M","evs":{"hp":0,"atk":0,"def":0,"spa":0,"spd":0,"spe":0},"ivs":{"hp":31,"atk":31,"def":31,"spa":31,"spd":31,"spe":31}},{"name":"Charizard","species":"Charizard","item":"charizarditex","ability":"Blaze","moves":["dragontail","flareblitz","roost","outrage"],"nature":"Naughty","evs":{"hp":248,"atk":252,"def":0,"spa":8,"spd":0,"spe":0},"gender":"M","ivs":{"hp":31,"atk":31,"def":31,"spa":31,"spd":31,"spe":31}},{"name":"Dragonite","species":"Dragonite","item":"metronome","ability":"Multiscale","moves":["dracometeor","dragontail","earthquake","dragonclaw"],"nature":"Lonely","evs":{"hp":248,"atk":252,"def":0,"spa":8,"spd":0,"spe":0},"gender":"M","ivs":{"hp":31,"atk":31,"def":31,"spa":31,"spd":31,"spe":31}}],"p2team":[{"name":"Ghillie Creeper","species":"tangrowth","item":"assaultvest","ability":"Regenerator","moves":["gigadrain","hiddenpowerice","knockoff","earthquake"],"nature":"Sassy","evs":{"hp":248,"atk":0,"def":8,"spa":0,"spd":252,"spe":0},"gender":"M","ivs":{"hp":31,"atk":30,"def":30,"spa":31,"spd":31,"spe":31}},{"name":"Heartfishsiftraeh","species":"alomomola","item":"rockyhelmet","ability":"Regenerator","moves":["scald","toxic","protect","wish"],"nature":"Bold","evs":{"hp":248,"atk":0,"def":252,"spa":0,"spd":8,"spe":0},"gender":"F","ivs":{"hp":31,"atk":0,"def":31,"spa":31,"spd":31,"spe":31}},{"name":"Standard.OU","species":"audino","item":"assaultvest","ability":"Regenerator","moves":["icebeam","psychic","focuspunch","irontail"],"nature":"Sassy","evs":{"hp":252,"atk":0,"def":4,"spa":0,"spd":252,"spe":0},"ivs":{"hp":31,"atk":31,"def":31,"spa":31,"spd":31,"spe":31}},{"name":"What Just Happened","species":"sableye","item":"sablenite","ability":"Prankster","moves":["snatch","shadowsneak","powergem","recover"],"nature":"Sassy","evs":{"hp":248,"atk":0,"def":0,"spa":244,"spd":16,"spe":0},"gender":"M","ivs":{"hp":31,"atk":31,"def":31,"spa":31,"spd":31,"spe":31}},{"name":"Just switch out.","species":"clefable","item":"leftovers","ability":"Unaware","moves":["cosmicpower","moonblast","healbell","moonlight"],"nature":"Bold","evs":{"hp":248,"atk":0,"def":252,"spa":0,"spd":0,"spe":8},"gender":"F","ivs":{"hp":31,"atk":0,"def":31,"spa":31,"spd":31,"spe":31}},{"name":"Nopenopenope","species":"mew","item":"colburberry","ability":"Synchronize","moves":["willowisp","transform","defog","roost"],"nature":"Timid","evs":{"hp":248,"atk":0,"def":0,"spa":0,"spd":44,"spe":216},"ivs":{"hp":31,"atk":0,"def":31,"spa":31,"spd":31,"spe":31}}],"log":["|player|p1|JunGPG|102","|player|p2|It learns that|220","|gametype|singles","|gen|6","|tier|OU","|rated","|clearpoke","|poke|p1|Gliscor, M","|poke|p1|Rotom-Wash, shiny","|poke|p1|Breloom, M","|poke|p1|Talonflame, M","|poke|p1|Charizard, M","|poke|p1|Dragonite, M","|poke|p2|Tangrowth, M","|poke|p2|Alomomola, F","|poke|p2|Audino, F","|poke|p2|Sableye, M","|poke|p2|Clefable, F","|poke|p2|Mew","|rule|Swagger Clause: Swagger is banned","|rule|Baton Pass Clause: Limit one Baton Passer, can't pass Spe and other stats simultaneously","|rule|Sleep Clause Mod: Limit one foe put to sleep","|rule|Species Clause: Limit one of each Pokémon","|rule|OHKO Clause: OHKO moves are banned","|rule|Moody Clause: Moody is banned","|rule|Evasion Moves Clause: Evasion moves are banned","|rule|Endless Battle Clause: Forcing endless battles is banned","|rule|HP Percentage Mod: HP is shown in percentages","|teampreview","|","|start","|switch|p1a: Dragonite|Dragonite, M|385/385","|switch|p2a: What Just Happened|Sableye, M|303/303","|turn|1","|","|detailschange|p2a: What Just Happened|Sableye-Mega, M","|-mega|p2a: What Just Happened|Sableye|Sablenite","|move|p2a: What Just Happened|Snatch|p2a: What Just Happened","|-singleturn|p2a: What Just Happened|Snatch","|move|p1a: Dragonite|Dragon Tail|p2a: What Just Happened","|-damage|p2a: What Just Happened|207/303","|drag|p2a: Heartfishsiftraeh|Alomomola, F|533/533","|","|turn|2","|","|move|p2a: Heartfishsiftraeh|Toxic|p1a: Dragonite","|-status|p1a: Dragonite|tox","|move|p1a: Dragonite|Dragon Tail|p2a: Heartfishsiftraeh|[miss]","|-miss|p1a: Dragonite|p2a: Heartfishsiftraeh","|","|-damage|p1a: Dragonite|361/385 tox|[from] psn","|turn|3","|","|move|p2a: Heartfishsiftraeh|Wish|p2a: Heartfishsiftraeh","|move|p1a: Dragonite|Dragon Tail|p2a: Heartfishsiftraeh","|-damage|p2a: Heartfishsiftraeh|403/533","|-damage|p1a: Dragonite|297/385 tox|[from] item: Rocky Helmet|[of] p2a: Heartfishsiftraeh","|drag|p2a: Standard.OU|Audino, F|410/410","|","|-damage|p1a: Dragonite|249/385 tox|[from] psn","|turn|4","|","|switch|p2a: Heartfishsiftraeh|Alomomola, F|533/533","|move|p1a: Dragonite|Earthquake|p2a: Heartfishsiftraeh","|-damage|p2a: Heartfishsiftraeh|431/533","|","|-heal|p2a: Heartfishsiftraeh|533/533|[from] move: Wish|[wisher] Heartfishsiftraeh","|-damage|p1a: Dragonite|177/385 tox|[from] psn","|turn|5","|","|switch|p1a: Breloom|Breloom, M|323/323","|move|p2a: Heartfishsiftraeh|Wish|p2a: Heartfishsiftraeh","|","|turn|6","|","|switch|p2a: What Just Happened|Sableye-Mega, M|207/303","|move|p1a: Breloom|Seed Bomb|p2a: What Just Happened","|-crit|p2a: What Just Happened","|-damage|p2a: What Just Happened|9/303","|","|-heal|p2a: What Just Happened|275/303|[from] move: Wish|[wisher] Heartfishsiftraeh","|turn|7","|","|move|p1a: Breloom|Power-Up Punch|p2a: What Just Happened","|-immune|p2a: What Just Happened|[msg]","|move|p2a: What Just Happened|Recover|p2a: What Just Happened","|-heal|p2a: What Just Happened|303/303","|","|turn|8","|","|switch|p2a: Nopenopenope|Mew|403/403","|move|p1a: Breloom|Seed Bomb|p2a: Nopenopenope","|-damage|p2a: Nopenopenope|244/403","|","|turn|9","|","|move|p2a: Nopenopenope|Will-O-Wisp|p1a: Breloom","|-status|p1a: Breloom|brn","|move|p1a: Breloom|Power-Up Punch|p2a: Nopenopenope","|-resisted|p2a: Nopenopenope","|-damage|p2a: Nopenopenope|216/403","|-boost|p1a: Breloom|atk|1","|","|-damage|p1a: Breloom|283/323 brn|[from] brn","|turn|10","|","|move|p2a: Nopenopenope|Roost|p2a: Nopenopenope","|-heal|p2a: Nopenopenope|403/403","|move|p1a: Breloom|Seed Bomb|p2a: Nopenopenope","|-damage|p2a: Nopenopenope|291/403","|","|-damage|p1a: Breloom|243/323 brn|[from] brn","|turn|11","|","|switch|p1a: Rotom-Wash|Rotom-Wash, shiny|272/272","|move|p2a: Nopenopenope|Roost|p2a: Nopenopenope","|-heal|p2a: Nopenopenope|403/403","|","|turn|12","|","|switch|p2a: Ghillie Creeper|Tangrowth, M|403/403","|move|p1a: Rotom-Wash|Thunder Wave|p2a: Ghillie Creeper","|-status|p2a: Ghillie Creeper|par","|","|turn|13","|","|move|p1a: Rotom-Wash|Will-O-Wisp|p2a: Ghillie Creeper","|-fail|p2a: Ghillie Creeper","|move|p2a: Ghillie Creeper|Knock Off|p1a: Rotom-Wash","|-damage|p1a: Rotom-Wash|199/272","|-enditem|p1a: Rotom-Wash|Jaboca Berry|[from] move: Knock Off|[of] p2a: Ghillie Creeper","|","|turn|14","|","|switch|p1a: Talonflame|Talonflame, M|297/297","|move|p2a: Ghillie Creeper|Knock Off|p1a: Talonflame","|-damage|p1a: Talonflame|188/297","|-enditem|p1a: Talonflame|King's Rock|[from] move: Knock Off|[of] p2a: Ghillie Creeper","|","|turn|15","|","|switch|p2a: Heartfishsiftraeh|Alomomola, F|533/533","|move|p1a: Talonflame|Roost|p1a: Talonflame","|-heal|p1a: Talonflame|297/297","|","|turn|16","|","|switch|p1a: Rotom-Wash|Rotom-Wash, shiny|199/272","|move|p2a: Heartfishsiftraeh|Toxic|p1a: Rotom-Wash","|-status|p1a: Rotom-Wash|tox","|","|-damage|p1a: Rotom-Wash|182/272 tox|[from] psn","|turn|17","|","|move|p2a: Heartfishsiftraeh|Protect|p2a: Heartfishsiftraeh","|-singleturn|p2a: Heartfishsiftraeh|Protect","|move|p1a: Rotom-Wash|Thunder Wave|p2a: Heartfishsiftraeh","|-activate|p2a: Heartfishsiftraeh|Protect","|","|-damage|p1a: Rotom-Wash|148/272 tox|[from] psn","|turn|18","|","|switch|p2a: What Just Happened|Sableye-Mega, M|303/303","|move|p1a: Rotom-Wash|Thunder|p2a: What Just Happened|[miss]","|-miss|p1a: Rotom-Wash|p2a: What Just Happened","|","|-damage|p1a: Rotom-Wash|97/272 tox|[from] psn","|turn|19","|","|move|p1a: Rotom-Wash|Thunder Wave|p2a: What Just Happened","|move|p2a: What Just Happened|Thunder Wave|p1a: Rotom-Wash|[from]Magic Bounce","|-fail|p1a: Rotom-Wash","|move|p2a: What Just Happened|Recover|p2a: What Just Happened","|-fail|p2a: What Just Happened","|","|-damage|p1a: Rotom-Wash|29/272 tox|[from] psn","|turn|20","|","|move|p2a: What Just Happened|Shadow Sneak|p1a: Rotom-Wash","|-damage|p1a: Rotom-Wash|0 fnt","|faint|p1a: Rotom-Wash","|","|","|switch|p1a: Breloom|Breloom, M|243/323 brn","|turn|21","|","|move|p2a: What Just Happened|Shadow Sneak|p1a: Breloom","|-damage|p1a: Breloom|188/323 brn","|move|p1a: Breloom|Seed Bomb|p2a: What Just Happened","|-crit|p2a: What Just Happened","|-damage|p2a: What Just Happened|204/303","|","|-damage|p1a: Breloom|148/323 brn|[from] brn","|turn|22","|","|move|p1a: Breloom|Seed Bomb|p2a: What Just Happened","|-damage|p2a: What Just Happened|134/303","|move|p2a: What Just Happened|Recover|p2a: What Just Happened","|-heal|p2a: What Just Happened|286/303","|","|-damage|p1a: Breloom|108/323 brn|[from] brn","|turn|23","|","|move|p2a: What Just Happened|Snatch|p2a: What Just Happened","|-singleturn|p2a: What Just Happened|Snatch","|move|p1a: Breloom|Thunder Punch|p2a: What Just Happened","|-damage|p2a: What Just Happened|248/303","|","|-damage|p1a: Breloom|68/323 brn|[from] brn","|turn|24","|","|move|p1a: Breloom|Thunder Punch|p2a: What Just Happened","|-damage|p2a: What Just Happened|206/303","|move|p2a: What Just Happened|Recover|p2a: What Just Happened","|-heal|p2a: What Just Happened|303/303","|","|-damage|p1a: Breloom|28/323 brn|[from] brn","|turn|25","|","|move|p2a: What Just Happened|Shadow Sneak|p1a: Breloom","|-damage|p1a: Breloom|0 fnt","|faint|p1a: Breloom","|","|","|switch|p1a: Charizard|Charizard, M|359/359","|turn|26","|","|detailschange|p1a: Charizard|Charizard-Mega-X, M","|-mega|p1a: Charizard|Charizard|Charizardite X","|move|p2a: What Just Happened|Power Gem|p1a: Charizard","|-supereffective|p1a: Charizard","|-damage|p1a: Charizard|177/359","|move|p1a: Charizard|Dragon Tail|p2a: What Just Happened","|-damage|p2a: What Just Happened|170/303","|drag|p2a: Heartfishsiftraeh|Alomomola, F|533/533","|","|turn|27","|","|switch|p1a: Gliscor|Gliscor, M|354/354","|move|p2a: Heartfishsiftraeh|Toxic|p1a: Gliscor","|-status|p1a: Gliscor|tox","|","|turn|28","|","|switch|p2a: Ghillie Creeper|Tangrowth, M|403/403 par","|move|p1a: Gliscor|Stealth Rock|p2a: Ghillie Creeper","|-sidestart|p2: It learns that|move: Stealth Rock","|","|turn|29","|","|move|p1a: Gliscor|Substitute|p1a: Gliscor","|-start|p1a: Gliscor|Substitute","|-damage|p1a: Gliscor|266/354 tox","|move|p2a: Ghillie Creeper|Hidden Power|p1a: Gliscor","|-supereffective|p1a: Gliscor","|-end|p1a: Gliscor|Substitute","|","|-heal|p1a: Gliscor|310/354 tox|[from] ability: Poison Heal","|turn|30","|","|switch|p1a: Dragonite|Dragonite, M|177/385 tox","|cant|p2a: Ghillie Creeper|par","|","|-damage|p1a: Dragonite|153/385 tox|[from] psn","|turn|31","|","|move|p2a: Ghillie Creeper|Hidden Power|p1a: Dragonite","|-crit|p1a: Dragonite","|-supereffective|p1a: Dragonite","|-damage|p1a: Dragonite|0 fnt","|faint|p1a: Dragonite","|","|","|switch|p1a: Talonflame|Talonflame, M|297/297","|turn|32","|","|switch|p2a: Heartfishsiftraeh|Alomomola, F|533/533","|-damage|p2a: Heartfishsiftraeh|467/533|[from] Stealth Rock","|move|p1a: Talonflame|Brave Bird|p2a: Heartfishsiftraeh","|-damage|p2a: Heartfishsiftraeh|370/533","|-damage|p1a: Talonflame|248/297|[from] item: Rocky Helmet|[of] p2a: Heartfishsiftraeh","|-damage|p1a: Talonflame|216/297|[from] recoil|[of] p2a: Heartfishsiftraeh","|","|turn|33","|","|move|p1a: Talonflame|U-turn|p2a: Heartfishsiftraeh","|-damage|p2a: Heartfishsiftraeh|330/533","|-damage|p1a: Talonflame|167/297|[from] item: Rocky Helmet|[of] p2a: Heartfishsiftraeh","|","|switch|p1a: Gliscor|Gliscor, M|310/354 tox","|move|p2a: Heartfishsiftraeh|Wish|p2a: Heartfishsiftraeh","|","|-heal|p1a: Gliscor|354/354 tox|[from] ability: Poison Heal","|turn|34","|","|switch|p2a: Nopenopenope|Mew|403/403","|-damage|p2a: Nopenopenope|353/403|[from] Stealth Rock","|move|p1a: Gliscor|Toxic|p2a: Nopenopenope","|-status|p2a: Nopenopenope|tox","|","|-heal|p2a: Nopenopenope|403/403 tox|[from] move: Wish|[wisher] Heartfishsiftraeh","|-damage|p2a: Nopenopenope|378/403 tox|[from] psn","|turn|35","|","|switch|p1a: Talonflame|Talonflame, M|167/297","|move|p2a: Nopenopenope|Transform|p1a: Talonflame","|-transform|p2a: Nopenopenope|p1a: Talonflame","|","|-damage|p2a: Nopenopenope|328/403 tox|[from] psn","|turn|36","|","|switch|p2a: Heartfishsiftraeh|Alomomola, F|507/533","|-damage|p2a: Heartfishsiftraeh|441/533|[from] Stealth Rock","|move|p1a: Talonflame|U-turn|p2a: Heartfishsiftraeh","|-damage|p2a: Heartfishsiftraeh|404/533","|-damage|p1a: Talonflame|118/297|[from] item: Rocky Helmet|[of] p2a: Heartfishsiftraeh","|","|switch|p1a: Gliscor|Gliscor, M|354/354 tox","|","|turn|37","|","|switch|p2a: Ghillie Creeper|Tangrowth, M|403/403 par","|-damage|p2a: Ghillie Creeper|353/403 par|[from] Stealth Rock","|move|p1a: Gliscor|Toxic|p2a: Ghillie Creeper","|-fail|p2a: Ghillie Creeper","|","|turn|38","|","|move|p1a: Gliscor|Substitute|p1a: Gliscor","|-start|p1a: Gliscor|Substitute","|-damage|p1a: Gliscor|266/354 tox","|move|p2a: Ghillie Creeper|Hidden Power|p1a: Gliscor","|-supereffective|p1a: Gliscor","|-end|p1a: Gliscor|Substitute","|","|-heal|p1a: Gliscor|310/354 tox|[from] ability: Poison Heal","|turn|39","|","|switch|p1a: Talonflame|Talonflame, M|118/297","|move|p2a: Ghillie Creeper|Hidden Power|p1a: Talonflame","|-damage|p1a: Talonflame|52/297","|","|turn|40","|","|move|p1a: Talonflame|Roost|p1a: Talonflame","|-heal|p1a: Talonflame|201/297","|cant|p2a: Ghillie Creeper|par","|","|turn|41","|","|switch|p2a: Heartfishsiftraeh|Alomomola, F|533/533","|-damage|p2a: Heartfishsiftraeh|467/533|[from] Stealth Rock","|move|p1a: Talonflame|Flare Blitz|p2a: Heartfishsiftraeh","|-resisted|p2a: Heartfishsiftraeh","|-damage|p2a: Heartfishsiftraeh|414/533","|-damage|p1a: Talonflame|152/297|[from] item: Rocky Helmet|[of] p2a: Heartfishsiftraeh","|-status|p2a: Heartfishsiftraeh|brn","|-damage|p1a: Talonflame|135/297|[from] recoil|[of] p2a: Heartfishsiftraeh","|","|-damage|p2a: Heartfishsiftraeh|348/533 brn|[from] brn","|turn|42","|","|move|p1a: Talonflame|Roost|p1a: Talonflame","|-heal|p1a: Talonflame|284/297","|move|p2a: Heartfishsiftraeh|Wish|p2a: Heartfishsiftraeh","|","|-damage|p2a: Heartfishsiftraeh|282/533 brn|[from] brn","|turn|43","|","|switch|p2a: Just switch out.|Clefable, F|393/393","|-damage|p2a: Just switch out.|344/393|[from] Stealth Rock","|move|p1a: Talonflame|U-turn|p2a: Just switch out.","|-resisted|p2a: Just switch out.","|-damage|p2a: Just switch out.|324/393","|","|switch|p1a: Charizard|Charizard-Mega-X, M|177/359","|","|-heal|p2a: Just switch out.|393/393|[from] move: Wish|[wisher] Heartfishsiftraeh","|turn|44","|","|switch|p2a: Heartfishsiftraeh|Alomomola, F|459/533 brn","|-damage|p2a: Heartfishsiftraeh|393/533 brn|[from] Stealth Rock","|move|p1a: Charizard|Dragon Tail|p2a: Heartfishsiftraeh","|-damage|p2a: Heartfishsiftraeh|261/533 brn","|-damage|p1a: Charizard|118/359|[from] item: Rocky Helmet|[of] p2a: Heartfishsiftraeh","|drag|p2a: Nopenopenope|Mew|328/403 tox","|-damage|p2a: Nopenopenope|278/403 tox|[from] Stealth Rock","|","|-damage|p2a: Nopenopenope|253/403 tox|[from] psn","|turn|45","|","|move|p2a: Nopenopenope|Defog|p1a: Charizard","|-unboost|p1a: Charizard|evasion|1","|-sideend|p2: It learns that|Stealth Rock|[from] move: Defog|[of] p2a: Nopenopenope","|move|p1a: Charizard|Outrage|p2a: Nopenopenope","|-damage|p2a: Nopenopenope|0 fnt","|faint|p2a: Nopenopenope","|","|","|switch|p2a: What Just Happened|Sableye-Mega, M|170/303","|turn|46","|","|move|p1a: Charizard|Outrage|p2a: What Just Happened|[from]lockedmove","|-damage|p2a: What Just Happened|0 fnt","|faint|p2a: What Just Happened","|","|","|switch|p2a: Just switch out.|Clefable, F|393/393","|turn|47","|","|move|p1a: Charizard|Outrage|p2a: Just switch out.|[from]lockedmove","|-immune|p2a: Just switch out.|[msg]","|-start|p1a: Charizard|confusion|[fatigue]","|move|p2a: Just switch out.|Heal Bell|p2a: Just switch out.","|-cureteam|p2a: Just switch out.|[from] move: HealBell","|","|turn|48","|","|switch|p2a: Heartfishsiftraeh|Alomomola, F|438/533","|-activate|p1a: Charizard|confusion","|move|p1a: Charizard|Roost|p1a: Charizard","|-heal|p1a: Charizard|298/359","|","|turn|49","|","|-activate|p1a: Charizard|confusion","|move|p1a: Charizard|Outrage|p2a: Heartfishsiftraeh","|-damage|p2a: Heartfishsiftraeh|183/533","|-damage|p1a: Charizard|239/359|[from] item: Rocky Helmet|[of] p2a: Heartfishsiftraeh","|move|p2a: Heartfishsiftraeh|Toxic|p1a: Charizard","|-status|p1a: Charizard|tox","|","|-damage|p1a: Charizard|217/359 tox|[from] psn","|turn|50","|","|switch|p2a: Just switch out.|Clefable, F|393/393","|-activate|p1a: Charizard|confusion","|move|p1a: Charizard|Outrage|p2a: Just switch out.|[from]lockedmove","|-immune|p2a: Just switch out.|[msg]","|","|-damage|p1a: Charizard|173/359 tox|[from] psn","|turn|51","|","|switch|p2a: Heartfishsiftraeh|Alomomola, F|360/533","|-activate|p1a: Charizard|confusion","|-damage|p1a: Charizard|121/359 tox|[from] confusion","|","|-damage|p1a: Charizard|55/359 tox|[from] psn","|turn|52","|","|-end|p1a: Charizard|confusion","|move|p1a: Charizard|Roost|p1a: Charizard","|-heal|p1a: Charizard|235/359 tox","|move|p2a: Heartfishsiftraeh|Wish|p2a: Heartfishsiftraeh","|","|-damage|p1a: Charizard|147/359 tox|[from] psn","|turn|53","|","|move|p1a: Charizard|Outrage|p2a: Heartfishsiftraeh","|-damage|p2a: Heartfishsiftraeh|98/533","|-damage|p1a: Charizard|88/359 tox|[from] item: Rocky Helmet|[of] p2a: Heartfishsiftraeh","|move|p2a: Heartfishsiftraeh|Scald|p1a: Charizard","|-damage|p1a: Charizard|24/359 tox","|","|-heal|p2a: Heartfishsiftraeh|364/533|[from] move: Wish|[wisher] Heartfishsiftraeh","|-damage|p1a: Charizard|0 fnt|[from] psn","|faint|p1a: Charizard","|","|switch|p1a: Gliscor|Gliscor, M|310/354 tox","|turn|54","|","|switch|p2a: Standard.OU|Audino, F|410/410","|move|p1a: Gliscor|Toxic|p2a: Standard.OU","|-status|p2a: Standard.OU|tox","|","|-heal|p1a: Gliscor|354/354 tox|[from] ability: Poison Heal","|-damage|p2a: Standard.OU|385/410 tox|[from] psn","|turn|55","|","|move|p1a: Gliscor|Substitute|p1a: Gliscor","|-start|p1a: Gliscor|Substitute","|-damage|p1a: Gliscor|266/354 tox","|move|p2a: Standard.OU|Ice Beam|p1a: Gliscor","|-supereffective|p1a: Gliscor","|-end|p1a: Gliscor|Substitute","|","|-heal|p1a: Gliscor|310/354 tox|[from] ability: Poison Heal","|-damage|p2a: Standard.OU|335/410 tox|[from] psn","|turn|56","|","|switch|p2a: Ghillie Creeper|Tangrowth, M|403/403","|move|p1a: Gliscor|Substitute|p1a: Gliscor","|-start|p1a: Gliscor|Substitute","|-damage|p1a: Gliscor|222/354 tox","|","|-heal|p1a: Gliscor|266/354 tox|[from] ability: Poison Heal","|turn|57","|","|switch|p2a: Standard.OU|Audino, F|410/410 tox","|move|p1a: Gliscor|Toxic|p2a: Standard.OU","|-fail|p2a: Standard.OU|tox","|","|-heal|p1a: Gliscor|310/354 tox|[from] ability: Poison Heal","|-damage|p2a: Standard.OU|385/410 tox|[from] psn","|turn|58","|","|switch|p2a: Ghillie Creeper|Tangrowth, M|403/403","|move|p1a: Gliscor|Roost|p1a: Gliscor","|-heal|p1a: Gliscor|354/354 tox","|","|turn|59","|","|switch|p2a: Standard.OU|Audino, F|410/410 tox","|move|p1a: Gliscor|Toxic|p2a: Standard.OU","|-fail|p2a: Standard.OU|tox","|","|-damage|p2a: Standard.OU|385/410 tox|[from] psn","|turn|60","|","|switch|p2a: Ghillie Creeper|Tangrowth, M|403/403","|move|p1a: Gliscor|Toxic|p2a: Ghillie Creeper","|-status|p2a: Ghillie Creeper|tox","|","|-damage|p2a: Ghillie Creeper|378/403 tox|[from] psn","|turn|61","|","|switch|p2a: Standard.OU|Audino, F|410/410 tox","|move|p1a: Gliscor|Toxic|p2a: Standard.OU","|-fail|p2a: Standard.OU|tox","|","|-damage|p2a: Standard.OU|385/410 tox|[from] psn","|turn|62","|","|switch|p1a: Talonflame|Talonflame, M|284/297","|switch|p2a: Ghillie Creeper|Tangrowth, M|403/403 tox","|","|-damage|p2a: Ghillie Creeper|378/403 tox|[from] psn","|turn|63","|","|switch|p2a: Heartfishsiftraeh|Alomomola, F|533/533","|move|p1a: Talonflame|U-turn|p2a: Heartfishsiftraeh","|-damage|p2a: Heartfishsiftraeh|495/533","|-damage|p1a: Talonflame|235/297|[from] item: Rocky Helmet|[of] p2a: Heartfishsiftraeh","|","|switch|p1a: Gliscor|Gliscor, M|354/354 tox","|","|turn|64","|","|switch|p2a: Ghillie Creeper|Tangrowth, M|403/403 tox","|move|p1a: Gliscor|Substitute|p1a: Gliscor","|-start|p1a: Gliscor|Substitute","|-damage|p1a: Gliscor|266/354 tox","|","|-heal|p1a: Gliscor|310/354 tox|[from] ability: Poison Heal","|-damage|p2a: Ghillie Creeper|378/403 tox|[from] psn","|turn|65","|","|switch|p2a: Standard.OU|Audino, F|410/410 tox","|move|p1a: Gliscor|Toxic|p2a: Standard.OU|[miss]","|-miss|p1a: Gliscor|p2a: Standard.OU","|","|-heal|p1a: Gliscor|354/354 tox|[from] ability: Poison Heal","|-damage|p2a: Standard.OU|385/410 tox|[from] psn","|turn|66","|","|switch|p1a: Talonflame|Talonflame, M|235/297","|switch|p2a: Ghillie Creeper|Tangrowth, M|403/403 tox","|","|-damage|p2a: Ghillie Creeper|378/403 tox|[from] psn","|turn|67","|","|switch|p2a: Heartfishsiftraeh|Alomomola, F|533/533","|move|p1a: Talonflame|Brave Bird|p2a: Heartfishsiftraeh","|-damage|p2a: Heartfishsiftraeh|440/533","|-damage|p1a: Talonflame|186/297|[from] item: Rocky Helmet|[of] p2a: Heartfishsiftraeh","|-damage|p1a: Talonflame|155/297|[from] recoil|[of] p2a: Heartfishsiftraeh","|","|turn|68","|","|move|p2a: Heartfishsiftraeh|Protect|p2a: Heartfishsiftraeh","|-singleturn|p2a: Heartfishsiftraeh|Protect","|move|p1a: Talonflame|Roost|p1a: Talonflame","|-heal|p1a: Talonflame|297/297","|","|turn|69","|","|move|p1a: Talonflame|U-turn|p2a: Heartfishsiftraeh","|-damage|p2a: Heartfishsiftraeh|402/533","|-damage|p1a: Talonflame|248/297|[from] item: Rocky Helmet|[of] p2a: Heartfishsiftraeh","|","|switch|p1a: Gliscor|Gliscor, M|354/354 tox","|move|p2a: Heartfishsiftraeh|Scald|p1a: Gliscor","|-supereffective|p1a: Gliscor","|-damage|p1a: Gliscor|262/354 tox","|","|-heal|p1a: Gliscor|306/354 tox|[from] ability: Poison Heal","|turn|70","|","|switch|p2a: Ghillie Creeper|Tangrowth, M|403/403 tox","|move|p1a: Gliscor|Toxic|p2a: Ghillie Creeper","|-fail|p2a: Ghillie Creeper|tox","|","|-heal|p1a: Gliscor|350/354 tox|[from] ability: Poison Heal","|-damage|p2a: Ghillie Creeper|378/403 tox|[from] psn","|turn|71","|","|move|p1a: Gliscor|Substitute|p1a: Gliscor","|-start|p1a: Gliscor|Substitute","|-damage|p1a: Gliscor|262/354 tox","|move|p2a: Ghillie Creeper|Hidden Power|p1a: Gliscor","|-supereffective|p1a: Gliscor","|-end|p1a: Gliscor|Substitute","|","|-heal|p1a: Gliscor|306/354 tox|[from] ability: Poison Heal","|-damage|p2a: Ghillie Creeper|328/403 tox|[from] psn","|turn|72","|","|move|p1a: Gliscor|Substitute|p1a: Gliscor","|-start|p1a: Gliscor|Substitute","|-damage|p1a: Gliscor|218/354 tox","|move|p2a: Ghillie Creeper|Hidden Power|p1a: Gliscor","|-supereffective|p1a: Gliscor","|-end|p1a: Gliscor|Substitute","|","|-heal|p1a: Gliscor|262/354 tox|[from] ability: Poison Heal","|-damage|p2a: Ghillie Creeper|253/403 tox|[from] psn","|turn|73","|","|switch|p2a: Standard.OU|Audino, F|410/410 tox","|move|p1a: Gliscor|Substitute|p1a: Gliscor","|-start|p1a: Gliscor|Substitute","|-damage|p1a: Gliscor|174/354 tox","|","|-heal|p1a: Gliscor|218/354 tox|[from] ability: Poison Heal","|-damage|p2a: Standard.OU|385/410 tox|[from] psn","|turn|74","|","|move|p1a: Gliscor|Roost|p1a: Gliscor","|-heal|p1a: Gliscor|354/354 tox","|move|p2a: Standard.OU|Ice Beam|p1a: Gliscor","|-supereffective|p1a: Gliscor","|-end|p1a: Gliscor|Substitute","|","|-damage|p2a: Standard.OU|335/410 tox|[from] psn","|turn|75","|","|move|p1a: Gliscor|Substitute|p1a: Gliscor","|-start|p1a: Gliscor|Substitute","|-damage|p1a: Gliscor|266/354 tox","|move|p2a: Standard.OU|Ice Beam|p1a: Gliscor","|-supereffective|p1a: Gliscor","|-end|p1a: Gliscor|Substitute","|","|-heal|p1a: Gliscor|310/354 tox|[from] ability: Poison Heal","|-damage|p2a: Standard.OU|260/410 tox|[from] psn","|turn|76","|","|switch|p2a: Ghillie Creeper|Tangrowth, M|387/403 tox","|move|p1a: Gliscor|Substitute|p1a: Gliscor","|-start|p1a: Gliscor|Substitute","|-damage|p1a: Gliscor|222/354 tox","|","|-heal|p1a: Gliscor|266/354 tox|[from] ability: Poison Heal","|-damage|p2a: Ghillie Creeper|362/403 tox|[from] psn","|turn|77","|","|move|p1a: Gliscor|Roost|p1a: Gliscor","|-heal|p1a: Gliscor|354/354 tox","|move|p2a: Ghillie Creeper|Hidden Power|p1a: Gliscor","|-supereffective|p1a: Gliscor","|-end|p1a: Gliscor|Substitute","|","|-damage|p2a: Ghillie Creeper|312/403 tox|[from] psn","|turn|78","|","|switch|p2a: Standard.OU|Audino, F|396/410 tox","|move|p1a: Gliscor|Substitute|p1a: Gliscor","|-start|p1a: Gliscor|Substitute","|-damage|p1a: Gliscor|266/354 tox","|","|-heal|p1a: Gliscor|310/354 tox|[from] ability: Poison Heal","|-damage|p2a: Standard.OU|371/410 tox|[from] psn","|turn|79","|","|switch|p2a: Ghillie Creeper|Tangrowth, M|403/403 tox","|move|p1a: Gliscor|Stealth Rock|p2a: Ghillie Creeper","|-sidestart|p2: It learns that|move: Stealth Rock","|","|-heal|p1a: Gliscor|354/354 tox|[from] ability: Poison Heal","|-damage|p2a: Ghillie Creeper|378/403 tox|[from] psn","|turn|80","|","|move|p1a: Gliscor|Substitute|p1a: Gliscor","|-fail|p1a: Gliscor|move: Substitute","|move|p2a: Ghillie Creeper|Hidden Power|p1a: Gliscor","|-supereffective|p1a: Gliscor","|-end|p1a: Gliscor|Substitute","|","|-damage|p2a: Ghillie Creeper|328/403 tox|[from] psn","|turn|81","|","|switch|p2a: Standard.OU|Audino, F|410/410 tox","|-damage|p2a: Standard.OU|359/410 tox|[from] Stealth Rock","|move|p1a: Gliscor|Substitute|p1a: Gliscor","|-start|p1a: Gliscor|Substitute","|-damage|p1a: Gliscor|266/354 tox","|","|-heal|p1a: Gliscor|310/354 tox|[from] ability: Poison Heal","|-damage|p2a: Standard.OU|334/410 tox|[from] psn","|turn|82","|","|move|p1a: Gliscor|Roost|p1a: Gliscor","|-heal|p1a: Gliscor|354/354 tox","|move|p2a: Standard.OU|Ice Beam|p1a: Gliscor","|-supereffective|p1a: Gliscor","|-end|p1a: Gliscor|Substitute","|","|-damage|p2a: Standard.OU|284/410 tox|[from] psn","|turn|83","|","|switch|p1a: Talonflame|Talonflame, M|248/297","|switch|p2a: Ghillie Creeper|Tangrowth, M|403/403 tox","|-damage|p2a: Ghillie Creeper|353/403 tox|[from] Stealth Rock","|","|-damage|p2a: Ghillie Creeper|328/403 tox|[from] psn","|turn|84","|","|switch|p2a: Heartfishsiftraeh|Alomomola, F|533/533","|-damage|p2a: Heartfishsiftraeh|467/533|[from] Stealth Rock","|move|p1a: Talonflame|Flare Blitz|p2a: Heartfishsiftraeh","|-resisted|p2a: Heartfishsiftraeh","|-damage|p2a: Heartfishsiftraeh|421/533","|-damage|p1a: Talonflame|199/297|[from] item: Rocky Helmet|[of] p2a: Heartfishsiftraeh","|-damage|p1a: Talonflame|184/297|[from] recoil|[of] p2a: Heartfishsiftraeh","|","|turn|85","|","|move|p1a: Talonflame|Roost|p1a: Talonflame","|-heal|p1a: Talonflame|297/297","|move|p2a: Heartfishsiftraeh|Toxic|p1a: Talonflame","|-status|p1a: Talonflame|tox","|","|-damage|p1a: Talonflame|279/297 tox|[from] psn","|turn|86","|","|move|p1a: Talonflame|Brave Bird|p2a: Heartfishsiftraeh","|-damage|p2a: Heartfishsiftraeh|313/533","|-damage|p1a: Talonflame|230/297 tox|[from] item: Rocky Helmet|[of] p2a: Heartfishsiftraeh","|-damage|p1a: Talonflame|194/297 tox|[from] recoil|[of] p2a: Heartfishsiftraeh","|move|p2a: Heartfishsiftraeh|Wish|p2a: Heartfishsiftraeh","|","|-damage|p1a: Talonflame|158/297 tox|[from] psn","|turn|87","|","|move|p1a: Talonflame|Roost|p1a: Talonflame","|-heal|p1a: Talonflame|297/297 tox","|move|p2a: Heartfishsiftraeh|Scald|p1a: Talonflame","|-supereffective|p1a: Talonflame","|-damage|p1a: Talonflame|175/297 tox","|","|-heal|p2a: Heartfishsiftraeh|533/533|[from] move: Wish|[wisher] Heartfishsiftraeh","|-damage|p1a: Talonflame|121/297 tox|[from] psn","|turn|88","|","|move|p1a: Talonflame|Roost|p1a: Talonflame","|-heal|p1a: Talonflame|270/297 tox","|move|p2a: Heartfishsiftraeh|Scald|p1a: Talonflame","|-supereffective|p1a: Talonflame","|-damage|p1a: Talonflame|150/297 tox","|","|-damage|p1a: Talonflame|78/297 tox|[from] psn","|turn|89","|","|move|p1a: Talonflame|Roost|p1a: Talonflame","|-heal|p1a: Talonflame|227/297 tox","|move|p2a: Heartfishsiftraeh|Scald|p1a: Talonflame","|-supereffective|p1a: Talonflame","|-damage|p1a: Talonflame|105/297 tox","|","|-damage|p1a: Talonflame|15/297 tox|[from] psn","|turn|90","|","|move|p1a: Talonflame|Brave Bird|p2a: Heartfishsiftraeh","|-damage|p2a: Heartfishsiftraeh|439/533","|-damage|p1a: Talonflame|0 fnt|[from] item: Rocky Helmet|[of] p2a: Heartfishsiftraeh","|faint|p1a: Talonflame","|move|p2a: Heartfishsiftraeh|Scald|p1: Talonflame|[notarget]","|-notarget","|","|","|switch|p1a: Gliscor|Gliscor, M|354/354 tox","|turn|91","|","|switch|p2a: Standard.OU|Audino, F|410/410 tox","|-damage|p2a: Standard.OU|359/410 tox|[from] Stealth Rock","|move|p1a: Gliscor|Toxic|p2a: Standard.OU","|-fail|p2a: Standard.OU|tox","|","|-damage|p2a: Standard.OU|334/410 tox|[from] psn","|turn|92","|","|move|p1a: Gliscor|Toxic|p2a: Standard.OU","|-fail|p2a: Standard.OU|tox","|move|p2a: Standard.OU|Ice Beam|p1a: Gliscor","|-supereffective|p1a: Gliscor","|-damage|p1a: Gliscor|182/354 tox","|","|-heal|p1a: Gliscor|226/354 tox|[from] ability: Poison Heal","|-damage|p2a: Standard.OU|284/410 tox|[from] psn","|turn|93","|","|move|p1a: Gliscor|Toxic|p2a: Standard.OU","|-fail|p2a: Standard.OU|tox","|move|p2a: Standard.OU|Ice Beam|p1a: Gliscor","|-supereffective|p1a: Gliscor","|-damage|p1a: Gliscor|22/354 tox","|","|-heal|p1a: Gliscor|66/354 tox|[from] ability: Poison Heal","|-damage|p2a: Standard.OU|209/410 tox|[from] psn","|turn|94","|","|move|p1a: Gliscor|Toxic|p2a: Standard.OU","|-fail|p2a: Standard.OU|tox","|move|p2a: Standard.OU|Ice Beam|p1a: Gliscor","|-supereffective|p1a: Gliscor","|-damage|p1a: Gliscor|0 fnt","|faint|p1a: Gliscor","|","|win|It learns that"],"p1rating":{"entryid":202795,"formatid":"ou","userid":"jungpg","username":"JunGPG","r":1500,"rd":130,"sigma":0,"rpr":1459.8393856612,"rprd":122.8583080769,"rpsigma":0,"rptime":1440061200,"w":0,"l":1,"t":0,"gxe":45,"acre":1000,"lacre":1000,"oldacre":1000},"p2rating":{"entryid":202796,"formatid":"ou","userid":"itlearnsthat","username":"It learns that","r":1500,"rd":130,"sigma":0,"rpr":1540.1606143388,"rprd":122.8583080769,"rpsigma":0,"rptime":1440061200,"w":1,"l":0,"t":0,"gxe":55,"acre":1040,"lacre":1040,"oldacre":1000},"endType":"normal"}