{"seed":[57796,11392,39795,55291],"turns":79,"p1":"SL Kj","p2":"UnownMaN","p1team":[{"name":"Amoonguss","species":"Amoonguss","item":"blacksludge","ability":"Regenerator","moves":["spore","foulplay","gigadrain","gastroacid"],"nature":"Calm","evs":{"hp":252,"atk":0,"def":0,"spa":4,"spd":252,"spe":0},"ivs":{"hp":31,"atk":31,"def":31,"spa":31,"spd":31,"spe":31}},{"name":"Beedrill","species":"Beedrill","item":"beedrillite","ability":"Sniper","moves":["uturn","poisonjab","drillrun","protect"],"nature":"Jolly","evs":{"hp":0,"atk":252,"def":0,"spa":0,"spd":4,"spe":252},"ivs":{"hp":31,"atk":31,"def":31,"spa":31,"spd":31,"spe":31}},{"name":"Nidoking","species":"Nidoking","item":"lifeorb","ability":"Sheer Force","moves":["earthpower","thunderbolt","flamethrower","icebeam"],"nature":"Timid","evs":{"hp":0,"atk":0,"def":0,"spa":252,"spd":4,"spe":252},"ivs":{"hp":31,"atk":31,"def":31,"spa":31,"spd":31,"spe":31}},{"name":"Crobat","species":"Crobat","item":"redcard","ability":"Infiltrator","moves":["acrobatics","roost","uturn","taunt"],"nature":"Jolly","evs":{"hp":208,"atk":0,"def":48,"spa":0,"spd":0,"spe":252},"ivs":{"hp":31,"atk":31,"def":31,"spa":31,"spd":31,"spe":31}},{"name":"Skuntank","species":"Skuntank","item":"airballoon","ability":"Aftermath","moves":["defog","poisonjab","crunch","pursuit"],"nature":"Adamant","evs":{"hp":16,"atk":240,"def":0,"spa":0,"spd":252,"spe":0},"ivs":{"hp":31,"atk":31,"def":31,"spa":31,"spd":31,"spe":31}},{"name":"Weezing","species":"Weezing","item":"leftovers","ability":"Levitate","moves":["willowisp","flamethrower","painsplit","haze"],"nature":"Bold","evs":{"hp":248,"atk":0,"def":252,"spa":8,"spd":0,"spe":0},"ivs":{"hp":31,"atk":31,"def":31,"spa":31,"spd":31,"spe":31}}],"p2team":[{"name":"Venusaur","species":"Venusaur","item":"venusaurite","ability":"Chlorophyll","moves":["leechseed","gigadrain","sludgebomb","synthesis"],"nature":"Bold","evs":{"hp":252,"atk":0,"def":252,"spa":4,"spd":0,"spe":0},"gender":"M","shiny":true,"ivs":{"hp":31,"atk":31,"def":31,"spa":31,"spd":31,"spe":31}},{"name":"Dragalge","species":"Dragalge","item":"choicespecs","ability":"Adaptability","moves":["sludgewave","dracometeor","thunderbolt","hydropump"],"nature":"Modest","evs":{"hp":80,"atk":0,"def":0,"spa":252,"spd":176,"spe":0},"gender":"M","shiny":true,"ivs":{"hp":31,"atk":31,"def":31,"spa":31,"spd":31,"spe":31}},{"name":"Weezing","species":"Weezing","item":"blacksludge","ability":"Levitate","moves":["willowisp","painsplit","sludgebomb","fireblast"],"nature":"Bold","evs":{"hp":252,"atk":0,"def":252,"spa":4,"spd":0,"spe":0},"gender":"M","shiny":true,"ivs":{"hp":31,"atk":31,"def":31,"spa":31,"spd":31,"spe":31}},{"name":"Crobat","species":"Crobat","item":"blacksludge","ability":"Infiltrator","moves":["defog","roost","bravebird","taunt"],"nature":"Jolly","evs":{"hp":0,"atk":188,"def":32,"spa":0,"spd":36,"spe":252},"gender":"M","shiny":true,"ivs":{"hp":31,"atk":31,"def":31,"spa":31,"spd":31,"spe":31}},{"name":"Nidoqueen","species":"Nidoqueen","item":"lifeorb","ability":"Sheer Force","moves":["earthpower","stealthrock","flamethrower","toxicspikes"],"nature":"Bold","evs":{"hp":236,"atk":0,"def":216,"spa":56,"spd":0,"spe":0},"ivs":{"hp":31,"atk":31,"def":31,"spa":31,"spd":31,"spe":31}},{"name":"Drapion","species":"Drapion","item":"blacksludge","ability":"Battle Armor","moves":["swordsdance","knockoff","aquatail","poisonjab"],"nature":"Jolly","evs":{"hp":0,"atk":252,"def":4,"spa":0,"spd":0,"spe":252},"gender":"M","shiny":true,"ivs":{"hp":31,"atk":31,"def":31,"spa":31,"spd":31,"spe":31}}],"log":["|player|p1|SL Kj|1","|player|p2|UnownMaN|168","|gametype|singles","|gen|6","|tier|Monotype","|rated","|rule|Baton Pass Clause: Limit one Baton Passer, can't pass Spe and other stats simultaneously","|rule|Swagger Clause: Swagger is banned","|rule|Same Type Clause: Pokémon in a team must share a type","|clearpoke","|poke|p1|Amoonguss, F","|poke|p1|Beedrill, F","|poke|p1|Nidoking, M","|poke|p1|Crobat, F","|poke|p1|Skuntank, M","|poke|p1|Weezing, M","|poke|p2|Venusaur, M, shiny","|poke|p2|Dragalge, M, shiny","|poke|p2|Weezing, M, shiny","|poke|p2|Crobat, M, shiny","|poke|p2|Nidoqueen, F","|poke|p2|Drapion, M, shiny","|rule|Sleep Clause Mod: Limit one foe put to sleep","|rule|Species Clause: Limit one of each Pokémon","|rule|OHKO Clause: OHKO moves are banned","|rule|Moody Clause: Moody is banned","|rule|Evasion Moves Clause: Evasion moves are banned","|rule|Endless Battle Clause: Forcing endless battles is banned","|rule|HP Percentage Mod: HP is shown in percentages","|teampreview","|","|start","|switch|p1a: Crobat|Crobat, F|363/363","|switch|p2a: Drapion|Drapion, M, shiny|281/281","|turn|1","|","|move|p1a: Crobat|Taunt|p2a: Drapion","|-start|p2a: Drapion|move: Taunt","|cant|p2a: Drapion|move: Taunt|Swords Dance","|","|turn|2","|","|move|p1a: Crobat|Acrobatics|p2a: Drapion","|-damage|p2a: Drapion|226/281","|move|p2a: Drapion|Knock Off|p1a: Crobat","|-damage|p1a: Crobat|201/363","|-enditem|p1a: Crobat|Red Card|[from] move: Knock Off|[of] p2a: Drapion","|","|-heal|p2a: Drapion|243/281|[from] item: Black Sludge","|turn|3","|","|move|p1a: Crobat|Acrobatics|p2a: Drapion","|-damage|p2a: Drapion|141/281","|move|p2a: Drapion|Aqua Tail|p1a: Crobat|[miss]","|-miss|p2a: Drapion|p1a: Crobat","|","|-heal|p2a: Drapion|158/281|[from] item: Black Sludge","|-end|p2a: Drapion|move: Taunt","|turn|4","|","|switch|p2a: Weezing|Weezing, M, shiny|334/334","|move|p1a: Crobat|Taunt|p2a: Weezing","|-start|p2a: Weezing|move: Taunt","|","|turn|5","|","|move|p1a: Crobat|U-turn|p2a: Weezing","|-resisted|p2a: Weezing","|-damage|p2a: Weezing|317/334","|","|switch|p1a: Amoonguss|Amoonguss, F|432/432","|move|p2a: Weezing|Fire Blast|p1a: Amoonguss","|-supereffective|p1a: Amoonguss","|-damage|p1a: Amoonguss|308/432","|","|-heal|p2a: Weezing|334/334|[from] item: Black Sludge","|-heal|p1a: Amoonguss|335/432|[from] item: Black Sludge","|turn|6","|","|switch|p2a: Venusaur|Venusaur, M, shiny|364/364","|move|p1a: Amoonguss|Gastro Acid|p2a: Venusaur","|-endability|p2a: Venusaur","|","|-heal|p1a: Amoonguss|362/432|[from] item: Black Sludge","|turn|7","|","|switch|p1a: Crobat|Crobat, F|201/363","|detailschange|p2a: Venusaur|Venusaur-Mega, M, shiny","|-mega|p2a: Venusaur|Venusaur|Venusaurite","|move|p2a: Venusaur|Sludge Bomb|p1a: Crobat","|-resisted|p1a: Crobat","|-damage|p1a: Crobat|130/363","|","|turn|8","|","|switch|p2a: Weezing|Weezing, M, shiny|334/334","|move|p1a: Crobat|Taunt|p2a: Weezing","|-start|p2a: Weezing|move: Taunt","|","|turn|9","|","|move|p1a: Crobat|Roost|p1a: Crobat","|-heal|p1a: Crobat|312/363","|move|p2a: Weezing|Sludge Bomb|p1a: Crobat","|-resisted|p1a: Crobat","|-damage|p1a: Crobat|259/363","|","|turn|10","|","|move|p1a: Crobat|Roost|p1a: Crobat","|-heal|p1a: Crobat|363/363","|move|p2a: Weezing|Fire Blast|p1a: Crobat","|-damage|p1a: Crobat|268/363","|","|-end|p2a: Weezing|move: Taunt","|turn|11","|","|move|p1a: Crobat|Taunt|p2a: Weezing","|-start|p2a: Weezing|move: Taunt","|cant|p2a: Weezing|move: Taunt|Will-O-Wisp","|","|turn|12","|","|switch|p2a: Dragalge|Dragalge, M, shiny|291/291","|move|p1a: Crobat|U-turn|p2a: Dragalge","|-resisted|p2a: Dragalge","|-damage|p2a: Dragalge|262/291","|","|switch|p1a: Nidoking|Nidoking, M|303/303","|","|turn|13","|","|switch|p2a: Weezing|Weezing, M, shiny|334/334","|move|p1a: Nidoking|Earth Power|p2a: Weezing","|-immune|p2a: Weezing|[msg]","|","|turn|14","|","|switch|p1a: Amoonguss|Amoonguss, F|432/432","|move|p2a: Weezing|Will-O-Wisp|p1a: Amoonguss","|-status|p1a: Amoonguss|brn","|","|-damage|p1a: Amoonguss|378/432 brn|[from] brn","|turn|15","|","|switch|p2a: Venusaur|Venusaur-Mega, M, shiny|364/364","|switch|p1a: Crobat|Crobat, F|268/363","|","|turn|16","|","|move|p1a: Crobat|U-turn|p2a: Venusaur","|-damage|p2a: Venusaur|331/364","|","|switch|p1a: Amoonguss|Amoonguss, F|432/432 brn","|move|p2a: Venusaur|Leech Seed|p1a: Amoonguss","|-immune|p1a: Amoonguss|[msg]","|","|-damage|p1a: Amoonguss|378/432 brn|[from] brn","|turn|17","|","|move|p2a: Venusaur|Leech Seed|p1a: Amoonguss|[miss]","|-miss|p2a: Venusaur|p1a: Amoonguss","|move|p1a: Amoonguss|Gastro Acid|p2a: Venusaur","|-endability|p2a: Venusaur","|","|-heal|p1a: Amoonguss|405/432 brn|[from] item: Black Sludge","|-damage|p1a: Amoonguss|351/432 brn|[from] brn","|turn|18","|","|switch|p2a: Dragalge|Dragalge, M, shiny|262/291","|move|p1a: Amoonguss|Spore|p2a: Dragalge","|-status|p2a: Dragalge|slp","|","|-heal|p1a: Amoonguss|378/432 brn|[from] item: Black Sludge","|-damage|p1a: Amoonguss|324/432 brn|[from] brn","|turn|19","|","|switch|p1a: Beedrill|Beedrill, F|271/271","|cant|p2a: Dragalge|slp","|","|turn|20","|","|detailschange|p1a: Beedrill|Beedrill-Mega, F","|-mega|p1a: Beedrill|Beedrill|Beedrillite","|move|p1a: Beedrill|Drill Run|p2a: Dragalge","|-supereffective|p2a: Dragalge","|-damage|p2a: Dragalge|18/291 slp","|cant|p2a: Dragalge|slp","|","|turn|21","|","|move|p1a: Beedrill|U-turn|p2a: Dragalge","|-resisted|p2a: Dragalge","|-damage|p2a: Dragalge|0 fnt","|faint|p2a: Dragalge","|","|switch|p1a: Amoonguss|Amoonguss, F|432/432 brn","|","|-damage|p1a: Amoonguss|378/432 brn|[from] brn","|","|switch|p2a: Crobat|Crobat, M, shiny|311/311","|turn|22","|","|switch|p1a: Weezing|Weezing, M|333/333","|move|p2a: Crobat|Taunt|p1a: Weezing","|-start|p1a: Weezing|move: Taunt","|","|turn|23","|","|switch|p2a: Nidoqueen|Nidoqueen, F|380/380","|switch|p1a: Amoonguss|Amoonguss, F|432/432 brn","|","|-damage|p1a: Amoonguss|378/432 brn|[from] brn","|turn|24","|","|switch|p2a: Venusaur|Venusaur-Mega, M, shiny|331/364","|move|p1a: Amoonguss|Spore|p2a: Venusaur","|-immune|p2a: Venusaur|[msg]","|","|-heal|p1a: Amoonguss|405/432 brn|[from] item: Black Sludge","|-damage|p1a: Amoonguss|351/432 brn|[from] brn","|turn|25","|","|switch|p2a: Crobat|Crobat, M, shiny|311/311","|move|p1a: Amoonguss|Gastro Acid|p2a: Crobat","|-endability|p2a: Crobat","|","|-heal|p1a: Amoonguss|378/432 brn|[from] item: Black Sludge","|-damage|p1a: Amoonguss|324/432 brn|[from] brn","|turn|26","|","|switch|p1a: Weezing|Weezing, M|333/333","|move|p2a: Crobat|Taunt|p1a: Weezing","|-start|p1a: Weezing|move: Taunt","|","|turn|27","|","|move|p2a: Crobat|Brave Bird|p1a: Weezing","|-damage|p1a: Weezing|224/333","|-damage|p2a: Crobat|275/311|[from] recoil|[of] p1a: Weezing","|move|p1a: Weezing|Flamethrower|p2a: Crobat","|-damage|p2a: Crobat|208/311","|","|-heal|p2a: Crobat|227/311|[from] item: Black Sludge","|-heal|p1a: Weezing|244/333|[from] item: Leftovers","|turn|28","|","|switch|p2a: Drapion|Drapion, M, shiny|158/281","|switch|p1a: Crobat|Crobat, F|268/363","|","|-heal|p2a: Drapion|175/281|[from] item: Black Sludge","|turn|29","|","|move|p1a: Crobat|Taunt|p2a: Drapion","|-start|p2a: Drapion|move: Taunt","|move|p2a: Drapion|Knock Off|p1a: Crobat","|-damage|p1a: Crobat|171/363","|","|-heal|p2a: Drapion|192/281|[from] item: Black Sludge","|turn|30","|","|switch|p2a: Nidoqueen|Nidoqueen, F|380/380","|move|p1a: Crobat|Roost|p1a: Crobat","|-heal|p1a: Crobat|353/363","|","|turn|31","|","|move|p1a: Crobat|U-turn|p2a: Nidoqueen","|-resisted|p2a: Nidoqueen","|-damage|p2a: Nidoqueen|360/380","|","|switch|p1a: Amoonguss|Amoonguss, F|432/432 brn","|move|p2a: Nidoqueen|Flamethrower|p1a: Amoonguss","|-supereffective|p1a: Amoonguss","|-damage|p1a: Amoonguss|266/432 brn","|","|-heal|p1a: Amoonguss|293/432 brn|[from] item: Black Sludge","|-damage|p1a: Amoonguss|239/432 brn|[from] brn","|turn|32","|","|switch|p2a: Venusaur|Venusaur-Mega, M, shiny|331/364","|switch|p1a: Crobat|Crobat, F|353/363","|","|turn|33","|","|move|p1a: Crobat|Acrobatics|p2a: Venusaur","|-supereffective|p2a: Venusaur","|-damage|p2a: Venusaur|181/364","|move|p2a: Venusaur|Leech Seed|p1a: Crobat","|-start|p1a: Crobat|move: Leech Seed","|","|-damage|p1a: Crobat|308/363|[from] Leech Seed|[of] p2a: Venusaur","|-heal|p2a: Venusaur|226/364|[silent]","|turn|34","|","|move|p1a: Crobat|U-turn|p2a: Venusaur","|-damage|p2a: Venusaur|195/364","|","|switch|p1a: Beedrill|Beedrill-Mega, F|271/271","|move|p2a: Venusaur|Synthesis|p2a: Venusaur","|-heal|p2a: Venusaur|364/364","|","|turn|35","|","|switch|p2a: Weezing|Weezing, M, shiny|334/334","|move|p1a: Beedrill|U-turn|p2a: Weezing","|-resisted|p2a: Weezing","|-damage|p2a: Weezing|279/334","|","|switch|p1a: Crobat|Crobat, F|308/363","|","|-heal|p2a: Weezing|299/334|[from] item: Black Sludge","|turn|36","|","|switch|p2a: Nidoqueen|Nidoqueen, F|360/380","|move|p1a: Crobat|Taunt|p2a: Nidoqueen","|-start|p2a: Nidoqueen|move: Taunt","|","|turn|37","|","|move|p1a: Crobat|Acrobatics|p2a: Nidoqueen","|-damage|p2a: Nidoqueen|272/380","|move|p2a: Nidoqueen|Flamethrower|p1a: Crobat","|-damage|p1a: Crobat|175/363","|","|turn|38","|","|move|p1a: Crobat|U-turn|p2a: Nidoqueen","|-resisted|p2a: Nidoqueen","|-damage|p2a: Nidoqueen|251/380","|","|switch|p1a: Amoonguss|Amoonguss, F|383/432 brn","|move|p2a: Nidoqueen|Flamethrower|p1a: Amoonguss","|-supereffective|p1a: Amoonguss","|-damage|p1a: Amoonguss|201/432 brn","|","|-heal|p1a: Amoonguss|228/432 brn|[from] item: Black Sludge","|-damage|p1a: Amoonguss|174/432 brn|[from] brn","|-end|p2a: Nidoqueen|move: Taunt","|turn|39","|","|switch|p1a: Skuntank|Skuntank, M|351/351","|-item|p1a: Skuntank|Air Balloon","|move|p2a: Nidoqueen|Flamethrower|p1a: Skuntank","|-damage|p1a: Skuntank|238/351","|-enditem|p1a: Skuntank|Air Balloon","|","|turn|40","|","|switch|p1a: Crobat|Crobat, F|175/363","|move|p2a: Nidoqueen|Earth Power|p1a: Crobat","|-immune|p1a: Crobat|[msg]","|","|turn|41","|","|move|p1a: Crobat|Roost|p1a: Crobat","|-heal|p1a: Crobat|357/363","|move|p2a: Nidoqueen|Stealth Rock|p1a: Crobat","|-sidestart|p1: SL Kj|move: Stealth Rock","|","|turn|42","|","|move|p1a: Crobat|Taunt|p2a: Nidoqueen","|-start|p2a: Nidoqueen|move: Taunt","|move|p2a: Nidoqueen|Earth Power|p1a: Crobat","|-immune|p1a: Crobat|[msg]","|","|turn|43","|","|move|p1a: Crobat|Acrobatics|p2a: Nidoqueen","|-damage|p2a: Nidoqueen|149/380","|move|p2a: Nidoqueen|Flamethrower|p1a: Crobat","|-damage|p1a: Crobat|236/363","|","|turn|44","|","|switch|p2a: Crobat|Crobat, M, shiny|227/311","|move|p1a: Crobat|Acrobatics|p2a: Crobat","|-damage|p2a: Crobat|85/311","|","|-heal|p2a: Crobat|104/311|[from] item: Black Sludge","|turn|45","|","|move|p1a: Crobat|Acrobatics|p2a: Crobat","|-damage|p2a: Crobat|0 fnt","|faint|p2a: Crobat","|","|","|switch|p2a: Drapion|Drapion, M, shiny|192/281","|turn|46","|","|move|p1a: Crobat|Taunt|p2a: Drapion","|-start|p2a: Drapion|move: Taunt","|move|p2a: Drapion|Aqua Tail|p1a: Crobat","|-damage|p1a: Crobat|141/363","|","|-heal|p2a: Drapion|209/281|[from] item: Black Sludge","|turn|47","|","|move|p1a: Crobat|Roost|p1a: Crobat","|-heal|p1a: Crobat|323/363","|move|p2a: Drapion|Aqua Tail|p1a: Crobat","|-damage|p1a: Crobat|223/363","|","|-heal|p2a: Drapion|226/281|[from] item: Black Sludge","|turn|48","|","|move|p1a: Crobat|Acrobatics|p2a: Drapion","|-damage|p2a: Drapion|114/281","|move|p2a: Drapion|Aqua Tail|p1a: Crobat|[miss]","|-miss|p2a: Drapion|p1a: Crobat","|","|-heal|p2a: Drapion|131/281|[from] item: Black Sludge","|-end|p2a: Drapion|move: Taunt","|turn|49","|","|switch|p2a: Weezing|Weezing, M, shiny|299/334","|move|p1a: Crobat|Acrobatics|p2a: Weezing","|-damage|p2a: Weezing|223/334","|","|-heal|p2a: Weezing|243/334|[from] item: Black Sludge","|turn|50","|","|move|p1a: Crobat|Taunt|p2a: Weezing","|-start|p2a: Weezing|move: Taunt","|move|p2a: Weezing|Fire Blast|p1a: Crobat|[miss]","|-miss|p2a: Weezing|p1a: Crobat","|","|-heal|p2a: Weezing|263/334|[from] item: Black Sludge","|turn|51","|","|move|p1a: Crobat|U-turn|p2a: Weezing","|-resisted|p2a: Weezing","|-damage|p2a: Weezing|246/334","|","|switch|p1a: Skuntank|Skuntank, M|238/351","|-damage|p1a: Skuntank|195/351|[from] Stealth Rock","|move|p2a: Weezing|Fire Blast|p1a: Skuntank","|-damage|p1a: Skuntank|117/351","|","|-heal|p2a: Weezing|266/334|[from] item: Black Sludge","|turn|52","|","|switch|p2a: Venusaur|Venusaur-Mega, M, shiny|364/364","|move|p1a: Skuntank|Defog|p2a: Venusaur","|-unboost|p2a: Venusaur|evasion|1","|-sideend|p1: SL Kj|Stealth Rock|[from] move: Defog|[of] p1a: Skuntank","|","|turn|53","|","|switch|p1a: Amoonguss|Amoonguss, F|318/432 brn","|move|p2a: Venusaur|Sludge Bomb|p1a: Amoonguss","|-damage|p1a: Amoonguss|210/432 brn","|","|-heal|p1a: Amoonguss|237/432 brn|[from] item: Black Sludge","|-damage|p1a: Amoonguss|183/432 brn|[from] brn","|turn|54","|","|move|p2a: Venusaur|Leech Seed|p1a: Amoonguss","|-immune|p1a: Amoonguss|[msg]","|move|p1a: Amoonguss|Spore|p2a: Venusaur","|-immune|p2a: Venusaur|[msg]","|","|-heal|p1a: Amoonguss|210/432 brn|[from] item: Black Sludge","|-damage|p1a: Amoonguss|156/432 brn|[from] brn","|turn|55","|","|move|p2a: Venusaur|Leech Seed|p1a: Amoonguss","|-immune|p1a: Amoonguss|[msg]","|move|p1a: Amoonguss|Spore|p2a: Venusaur","|-immune|p2a: Venusaur|[msg]","|","|-heal|p1a: Amoonguss|183/432 brn|[from] item: Black Sludge","|-damage|p1a: Amoonguss|129/432 brn|[from] brn","|turn|56","|","|switch|p1a: Crobat|Crobat, F|223/363","|move|p2a: Venusaur|Sludge Bomb|p1a: Crobat","|-resisted|p1a: Crobat","|-damage|p1a: Crobat|152/363","|","|turn|57","|","|move|p1a: Crobat|Taunt|p2a: Venusaur","|-start|p2a: Venusaur|move: Taunt","|move|p2a: Venusaur|Sludge Bomb|p1a: Crobat","|-resisted|p1a: Crobat","|-damage|p1a: Crobat|73/363","|","|turn|58","|","|move|p1a: Crobat|Roost|p1a: Crobat","|-heal|p1a: Crobat|255/363","|move|p2a: Venusaur|Sludge Bomb|p1a: Crobat","|-resisted|p1a: Crobat","|-damage|p1a: Crobat|174/363","|","|turn|59","|","|switch|p2a: Weezing|Weezing, M, shiny|266/334","|move|p1a: Crobat|Acrobatics|p2a: Weezing","|-damage|p2a: Weezing|190/334","|","|-heal|p2a: Weezing|210/334|[from] item: Black Sludge","|turn|60","|","|move|p1a: Crobat|Taunt|p2a: Weezing","|-start|p2a: Weezing|move: Taunt","|move|p2a: Weezing|Fire Blast|p1a: Crobat|[miss]","|-miss|p2a: Weezing|p1a: Crobat","|","|-heal|p2a: Weezing|230/334|[from] item: Black Sludge","|turn|61","|","|move|p1a: Crobat|Roost|p1a: Crobat","|-heal|p1a: Crobat|356/363","|move|p2a: Weezing|Fire Blast|p1a: Crobat","|-damage|p1a: Crobat|257/363","|","|-heal|p2a: Weezing|250/334|[from] item: Black Sludge","|turn|62","|","|move|p1a: Crobat|U-turn|p2a: Weezing","|-crit|p2a: Weezing","|-resisted|p2a: Weezing","|-damage|p2a: Weezing|225/334","|","|switch|p1a: Amoonguss|Amoonguss, F|273/432 brn","|move|p2a: Weezing|Sludge Bomb|p1a: Amoonguss","|-damage|p1a: Amoonguss|191/432 brn","|","|-heal|p2a: Weezing|245/334|[from] item: Black Sludge","|-heal|p1a: Amoonguss|218/432 brn|[from] item: Black Sludge","|-damage|p1a: Amoonguss|164/432 brn|[from] brn","|-end|p2a: Weezing|move: Taunt","|turn|63","|","|switch|p2a: Venusaur|Venusaur-Mega, M, shiny|364/364","|move|p1a: Amoonguss|Gastro Acid|p2a: Venusaur","|-endability|p2a: Venusaur","|","|-heal|p1a: Amoonguss|191/432 brn|[from] item: Black Sludge","|-damage|p1a: Amoonguss|137/432 brn|[from] brn","|turn|64","|","|switch|p1a: Beedrill|Beedrill-Mega, F|271/271","|move|p2a: Venusaur|Leech Seed|p1a: Beedrill","|-start|p1a: Beedrill|move: Leech Seed","|","|-damage|p1a: Beedrill|238/271|[from] Leech Seed|[of] p2a: Venusaur","|turn|65","|","|move|p1a: Beedrill|U-turn|p2a: Venusaur","|-damage|p2a: Venusaur|258/364","|","|switch|p1a: Crobat|Crobat, F|257/363","|move|p2a: Venusaur|Leech Seed|p1a: Crobat","|-start|p1a: Crobat|move: Leech Seed","|","|-damage|p1a: Crobat|212/363|[from] Leech Seed|[of] p2a: Venusaur","|-heal|p2a: Venusaur|303/364|[silent]","|turn|66","|","|move|p1a: Crobat|U-turn|p2a: Venusaur","|-damage|p2a: Venusaur|272/364","|","|switch|p1a: Amoonguss|Amoonguss, F|281/432 brn","|move|p2a: Venusaur|Sludge Bomb|p1a: Amoonguss","|-damage|p1a: Amoonguss|173/432 brn","|","|-heal|p1a: Amoonguss|200/432 brn|[from] item: Black Sludge","|-damage|p1a: Amoonguss|146/432 brn|[from] brn","|turn|67","|","|switch|p1a: Beedrill|Beedrill-Mega, F|238/271","|move|p2a: Venusaur|Sludge Bomb|p1a: Beedrill","|-resisted|p1a: Beedrill","|-damage|p1a: Beedrill|159/271","|","|turn|68","|","|move|p1a: Beedrill|U-turn|p2a: Venusaur","|-damage|p2a: Venusaur|158/364","|","|switch|p1a: Amoonguss|Amoonguss, F|290/432 brn","|move|p2a: Venusaur|Synthesis|p2a: Venusaur","|-heal|p2a: Venusaur|340/364","|","|-heal|p1a: Amoonguss|317/432 brn|[from] item: Black Sludge","|-damage|p1a: Amoonguss|263/432 brn|[from] brn","|turn|69","|","|move|p2a: Venusaur|Sludge Bomb|p1a: Amoonguss","|-damage|p1a: Amoonguss|161/432 brn","|move|p1a: Amoonguss|Foul Play|p2a: Venusaur","|-damage|p2a: Venusaur|318/364","|","|-heal|p1a: Amoonguss|188/432 brn|[from] item: Black Sludge","|-damage|p1a: Amoonguss|134/432 brn|[from] brn","|turn|70","|","|switch|p2a: Nidoqueen|Nidoqueen, F|149/380","|switch|p1a: Nidoking|Nidoking, M|303/303","|","|turn|71","|","|switch|p2a: Weezing|Weezing, M, shiny|245/334","|move|p1a: Nidoking|Ice Beam|p2a: Weezing","|-damage|p2a: Weezing|76/334","|","|-heal|p2a: Weezing|96/334|[from] item: Black Sludge","|turn|72","|","|move|p1a: Nidoking|Ice Beam|p2a: Weezing","|-damage|p2a: Weezing|0 fnt","|faint|p2a: Weezing","|","|","|switch|p2a: Drapion|Drapion, M, shiny|131/281","|turn|73","|","|move|p2a: Drapion|Knock Off|p1a: Nidoking","|-damage|p1a: Nidoking|144/303","|-enditem|p1a: Nidoking|Life Orb|[from] move: Knock Off|[of] p2a: Drapion","|move|p1a: Nidoking|Earth Power|p2a: Drapion","|-supereffective|p2a: Drapion","|-damage|p2a: Drapion|0 fnt","|faint|p2a: Drapion","|","|","|switch|p2a: Venusaur|Venusaur-Mega, M, shiny|318/364","|turn|74","|","|switch|p1a: Amoonguss|Amoonguss, F|278/432 brn","|move|p2a: Venusaur|Giga Drain|p1a: Amoonguss","|-resisted|p1a: Amoonguss","|-damage|p1a: Amoonguss|256/432 brn","|-heal|p2a: Venusaur|329/364|[from] drain|[of] p1a: Amoonguss","|","|-heal|p1a: Amoonguss|283/432 brn|[from] item: Black Sludge","|-damage|p1a: Amoonguss|229/432 brn|[from] brn","|turn|75","|","|move|p2a: Venusaur|Sludge Bomb|p1a: Amoonguss","|-damage|p1a: Amoonguss|130/432 brn","|move|p1a: Amoonguss|Gastro Acid|p2a: Venusaur","|-endability|p2a: Venusaur","|","|-heal|p1a: Amoonguss|157/432 brn|[from] item: Black Sludge","|-damage|p1a: Amoonguss|103/432 brn|[from] brn","|turn|76","|","|switch|p1a: Crobat|Crobat, F|212/363","|move|p2a: Venusaur|Giga Drain|p1a: Crobat","|-resisted|p1a: Crobat","|-damage|p1a: Crobat|182/363","|-heal|p2a: Venusaur|344/364|[from] drain|[of] p1a: Crobat","|","|turn|77","|","|move|p1a: Crobat|Taunt|p2a: Venusaur","|-start|p2a: Venusaur|move: Taunt","|cant|p2a: Venusaur|move: Taunt|Leech Seed","|","|turn|78","|","|move|p1a: Crobat|Roost|p1a: Crobat","|-heal|p1a: Crobat|363/363","|move|p2a: Venusaur|Sludge Bomb|p1a: Crobat","|-resisted|p1a: Crobat","|-damage|p1a: Crobat|288/363","|","|turn|79","|","|win|SL Kj"],"p1rating":{"entryid":"718982","serverid":"eos","formatid":"monotype","userid":"slkj","username":"SL Kj","w":3,"l":"1","t":"0","gxe":58.5,"r":"1544.3802195557","rd":"111.2412082919","sigma":"0","rptime":"1441270800","rpr":1567.7492525386,"rprd":106.75898262262,"rpsigma":"0","acre":1097.9117871272,"lacre":1097.9117871272,"oldacre":"1074.5172929716"},"p2rating":{"entryid":"763464","serverid":"eos","formatid":"monotype","userid":"unownman","username":"UnownMaN","w":"1","l":4,"t":"0","gxe":38.1,"r":"1452.3722972576","rd":"111.02218827657","sigma":"0","rptime":"1441270800","rpr":1405.1424733528,"rprd":102.22967906874,"rpsigma":"0","acre":1000,"lacre":1000,"oldacre":"1008.2969136353"},"endType":"forfeit"}