{"seed":[55643,52600,24338,15644],"turns":21,"p1":"Apex✦Kre8noyz","p2":"Marx-Bot","p1team":[{"name":"Swampert","species":"Swampert","item":"focussash","ability":"Damp","moves":["earthquake","brickbreak","avalanche","counter"],"nature":"Impish","evs":{"hp":8,"atk":252,"def":0,"spa":0,"spd":0,"spe":248},"happiness":0,"ivs":{"hp":31,"atk":31,"def":31,"spa":31,"spd":31,"spe":31}},{"name":"Starmie","species":"Starmie","item":"leftovers","ability":"Natural Cure","moves":["magiccoat","signalbeam","psychic","reflecttype"],"nature":"Timid","evs":{"hp":0,"atk":0,"def":4,"spa":188,"spd":64,"spe":252},"ivs":{"hp":31,"atk":31,"def":31,"spa":31,"spd":31,"spe":31}},{"name":"Keldeo-Resolute","species":"Keldeo-Resolute","item":"leftovers","ability":"Justified","moves":["surf","secretsword","hiddenpowerflying","calmmind"],"nature":"Timid","evs":{"hp":0,"atk":4,"def":0,"spa":252,"spd":0,"spe":252},"ivs":{"hp":30,"atk":30,"def":30,"spa":30,"spd":30,"spe":31}},{"name":"Politoed","species":"Politoed","item":"leftovers","ability":"Drizzle","moves":["endeavor","hypnosis","perishsong","scald"],"nature":"","evs":{"hp":0,"atk":0,"def":252,"spa":0,"spd":252,"spe":4},"ivs":{"hp":31,"atk":31,"def":31,"spa":31,"spd":31,"spe":31}},{"name":"Lapras","species":"Lapras","item":"leftovers","ability":"Hydration","moves":["raindance","confuseray","freezedry","surf"],"nature":"Timid","evs":{"hp":0,"atk":0,"def":4,"spa":252,"spd":0,"spe":252},"ivs":{"hp":31,"atk":31,"def":31,"spa":31,"spd":31,"spe":31}},{"name":"Kingdra","species":"Kingdra","item":"lifeorb","ability":"Swift Swim","moves":["clearsmog","dragonpulse","scald","raindance"],"nature":"","evs":{"hp":4,"atk":0,"def":0,"spa":252,"spd":0,"spe":252},"ivs":{"hp":31,"atk":31,"def":31,"spa":31,"spd":31,"spe":31}}],"p2team":[{"name":"Honchkrow","species":"Honchkrow","item":"scopelens","ability":"Super Luck","moves":["bravebird","nightslash","suckerpunch","thunderwave"],"nature":"Adamant","evs":{"hp":248,"atk":252,"def":0,"spa":0,"spd":8,"spe":0},"ivs":{"hp":31,"atk":31,"def":31,"spa":31,"spd":31,"spe":31}},{"name":"Hawlucha","species":"Hawlucha","item":"powerherb","ability":"Unburden","moves":["brickbreak","uturn","stoneedge","skyattack"],"nature":"Adamant","evs":{"hp":4,"atk":252,"def":0,"spa":0,"spd":0,"spe":252},"ivs":{"hp":31,"atk":31,"def":31,"spa":31,"spd":31,"spe":31}},{"name":"Togekiss","species":"Togekiss","item":"muscleband","ability":"Hustle","moves":["aerialace","extremespeed","bodyslam","drainpunch"],"nature":"Adamant","evs":{"hp":248,"atk":252,"def":0,"spa":0,"spd":8,"spe":0},"ivs":{"hp":31,"atk":31,"def":31,"spa":31,"spd":31,"spe":31}},{"name":"Charizard","species":"Charizard","item":"charizarditey","ability":"Blaze","moves":["dragonpulse","airslash","solarbeam","fireblast"],"nature":"Timid","evs":{"hp":4,"atk":0,"def":0,"spa":252,"spd":0,"spe":252},"ivs":{"hp":31,"atk":31,"def":31,"spa":31,"spd":31,"spe":31}},{"name":"Zapdos","species":"Zapdos","item":"leftovers","ability":"Pressure","moves":["discharge","roost","voltswitch","heatwave"],"nature":"Modest","evs":{"hp":252,"atk":0,"def":0,"spa":252,"spd":4,"spe":0},"ivs":{"hp":31,"atk":31,"def":31,"spa":31,"spd":31,"spe":31}},{"name":"Dragonite","species":"Dragonite","item":"yacheberry","ability":"Multiscale","moves":["firepunch","earthquake","outrage","extremespeed"],"nature":"Adamant","evs":{"hp":248,"atk":252,"def":0,"spa":0,"spd":8,"spe":0},"ivs":{"hp":31,"atk":31,"def":31,"spa":31,"spd":31,"spe":31}}],"log":["|player|p1|Apex✦Kre8noyz|163","|player|p2|Marx-Bot|167","|gametype|singles","|gen|6","|tier|Monotype","|rated","|rule|Baton Pass Clause: Limit one Baton Passer, can't pass Spe and other stats simultaneously","|rule|Swagger Clause: Swagger is banned","|rule|Same Type Clause: Pokémon in a team must share a type","|clearpoke","|poke|p1|Swampert, M","|poke|p1|Starmie","|poke|p1|Keldeo-Resolute","|poke|p1|Politoed, F","|poke|p1|Lapras, M","|poke|p1|Kingdra, M","|poke|p2|Honchkrow, F","|poke|p2|Hawlucha, F","|poke|p2|Togekiss, M","|poke|p2|Charizard, F","|poke|p2|Zapdos","|poke|p2|Dragonite, M","|rule|Sleep Clause Mod: Limit one foe put to sleep","|rule|Species Clause: Limit one of each Pokémon","|rule|OHKO Clause: OHKO moves are banned","|rule|Moody Clause: Moody is banned","|rule|Evasion Moves Clause: Evasion moves are banned","|rule|Endless Battle Clause: Forcing endless battles is banned","|rule|HP Percentage Mod: HP is shown in percentages","|teampreview","|","|start","|switch|p1a: Starmie|Starmie|261/261","|switch|p2a: Togekiss|Togekiss, M|373/373","|turn|1","|","|move|p1a: Starmie|Magic Coat|p1a: Starmie","|-singleturn|p1a: Starmie|move: Magic Coat","|move|p2a: Togekiss|Body Slam|p1a: Starmie|[miss]","|-miss|p2a: Togekiss|p1a: Starmie","|","|turn|2","|","|move|p1a: Starmie|Psychic|p2a: Togekiss","|-crit|p2a: Togekiss","|-damage|p2a: Togekiss|204/373","|move|p2a: Togekiss|Body Slam|p1a: Starmie","|-damage|p1a: Starmie|146/261","|","|-heal|p1a: Starmie|162/261|[from] item: Leftovers","|turn|3","|","|move|p1a: Starmie|Psychic|p2a: Togekiss","|-damage|p2a: Togekiss|99/373","|move|p2a: Togekiss|Body Slam|p1a: Starmie|[miss]","|-miss|p2a: Togekiss|p1a: Starmie","|","|-heal|p1a: Starmie|178/261|[from] item: Leftovers","|turn|4","|","|move|p2a: Togekiss|Extreme Speed|p1a: Starmie","|-damage|p1a: Starmie|72/261","|move|p1a: Starmie|Psychic|p2a: Togekiss","|-damage|p2a: Togekiss|0 fnt","|faint|p2a: Togekiss","|","|-heal|p1a: Starmie|88/261|[from] item: Leftovers","|","|switch|p2a: Honchkrow|Honchkrow, F|403/403","|turn|5","|","|switch|p1a: Politoed|Politoed, F|321/321","|-weather|RainDance","|move|p2a: Honchkrow|Night Slash|p1a: Politoed","|-crit|p1a: Politoed","|-damage|p1a: Politoed|141/321","|","|-weather|RainDance|[upkeep]","|-heal|p1a: Politoed|161/321|[from] item: Leftovers","|turn|6","|","|switch|p2a: Zapdos|Zapdos|384/384","|-ability|p2a: Zapdos|Pressure","|move|p1a: Politoed|Endeavor|p2a: Zapdos","|-damage|p2a: Zapdos|161/384","|","|-weather|RainDance|[upkeep]","|-heal|p2a: Zapdos|185/384|[from] item: Leftovers","|-heal|p1a: Politoed|181/321|[from] item: Leftovers","|turn|7","|","|switch|p1a: Swampert|Swampert, M|343/343","|move|p2a: Zapdos|Roost|p2a: Zapdos","|-heal|p2a: Zapdos|377/384","|","|-weather|RainDance|[upkeep]","|-heal|p2a: Zapdos|384/384|[from] item: Leftovers","|turn|8","|","|move|p2a: Zapdos|Heat Wave|p1a: Swampert","|-miss|p2a: Zapdos|p1a: Swampert","|move|p1a: Swampert|Avalanche|p2a: Zapdos","|-supereffective|p2a: Zapdos","|-damage|p2a: Zapdos|238/384","|","|-weather|RainDance|[upkeep]","|-heal|p2a: Zapdos|262/384|[from] item: Leftovers","|turn|9","|","|switch|p1a: Kingdra|Kingdra, M|292/292","|move|p2a: Zapdos|Heat Wave|p1a: Kingdra","|-resisted|p1a: Kingdra","|-damage|p1a: Kingdra|277/292","|","|-weather|none","|-heal|p2a: Zapdos|286/384|[from] item: Leftovers","|turn|10","|","|move|p1a: Kingdra|Rain Dance|p1a: Kingdra","|-weather|RainDance","|move|p2a: Zapdos|Discharge|p1a: Kingdra","|-damage|p1a: Kingdra|121/292","|","|-weather|RainDance|[upkeep]","|-heal|p2a: Zapdos|310/384|[from] item: Leftovers","|turn|11","|","|move|p1a: Kingdra|Scald|p2a: Zapdos","|-damage|p2a: Zapdos|45/384","|-damage|p1a: Kingdra|92/292|[from] item: Life Orb","|move|p2a: Zapdos|Discharge|p1a: Kingdra","|-damage|p1a: Kingdra|0 fnt","|faint|p1a: Kingdra","|","|-weather|RainDance|[upkeep]","|-heal|p2a: Zapdos|69/384|[from] item: Leftovers","|","|switch|p1a: Starmie|Starmie|88/261","|turn|12","|","|move|p1a: Starmie|Psychic|p2a: Zapdos","|-damage|p2a: Zapdos|0 fnt","|faint|p2a: Zapdos","|","|-weather|RainDance|[upkeep]","|-heal|p1a: Starmie|104/261|[from] item: Leftovers","|","|switch|p2a: Honchkrow|Honchkrow, F|403/403","|turn|13","|","|move|p2a: Honchkrow|Sucker Punch|p1a: Starmie","|-crit|p1a: Starmie","|-supereffective|p1a: Starmie","|-damage|p1a: Starmie|0 fnt","|faint|p1a: Starmie","|","|-weather|RainDance|[upkeep]","|","|switch|p1a: Swampert|Swampert, M|343/343","|turn|14","|","|move|p2a: Honchkrow|Brave Bird|p1a: Swampert","|-crit|p1a: Swampert","|-damage|p1a: Swampert|16/343","|-damage|p2a: Honchkrow|295/403|[from] recoil|[of] p1a: Swampert","|move|p1a: Swampert|Counter|p2a: Honchkrow","|-damage|p2a: Honchkrow|0 fnt","|faint|p2a: Honchkrow","|","|-weather|none","|","|switch|p2a: Dragonite|Dragonite, M|385/385","|turn|15","|","|move|p2a: Dragonite|Extreme Speed|p1a: Swampert","|-damage|p1a: Swampert|0 fnt","|faint|p1a: Swampert","|","|","|switch|p1a: Politoed|Politoed, F|181/321","|-weather|RainDance","|turn|16","|","|move|p2a: Dragonite|Outrage|p1a: Politoed","|-damage|p1a: Politoed|0 fnt","|faint|p1a: Politoed","|","|-weather|RainDance|[upkeep]","|","|switch|p1a: Lapras|Lapras, M|401/401","|turn|17","|","|move|p1a: Lapras|Confuse Ray|p2a: Dragonite","|-start|p2a: Dragonite|confusion","|-activate|p2a: Dragonite|confusion","|move|p2a: Dragonite|Outrage|p1a: Lapras|[from]lockedmove","|-damage|p1a: Lapras|131/401","|","|-weather|RainDance|[upkeep]","|-heal|p1a: Lapras|156/401|[from] item: Leftovers","|turn|18","|","|move|p1a: Lapras|Freeze-Dry|p2a: Dragonite","|-supereffective|p2a: Dragonite","|-enditem|p2a: Dragonite|Yache Berry|[eat]","|-damage|p2a: Dragonite|294/385","|-status|p2a: Dragonite|frz","|cant|p2a: Dragonite|frz","|","|-weather|RainDance|[upkeep]","|-heal|p1a: Lapras|181/401|[from] item: Leftovers","|turn|19","|","|move|p1a: Lapras|Freeze-Dry|p2a: Dragonite","|-supereffective|p2a: Dragonite","|-damage|p2a: Dragonite|0 fnt","|faint|p2a: Dragonite","|","|-weather|RainDance|[upkeep]","|-heal|p1a: Lapras|206/401|[from] item: Leftovers","|","|switch|p2a: Charizard|Charizard, F|298/298","|turn|20","|","|detailschange|p2a: Charizard|Charizard-Mega-Y, F","|-mega|p2a: Charizard|Charizard|Charizardite Y","|-weather|SunnyDay","|move|p2a: Charizard|Solar Beam|p1a: Lapras|[still]","|-prepare|p2a: Charizard|Solar Beam|p1a: Lapras","|-anim|p2a: Charizard|Solar Beam|p1a: Lapras","|-supereffective|p1a: Lapras","|-damage|p1a: Lapras|0 fnt","|faint|p1a: Lapras","|","|-weather|SunnyDay|[upkeep]","|","|switch|p1a: Keldeo-Resolute|Keldeo-Resolute|322/322","|turn|21","|","|move|p1a: Keldeo-Resolute|Surf|p2a: Charizard","|-supereffective|p2a: Charizard","|-damage|p2a: Charizard|152/298","|move|p2a: Charizard|Solar Beam|p1a: Keldeo-Resolute|[still]","|-prepare|p2a: Charizard|Solar Beam|p1a: Keldeo-Resolute","|-anim|p2a: Charizard|Solar Beam|p1a: Keldeo-Resolute","|-supereffective|p1a: Keldeo-Resolute","|-damage|p1a: Keldeo-Resolute|0 fnt","|faint|p1a: Keldeo-Resolute","|","|win|Marx-Bot"],"p1rating":{"entryid":"666206","serverid":"eos","formatid":"monotype","userid":"apexkre8noyz","username":"Apex✦Kre8noyz","w":"1","l":3,"t":"0","gxe":43.6,"r":"1507.6587345491","rd":"117.29865940154","sigma":"0","rptime":"1441270800","rpr":1449.1160406182,"rprd":106.71515938468,"rpsigma":"0","acre":1012.5750311282,"lacre":1012.5750311282,"oldacre":"1020.7323615044"},"p2rating":{"entryid":"79213","serverid":"eos","formatid":"monotype","userid":"marxbot","username":"Marx-Bot","w":22,"l":"22","t":"0","gxe":50.1,"r":"1468.2021780198","rd":"53.529458743101","sigma":"0","rptime":"1441270800","rpr":1500.4013822789,"rprd":51.400393132179,"rpsigma":"0","acre":1174.3788350746,"lacre":1174.3788350746,"oldacre":"1158.823112189"},"endType":"normal"}