{"seed":[30815,10011,28619,46034],"turns":47,"p1":"Coloniol Mustang","p2":"Marx-Bot","p1team":[{"name":"Cobalion","species":"Cobalion","item":"leftovers","ability":"Justified","moves":["reflect","thunderwave","stealthrock","ironhead"],"nature":"Jolly","evs":{"hp":4,"atk":0,"def":252,"spa":0,"spd":0,"spe":252},"ivs":{"hp":31,"atk":31,"def":31,"spa":31,"spd":31,"spe":31}},{"name":"Medicham","species":"Medicham","item":"medichamite","ability":"Pure Power","moves":["highjumpkick","bulletpunch","icepunch","fakeout"],"nature":"Jolly","evs":{"hp":4,"atk":252,"def":0,"spa":0,"spd":0,"spe":252},"ivs":{"hp":31,"atk":31,"def":31,"spa":31,"spd":31,"spe":31}},{"name":"Keldeo","species":"Keldeo","item":"leftovers","ability":"Justified","moves":["scald","secretsword","calmmind","icywind"],"nature":"Modest","evs":{"hp":24,"atk":0,"def":0,"spa":232,"spd":0,"spe":252},"ivs":{"hp":31,"atk":31,"def":31,"spa":31,"spd":31,"spe":31}},{"name":"Heracross","species":"Heracross","item":"choicescarf","ability":"Moxie","moves":["closecombat","megahorn","knockoff","rockblast"],"nature":"Adamant","evs":{"hp":4,"atk":252,"def":0,"spa":0,"spd":0,"spe":252},"ivs":{"hp":31,"atk":31,"def":31,"spa":31,"spd":31,"spe":31}},{"name":"Hawlucha","species":"Hawlucha","item":"powerherb","ability":"Unburden","moves":["acrobatics","skyattack","highjumpkick","swordsdance"],"nature":"Adamant","evs":{"hp":4,"atk":252,"def":0,"spa":0,"spd":0,"spe":252},"ivs":{"hp":31,"atk":30,"def":30,"spa":31,"spd":30,"spe":31}},{"name":"Breloom","species":"Breloom","item":"focussash","ability":"Technician","moves":["swordsdance","rocktomb","spore","machpunch"],"nature":"Jolly","evs":{"hp":4,"atk":252,"def":0,"spa":0,"spd":0,"spe":252},"ivs":{"hp":31,"atk":31,"def":31,"spa":31,"spd":31,"spe":31}}],"p2team":[{"name":"Sharpedo","species":"Sharpedo","item":"focussash","ability":"Speed Boost","moves":["crunch","waterfall","earthquake","destinybond"],"nature":"Adamant","evs":{"hp":0,"atk":252,"def":0,"spa":0,"spd":4,"spe":252},"ivs":{"hp":31,"atk":31,"def":31,"spa":31,"spd":31,"spe":31}},{"name":"Blastoise","species":"Blastoise","item":"blastoisinite","ability":"Torrent","moves":["darkpulse","dragonpulse","icebeam","waterspout"],"nature":"Modest","evs":{"hp":248,"atk":0,"def":0,"spa":252,"spd":8,"spe":0},"ivs":{"hp":31,"atk":31,"def":31,"spa":31,"spd":31,"spe":31}},{"name":"Ludicolo","species":"Ludicolo","item":"choicespecs","ability":"Swift Swim","moves":["gigadrain","icebeam","surf","energyball"],"nature":"Modest","evs":{"hp":0,"atk":0,"def":0,"spa":252,"spd":4,"spe":252},"ivs":{"hp":31,"atk":31,"def":31,"spa":31,"spd":31,"spe":31}},{"name":"Quagsire","species":"Quagsire","item":"leftovers","ability":"Unaware","moves":["protect","recover","waterfall","toxic"],"nature":"Impish","evs":{"hp":252,"atk":4,"def":252,"spa":0,"spd":0,"spe":0},"ivs":{"hp":31,"atk":31,"def":31,"spa":31,"spd":31,"spe":31}},{"name":"Rotom-Wash","species":"Rotom-Wash","item":"leftovers","ability":"Levitate","moves":["hydropump","willowisp","voltswitch","painsplit"],"nature":"Calm","evs":{"hp":252,"atk":0,"def":0,"spa":4,"spd":252,"spe":0},"ivs":{"hp":31,"atk":31,"def":31,"spa":31,"spd":31,"spe":31}},{"name":"Politoed","species":"Politoed","item":"leftovers","ability":"Drizzle","moves":["scald","icebeam","psychic","toxic"],"nature":"Bold","evs":{"hp":252,"atk":0,"def":252,"spa":4,"spd":0,"spe":0},"ivs":{"hp":31,"atk":31,"def":31,"spa":31,"spd":31,"spe":31}}],"log":["|player|p1|Coloniol Mustang|124","|player|p2|Marx-Bot|167","|gametype|singles","|gen|6","|tier|Monotype","|rated","|rule|Baton Pass Clause: Limit one Baton Passer, can't pass Spe and other stats simultaneously","|rule|Swagger Clause: Swagger is banned","|rule|Same Type Clause: Pokémon in a team must share a type","|clearpoke","|poke|p1|Cobalion","|poke|p1|Medicham, M","|poke|p1|Keldeo","|poke|p1|Heracross, M","|poke|p1|Hawlucha, F","|poke|p1|Breloom, F","|poke|p2|Sharpedo, F","|poke|p2|Blastoise, F","|poke|p2|Ludicolo, M","|poke|p2|Quagsire, F","|poke|p2|Rotom-Wash","|poke|p2|Politoed, F","|rule|Sleep Clause Mod: Limit one foe put to sleep","|rule|Species Clause: Limit one of each Pokémon","|rule|OHKO Clause: OHKO moves are banned","|rule|Moody Clause: Moody is banned","|rule|Evasion Moves Clause: Evasion moves are banned","|rule|Endless Battle Clause: Forcing endless battles is banned","|rule|HP Percentage Mod: HP is shown in percentages","|teampreview","|","|start","|switch|p1a: Hawlucha|Hawlucha, F|298/298","|switch|p2a: Sharpedo|Sharpedo, F|281/281","|turn|1","|","|move|p1a: Hawlucha|Sky Attack|p2a: Sharpedo|[still]","|-prepare|p1a: Hawlucha|Sky Attack|p2a: Sharpedo","|-enditem|p1a: Hawlucha|Power Herb","|-anim|p1a: Hawlucha|Sky Attack|p2a: Sharpedo","|-enditem|p2a: Sharpedo|Focus Sash","|-damage|p2a: Sharpedo|1/281","|move|p2a: Sharpedo|Waterfall|p1a: Hawlucha","|-damage|p1a: Hawlucha|117/298","|","|-boost|p2a: Sharpedo|spe|1|[from] ability: Speed Boost","|turn|2","|","|move|p1a: Hawlucha|Acrobatics|p2a: Sharpedo","|-damage|p2a: Sharpedo|0 fnt","|faint|p2a: Sharpedo","|","|","|switch|p2a: Quagsire|Quagsire, F|394/394","|turn|3","|","|move|p2a: Quagsire|Protect|p2a: Quagsire","|-singleturn|p2a: Quagsire|Protect","|move|p1a: Hawlucha|Acrobatics|p2a: Quagsire","|-activate|p2a: Quagsire|Protect","|","|turn|4","|","|move|p1a: Hawlucha|Acrobatics|p2a: Quagsire","|-damage|p2a: Quagsire|259/394","|move|p2a: Quagsire|Waterfall|p1a: Hawlucha","|-damage|p1a: Hawlucha|20/298","|","|-heal|p2a: Quagsire|283/394|[from] item: Leftovers","|turn|5","|","|move|p2a: Quagsire|Protect|p2a: Quagsire","|-singleturn|p2a: Quagsire|Protect","|move|p1a: Hawlucha|Acrobatics|p2a: Quagsire","|-activate|p2a: Quagsire|Protect","|","|-heal|p2a: Quagsire|307/394|[from] item: Leftovers","|turn|6","|","|move|p1a: Hawlucha|High Jump Kick|p2a: Quagsire","|-damage|p2a: Quagsire|160/394","|move|p2a: Quagsire|Recover|p2a: Quagsire","|-heal|p2a: Quagsire|357/394","|","|-heal|p2a: Quagsire|381/394|[from] item: Leftovers","|turn|7","|","|move|p2a: Quagsire|Protect|p2a: Quagsire","|-singleturn|p2a: Quagsire|Protect","|move|p1a: Hawlucha|Swords Dance|p1a: Hawlucha","|-boost|p1a: Hawlucha|atk|2","|","|-heal|p2a: Quagsire|394/394|[from] item: Leftovers","|turn|8","|","|move|p1a: Hawlucha|Acrobatics|p2a: Quagsire","|-damage|p2a: Quagsire|253/394","|move|p2a: Quagsire|Recover|p2a: Quagsire","|-heal|p2a: Quagsire|394/394","|","|turn|9","|","|move|p1a: Hawlucha|Acrobatics|p2a: Quagsire","|-damage|p2a: Quagsire|253/394","|move|p2a: Quagsire|Waterfall|p1a: Hawlucha","|-damage|p1a: Hawlucha|0 fnt","|faint|p1a: Hawlucha","|","|-heal|p2a: Quagsire|277/394|[from] item: Leftovers","|","|switch|p1a: Breloom|Breloom, F|262/262","|turn|10","|","|move|p1a: Breloom|Swords Dance|p1a: Breloom","|-boost|p1a: Breloom|atk|2","|move|p2a: Quagsire|Toxic|p1a: Breloom","|-status|p1a: Breloom|tox","|","|-heal|p2a: Quagsire|301/394|[from] item: Leftovers","|-damage|p1a: Breloom|246/262 tox|[from] psn","|turn|11","|","|move|p2a: Quagsire|Protect|p2a: Quagsire","|-singleturn|p2a: Quagsire|Protect","|move|p1a: Breloom|Spore|p2a: Quagsire","|-activate|p2a: Quagsire|Protect","|","|-heal|p2a: Quagsire|325/394|[from] item: Leftovers","|-damage|p1a: Breloom|214/262 tox|[from] psn","|turn|12","|","|switch|p2a: Ludicolo|Ludicolo, M|301/301","|move|p1a: Breloom|Spore|p2a: Ludicolo","|-immune|p2a: Ludicolo|[msg]","|","|-damage|p1a: Breloom|166/262 tox|[from] psn","|turn|13","|","|move|p1a: Breloom|Mach Punch|p2a: Ludicolo","|-damage|p2a: Ludicolo|34/301","|move|p2a: Ludicolo|Ice Beam|p1a: Breloom","|-supereffective|p1a: Breloom","|-damage|p1a: Breloom|0 fnt","|faint|p1a: Breloom","|","|","|switch|p1a: Heracross|Heracross, M|302/302","|turn|14","|","|switch|p2a: Politoed|Politoed, F|384/384","|-weather|RainDance","|move|p1a: Heracross|Knock Off|p2a: Politoed","|-damage|p2a: Politoed|278/384","|-enditem|p2a: Politoed|Leftovers|[from] move: Knock Off|[of] p1a: Heracross","|","|-weather|RainDance|[upkeep]","|turn|15","|","|switch|p1a: Keldeo|Keldeo|329/329","|move|p2a: Politoed|Scald|p1a: Keldeo","|-resisted|p1a: Keldeo","|-damage|p1a: Keldeo|260/329","|","|-weather|RainDance|[upkeep]","|-heal|p1a: Keldeo|280/329|[from] item: Leftovers","|turn|16","|","|move|p1a: Keldeo|Icy Wind|p2a: Politoed","|-resisted|p2a: Politoed","|-damage|p2a: Politoed|242/384","|-unboost|p2a: Politoed|spe|1","|move|p2a: Politoed|Psychic|p1a: Keldeo","|-supereffective|p1a: Keldeo","|-damage|p1a: Keldeo|148/329","|","|-weather|RainDance|[upkeep]","|-heal|p1a: Keldeo|168/329|[from] item: Leftovers","|turn|17","|","|switch|p2a: Rotom-Wash|Rotom-Wash|304/304","|move|p1a: Keldeo|Secret Sword|p2a: Rotom-Wash","|-damage|p2a: Rotom-Wash|162/304","|","|-weather|RainDance|[upkeep]","|-heal|p1a: Keldeo|188/329|[from] item: Leftovers","|-heal|p2a: Rotom-Wash|181/304|[from] item: Leftovers","|turn|18","|","|switch|p1a: Heracross|Heracross, M|302/302","|move|p2a: Rotom-Wash|Volt Switch|p1a: Heracross","|-damage|p1a: Heracross|218/302","|","|switch|p2a: Blastoise|Blastoise, F|361/361","|","|-weather|none","|turn|19","|","|move|p1a: Heracross|Knock Off|p2a: Blastoise","|-damage|p2a: Blastoise|276/361","|move|p2a: Blastoise|Dark Pulse|p1a: Heracross","|-resisted|p1a: Heracross","|-damage|p1a: Heracross|177/302","|","|turn|20","|","|switch|p1a: Keldeo|Keldeo|188/329","|detailschange|p2a: Blastoise|Blastoise-Mega, F","|-mega|p2a: Blastoise|Blastoise|Blastoisinite","|move|p2a: Blastoise|Water Spout|p1a: Keldeo","|-resisted|p1a: Keldeo","|-damage|p1a: Keldeo|53/329","|","|-heal|p1a: Keldeo|73/329|[from] item: Leftovers","|turn|21","|","|move|p1a: Keldeo|Scald|p2a: Blastoise","|-resisted|p2a: Blastoise","|-damage|p2a: Blastoise|213/361","|move|p2a: Blastoise|Water Spout|p1a: Keldeo","|-resisted|p1a: Keldeo","|-damage|p1a: Keldeo|0 fnt","|faint|p1a: Keldeo","|","|","|switch|p1a: Medicham|Medicham, M|262/262","|turn|22","|","|detailschange|p1a: Medicham|Medicham-Mega, M","|-mega|p1a: Medicham|Medicham|Medichamite","|move|p1a: Medicham|Fake Out|p2a: Blastoise","|-damage|p2a: Blastoise|142/361","|cant|p2a: Blastoise|flinch","|","|turn|23","|","|move|p1a: Medicham|High Jump Kick|p2a: Blastoise","|-damage|p2a: Blastoise|0 fnt","|faint|p2a: Blastoise","|","|","|switch|p2a: Quagsire|Quagsire, F|325/394","|turn|24","|","|switch|p1a: Heracross|Heracross, M|177/302","|move|p2a: Quagsire|Recover|p2a: Quagsire","|-heal|p2a: Quagsire|394/394","|","|turn|25","|","|switch|p1a: Medicham|Medicham-Mega, M|262/262","|move|p2a: Quagsire|Toxic|p1a: Medicham|[miss]","|-miss|p2a: Quagsire|p1a: Medicham","|","|turn|26","|","|move|p1a: Medicham|Fake Out|p2a: Quagsire","|-damage|p2a: Quagsire|327/394","|cant|p2a: Quagsire|flinch","|","|-heal|p2a: Quagsire|351/394|[from] item: Leftovers","|turn|27","|","|switch|p1a: Cobalion|Cobalion|324/324","|move|p2a: Quagsire|Toxic|p1a: Cobalion","|-immune|p1a: Cobalion|[msg]","|","|-heal|p2a: Quagsire|375/394|[from] item: Leftovers","|turn|28","|","|move|p1a: Cobalion|Iron Head|p2a: Quagsire","|-resisted|p2a: Quagsire","|-damage|p2a: Quagsire|338/394","|move|p2a: Quagsire|Waterfall|p1a: Cobalion","|-damage|p1a: Cobalion|267/324","|","|-heal|p1a: Cobalion|287/324|[from] item: Leftovers","|-heal|p2a: Quagsire|362/394|[from] item: Leftovers","|turn|29","|","|move|p1a: Cobalion|Reflect|p1a: Cobalion","|-sidestart|p1: Coloniol Mustang|Reflect","|move|p2a: Quagsire|Waterfall|p1a: Cobalion","|-damage|p1a: Cobalion|262/324","|","|-heal|p1a: Cobalion|282/324|[from] item: Leftovers","|-heal|p2a: Quagsire|386/394|[from] item: Leftovers","|turn|30","|","|switch|p2a: Rotom-Wash|Rotom-Wash|181/304","|move|p1a: Cobalion|Stealth Rock|p2a: Rotom-Wash","|-sidestart|p2: Marx-Bot|move: Stealth Rock","|","|-heal|p1a: Cobalion|302/324|[from] item: Leftovers","|-heal|p2a: Rotom-Wash|200/304|[from] item: Leftovers","|turn|31","|","|move|p1a: Cobalion|Iron Head|p2a: Rotom-Wash","|-resisted|p2a: Rotom-Wash","|-damage|p2a: Rotom-Wash|181/304","|cant|p2a: Rotom-Wash|flinch","|","|-heal|p1a: Cobalion|322/324|[from] item: Leftovers","|-heal|p2a: Rotom-Wash|200/304|[from] item: Leftovers","|turn|32","|","|switch|p1a: Heracross|Heracross, M|177/302","|move|p2a: Rotom-Wash|Will-O-Wisp|p1a: Heracross","|-status|p1a: Heracross|brn","|","|-heal|p2a: Rotom-Wash|219/304|[from] item: Leftovers","|-damage|p1a: Heracross|140/302 brn|[from] brn","|turn|33","|","|move|p1a: Heracross|Knock Off|p2a: Rotom-Wash","|-damage|p2a: Rotom-Wash|161/304","|-enditem|p2a: Rotom-Wash|Leftovers|[from] move: Knock Off|[of] p1a: Heracross","|move|p2a: Rotom-Wash|Hydro Pump|p1a: Heracross","|-damage|p1a: Heracross|0 fnt","|faint|p1a: Heracross","|","|-sideend|p1: Coloniol Mustang|Reflect","|","|switch|p1a: Medicham|Medicham-Mega, M|262/262","|turn|34","|","|move|p1a: Medicham|Fake Out|p2a: Rotom-Wash","|-damage|p2a: Rotom-Wash|81/304","|cant|p2a: Rotom-Wash|flinch","|","|turn|35","|","|move|p1a: Medicham|High Jump Kick|p2a: Rotom-Wash","|-damage|p2a: Rotom-Wash|0 fnt","|faint|p2a: Rotom-Wash","|","|","|switch|p2a: Politoed|Politoed, F|242/384","|-damage|p2a: Politoed|194/384|[from] Stealth Rock","|-weather|RainDance","|turn|36","|","|move|p1a: Medicham|High Jump Kick|p2a: Politoed","|-damage|p2a: Politoed|0 fnt","|faint|p2a: Politoed","|","|-weather|RainDance|[upkeep]","|","|switch|p2a: Quagsire|Quagsire, F|386/394","|-damage|p2a: Quagsire|362/394|[from] Stealth Rock","|turn|37","|","|switch|p1a: Cobalion|Cobalion|322/324","|move|p2a: Quagsire|Waterfall|p1a: Cobalion","|-damage|p1a: Cobalion|244/324","|","|-weather|RainDance|[upkeep]","|-heal|p1a: Cobalion|264/324|[from] item: Leftovers","|-heal|p2a: Quagsire|386/394|[from] item: Leftovers","|turn|38","|","|switch|p2a: Ludicolo|Ludicolo, M|34/301","|-damage|p2a: Ludicolo|0 fnt|[from] Stealth Rock","|faint|p2a: Ludicolo","|move|p1a: Cobalion|Reflect|p1a: Cobalion","|-sidestart|p1: Coloniol Mustang|Reflect","|","|-weather|RainDance|[upkeep]","|-heal|p1a: Cobalion|284/324|[from] item: Leftovers","|","|switch|p2a: Quagsire|Quagsire, F|386/394","|-damage|p2a: Quagsire|362/394|[from] Stealth Rock","|turn|39","|","|switch|p1a: Medicham|Medicham-Mega, M|262/262","|move|p2a: Quagsire|Toxic|p1a: Medicham","|-status|p1a: Medicham|tox","|","|-weather|RainDance|[upkeep]","|-heal|p2a: Quagsire|386/394|[from] item: Leftovers","|-damage|p1a: Medicham|246/262 tox|[from] psn","|turn|40","|","|move|p2a: Quagsire|Protect|p2a: Quagsire","|-singleturn|p2a: Quagsire|Protect","|move|p1a: Medicham|Fake Out|p2a: Quagsire","|-activate|p2a: Quagsire|Protect","|","|-weather|none","|-heal|p2a: Quagsire|394/394|[from] item: Leftovers","|-damage|p1a: Medicham|214/262 tox|[from] psn","|turn|41","|","|move|p1a: Medicham|High Jump Kick|p2a: Quagsire","|-damage|p2a: Quagsire|111/394","|move|p2a: Quagsire|Recover|p2a: Quagsire","|-heal|p2a: Quagsire|308/394","|","|-heal|p2a: Quagsire|332/394|[from] item: Leftovers","|-damage|p1a: Medicham|166/262 tox|[from] psn","|turn|42","|","|move|p2a: Quagsire|Protect|p2a: Quagsire","|-singleturn|p2a: Quagsire|Protect","|move|p1a: Medicham|High Jump Kick|p2a: Quagsire","|-activate|p2a: Quagsire|Protect","|-damage|p1a: Medicham|35/262 tox|[from] highjumpkick","|","|-heal|p2a: Quagsire|356/394|[from] item: Leftovers","|-damage|p1a: Medicham|0 fnt|[from] psn","|-sideend|p1: Coloniol Mustang|Reflect","|faint|p1a: Medicham","|","|switch|p1a: Cobalion|Cobalion|284/324","|turn|43","|","|move|p1a: Cobalion|Reflect|p1a: Cobalion","|-sidestart|p1: Coloniol Mustang|Reflect","|move|p2a: Quagsire|Waterfall|p1a: Cobalion","|-damage|p1a: Cobalion|255/324","|","|-heal|p1a: Cobalion|275/324|[from] item: Leftovers","|-heal|p2a: Quagsire|380/394|[from] item: Leftovers","|turn|44","|","|move|p1a: Cobalion|Iron Head|p2a: Quagsire","|-resisted|p2a: Quagsire","|-damage|p2a: Quagsire|346/394","|move|p2a: Quagsire|Waterfall|p1a: Cobalion","|-damage|p1a: Cobalion|250/324","|","|-heal|p1a: Cobalion|270/324|[from] item: Leftovers","|-heal|p2a: Quagsire|370/394|[from] item: Leftovers","|turn|45","|","|move|p1a: Cobalion|Iron Head|p2a: Quagsire","|-resisted|p2a: Quagsire","|-damage|p2a: Quagsire|336/394","|cant|p2a: Quagsire|flinch","|","|-heal|p1a: Cobalion|290/324|[from] item: Leftovers","|-heal|p2a: Quagsire|360/394|[from] item: Leftovers","|turn|46","|","|move|p1a: Cobalion|Iron Head|p2a: Quagsire","|-resisted|p2a: Quagsire","|-damage|p2a: Quagsire|328/394","|cant|p2a: Quagsire|flinch","|","|-heal|p1a: Cobalion|310/324|[from] item: Leftovers","|-heal|p2a: Quagsire|352/394|[from] item: Leftovers","|turn|47","|","|win|Marx-Bot"],"p1rating":{"entryid":"790045","serverid":"eos","formatid":"monotype","userid":"coloniolmustang","username":"Coloniol Mustang","w":"15","l":11,"t":"0","gxe":55.6,"r":"1506.5678551039","rd":"106.29891332807","sigma":"0","rptime":"1441270800","rpr":1542.7791096251,"rprd":63.679302522235,"rpsigma":"0","acre":1178.8684758049,"lacre":1178.8684758049,"oldacre":"1209.6326453866"},"p2rating":{"entryid":"79213","serverid":"eos","formatid":"monotype","userid":"marxbot","username":"Marx-Bot","w":21,"l":"22","t":"0","gxe":49.1,"r":"1468.2021780198","rd":"53.529458743101","sigma":"0","rptime":"1441270800","rpr":1492.9904188257,"rprd":51.895946386098,"rpsigma":"0","acre":1158.823112189,"lacre":1158.823112189,"oldacre":"1128.0589426073"},"endType":"forfeit"}