{"seed":[61380,24293,47775,59828],"turns":31,"p1":"Coloniol Mustang","p2":"Imp Gealt","p1team":[{"name":"Regice","species":"Regice","item":"weaknesspolicy","ability":"Clear Body","moves":["icebeam","thunderbolt","flashcannon","rest"],"nature":"Calm","evs":{"hp":252,"atk":0,"def":0,"spa":0,"spd":252,"spe":0},"ivs":{"hp":31,"atk":31,"def":31,"spa":31,"spd":31,"spe":31}},{"name":"Mamoswine","species":"Mamoswine","item":"lifeorb","ability":"Thick Fat","moves":["curse","iceshard","avalanche","earthquake"],"nature":"Impish","evs":{"hp":252,"atk":0,"def":252,"spa":0,"spd":0,"spe":0},"ivs":{"hp":31,"atk":31,"def":31,"spa":31,"spd":31,"spe":31}},{"name":"Froslass","species":"Froslass","item":"focussash","ability":"Cursed Body","moves":["spikes","taunt","shadowball","destinybond"],"nature":"Timid","evs":{"hp":252,"atk":0,"def":0,"spa":0,"spd":0,"spe":252},"ivs":{"hp":31,"atk":31,"def":31,"spa":31,"spd":31,"spe":31}},{"name":"Avalugg","species":"Avalugg","item":"leftovers","ability":"Ice Body","moves":["earthquake","avalanche","recover","rapidspin"],"nature":"Relaxed","evs":{"hp":252,"atk":4,"def":252,"spa":0,"spd":0,"spe":0},"ivs":{"hp":31,"atk":31,"def":31,"spa":31,"spd":31,"spe":0}},{"name":"Abomasnow","species":"Abomasnow","item":"focussash","ability":"Snow Warning","moves":["iceshard","gigadrain","hiddenpowerfire","blizzard"],"nature":"Mild","evs":{"hp":0,"atk":28,"def":0,"spa":252,"spd":0,"spe":228},"ivs":{"hp":31,"atk":30,"def":31,"spa":30,"spd":31,"spe":30}},{"name":"Kyurem-Black","species":"Kyurem-Black","item":"leftovers","ability":"Teravolt","moves":["icebeam","outrage","fusionbolt","earthpower"],"nature":"Adamant","evs":{"hp":56,"atk":0,"def":0,"spa":252,"spd":0,"spe":200},"ivs":{"hp":31,"atk":31,"def":31,"spa":31,"spd":31,"spe":31}}],"p2team":[{"name":"King Artie","species":"nidoking","item":"lifeorb","ability":"Sheer Force","moves":["sludgewave","fireblast","icebeam","earthpower"],"nature":"Timid","evs":{"hp":4,"atk":0,"def":0,"spa":252,"spd":0,"spe":252},"ivs":{"hp":31,"atk":31,"def":31,"spa":31,"spd":31,"spe":31}},{"name":"Pépe","species":"skuntank","item":"blacksludge","ability":"Aftermath","moves":["suckerpunch","pursuit","poisonjab","taunt"],"nature":"Adamant","evs":{"hp":0,"atk":252,"def":0,"spa":0,"spd":176,"spe":80},"ivs":{"hp":31,"atk":31,"def":31,"spa":31,"spd":31,"spe":31}},{"name":"Jupiter","species":"weezing","item":"blacksludge","ability":"Levitate","moves":["willowisp","painsplit","fireblast","haze"],"nature":"","evs":{"hp":0,"atk":0,"def":0,"spa":0,"spd":0,"spe":0},"ivs":{"hp":31,"atk":31,"def":31,"spa":31,"spd":31,"spe":31}},{"name":"Toxicon","species":"scolipede","item":"lifeorb","ability":"Speed Boost","moves":["superpower","megahorn","rockslide","protect"],"nature":"Jolly","evs":{"hp":0,"atk":252,"def":0,"spa":0,"spd":4,"spe":252},"ivs":{"hp":31,"atk":31,"def":31,"spa":31,"spd":31,"spe":31}},{"name":"Herb","species":"venusaur","item":"venusaurite","ability":"Overgrow","moves":["leechseed","gigadrain","sleeppowder","earthquake"],"nature":"Gentle","evs":{"hp":252,"atk":4,"def":0,"spa":0,"spd":252,"spe":0},"ivs":{"hp":31,"atk":31,"def":31,"spa":31,"spd":31,"spe":31}},{"name":"Cthulu","species":"tentacruel","item":"blacksludge","ability":"Liquid Ooze","moves":["toxicspikes","hex","venoshock","scald"],"nature":"Modest","evs":{"hp":16,"atk":0,"def":0,"spa":100,"spd":252,"spe":0},"ivs":{"hp":31,"atk":31,"def":31,"spa":31,"spd":31,"spe":31}}],"log":["|player|p1|Coloniol Mustang|124","|player|p2|Imp Gealt|196","|gametype|singles","|gen|6","|tier|Monotype","|rated","|rule|Baton Pass Clause: Limit one Baton Passer, can't pass Spe and other stats simultaneously","|rule|Swagger Clause: Swagger is banned","|rule|Same Type Clause: Pokémon in a team must share a type","|clearpoke","|poke|p1|Regice","|poke|p1|Mamoswine, F","|poke|p1|Froslass, F","|poke|p1|Avalugg, F","|poke|p1|Abomasnow, F","|poke|p1|Kyurem-Black","|poke|p2|Nidoking, M","|poke|p2|Skuntank, M","|poke|p2|Weezing, F","|poke|p2|Scolipede, F","|poke|p2|Venusaur, F","|poke|p2|Tentacruel, M","|rule|Sleep Clause Mod: Limit one foe put to sleep","|rule|Species Clause: Limit one of each Pokémon","|rule|OHKO Clause: OHKO moves are banned","|rule|Moody Clause: Moody is banned","|rule|Evasion Moves Clause: Evasion moves are banned","|rule|Endless Battle Clause: Forcing endless battles is banned","|rule|HP Percentage Mod: HP is shown in percentages","|teampreview","|","|start","|switch|p1a: Kyurem-Black|Kyurem-Black|405/405","|switch|p2a: King Artie|Nidoking, M|304/304","|-ability|p1a: Kyurem-Black|Teravolt","|turn|1","|","|move|p2a: King Artie|Fire Blast|p1a: Kyurem-Black","|-damage|p1a: Kyurem-Black|233/405","|move|p1a: Kyurem-Black|Ice Beam|p2a: King Artie","|-supereffective|p2a: King Artie","|-damage|p2a: King Artie|0 fnt","|faint|p2a: King Artie","|","|-heal|p1a: Kyurem-Black|258/405|[from] item: Leftovers","|","|switch|p2a: Cthulu|Tentacruel, M|305/305","|turn|2","|","|switch|p1a: Regice|Regice|364/364","|move|p2a: Cthulu|Toxic Spikes|p1a: Regice","|-sidestart|p1: Coloniol Mustang|move: Toxic Spikes","|","|turn|3","|","|move|p2a: Cthulu|Toxic Spikes|p1a: Regice","|-sidestart|p1: Coloniol Mustang|move: Toxic Spikes","|move|p1a: Regice|Thunderbolt|p2a: Cthulu","|-supereffective|p2a: Cthulu","|-damage|p2a: Cthulu|203/305","|","|-heal|p2a: Cthulu|222/305|[from] item: Black Sludge","|turn|4","|","|switch|p2a: Herb|Venusaur, F|364/364","|move|p1a: Regice|Thunderbolt|p2a: Herb","|-resisted|p2a: Herb","|-damage|p2a: Herb|338/364","|","|turn|5","|","|detailschange|p2a: Herb|Venusaur-Mega, F","|-mega|p2a: Herb|Venusaur|Venusaurite","|move|p2a: Herb|Earthquake|p1a: Regice","|-damage|p1a: Regice|289/364","|move|p1a: Regice|Ice Beam|p2a: Herb","|-supereffective|p2a: Herb","|-damage|p2a: Herb|266/364","|","|turn|6","|","|move|p2a: Herb|Leech Seed|p1a: Regice","|-start|p1a: Regice|move: Leech Seed","|move|p1a: Regice|Ice Beam|p2a: Herb","|-supereffective|p2a: Herb","|-damage|p2a: Herb|204/364","|","|-damage|p1a: Regice|244/364|[from] Leech Seed|[of] p2a: Herb","|-heal|p2a: Herb|249/364|[silent]","|turn|7","|","|switch|p1a: Avalugg|Avalugg, F|394/394","|-status|p1a: Avalugg|tox","|move|p2a: Herb|Sleep Powder|p1a: Avalugg","|-fail|p1a: Avalugg","|","|-damage|p1a: Avalugg|370/394 tox|[from] psn","|turn|8","|","|switch|p2a: Toxicon|Scolipede, F|261/261","|move|p1a: Avalugg|Rapid Spin|p2a: Toxicon","|-damage|p2a: Toxicon|239/261","|-sideend|p1: Coloniol Mustang|Toxic Spikes|[from] move: Rapid Spin|[of] p1a: Avalugg","|","|-heal|p1a: Avalugg|394/394 tox|[from] item: Leftovers","|-damage|p1a: Avalugg|346/394 tox|[from] psn","|turn|9","|","|move|p2a: Toxicon|Rock Slide|p1a: Avalugg","|-crit|p1a: Avalugg","|-supereffective|p1a: Avalugg","|-damage|p1a: Avalugg|213/394 tox","|-damage|p2a: Toxicon|213/261|[from] item: Life Orb","|move|p1a: Avalugg|Earthquake|p2a: Toxicon","|-damage|p2a: Toxicon|105/261","|","|-heal|p1a: Avalugg|237/394 tox|[from] item: Leftovers","|-damage|p1a: Avalugg|165/394 tox|[from] psn","|-boost|p2a: Toxicon|spe|1|[from] ability: Speed Boost","|turn|10","|","|move|p2a: Toxicon|Protect|p2a: Toxicon","|-singleturn|p2a: Toxicon|Protect","|move|p1a: Avalugg|Earthquake|p2a: Toxicon","|-activate|p2a: Toxicon|Protect","|","|-heal|p1a: Avalugg|189/394 tox|[from] item: Leftovers","|-damage|p1a: Avalugg|93/394 tox|[from] psn","|-boost|p2a: Toxicon|spe|1|[from] ability: Speed Boost","|turn|11","|","|move|p2a: Toxicon|Rock Slide|p1a: Avalugg","|-supereffective|p1a: Avalugg","|-damage|p1a: Avalugg|7/394 tox","|-damage|p2a: Toxicon|79/261|[from] item: Life Orb","|cant|p1a: Avalugg|flinch","|","|-heal|p1a: Avalugg|31/394 tox|[from] item: Leftovers","|-damage|p1a: Avalugg|0 fnt|[from] psn","|-boost|p2a: Toxicon|spe|1|[from] ability: Speed Boost","|faint|p1a: Avalugg","|","|switch|p1a: Mamoswine|Mamoswine, F|424/424","|turn|12","|","|move|p2a: Toxicon|Superpower|p1a: Mamoswine","|-supereffective|p1a: Mamoswine","|-damage|p1a: Mamoswine|161/424","|-unboost|p2a: Toxicon|atk|1","|-unboost|p2a: Toxicon|def|1","|-damage|p2a: Toxicon|53/261|[from] item: Life Orb","|move|p1a: Mamoswine|Curse|p1a: Mamoswine","|-unboost|p1a: Mamoswine|spe|1","|-boost|p1a: Mamoswine|atk|1","|-boost|p1a: Mamoswine|def|1","|","|-boost|p2a: Toxicon|spe|1|[from] ability: Speed Boost","|turn|13","|","|move|p1a: Mamoswine|Ice Shard|p2a: Toxicon","|-damage|p2a: Toxicon|0 fnt","|-damage|p1a: Mamoswine|119/424|[from] item: Life Orb","|faint|p2a: Toxicon","|","|","|switch|p2a: Jupiter|Weezing, F|271/271","|turn|14","|","|move|p2a: Jupiter|Will-O-Wisp|p1a: Mamoswine","|-status|p1a: Mamoswine|brn","|move|p1a: Mamoswine|Avalanche|p2a: Jupiter","|-damage|p2a: Jupiter|192/271","|-damage|p1a: Mamoswine|77/424 brn|[from] item: Life Orb","|","|-heal|p2a: Jupiter|208/271|[from] item: Black Sludge","|-damage|p1a: Mamoswine|24/424 brn|[from] brn","|turn|15","|","|move|p1a: Mamoswine|Ice Shard|p2a: Jupiter","|-damage|p2a: Jupiter|157/271","|-damage|p1a: Mamoswine|0 fnt|[from] item: Life Orb","|faint|p1a: Mamoswine","|move|p2a: Jupiter|Fire Blast|p1: Mamoswine|[notarget]","|-notarget","|","|-heal|p2a: Jupiter|173/271|[from] item: Black Sludge","|","|switch|p1a: Froslass|Froslass, F|344/344","|turn|16","|","|move|p1a: Froslass|Taunt|p2a: Jupiter","|-start|p2a: Jupiter|move: Taunt","|cant|p2a: Jupiter|move: Taunt|Will-O-Wisp","|","|-heal|p2a: Jupiter|189/271|[from] item: Black Sludge","|turn|17","|","|switch|p1a: Regice|Regice|244/364","|switch|p2a: Cthulu|Tentacruel, M|222/305","|","|-heal|p2a: Cthulu|241/305|[from] item: Black Sludge","|turn|18","|","|switch|p2a: Herb|Venusaur-Mega, F|249/364","|move|p1a: Regice|Thunderbolt|p2a: Herb","|-resisted|p2a: Herb","|-damage|p2a: Herb|226/364","|","|turn|19","|","|switch|p1a: Kyurem-Black|Kyurem-Black|258/405","|-ability|p1a: Kyurem-Black|Teravolt","|move|p2a: Herb|Sleep Powder|p1a: Kyurem-Black","|-status|p1a: Kyurem-Black|slp","|","|-heal|p1a: Kyurem-Black|283/405 slp|[from] item: Leftovers","|turn|20","|","|switch|p1a: Abomasnow|Abomasnow, F|321/321","|-weather|Hail","|move|p2a: Herb|Leech Seed|p1a: Abomasnow","|-immune|p1a: Abomasnow|[msg]","|","|-weather|Hail|[upkeep]","|-damage|p2a: Herb|204/364|[from] hail","|turn|21","|","|switch|p2a: Jupiter|Weezing, F|189/271","|move|p1a: Abomasnow|Blizzard|p2a: Jupiter","|-damage|p2a: Jupiter|0 fnt","|faint|p2a: Jupiter","|","|-weather|Hail|[upkeep]","|","|switch|p2a: Pépe|Skuntank, M|347/347","|turn|22","|","|move|p2a: Pépe|Poison Jab|p1a: Abomasnow","|-supereffective|p1a: Abomasnow","|-enditem|p1a: Abomasnow|Focus Sash","|-damage|p1a: Abomasnow|1/321","|move|p1a: Abomasnow|Blizzard|p2a: Pépe","|-damage|p2a: Pépe|166/347","|","|-weather|Hail|[upkeep]","|-damage|p2a: Pépe|145/347|[from] hail","|-heal|p2a: Pépe|166/347|[from] item: Black Sludge","|turn|23","|","|move|p2a: Pépe|Sucker Punch|p1a: Abomasnow","|-damage|p1a: Abomasnow|0 fnt","|faint|p1a: Abomasnow","|","|-weather|Hail|[upkeep]","|-damage|p2a: Pépe|145/347|[from] hail","|-heal|p2a: Pépe|166/347|[from] item: Black Sludge","|","|switch|p1a: Kyurem-Black|Kyurem-Black|283/405 slp","|-ability|p1a: Kyurem-Black|Teravolt","|turn|24","|","|switch|p2a: Herb|Venusaur-Mega, F|204/364","|cant|p1a: Kyurem-Black|slp","|","|-weather|none","|-heal|p1a: Kyurem-Black|308/405 slp|[from] item: Leftovers","|turn|25","|","|cant|p1a: Kyurem-Black|slp","|move|p2a: Herb|Leech Seed|p1a: Kyurem-Black","|-start|p1a: Kyurem-Black|move: Leech Seed","|","|-heal|p1a: Kyurem-Black|333/405 slp|[from] item: Leftovers","|-damage|p1a: Kyurem-Black|283/405 slp|[from] Leech Seed|[of] p2a: Herb","|-heal|p2a: Herb|254/364|[silent]","|turn|26","|","|cant|p1a: Kyurem-Black|slp","|move|p2a: Herb|Sleep Powder|p1a: Kyurem-Black","|-fail|p1a: Kyurem-Black|slp","|","|-heal|p1a: Kyurem-Black|308/405 slp|[from] item: Leftovers","|-damage|p1a: Kyurem-Black|258/405 slp|[from] Leech Seed|[of] p2a: Herb","|-heal|p2a: Herb|304/364|[silent]","|turn|27","|","|-curestatus|p1a: Kyurem-Black|slp","|move|p1a: Kyurem-Black|Outrage|p2a: Herb","|-crit|p2a: Herb","|-damage|p2a: Herb|0 fnt","|faint|p2a: Herb","|","|-heal|p1a: Kyurem-Black|283/405|[from] item: Leftovers","|","|switch|p2a: Pépe|Skuntank, M|166/347","|turn|28","|","|move|p2a: Pépe|Sucker Punch|p1a: Kyurem-Black","|-crit|p1a: Kyurem-Black","|-damage|p1a: Kyurem-Black|93/405","|move|p1a: Kyurem-Black|Outrage|p2a: Pépe|[from]lockedmove","|-damage|p2a: Pépe|0 fnt","|-damage|p1a: Kyurem-Black|0 fnt|[from] ability: Aftermath|[of] p2a: Pépe","|faint|p1a: Kyurem-Black","|faint|p2a: Pépe","|","|","|switch|p2a: Cthulu|Tentacruel, M|241/305","|switch|p1a: Regice|Regice|244/364","|turn|29","|","|move|p2a: Cthulu|Scald|p1a: Regice","|-crit|p1a: Regice","|-damage|p1a: Regice|183/364","|move|p1a: Regice|Thunderbolt|p2a: Cthulu","|-supereffective|p2a: Cthulu","|-damage|p2a: Cthulu|141/305","|","|-heal|p2a: Cthulu|160/305|[from] item: Black Sludge","|turn|30","|","|move|p2a: Cthulu|Venoshock|p1a: Regice","|-crit|p1a: Regice","|-damage|p1a: Regice|129/364","|move|p1a: Regice|Thunderbolt|p2a: Cthulu","|-supereffective|p2a: Cthulu","|-damage|p2a: Cthulu|60/305","|-status|p2a: Cthulu|par","|","|-heal|p2a: Cthulu|79/305 par|[from] item: Black Sludge","|turn|31","|","|move|p1a: Regice|Thunderbolt|p2a: Cthulu","|-supereffective|p2a: Cthulu","|-damage|p2a: Cthulu|0 fnt","|faint|p2a: Cthulu","|","|win|Coloniol Mustang"],"p1rating":{"entryid":"790045","serverid":"eos","formatid":"monotype","userid":"coloniolmustang","username":"Coloniol Mustang","w":7,"l":"5","t":"0","gxe":56.1,"r":"1506.5678551039","rd":"106.29891332807","sigma":"0","rptime":"1441270800","rpr":1547.5361744239,"rprd":82.539123857853,"rpsigma":"0","acre":1108.7947681962,"lacre":1108.7947681962,"oldacre":"1088.7866633452"},"p2rating":{"entryid":"809082","serverid":"eos","formatid":"monotype","userid":"impgealt","username":"Imp Gealt","w":"0","l":2,"t":"0","gxe":40.9,"r":"1500","rd":"130","sigma":"0","rptime":"1441270800","rpr":1427.3332171564,"rprd":115.98785127613,"rpsigma":"0","acre":1000,"lacre":1000,"oldacre":"1000"},"endType":"normal"}