{"seed":[53384,59175,41195,26238],"turns":17,"p1":"xNailz","p2":"Coloniol Mustang","p1team":[{"name":"Charizard","species":"Charizard","item":"charizarditey","ability":"Blaze","moves":["solarbeam","flamethrower","dragonpulse","defog"],"nature":"Timid","evs":{"hp":0,"atk":0,"def":0,"spa":252,"spd":4,"spe":252},"ivs":{"hp":31,"atk":0,"def":31,"spa":31,"spd":31,"spe":31}},{"name":"Infernape","species":"Infernape","item":"focussash","ability":"Iron Fist","moves":["closecombat","overheat","machpunch","stealthrock"],"nature":"Naive","evs":{"hp":0,"atk":252,"def":4,"spa":0,"spd":0,"spe":252},"ivs":{"hp":31,"atk":30,"def":30,"spa":31,"spd":31,"spe":31}},{"name":"Victini","species":"Victini","item":"choicescarf","ability":"Victory Star","moves":["vcreate","boltstrike","uturn","zenheadbutt"],"nature":"Naive","evs":{"hp":0,"atk":252,"def":0,"spa":4,"spd":0,"spe":252},"ivs":{"hp":31,"atk":31,"def":31,"spa":31,"spd":31,"spe":31}},{"name":"Arcanine","species":"Arcanine","item":"leftovers","ability":"Intimidate","moves":["willowisp","extremespeed","morningsun","ironhead"],"nature":"Impish","evs":{"hp":240,"atk":0,"def":252,"spa":0,"spd":0,"spe":16},"ivs":{"hp":31,"atk":30,"def":30,"spa":31,"spd":31,"spe":31}},{"name":"Rotom-Heat","species":"Rotom-Heat","item":"leftovers","ability":"Levitate","moves":["thunderwave","overheat","hiddenpowerice","voltswitch"],"nature":"Modest","evs":{"hp":248,"atk":0,"def":0,"spa":8,"spd":252,"spe":0},"ivs":{"hp":31,"atk":30,"def":30,"spa":31,"spd":31,"spe":31}},{"name":"Chandelure","species":"Chandelure","item":"lifeorb","ability":"Infiltrator","moves":["flamethrower","energyball","trickroom","shadowball"],"nature":"Quiet","evs":{"hp":248,"atk":0,"def":8,"spa":252,"spd":0,"spe":0},"ivs":{"hp":31,"atk":30,"def":30,"spa":31,"spd":31,"spe":31}}],"p2team":[{"name":"Cobalion","species":"Cobalion","item":"leftovers","ability":"Justified","moves":["reflect","thunderwave","stealthrock","ironhead"],"nature":"Jolly","evs":{"hp":4,"atk":0,"def":252,"spa":0,"spd":0,"spe":252},"ivs":{"hp":31,"atk":31,"def":31,"spa":31,"spd":31,"spe":31}},{"name":"Medicham","species":"Medicham","item":"medichamite","ability":"Pure Power","moves":["highjumpkick","bulletpunch","icepunch","fakeout"],"nature":"Jolly","evs":{"hp":4,"atk":252,"def":0,"spa":0,"spd":0,"spe":252},"ivs":{"hp":31,"atk":31,"def":31,"spa":31,"spd":31,"spe":31}},{"name":"Keldeo","species":"Keldeo","item":"leftovers","ability":"Justified","moves":["scald","secretsword","calmmind","icywind"],"nature":"Modest","evs":{"hp":24,"atk":0,"def":0,"spa":232,"spd":0,"spe":252},"ivs":{"hp":31,"atk":31,"def":31,"spa":31,"spd":31,"spe":31}},{"name":"Heracross","species":"Heracross","item":"choicescarf","ability":"Moxie","moves":["closecombat","megahorn","knockoff","rockblast"],"nature":"Adamant","evs":{"hp":4,"atk":252,"def":0,"spa":0,"spd":0,"spe":252},"ivs":{"hp":31,"atk":31,"def":31,"spa":31,"spd":31,"spe":31}},{"name":"Hawlucha","species":"Hawlucha","item":"powerherb","ability":"Unburden","moves":["acrobatics","skyattack","highjumpkick","swordsdance"],"nature":"Adamant","evs":{"hp":4,"atk":252,"def":0,"spa":0,"spd":0,"spe":252},"ivs":{"hp":31,"atk":30,"def":30,"spa":31,"spd":30,"spe":31}},{"name":"Breloom","species":"Breloom","item":"focussash","ability":"Technician","moves":["swordsdance","rocktomb","spore","machpunch"],"nature":"Jolly","evs":{"hp":4,"atk":252,"def":0,"spa":0,"spd":0,"spe":252},"ivs":{"hp":31,"atk":31,"def":31,"spa":31,"spd":31,"spe":31}}],"log":["|player|p1|xNailz|160","|player|p2|Coloniol Mustang|124","|gametype|singles","|gen|6","|tier|Monotype","|rated","|rule|Baton Pass Clause: Limit one Baton Passer, can't pass Spe and other stats simultaneously","|rule|Swagger Clause: Swagger is banned","|rule|Same Type Clause: Pokémon in a team must share a type","|clearpoke","|poke|p1|Charizard, F","|poke|p1|Infernape, M","|poke|p1|Victini","|poke|p1|Arcanine, F","|poke|p1|Rotom-Heat","|poke|p1|Chandelure, F","|poke|p2|Cobalion","|poke|p2|Medicham, F","|poke|p2|Keldeo","|poke|p2|Heracross, F","|poke|p2|Hawlucha, F","|poke|p2|Breloom, F","|rule|Sleep Clause Mod: Limit one foe put to sleep","|rule|Species Clause: Limit one of each Pokémon","|rule|OHKO Clause: OHKO moves are banned","|rule|Moody Clause: Moody is banned","|rule|Evasion Moves Clause: Evasion moves are banned","|rule|Endless Battle Clause: Forcing endless battles is banned","|rule|HP Percentage Mod: HP is shown in percentages","|teampreview","|","|start","|switch|p1a: Infernape|Infernape, M|293/293","|switch|p2a: Cobalion|Cobalion|324/324","|turn|1","|","|move|p2a: Cobalion|Reflect|p2a: Cobalion","|-sidestart|p2: Coloniol Mustang|Reflect","|move|p1a: Infernape|Close Combat|p2a: Cobalion","|-supereffective|p2a: Cobalion","|-damage|p2a: Cobalion|194/324","|-unboost|p1a: Infernape|def|1","|-unboost|p1a: Infernape|spd|1","|","|-heal|p2a: Cobalion|214/324|[from] item: Leftovers","|turn|2","|","|move|p2a: Cobalion|Stealth Rock|p1a: Infernape","|-sidestart|p1: xNailz|move: Stealth Rock","|move|p1a: Infernape|Overheat|p2a: Cobalion","|-crit|p2a: Cobalion","|-supereffective|p2a: Cobalion","|-damage|p2a: Cobalion|0 fnt","|-unboost|p1a: Infernape|spa|2","|faint|p2a: Cobalion","|","|","|switch|p2a: Heracross|Heracross, F|302/302","|turn|3","|","|move|p2a: Heracross|Rock Blast|p1a: Infernape","|-damage|p1a: Infernape|231/293","|-damage|p1a: Infernape|162/293","|-hitcount|p1a: Infernape|2","|move|p1a: Infernape|Stealth Rock|p2a: Heracross","|-sidestart|p2: Coloniol Mustang|move: Stealth Rock","|","|turn|4","|","|switch|p1a: Arcanine|Arcanine, F|381/381","|-damage|p1a: Arcanine|286/381|[from] Stealth Rock","|-ability|p1a: Arcanine|Intimidate","|-unboost|p2a: Heracross|atk|1","|move|p2a: Heracross|Rock Blast|p1a: Arcanine","|-supereffective|p1a: Arcanine","|-damage|p1a: Arcanine|252/381","|-supereffective|p1a: Arcanine","|-damage|p1a: Arcanine|216/381","|-hitcount|p1a: Arcanine|2","|","|-heal|p1a: Arcanine|239/381|[from] item: Leftovers","|turn|5","|","|switch|p2a: Keldeo|Keldeo|329/329","|-damage|p2a: Keldeo|309/329|[from] Stealth Rock","|move|p1a: Arcanine|Will-O-Wisp|p2a: Keldeo","|-status|p2a: Keldeo|brn","|","|-heal|p2a: Keldeo|329/329 brn|[from] item: Leftovers","|-heal|p1a: Arcanine|262/381|[from] item: Leftovers","|-damage|p2a: Keldeo|288/329 brn|[from] brn","|-sideend|p2: Coloniol Mustang|Reflect","|turn|6","|","|switch|p1a: Rotom-Heat|Rotom-Heat|303/303","|-damage|p1a: Rotom-Heat|228/303|[from] Stealth Rock","|move|p2a: Keldeo|Scald|p1a: Rotom-Heat","|-supereffective|p1a: Rotom-Heat","|-damage|p1a: Rotom-Heat|0 fnt","|faint|p1a: Rotom-Heat","|","|-heal|p2a: Keldeo|308/329 brn|[from] item: Leftovers","|-damage|p2a: Keldeo|267/329 brn|[from] brn","|","|switch|p1a: Charizard|Charizard, F|297/297","|-damage|p1a: Charizard|149/297|[from] Stealth Rock","|turn|7","|","|detailschange|p1a: Charizard|Charizard-Mega-Y, F","|-mega|p1a: Charizard|Charizard|Charizardite Y","|-weather|SunnyDay","|move|p1a: Charizard|Defog|p2a: Keldeo","|-unboost|p2a: Keldeo|evasion|1","|-sideend|p2: Coloniol Mustang|Stealth Rock|[from] move: Defog|[of] p2a: Keldeo","|-sideend|p1: xNailz|Stealth Rock|[from] move: Defog|[of] p1a: Charizard","|move|p2a: Keldeo|Scald|p1a: Charizard","|-supereffective|p1a: Charizard","|-damage|p1a: Charizard|3/297","|","|-weather|SunnyDay|[upkeep]","|-heal|p2a: Keldeo|287/329 brn|[from] item: Leftovers","|-damage|p2a: Keldeo|246/329 brn|[from] brn","|turn|8","|","|switch|p2a: Breloom|Breloom, F|262/262","|move|p1a: Charizard|Solar Beam|p2a: Breloom|[still]","|-prepare|p1a: Charizard|Solar Beam|p2a: Breloom","|-anim|p1a: Charizard|Solar Beam|p2a: Breloom","|-resisted|p2a: Breloom","|-damage|p2a: Breloom|145/262","|","|-weather|SunnyDay|[upkeep]","|turn|9","|","|switch|p1a: Arcanine|Arcanine, F|262/381","|-ability|p1a: Arcanine|Intimidate","|-unboost|p2a: Breloom|atk|1","|move|p2a: Breloom|Mach Punch|p1a: Arcanine","|-damage|p1a: Arcanine|201/381","|","|-weather|SunnyDay|[upkeep]","|-heal|p1a: Arcanine|224/381|[from] item: Leftovers","|turn|10","|","|move|p1a: Arcanine|Extreme Speed|p2a: Breloom","|-damage|p2a: Breloom|65/262","|move|p2a: Breloom|Mach Punch|p1a: Arcanine","|-damage|p1a: Arcanine|166/381","|","|-weather|SunnyDay|[upkeep]","|-heal|p1a: Arcanine|189/381|[from] item: Leftovers","|turn|11","|","|move|p1a: Arcanine|Extreme Speed|p2a: Breloom","|-damage|p2a: Breloom|0 fnt","|faint|p2a: Breloom","|","|-weather|none","|-heal|p1a: Arcanine|212/381|[from] item: Leftovers","|","|switch|p2a: Medicham|Medicham, F|262/262","|turn|12","|","|switch|p1a: Charizard|Charizard-Mega-Y, F|3/297","|-weather|SunnyDay","|detailschange|p2a: Medicham|Medicham-Mega, F","|-mega|p2a: Medicham|Medicham|Medichamite","|move|p2a: Medicham|Fake Out|p1a: Charizard","|-damage|p1a: Charizard|0 fnt","|faint|p1a: Charizard","|","|-weather|SunnyDay|[upkeep]","|","|switch|p1a: Chandelure|Chandelure, F|323/323","|turn|13","|","|switch|p2a: Keldeo|Keldeo|246/329 brn","|move|p1a: Chandelure|Trick Room|p1a: Chandelure","|-fieldstart|move: Trick Room|[of] p1a: Chandelure","|","|-weather|SunnyDay|[upkeep]","|-heal|p2a: Keldeo|266/329 brn|[from] item: Leftovers","|-damage|p2a: Keldeo|225/329 brn|[from] brn","|turn|14","|","|move|p1a: Chandelure|Energy Ball|p2a: Keldeo","|-supereffective|p2a: Keldeo","|-damage|p2a: Keldeo|0 fnt","|-damage|p1a: Chandelure|291/323|[from] item: Life Orb","|faint|p2a: Keldeo","|","|-weather|SunnyDay|[upkeep]","|","|switch|p2a: Heracross|Heracross, F|302/302","|turn|15","|","|move|p1a: Chandelure|Flamethrower|p2a: Heracross","|-supereffective|p2a: Heracross","|-damage|p2a: Heracross|0 fnt","|-damage|p1a: Chandelure|259/323|[from] item: Life Orb","|faint|p2a: Heracross","|","|-weather|SunnyDay|[upkeep]","|","|switch|p2a: Hawlucha|Hawlucha, F|298/298","|turn|16","|","|move|p1a: Chandelure|Flamethrower|p2a: Hawlucha","|-damage|p2a: Hawlucha|0 fnt","|-damage|p1a: Chandelure|227/323|[from] item: Life Orb","|faint|p2a: Hawlucha","|","|-weather|none","|","|switch|p2a: Medicham|Medicham-Mega, F|262/262","|turn|17","|","|move|p1a: Chandelure|Shadow Ball|p2a: Medicham","|-supereffective|p2a: Medicham","|-damage|p2a: Medicham|0 fnt","|-damage|p1a: Chandelure|195/323|[from] item: Life Orb","|faint|p2a: Medicham","|","|win|xNailz"],"p1rating":{"entryid":"114228","serverid":"eos","formatid":"monotype","userid":"xnailz","username":"xNailz","w":10,"l":"0","t":"0","gxe":75,"r":"1690.3037664068","rd":"95.115020695151","sigma":"0","rptime":"1441270800","rpr":1713.9475580649,"rprd":90.567781122019,"rpsigma":"0","acre":1245.6506117007,"lacre":1245.6506117007,"oldacre":"1217.9772719636"},"p2rating":{"entryid":"790045","serverid":"eos","formatid":"monotype","userid":"coloniolmustang","username":"Coloniol Mustang","w":"20","l":12,"t":"0","gxe":59.2,"r":"1506.5678551039","rd":"106.29891332807","sigma":"0","rptime":"1441270800","rpr":1571.1877865821,"rprd":59.054313446075,"rpsigma":"0","acre":1227.5990565867,"lacre":1227.5990565867,"oldacre":"1255.2723963238"},"endType":"normal"}