{"seed":[51245,28993,10353,51557],"turns":35,"p1":"GL♅ Aron","p2":"Sjado","p1team":[{"name":"Victini","species":"Victini","item":"choicescarf","ability":"Victory Star","moves":["vcreate","zenheadbutt","uturn","fusionbolt"],"nature":"Jolly","evs":{"hp":0,"atk":252,"def":0,"spa":0,"spd":4,"spe":252},"ivs":{"hp":31,"atk":31,"def":31,"spa":31,"spd":31,"spe":31}},{"name":"Ninetales","species":"Ninetales","item":"focussash","ability":"Drought","moves":["fireblast","solarbeam","willowisp","disable"],"nature":"Timid","evs":{"hp":0,"atk":0,"def":0,"spa":252,"spd":4,"spe":252},"ivs":{"hp":31,"atk":31,"def":31,"spa":31,"spd":31,"spe":31}},{"name":"Charizard","species":"Charizard","item":"charizarditey","ability":"Blaze","moves":["fireblast","airslash","solarbeam","willowisp"],"nature":"Timid","evs":{"hp":0,"atk":0,"def":0,"spa":252,"spd":4,"spe":252},"ivs":{"hp":31,"atk":31,"def":31,"spa":31,"spd":31,"spe":31}},{"name":"Rotom-Heat","species":"Rotom-Heat","item":"lightclay","ability":"Levitate","moves":["lightscreen","reflect","overheat","voltswitch"],"nature":"Serious","evs":{"hp":56,"atk":0,"def":100,"spa":0,"spd":252,"spe":100},"ivs":{"hp":31,"atk":31,"def":31,"spa":31,"spd":31,"spe":31}},{"name":"Infernape","species":"Infernape","item":"focussash","ability":"Iron Fist","moves":["firepunch","machpunch","closecombat","thunderpunch"],"nature":"Jolly","evs":{"hp":0,"atk":252,"def":0,"spa":0,"spd":4,"spe":252},"ivs":{"hp":31,"atk":31,"def":31,"spa":31,"spd":31,"spe":31}},{"name":"Typhlosion","species":"Typhlosion","item":"choicescarf","ability":"Blaze","moves":["flamethrower","eruption","extrasensory","focusblast"],"nature":"Timid","evs":{"hp":0,"atk":0,"def":0,"spa":252,"spd":4,"spe":252},"ivs":{"hp":31,"atk":31,"def":31,"spa":31,"spd":31,"spe":31}}],"p2team":[{"name":"Krookodile","species":"Krookodile","item":"leftovers","ability":"Intimidate","moves":["stealthrock","knockoff","earthquake","stoneedge"],"nature":"Jolly","evs":{"hp":0,"atk":252,"def":0,"spa":0,"spd":0,"spe":252},"ivs":{"hp":31,"atk":31,"def":31,"spa":31,"spd":31,"spe":31}},{"name":"Sableye","species":"Sableye","item":"leftovers","ability":"Prankster","moves":["taunt","willowisp","foulplay","recover"],"nature":"Impish","evs":{"hp":252,"atk":0,"def":4,"spa":0,"spd":252,"spe":0},"ivs":{"hp":31,"atk":31,"def":31,"spa":31,"spd":31,"spe":31}},{"name":"Mandibuzz","species":"Mandibuzz","item":"rockyhelmet","ability":"Overcoat","moves":["defog","bravebird","roost","toxic"],"nature":"Impish","evs":{"hp":0,"atk":4,"def":252,"spa":0,"spd":252,"spe":0},"ivs":{"hp":31,"atk":31,"def":31,"spa":31,"spd":31,"spe":31}},{"name":"Tyranitar","species":"Tyranitar","item":"tyranitarite","ability":"Sand Stream","moves":["dragondance","crunch","rockslide","earthquake"],"nature":"Adamant","evs":{"hp":0,"atk":252,"def":0,"spa":0,"spd":4,"spe":252},"ivs":{"hp":31,"atk":31,"def":31,"spa":31,"spd":31,"spe":31}},{"name":"Bisharp","species":"Bisharp","item":"focussash","ability":"Defiant","moves":["swordsdance","suckerpunch","ironhead","lowkick"],"nature":"Jolly","evs":{"hp":0,"atk":252,"def":4,"spa":0,"spd":0,"spe":252},"ivs":{"hp":31,"atk":31,"def":31,"spa":31,"spd":31,"spe":31}},{"name":"Hydreigon","species":"Hydreigon","item":"choicescarf","ability":"Levitate","moves":["dracometeor","fireblast","earthpower","uturn"],"nature":"Timid","evs":{"hp":0,"atk":0,"def":0,"spa":252,"spd":4,"spe":252},"ivs":{"hp":31,"atk":31,"def":31,"spa":31,"spd":31,"spe":31}}],"log":["|player|p1|GL♅ Aron|290","|player|p2|Sjado|168","|gametype|singles","|gen|6","|tier|Monotype","|rated","|rule|Baton Pass Clause: Limit one Baton Passer, can't pass Spe and other stats simultaneously","|rule|Swagger Clause: Swagger is banned","|rule|Same Type Clause: Pokémon in a team must share a type","|clearpoke","|poke|p1|Victini","|poke|p1|Ninetales, M","|poke|p1|Charizard, M","|poke|p1|Rotom-Heat","|poke|p1|Infernape, M","|poke|p1|Typhlosion, F","|poke|p2|Krookodile, M","|poke|p2|Sableye, M","|poke|p2|Mandibuzz, F","|poke|p2|Tyranitar, F","|poke|p2|Bisharp, M","|poke|p2|Hydreigon, M","|rule|Sleep Clause Mod: Limit one foe put to sleep","|rule|Species Clause: Limit one of each Pokémon","|rule|OHKO Clause: OHKO moves are banned","|rule|Moody Clause: Moody is banned","|rule|Evasion Moves Clause: Evasion moves are banned","|rule|Endless Battle Clause: Forcing endless battles is banned","|rule|HP Percentage Mod: HP is shown in percentages","|teampreview","|","|start","|switch|p1a: Ninetales|Ninetales, M|287/287","|switch|p2a: Hydreigon|Hydreigon, M|325/325","|-weather|SunnyDay","|turn|1","|","|move|p2a: Hydreigon|U-turn|p1a: Ninetales","|-resisted|p1a: Ninetales","|-damage|p1a: Ninetales|255/287","|","|switch|p2a: Tyranitar|Tyranitar, F|341/341","|-weather|Sandstorm","|move|p1a: Ninetales|Will-O-Wisp|p2a: Tyranitar","|-status|p2a: Tyranitar|brn","|","|-weather|Sandstorm|[upkeep]","|-damage|p1a: Ninetales|238/287|[from] sandstorm","|-damage|p2a: Tyranitar|299/341 brn|[from] brn","|turn|2","|","|switch|p1a: Rotom-Heat|Rotom-Heat|255/255","|detailschange|p2a: Tyranitar|Tyranitar-Mega, F","|-mega|p2a: Tyranitar|Tyranitar|Tyranitarite","|move|p2a: Tyranitar|Dragon Dance|p2a: Tyranitar","|-boost|p2a: Tyranitar|atk|1","|-boost|p2a: Tyranitar|spe|1","|","|-weather|Sandstorm|[upkeep]","|-damage|p1a: Rotom-Heat|240/255|[from] sandstorm","|-damage|p2a: Tyranitar|257/341 brn|[from] brn","|turn|3","|","|move|p2a: Tyranitar|Rock Slide|p1a: Rotom-Heat","|-miss|p2a: Tyranitar|p1a: Rotom-Heat","|move|p1a: Rotom-Heat|Reflect|p1a: Rotom-Heat","|-sidestart|p1: GL♅ Aron|Reflect","|","|-weather|Sandstorm|[upkeep]","|-damage|p1a: Rotom-Heat|225/255|[from] sandstorm","|-damage|p2a: Tyranitar|215/341 brn|[from] brn","|turn|4","|","|move|p2a: Tyranitar|Dragon Dance|p2a: Tyranitar","|-boost|p2a: Tyranitar|atk|1","|-boost|p2a: Tyranitar|spe|1","|move|p1a: Rotom-Heat|Volt Switch|p2a: Tyranitar","|-damage|p2a: Tyranitar|169/341 brn","|","|switch|p1a: Infernape|Infernape, M|293/293","|","|-weather|Sandstorm|[upkeep]","|-damage|p1a: Infernape|275/293|[from] sandstorm","|-damage|p2a: Tyranitar|127/341 brn|[from] brn","|turn|5","|","|switch|p2a: Sableye|Sableye, M|304/304","|move|p1a: Infernape|Mach Punch|p2a: Sableye","|-immune|p2a: Sableye|[msg]","|","|-weather|none","|turn|6","|","|move|p1a: Infernape|Fire Punch|p2a: Sableye","|-damage|p2a: Sableye|139/304","|move|p2a: Sableye|Foul Play|p1a: Infernape","|-resisted|p1a: Infernape","|-damage|p1a: Infernape|231/293","|","|-heal|p2a: Sableye|158/304|[from] item: Leftovers","|turn|7","|","|move|p2a: Sableye|Recover|p2a: Sableye","|-heal|p2a: Sableye|304/304","|move|p1a: Infernape|Fire Punch|p2a: Sableye","|-damage|p2a: Sableye|141/304","|","|-heal|p2a: Sableye|160/304|[from] item: Leftovers","|turn|8","|","|switch|p2a: Mandibuzz|Mandibuzz, F|361/361","|move|p1a: Infernape|Fire Punch|p2a: Mandibuzz","|-damage|p2a: Mandibuzz|259/361","|-damage|p1a: Infernape|183/293|[from] item: Rocky Helmet|[of] p2a: Mandibuzz","|","|turn|9","|","|switch|p1a: Ninetales|Ninetales, M|238/287","|-weather|SunnyDay","|move|p2a: Mandibuzz|Toxic|p1a: Ninetales","|-status|p1a: Ninetales|tox","|","|-weather|SunnyDay|[upkeep]","|-damage|p1a: Ninetales|221/287 tox|[from] psn","|turn|10","|","|switch|p2a: Tyranitar|Tyranitar-Mega, F|127/341 brn","|-weather|Sandstorm","|move|p1a: Ninetales|Will-O-Wisp|p2a: Tyranitar","|-fail|p2a: Tyranitar|brn","|","|-weather|Sandstorm|[upkeep]","|-damage|p1a: Ninetales|204/287 tox|[from] sandstorm","|-damage|p1a: Ninetales|170/287 tox|[from] psn","|-damage|p2a: Tyranitar|85/341 brn|[from] brn","|-sideend|p1: GL♅ Aron|Reflect","|turn|11","|","|switch|p1a: Rotom-Heat|Rotom-Heat|225/255","|switch|p2a: Hydreigon|Hydreigon, M|325/325","|","|-weather|Sandstorm|[upkeep]","|-damage|p2a: Hydreigon|305/325|[from] sandstorm","|-damage|p1a: Rotom-Heat|210/255|[from] sandstorm","|turn|12","|","|move|p2a: Hydreigon|Draco Meteor|p1a: Rotom-Heat","|-damage|p1a: Rotom-Heat|44/255","|-unboost|p2a: Hydreigon|spa|2","|move|p1a: Rotom-Heat|Light Screen|p1a: Rotom-Heat","|-sidestart|p1: GL♅ Aron|move: Light Screen","|","|-weather|Sandstorm|[upkeep]","|-damage|p2a: Hydreigon|285/325|[from] sandstorm","|-damage|p1a: Rotom-Heat|29/255|[from] sandstorm","|turn|13","|","|move|p2a: Hydreigon|Draco Meteor|p1a: Rotom-Heat","|-damage|p1a: Rotom-Heat|0 fnt","|-unboost|p2a: Hydreigon|spa|2","|faint|p1a: Rotom-Heat","|","|-weather|Sandstorm|[upkeep]","|-damage|p2a: Hydreigon|265/325|[from] sandstorm","|","|switch|p1a: Infernape|Infernape, M|183/293","|turn|14","|","|switch|p2a: Mandibuzz|Mandibuzz, F|259/361","|move|p1a: Infernape|Fire Punch|p2a: Mandibuzz","|-damage|p2a: Mandibuzz|160/361","|-damage|p1a: Infernape|135/293|[from] item: Rocky Helmet|[of] p2a: Mandibuzz","|","|-weather|none","|turn|15","|","|move|p1a: Infernape|Thunder Punch|p2a: Mandibuzz","|-supereffective|p2a: Mandibuzz","|-damage|p2a: Mandibuzz|30/361","|-damage|p1a: Infernape|87/293|[from] item: Rocky Helmet|[of] p2a: Mandibuzz","|-status|p2a: Mandibuzz|par","|move|p2a: Mandibuzz|Roost|p2a: Mandibuzz","|-heal|p2a: Mandibuzz|211/361 par","|","|turn|16","|","|switch|p1a: Charizard|Charizard, M|297/297","|cant|p2a: Mandibuzz|par","|","|turn|17","|","|switch|p2a: Sableye|Sableye, M|160/304","|detailschange|p1a: Charizard|Charizard-Mega-Y, M","|-mega|p1a: Charizard|Charizard|Charizardite Y","|-weather|SunnyDay","|move|p1a: Charizard|Fire Blast|p2a: Sableye","|-damage|p2a: Sableye|0 fnt","|faint|p2a: Sableye","|","|-weather|SunnyDay|[upkeep]","|","|switch|p2a: Tyranitar|Tyranitar-Mega, F|85/341 brn","|-weather|Sandstorm","|turn|18","|","|switch|p1a: Ninetales|Ninetales, M|170/287 tox","|-weather|SunnyDay","|move|p2a: Tyranitar|Rock Slide|p1a: Ninetales","|-supereffective|p1a: Ninetales","|-damage|p1a: Ninetales|0 fnt","|faint|p1a: Ninetales","|","|-weather|SunnyDay|[upkeep]","|-damage|p2a: Tyranitar|43/341 brn|[from] brn","|","|switch|p1a: Typhlosion|Typhlosion, F|297/297","|turn|19","|","|switch|p2a: Bisharp|Bisharp, M|271/271","|move|p1a: Typhlosion|Eruption|p2a: Bisharp","|-supereffective|p2a: Bisharp","|-enditem|p2a: Bisharp|Focus Sash","|-damage|p2a: Bisharp|1/271","|","|-weather|SunnyDay|[upkeep]","|-sideend|p1: GL♅ Aron|move: Light Screen","|turn|20","|","|switch|p1a: Infernape|Infernape, M|87/293","|move|p2a: Bisharp|Sucker Punch|p1a: Infernape","|-fail|p2a: Bisharp","|","|-weather|SunnyDay|[upkeep]","|turn|21","|","|switch|p2a: Mandibuzz|Mandibuzz, F|211/361 par","|move|p1a: Infernape|Mach Punch|p2a: Mandibuzz","|-damage|p2a: Mandibuzz|163/361 par","|-damage|p1a: Infernape|39/293|[from] item: Rocky Helmet|[of] p2a: Mandibuzz","|","|-weather|SunnyDay|[upkeep]","|turn|22","|","|switch|p1a: Typhlosion|Typhlosion, F|297/297","|move|p2a: Mandibuzz|Roost|p2a: Mandibuzz","|-heal|p2a: Mandibuzz|344/361 par","|","|-weather|none","|turn|23","|","|move|p1a: Typhlosion|Eruption|p2a: Mandibuzz","|-damage|p2a: Mandibuzz|148/361 par","|move|p2a: Mandibuzz|Toxic|p1a: Typhlosion","|-status|p1a: Typhlosion|tox","|","|-damage|p1a: Typhlosion|279/297 tox|[from] psn","|turn|24","|","|switch|p1a: Charizard|Charizard-Mega-Y, M|297/297","|-weather|SunnyDay","|switch|p2a: Hydreigon|Hydreigon, M|265/325","|","|-weather|SunnyDay|[upkeep]","|turn|25","|","|switch|p2a: Tyranitar|Tyranitar-Mega, F|43/341 brn","|-weather|Sandstorm","|switch|p1a: Infernape|Infernape, M|39/293","|","|-weather|Sandstorm|[upkeep]","|-damage|p1a: Infernape|21/293|[from] sandstorm","|-damage|p2a: Tyranitar|1/341 brn|[from] brn","|turn|26","|","|switch|p2a: Mandibuzz|Mandibuzz, F|148/361 par","|move|p1a: Infernape|Thunder Punch|p2a: Mandibuzz","|-supereffective|p2a: Mandibuzz","|-damage|p2a: Mandibuzz|18/361 par","|-damage|p1a: Infernape|0 fnt|[from] item: Rocky Helmet|[of] p2a: Mandibuzz","|faint|p1a: Infernape","|","|-weather|Sandstorm|[upkeep]","|","|switch|p1a: Charizard|Charizard-Mega-Y, M|297/297","|-weather|SunnyDay","|turn|27","|","|move|p1a: Charizard|Air Slash|p2a: Mandibuzz","|-damage|p2a: Mandibuzz|0 fnt","|faint|p2a: Mandibuzz","|","|-weather|SunnyDay|[upkeep]","|","|switch|p2a: Hydreigon|Hydreigon, M|265/325","|turn|28","|","|move|p2a: Hydreigon|Draco Meteor|p1a: Charizard","|-damage|p1a: Charizard|99/297","|-unboost|p2a: Hydreigon|spa|2","|move|p1a: Charizard|Air Slash|p2a: Hydreigon","|-damage|p2a: Hydreigon|91/325","|","|-weather|SunnyDay|[upkeep]","|turn|29","|","|switch|p1a: Victini|Victini|341/341","|move|p2a: Hydreigon|Draco Meteor|p1a: Victini|[miss]","|-miss|p2a: Hydreigon|p1a: Victini","|","|-weather|SunnyDay|[upkeep]","|turn|30","|","|switch|p2a: Tyranitar|Tyranitar-Mega, F|1/341 brn","|-weather|Sandstorm","|move|p1a: Victini|U-turn|p2a: Tyranitar","|-supereffective|p2a: Tyranitar","|-damage|p2a: Tyranitar|0 fnt","|faint|p2a: Tyranitar","|","|switch|p1a: Charizard|Charizard-Mega-Y, M|99/297","|-weather|SunnyDay","|","|-weather|SunnyDay|[upkeep]","|","|switch|p2a: Hydreigon|Hydreigon, M|91/325","|turn|31","|","|move|p2a: Hydreigon|Draco Meteor|p1a: Charizard","|-damage|p1a: Charizard|0 fnt","|-unboost|p2a: Hydreigon|spa|2","|faint|p1a: Charizard","|","|-weather|SunnyDay|[upkeep]","|","|switch|p1a: Victini|Victini|341/341","|turn|32","|","|move|p1a: Victini|U-turn|p2a: Hydreigon","|-supereffective|p2a: Hydreigon","|-damage|p2a: Hydreigon|0 fnt","|faint|p2a: Hydreigon","|","|switch|p1a: Typhlosion|Typhlosion, F|279/297 tox","|","|-weather|SunnyDay|[upkeep]","|-damage|p1a: Typhlosion|261/297 tox|[from] psn","|","|switch|p2a: Krookodile|Krookodile, M|331/331","|-ability|p2a: Krookodile|Intimidate","|-unboost|p1a: Typhlosion|atk|1","|turn|33","|","|move|p1a: Typhlosion|Eruption|p2a: Krookodile","|-damage|p2a: Krookodile|0 fnt","|faint|p2a: Krookodile","|","|-weather|SunnyDay|[upkeep]","|-damage|p1a: Typhlosion|225/297 tox|[from] psn","|","|switch|p2a: Bisharp|Bisharp, M|1/271","|turn|34","|","|move|p2a: Bisharp|Sucker Punch|p1a: Typhlosion","|-crit|p1a: Typhlosion","|-damage|p1a: Typhlosion|0 fnt","|faint|p1a: Typhlosion","|","|-weather|none","|","|switch|p1a: Victini|Victini|341/341","|turn|35","|","|move|p2a: Bisharp|Sucker Punch|p1a: Victini","|-supereffective|p1a: Victini","|-damage|p1a: Victini|47/341","|move|p1a: Victini|U-turn|p2a: Bisharp","|-damage|p2a: Bisharp|0 fnt","|faint|p2a: Bisharp","|","|win|GL♅ Aron"],"p1rating":{"entryid":"800314","serverid":"eos","formatid":"monotype","userid":"glaron","username":"GL♅ Aron","w":2,"l":"0","t":"0","gxe":59,"r":"1500","rd":"130","sigma":"0","rptime":"1441270800","rpr":1572.4273001208,"rprd":115.64638825414,"rpsigma":"0","acre":1083.1344548121,"lacre":1083.1344548121,"oldacre":"1049.3368508137"},"p2rating":{"entryid":"97728","serverid":"eos","formatid":"monotype","userid":"sjado","username":"Sjado","w":"5","l":6,"t":"0","gxe":47.1,"r":"1497.7662003909","rd":"90.238804380327","sigma":"0","rptime":"1441270800","rpr":1477.4028331214,"rprd":87.745243446324,"rpsigma":"0","acre":1042.085196529,"lacre":1042.085196529,"oldacre":"1062.111939351"},"endType":"normal"}