{"seed":[29723,41311,40542,16540],"turns":25,"p1":"Marx-Bot","p2":"Apex✦Quilluminati","p1team":[{"name":"Scraggy","species":"Scraggy","item":"eviolite","ability":"Intimidate","moves":["toxic","protect","crunch","drainpunch"],"nature":"Careful","evs":{"hp":248,"atk":8,"def":0,"spa":0,"spd":252,"spe":0},"ivs":{"hp":31,"atk":31,"def":31,"spa":31,"spd":31,"spe":31}},{"name":"Sableye","species":"Sableye","item":"sablenite","ability":"Prankster","moves":["recover","darkpulse","nastyplot","confuseray"],"nature":"Bold","evs":{"hp":248,"atk":0,"def":252,"spa":8,"spd":0,"spe":0},"ivs":{"hp":31,"atk":31,"def":31,"spa":31,"spd":31,"spe":31}},{"name":"Umbreon","species":"Umbreon","item":"leftovers","ability":"Synchronize","moves":["wish","protect","toxic","foulplay"],"nature":"Calm","evs":{"hp":252,"atk":0,"def":4,"spa":0,"spd":252,"spe":0},"ivs":{"hp":31,"atk":31,"def":31,"spa":31,"spd":31,"spe":31}},{"name":"Honchkrow","species":"Honchkrow","item":"scopelens","ability":"Super Luck","moves":["bravebird","thunderwave","nightslash","suckerpunch"],"nature":"Adamant","evs":{"hp":248,"atk":252,"def":0,"spa":0,"spd":8,"spe":0},"ivs":{"hp":31,"atk":31,"def":31,"spa":31,"spd":31,"spe":31}},{"name":"Spiritomb","species":"Spiritomb","item":"lifeorb","ability":"Infiltrator","moves":["darkpulse","suckerpunch","shadowball","psychic"],"nature":"Mild","evs":{"hp":248,"atk":8,"def":0,"spa":252,"spd":0,"spe":0},"ivs":{"hp":31,"atk":31,"def":31,"spa":31,"spd":31,"spe":31}},{"name":"Mandibuzz","species":"Mandibuzz","item":"rockyhelmet","ability":"Overcoat","moves":["bravebird","roost","foulplay","snarl"],"nature":"Lax","evs":{"hp":248,"atk":8,"def":252,"spa":0,"spd":0,"spe":0},"ivs":{"hp":31,"atk":31,"def":31,"spa":31,"spd":31,"spe":31}}],"p2team":[{"name":"Allen Iverson","species":"diancie","item":"diancite","ability":"Clear Body","moves":["protect","moonblast","earthpower","diamondstorm"],"nature":"Hasty","evs":{"hp":0,"atk":120,"def":0,"spa":128,"spd":8,"spe":252},"ivs":{"hp":31,"atk":31,"def":31,"spa":31,"spd":31,"spe":31}},{"name":"Michael Jordan","species":"terrakion","item":"choicescarf","ability":"Justified","moves":["closecombat","ironhead","earthquake","stoneedge"],"nature":"Jolly","evs":{"hp":0,"atk":252,"def":0,"spa":0,"spd":4,"spe":252},"shiny":true,"ivs":{"hp":31,"atk":31,"def":31,"spa":31,"spd":31,"spe":31}},{"name":"Wilt Chamberlain","species":"shuckle","item":"redcard","ability":"Sturdy","moves":["stickyweb","knockoff","stealthrock","toxic"],"nature":"Impish","evs":{"hp":252,"atk":0,"def":84,"spa":0,"spd":172,"spe":0},"ivs":{"hp":31,"atk":31,"def":31,"spa":31,"spd":31,"spe":31}},{"name":"Aerodactyl","species":"Aerodactyl","item":"focussash","ability":"Rock Head","moves":["honeclaws","aerialace","stoneedge","aquatail"],"nature":"Jolly","evs":{"hp":4,"atk":252,"def":0,"spa":0,"spd":0,"spe":252},"ivs":{"hp":31,"atk":31,"def":31,"spa":31,"spd":31,"spe":31}},{"name":"Omastar","species":"Omastar","item":"focussash","ability":"Shell Armor","moves":["shellsmash","scald","icebeam","earthpower"],"nature":"Modest","evs":{"hp":4,"atk":0,"def":0,"spa":252,"spd":0,"spe":252},"ivs":{"hp":31,"atk":31,"def":31,"spa":31,"spd":31,"spe":31}},{"name":"Tyranitar","species":"Tyranitar","item":"assaultvest","ability":"Sand Stream","moves":["fireblast","crunch","stoneedge","earthquake"],"nature":"Naughty","evs":{"hp":248,"atk":252,"def":0,"spa":8,"spd":0,"spe":0},"ivs":{"hp":31,"atk":31,"def":31,"spa":31,"spd":31,"spe":31}}],"log":["|player|p1|Marx-Bot|167","|player|p2|Apex✦Quilluminati|80","|gametype|singles","|gen|6","|tier|Monotype","|rated","|rule|Baton Pass Clause: Limit one Baton Passer, can't pass Spe and other stats simultaneously","|rule|Swagger Clause: Swagger is banned","|rule|Same Type Clause: Pokémon in a team must share a type","|clearpoke","|poke|p1|Scraggy, F","|poke|p1|Sableye, M","|poke|p1|Umbreon, F","|poke|p1|Honchkrow, F","|poke|p1|Spiritomb, M","|poke|p1|Mandibuzz, F","|poke|p2|Diancie","|poke|p2|Terrakion, shiny","|poke|p2|Shuckle, M","|poke|p2|Aerodactyl, M","|poke|p2|Omastar, M","|poke|p2|Tyranitar, F","|rule|Sleep Clause Mod: Limit one foe put to sleep","|rule|Species Clause: Limit one of each Pokémon","|rule|OHKO Clause: OHKO moves are banned","|rule|Moody Clause: Moody is banned","|rule|Evasion Moves Clause: Evasion moves are banned","|rule|Endless Battle Clause: Forcing endless battles is banned","|rule|HP Percentage Mod: HP is shown in percentages","|teampreview","|","|start","|switch|p1a: Sableye|Sableye, M|303/303","|switch|p2a: Allen Iverson|Diancie|241/241","|turn|1","|","|switch|p1a: Umbreon|Umbreon, F|394/394","|detailschange|p2a: Allen Iverson|Diancie-Mega","|-mega|p2a: Allen Iverson|Diancie|Diancite","|move|p2a: Allen Iverson|Protect|p2a: Allen Iverson","|-fail|p2a: Allen Iverson","|","|turn|2","|","|move|p2a: Allen Iverson|Moonblast|p1a: Umbreon","|-supereffective|p1a: Umbreon","|-damage|p1a: Umbreon|182/394","|-unboost|p1a: Umbreon|spa|1","|move|p1a: Umbreon|Toxic|p2a: Allen Iverson","|move|p2a: Allen Iverson|Toxic|p1a: Umbreon|[from]Magic Bounce","|-status|p1a: Umbreon|tox","|-status|p2a: Allen Iverson|tox","|","|-heal|p1a: Umbreon|206/394 tox|[from] item: Leftovers","|-damage|p2a: Allen Iverson|226/241 tox|[from] psn","|-damage|p1a: Umbreon|182/394 tox|[from] psn","|turn|3","|","|move|p1a: Umbreon|Protect|p1a: Umbreon","|-singleturn|p1a: Umbreon|Protect","|move|p2a: Allen Iverson|Moonblast|p1a: Umbreon","|-activate|p1a: Umbreon|Protect","|","|-heal|p1a: Umbreon|206/394 tox|[from] item: Leftovers","|-damage|p2a: Allen Iverson|196/241 tox|[from] psn","|-damage|p1a: Umbreon|158/394 tox|[from] psn","|turn|4","|","|move|p1a: Umbreon|Protect|p1a: Umbreon","|-fail|p1a: Umbreon","|move|p2a: Allen Iverson|Moonblast|p1a: Umbreon","|-supereffective|p1a: Umbreon","|-damage|p1a: Umbreon|0 fnt","|faint|p1a: Umbreon","|","|-damage|p2a: Allen Iverson|151/241 tox|[from] psn","|","|switch|p1a: Mandibuzz|Mandibuzz, F|423/423","|turn|5","|","|move|p2a: Allen Iverson|Moonblast|p1a: Mandibuzz","|-supereffective|p1a: Mandibuzz","|-damage|p1a: Mandibuzz|0 fnt","|faint|p1a: Mandibuzz","|","|-damage|p2a: Allen Iverson|91/241 tox|[from] psn","|","|switch|p1a: Spiritomb|Spiritomb, M|303/303","|turn|6","|","|move|p1a: Spiritomb|Sucker Punch|p2a: Allen Iverson","|-resisted|p2a: Allen Iverson","|-damage|p2a: Allen Iverson|27/241 tox","|-damage|p1a: Spiritomb|273/303|[from] item: Life Orb","|move|p2a: Allen Iverson|Moonblast|p1a: Spiritomb","|-supereffective|p1a: Spiritomb","|-damage|p1a: Spiritomb|0 fnt","|faint|p1a: Spiritomb","|","|-damage|p2a: Allen Iverson|0 fnt|[from] psn","|faint|p2a: Allen Iverson","|","|switch|p2a: Omastar|Omastar, M|282/282","|switch|p1a: Honchkrow|Honchkrow, F|403/403","|turn|7","|","|move|p2a: Omastar|Shell Smash|p2a: Omastar","|-unboost|p2a: Omastar|def|1","|-unboost|p2a: Omastar|spd|1","|-boost|p2a: Omastar|atk|2","|-boost|p2a: Omastar|spa|2","|-boost|p2a: Omastar|spe|2","|move|p1a: Honchkrow|Thunder Wave|p2a: Omastar","|-status|p2a: Omastar|par","|","|turn|8","|","|move|p1a: Honchkrow|Night Slash|p2a: Omastar","|-damage|p2a: Omastar|102/282 par","|cant|p2a: Omastar|par","|","|turn|9","|","|switch|p2a: Michael Jordan|Terrakion, shiny|323/323","|move|p1a: Honchkrow|Sucker Punch|p2a: Michael Jordan","|-fail|p1a: Honchkrow","|","|turn|10","|","|switch|p1a: Scraggy|Scraggy, F|303/303","|-ability|p1a: Scraggy|Intimidate","|-unboost|p2a: Michael Jordan|atk|1","|move|p2a: Michael Jordan|Stone Edge|p1a: Scraggy|[miss]","|-miss|p2a: Michael Jordan|p1a: Scraggy","|","|turn|11","|","|switch|p2a: Wilt Chamberlain|Shuckle, M|244/244","|move|p1a: Scraggy|Drain Punch|p2a: Wilt Chamberlain","|-damage|p2a: Wilt Chamberlain|217/244","|-enditem|p2a: Wilt Chamberlain|Red Card|[of] p1a: Scraggy","|drag|p1a: Sableye|Sableye, M|303/303","|","|turn|12","|","|switch|p2a: Omastar|Omastar, M|102/282 par","|detailschange|p1a: Sableye|Sableye-Mega, M","|-mega|p1a: Sableye|Sableye|Sablenite","|move|p1a: Sableye|Confuse Ray|p2a: Omastar","|-start|p2a: Omastar|confusion","|","|turn|13","|","|move|p1a: Sableye|Nasty Plot|p1a: Sableye","|-boost|p1a: Sableye|spa|2","|-activate|p2a: Omastar|confusion","|cant|p2a: Omastar|par","|","|turn|14","|","|move|p1a: Sableye|Dark Pulse|p2a: Omastar","|-damage|p2a: Omastar|0 fnt","|faint|p2a: Omastar","|","|","|switch|p2a: Aerodactyl|Aerodactyl, M|302/302","|turn|15","|","|move|p2a: Aerodactyl|Hone Claws|p2a: Aerodactyl","|-boost|p2a: Aerodactyl|atk|1","|-boost|p2a: Aerodactyl|accuracy|1","|move|p1a: Sableye|Confuse Ray|p2a: Aerodactyl","|-start|p2a: Aerodactyl|confusion","|","|turn|16","|","|-activate|p2a: Aerodactyl|confusion","|move|p2a: Aerodactyl|Stone Edge|p1a: Sableye","|-damage|p1a: Sableye|171/303","|move|p1a: Sableye|Dark Pulse|p2a: Aerodactyl","|-damage|p2a: Aerodactyl|98/302","|","|turn|17","|","|-activate|p2a: Aerodactyl|confusion","|-damage|p2a: Aerodactyl|12/302|[from] confusion","|move|p1a: Sableye|Recover|p1a: Sableye","|-heal|p1a: Sableye|303/303","|","|turn|18","|","|-end|p2a: Aerodactyl|confusion","|move|p2a: Aerodactyl|Stone Edge|p1a: Sableye","|-damage|p1a: Sableye|153/303","|move|p1a: Sableye|Nasty Plot|p1a: Sableye","|-boost|p1a: Sableye|spa|2","|","|turn|19","|","|move|p2a: Aerodactyl|Stone Edge|p1a: Sableye","|-damage|p1a: Sableye|9/303","|move|p1a: Sableye|Recover|p1a: Sableye","|-heal|p1a: Sableye|161/303","|","|turn|20","|","|move|p2a: Aerodactyl|Stone Edge|p1a: Sableye","|-crit|p1a: Sableye","|-damage|p1a: Sableye|0 fnt","|faint|p1a: Sableye","|","|","|switch|p1a: Honchkrow|Honchkrow, F|403/403","|turn|21","|","|move|p2a: Aerodactyl|Stone Edge|p1a: Honchkrow","|-supereffective|p1a: Honchkrow","|-damage|p1a: Honchkrow|0 fnt","|faint|p1a: Honchkrow","|","|","|switch|p1a: Scraggy|Scraggy, F|303/303","|-ability|p1a: Scraggy|Intimidate","|-unboost|p2a: Aerodactyl|atk|1","|turn|22","|","|move|p1a: Scraggy|Protect|p1a: Scraggy","|-singleturn|p1a: Scraggy|Protect","|move|p2a: Aerodactyl|Aerial Ace|p1a: Scraggy","|-activate|p1a: Scraggy|Protect","|","|turn|23","|","|move|p2a: Aerodactyl|Aerial Ace|p1a: Scraggy","|-supereffective|p1a: Scraggy","|-damage|p1a: Scraggy|133/303","|move|p1a: Scraggy|Drain Punch|p2a: Aerodactyl","|-damage|p2a: Aerodactyl|0 fnt","|-heal|p1a: Scraggy|139/303|[from] drain|[of] p2a: Aerodactyl","|faint|p2a: Aerodactyl","|","|","|switch|p2a: Michael Jordan|Terrakion, shiny|323/323","|turn|24","|","|move|p1a: Scraggy|Protect|p1a: Scraggy","|-singleturn|p1a: Scraggy|Protect","|move|p2a: Michael Jordan|Close Combat|p1a: Scraggy","|-activate|p1a: Scraggy|Protect","|","|turn|25","|","|move|p2a: Michael Jordan|Close Combat|p1a: Scraggy","|-supereffective|p1a: Scraggy","|-damage|p1a: Scraggy|0 fnt","|-unboost|p2a: Michael Jordan|def|1","|-unboost|p2a: Michael Jordan|spd|1","|faint|p1a: Scraggy","|","|win|Apex✦Quilluminati"],"p1rating":{"entryid":"79213","serverid":"eos","formatid":"monotype","userid":"marxbot","username":"Marx-Bot","w":"22","l":24,"t":"0","gxe":48.1,"r":"1468.2021780198","rd":"53.529458743101","sigma":"0","rptime":"1441270800","rpr":1485.4089725421,"rprd":50.394133929885,"rpsigma":"0","acre":1118.5740832576,"lacre":1118.5740832576,"oldacre":"1144.1593515225"},"p2rating":{"entryid":"777566","serverid":"eos","formatid":"monotype","userid":"apexquilluminati","username":"Apex✦Quilluminati","w":13,"l":"13","t":"0","gxe":49.5,"r":"1434.6538432407","rd":"74.261728971237","sigma":"0","rptime":"1441270800","rpr":1496.3252182942,"rprd":62.952347865696,"rpsigma":"0","acre":1161.6094124782,"lacre":1161.6094124782,"oldacre":"1136.0241442133"},"endType":"normal"}