{"seed":[48376,41065,7033,9363],"turns":22,"p1":"Union Enthalpy","p2":"Apex✦Quilluminati","p1team":[{"name":"Cobalion","species":"Cobalion","item":"leftovers","ability":"Justified","moves":["reflect","thunderwave","stealthrock","ironhead"],"nature":"Jolly","evs":{"hp":4,"atk":0,"def":252,"spa":0,"spd":0,"spe":252},"ivs":{"hp":31,"atk":31,"def":31,"spa":31,"spd":31,"spe":31}},{"name":"Medicham","species":"Medicham","item":"medichamite","ability":"Pure Power","moves":["highjumpkick","bulletpunch","icepunch","fakeout"],"nature":"Jolly","evs":{"hp":4,"atk":252,"def":0,"spa":0,"spd":0,"spe":252},"ivs":{"hp":31,"atk":31,"def":31,"spa":31,"spd":31,"spe":31}},{"name":"Keldeo","species":"Keldeo","item":"leftovers","ability":"Justified","moves":["scald","secretsword","calmmind","icywind"],"nature":"Modest","evs":{"hp":24,"atk":0,"def":0,"spa":232,"spd":0,"spe":252},"ivs":{"hp":31,"atk":31,"def":31,"spa":31,"spd":31,"spe":31}},{"name":"Heracross","species":"Heracross","item":"choicescarf","ability":"Moxie","moves":["closecombat","megahorn","knockoff","rockblast"],"nature":"Adamant","evs":{"hp":4,"atk":252,"def":0,"spa":0,"spd":0,"spe":252},"ivs":{"hp":31,"atk":31,"def":31,"spa":31,"spd":31,"spe":31}},{"name":"Hawlucha","species":"Hawlucha","item":"powerherb","ability":"Unburden","moves":["acrobatics","skyattack","highjumpkick","swordsdance"],"nature":"Adamant","evs":{"hp":4,"atk":252,"def":0,"spa":0,"spd":0,"spe":252},"ivs":{"hp":31,"atk":30,"def":30,"spa":31,"spd":30,"spe":31}},{"name":"Breloom","species":"Breloom","item":"focussash","ability":"Technician","moves":["swordsdance","rocktomb","spore","machpunch"],"nature":"Jolly","evs":{"hp":4,"atk":252,"def":0,"spa":0,"spd":0,"spe":252},"ivs":{"hp":31,"atk":31,"def":31,"spa":31,"spd":31,"spe":31}}],"p2team":[{"name":"Allen Iverson","species":"diancie","item":"diancite","ability":"Clear Body","moves":["protect","moonblast","earthpower","diamondstorm"],"nature":"Hasty","evs":{"hp":0,"atk":120,"def":0,"spa":128,"spd":8,"spe":252},"ivs":{"hp":31,"atk":31,"def":31,"spa":31,"spd":31,"spe":31}},{"name":"Michael Jordan","species":"terrakion","item":"choicescarf","ability":"Justified","moves":["closecombat","ironhead","earthquake","stoneedge"],"nature":"Jolly","evs":{"hp":0,"atk":252,"def":0,"spa":0,"spd":4,"spe":252},"shiny":true,"ivs":{"hp":31,"atk":31,"def":31,"spa":31,"spd":31,"spe":31}},{"name":"Wilt Chamberlain","species":"shuckle","item":"redcard","ability":"Sturdy","moves":["stickyweb","knockoff","stealthrock","toxic"],"nature":"Impish","evs":{"hp":252,"atk":0,"def":84,"spa":0,"spd":172,"spe":0},"ivs":{"hp":31,"atk":31,"def":31,"spa":31,"spd":31,"spe":31}},{"name":"Aerodactyl","species":"Aerodactyl","item":"focussash","ability":"Rock Head","moves":["honeclaws","aerialace","stoneedge","aquatail"],"nature":"Jolly","evs":{"hp":4,"atk":252,"def":0,"spa":0,"spd":0,"spe":252},"ivs":{"hp":31,"atk":31,"def":31,"spa":31,"spd":31,"spe":31}},{"name":"Omastar","species":"Omastar","item":"focussash","ability":"Shell Armor","moves":["shellsmash","scald","icebeam","earthpower"],"nature":"Modest","evs":{"hp":4,"atk":0,"def":0,"spa":252,"spd":0,"spe":252},"ivs":{"hp":31,"atk":31,"def":31,"spa":31,"spd":31,"spe":31}},{"name":"Tyranitar","species":"Tyranitar","item":"assaultvest","ability":"Sand Stream","moves":["fireblast","crunch","stoneedge","earthquake"],"nature":"Naughty","evs":{"hp":248,"atk":252,"def":0,"spa":8,"spd":0,"spe":0},"ivs":{"hp":31,"atk":31,"def":31,"spa":31,"spd":31,"spe":31}}],"log":["|player|p1|Union Enthalpy|124","|player|p2|Apex✦Quilluminati|80","|gametype|singles","|gen|6","|tier|Monotype","|rated","|rule|Baton Pass Clause: Limit one Baton Passer, can't pass Spe and other stats simultaneously","|rule|Swagger Clause: Swagger is banned","|rule|Same Type Clause: Pokémon in a team must share a type","|clearpoke","|poke|p1|Cobalion","|poke|p1|Medicham, F","|poke|p1|Keldeo","|poke|p1|Heracross, M","|poke|p1|Hawlucha, F","|poke|p1|Breloom, M","|poke|p2|Diancie","|poke|p2|Terrakion, shiny","|poke|p2|Shuckle, M","|poke|p2|Aerodactyl, M","|poke|p2|Omastar, M","|poke|p2|Tyranitar, M","|rule|Sleep Clause Mod: Limit one foe put to sleep","|rule|Species Clause: Limit one of each Pokémon","|rule|OHKO Clause: OHKO moves are banned","|rule|Moody Clause: Moody is banned","|rule|Evasion Moves Clause: Evasion moves are banned","|rule|Endless Battle Clause: Forcing endless battles is banned","|rule|HP Percentage Mod: HP is shown in percentages","|teampreview","|","|start","|switch|p1a: Cobalion|Cobalion|324/324","|switch|p2a: Allen Iverson|Diancie|241/241","|turn|1","|","|detailschange|p2a: Allen Iverson|Diancie-Mega","|-mega|p2a: Allen Iverson|Diancie|Diancite","|move|p2a: Allen Iverson|Protect|p2a: Allen Iverson","|-singleturn|p2a: Allen Iverson|Protect","|move|p1a: Cobalion|Iron Head|p2a: Allen Iverson","|-activate|p2a: Allen Iverson|Protect","|","|turn|2","|","|switch|p2a: Wilt Chamberlain|Shuckle, M|244/244","|move|p1a: Cobalion|Iron Head|p2a: Wilt Chamberlain","|-supereffective|p2a: Wilt Chamberlain","|-damage|p2a: Wilt Chamberlain|166/244","|-enditem|p2a: Wilt Chamberlain|Red Card|[of] p1a: Cobalion","|drag|p1a: Keldeo|Keldeo|329/329","|","|turn|3","|","|move|p1a: Keldeo|Secret Sword|p2a: Wilt Chamberlain","|-damage|p2a: Wilt Chamberlain|96/244","|move|p2a: Wilt Chamberlain|Sticky Web|p1a: Keldeo","|-sidestart|p1: Union Enthalpy|move: Sticky Web","|","|turn|4","|","|move|p1a: Keldeo|Scald|p2a: Wilt Chamberlain","|-supereffective|p2a: Wilt Chamberlain","|-damage|p2a: Wilt Chamberlain|0 fnt","|faint|p2a: Wilt Chamberlain","|","|","|switch|p2a: Allen Iverson|Diancie-Mega|241/241","|turn|5","|","|move|p2a: Allen Iverson|Moonblast|p1a: Keldeo","|-supereffective|p1a: Keldeo","|-damage|p1a: Keldeo|0 fnt","|faint|p1a: Keldeo","|","|","|switch|p1a: Medicham|Medicham, F|262/262","|-activate|p1a: Medicham|move: Sticky Web","|-unboost|p1a: Medicham|spe|1","|turn|6","|","|detailschange|p1a: Medicham|Medicham-Mega, F","|-mega|p1a: Medicham|Medicham|Medichamite","|move|p2a: Allen Iverson|Protect|p2a: Allen Iverson","|-singleturn|p2a: Allen Iverson|Protect","|move|p1a: Medicham|Fake Out|p2a: Allen Iverson","|-activate|p2a: Allen Iverson|Protect","|","|turn|7","|","|move|p2a: Allen Iverson|Protect|p2a: Allen Iverson","|-singleturn|p2a: Allen Iverson|Protect","|move|p1a: Medicham|Bullet Punch|p2a: Allen Iverson","|-activate|p2a: Allen Iverson|Protect","|","|turn|8","|","|switch|p2a: Omastar|Omastar, M|282/282","|move|p1a: Medicham|Bullet Punch|p2a: Omastar","|-damage|p2a: Omastar|216/282","|","|turn|9","|","|move|p1a: Medicham|High Jump Kick|p2a: Omastar","|-supereffective|p2a: Omastar","|-damage|p2a: Omastar|0 fnt","|faint|p2a: Omastar","|","|","|switch|p2a: Aerodactyl|Aerodactyl, M|302/302","|turn|10","|","|switch|p1a: Cobalion|Cobalion|324/324","|-activate|p1a: Cobalion|move: Sticky Web","|-unboost|p1a: Cobalion|spe|1","|move|p2a: Aerodactyl|Aerial Ace|p1a: Cobalion","|-damage|p1a: Cobalion|263/324","|","|-heal|p1a: Cobalion|283/324|[from] item: Leftovers","|turn|11","|","|switch|p2a: Tyranitar|Tyranitar, M|403/403","|-weather|Sandstorm","|move|p1a: Cobalion|Thunder Wave|p2a: Tyranitar","|-status|p2a: Tyranitar|par","|","|-weather|Sandstorm|[upkeep]","|-heal|p1a: Cobalion|303/324|[from] item: Leftovers","|turn|12","|","|move|p1a: Cobalion|Reflect|p1a: Cobalion","|-sidestart|p1: Union Enthalpy|Reflect","|move|p2a: Tyranitar|Earthquake|p1a: Cobalion","|-supereffective|p1a: Cobalion","|-damage|p1a: Cobalion|222/324","|","|-weather|Sandstorm|[upkeep]","|-heal|p1a: Cobalion|242/324|[from] item: Leftovers","|turn|13","|","|move|p1a: Cobalion|Stealth Rock|p2a: Tyranitar","|-sidestart|p2: Apex✦Quilluminati|move: Stealth Rock","|move|p2a: Tyranitar|Fire Blast|p1a: Cobalion","|-supereffective|p1a: Cobalion","|-damage|p1a: Cobalion|4/324","|","|-weather|Sandstorm|[upkeep]","|-heal|p1a: Cobalion|24/324|[from] item: Leftovers","|turn|14","|","|move|p1a: Cobalion|Iron Head|p2a: Tyranitar","|-supereffective|p2a: Tyranitar","|-damage|p2a: Tyranitar|233/403 par","|move|p2a: Tyranitar|Fire Blast|p1a: Cobalion","|-supereffective|p1a: Cobalion","|-damage|p1a: Cobalion|0 fnt","|faint|p1a: Cobalion","|","|-weather|Sandstorm|[upkeep]","|","|switch|p1a: Hawlucha|Hawlucha, F|298/298","|turn|15","|","|move|p1a: Hawlucha|Sky Attack|p2a: Tyranitar|[still]","|-prepare|p1a: Hawlucha|Sky Attack|p2a: Tyranitar","|-enditem|p1a: Hawlucha|Power Herb","|-anim|p1a: Hawlucha|Sky Attack|p2a: Tyranitar","|-resisted|p2a: Tyranitar","|-damage|p2a: Tyranitar|130/403 par","|move|p2a: Tyranitar|Fire Blast|p1a: Hawlucha","|-damage|p1a: Hawlucha|184/298","|","|-weather|none","|turn|16","|","|move|p1a: Hawlucha|High Jump Kick|p2a: Tyranitar","|-supereffective|p2a: Tyranitar","|-damage|p2a: Tyranitar|0 fnt","|faint|p2a: Tyranitar","|","|-sideend|p1: Union Enthalpy|Reflect","|","|switch|p2a: Allen Iverson|Diancie-Mega|241/241","|-damage|p2a: Allen Iverson|211/241|[from] Stealth Rock","|turn|17","|","|move|p2a: Allen Iverson|Protect|p2a: Allen Iverson","|-singleturn|p2a: Allen Iverson|Protect","|move|p1a: Hawlucha|Swords Dance|p1a: Hawlucha","|-boost|p1a: Hawlucha|atk|2","|","|turn|18","|","|move|p1a: Hawlucha|Acrobatics|p2a: Allen Iverson","|-resisted|p2a: Allen Iverson","|-damage|p2a: Allen Iverson|35/241","|move|p2a: Allen Iverson|Moonblast|p1a: Hawlucha","|-supereffective|p1a: Hawlucha","|-damage|p1a: Hawlucha|0 fnt","|faint|p1a: Hawlucha","|","|","|switch|p1a: Breloom|Breloom, M|262/262","|-activate|p1a: Breloom|move: Sticky Web","|-unboost|p1a: Breloom|spe|1","|turn|19","|","|switch|p2a: Aerodactyl|Aerodactyl, M|302/302","|-damage|p2a: Aerodactyl|227/302|[from] Stealth Rock","|move|p1a: Breloom|Rock Tomb|p2a: Aerodactyl","|-supereffective|p2a: Aerodactyl","|-damage|p2a: Aerodactyl|0 fnt","|faint|p2a: Aerodactyl","|","|","|switch|p2a: Allen Iverson|Diancie-Mega|35/241","|-damage|p2a: Allen Iverson|5/241|[from] Stealth Rock","|turn|20","|","|move|p1a: Breloom|Mach Punch|p2a: Allen Iverson","|-damage|p2a: Allen Iverson|0 fnt","|faint|p2a: Allen Iverson","|","|","|switch|p2a: Michael Jordan|Terrakion, shiny|323/323","|-damage|p2a: Michael Jordan|303/323|[from] Stealth Rock","|turn|21","|","|move|p2a: Michael Jordan|Close Combat|p1a: Breloom","|-damage|p1a: Breloom|3/262","|-unboost|p2a: Michael Jordan|def|1","|-unboost|p2a: Michael Jordan|spd|1","|move|p1a: Breloom|Spore|p2a: Michael Jordan","|-status|p2a: Michael Jordan|slp","|","|turn|22","|","|move|p1a: Breloom|Mach Punch|p2a: Michael Jordan","|-supereffective|p2a: Michael Jordan","|-damage|p2a: Michael Jordan|0 fnt","|faint|p2a: Michael Jordan","|","|win|Union Enthalpy"],"p1rating":{"entryid":"207652","serverid":"eos","formatid":"monotype","userid":"unionenthalpy","username":"Union Enthalpy","w":5,"l":"3","t":"0","gxe":55.8,"r":"1500.1488063601","rd":"102.24728815741","sigma":"0","rptime":"1441270800","rpr":1545.4931100998,"rprd":94.751191332641,"rpsigma":"0","acre":1148.2397079394,"lacre":1148.2397079394,"oldacre":"1120.3674744888"},"p2rating":{"entryid":"777566","serverid":"eos","formatid":"monotype","userid":"apexquilluminati","username":"Apex✦Quilluminati","w":"9","l":11,"t":"0","gxe":45.3,"r":"1434.6538432407","rd":"74.261728971237","sigma":"0","rptime":"1441270800","rpr":1463.6602247284,"rprd":68.896914924025,"rpsigma":"0","acre":1132.5889170189,"lacre":1132.5889170189,"oldacre":"1160.4611504695"},"endType":"normal"}