{"seed":[23993,2852,20166,50721],"turns":39,"p1":"Alliance - Elite","p2":"Gym Ldr Mitsuka∆","p1team":[{"name":"Breloom","species":"Breloom","item":"focussash","ability":"Technician","moves":["spore","swordsdance","bulletseed","machpunch"],"nature":"Jolly","evs":{"hp":0,"atk":252,"def":4,"spa":0,"spd":0,"spe":252},"gender":"M","ivs":{"hp":31,"atk":31,"def":31,"spa":31,"spd":31,"spe":31}},{"name":"Terrakion","species":"Terrakion","item":"choicescarf","ability":"Justified","moves":["stoneedge","xscissor","ironhead","closecombat"],"nature":"Jolly","evs":{"hp":0,"atk":252,"def":4,"spa":0,"spd":0,"spe":252},"ivs":{"hp":31,"atk":31,"def":31,"spa":31,"spd":31,"spe":31}},{"name":"Scrafty","species":"Scrafty","item":"leftovers","ability":"Shed Skin","moves":["bulkup","drainpunch","crunch","rest"],"nature":"Careful","evs":{"hp":252,"atk":4,"def":0,"spa":0,"spd":252,"spe":0},"gender":"M","ivs":{"hp":31,"atk":31,"def":31,"spa":31,"spd":31,"spe":31}},{"name":"Keldeo","species":"Keldeo","item":"leftovers","ability":"Justified","moves":["substitute","scald","secretsword","calmmind"],"nature":"Timid","evs":{"hp":0,"atk":0,"def":0,"spa":252,"spd":4,"spe":252},"ivs":{"hp":31,"atk":0,"def":31,"spa":31,"spd":31,"spe":31}},{"name":"Gallade","species":"Gallade","item":"galladite","ability":"Justified","moves":["swordsdance","closecombat","icepunch","zenheadbutt"],"nature":"Jolly","evs":{"hp":4,"atk":252,"def":0,"spa":0,"spd":0,"spe":252},"ivs":{"hp":31,"atk":31,"def":31,"spa":31,"spd":31,"spe":31}},{"name":"Conkeldurr","species":"Conkeldurr","item":"assaultvest","ability":"Guts","moves":["drainpunch","poisonjab","icepunch","machpunch"],"nature":"Adamant","evs":{"hp":4,"atk":252,"def":0,"spa":0,"spd":252,"spe":0},"gender":"M","ivs":{"hp":31,"atk":31,"def":31,"spa":31,"spd":31,"spe":31}}],"p2team":[{"name":"Venusaur","species":"Venusaur","item":"venusaurite","ability":"Chlorophyll","moves":["synthesis","gigadrain","sludgebomb","leechseed"],"nature":"Bold","evs":{"hp":252,"atk":0,"def":164,"spa":0,"spd":92,"spe":0},"ivs":{"hp":31,"atk":31,"def":31,"spa":31,"spd":31,"spe":31}},{"name":"Cradily","species":"Cradily","item":"leftovers","ability":"Storm Drain","moves":["recover","mirrorcoat","gigadrain","ancientpower"],"nature":"Calm","evs":{"hp":252,"atk":0,"def":40,"spa":0,"spd":216,"spe":0},"ivs":{"hp":31,"atk":31,"def":31,"spa":31,"spd":31,"spe":31}},{"name":"Ferrothorn","species":"Ferrothorn","item":"occaberry","ability":"Iron Barbs","moves":["stealthrock","gyroball","leechseed","knockoff"],"nature":"Relaxed","evs":{"hp":248,"atk":8,"def":252,"spa":0,"spd":0,"spe":0},"ivs":{"hp":31,"atk":31,"def":31,"spa":31,"spd":31,"spe":0}},{"name":"Breloom","species":"Breloom","item":"focussash","ability":"Technician","moves":["spore","machpunch","poweruppunch","rocktomb"],"nature":"Jolly","evs":{"hp":0,"atk":252,"def":0,"spa":0,"spd":4,"spe":252},"ivs":{"hp":31,"atk":31,"def":31,"spa":31,"spd":31,"spe":31}},{"name":"Victreebel","species":"Victreebel","item":"focussash","ability":"Chlorophyll","moves":["sunnyday","growth","suckerpunch","weatherball"],"nature":"Lonely","evs":{"hp":0,"atk":252,"def":0,"spa":4,"spd":0,"spe":252},"ivs":{"hp":31,"atk":31,"def":31,"spa":31,"spd":31,"spe":31}},{"name":"Celebi","species":"Celebi","item":"choicescarf","ability":"Natural Cure","moves":["trick","hiddenpowerfire","gigadrain","psychic"],"nature":"Timid","evs":{"hp":4,"atk":0,"def":0,"spa":252,"spd":0,"spe":252},"ivs":{"hp":31,"atk":30,"def":31,"spa":30,"spd":31,"spe":30}}],"log":["|player|p1|Alliance - Elite|92","|player|p2|Gym Ldr Mitsuka∆|265","|gametype|singles","|gen|6","|tier|Monotype","|rated","|rule|Baton Pass Clause: Limit one Baton Passer, can't pass Spe and other stats simultaneously","|rule|Swagger Clause: Swagger is banned","|rule|Same Type Clause: Pokémon in a team must share a type","|clearpoke","|poke|p1|Breloom, M","|poke|p1|Terrakion","|poke|p1|Scrafty, M","|poke|p1|Keldeo","|poke|p1|Gallade, M","|poke|p1|Conkeldurr, M","|poke|p2|Venusaur, M","|poke|p2|Cradily, M","|poke|p2|Ferrothorn, F","|poke|p2|Breloom, F","|poke|p2|Victreebel, F","|poke|p2|Celebi","|rule|Sleep Clause Mod: Limit one foe put to sleep","|rule|Species Clause: Limit one of each Pokémon","|rule|OHKO Clause: OHKO moves are banned","|rule|Moody Clause: Moody is banned","|rule|Evasion Moves Clause: Evasion moves are banned","|rule|Endless Battle Clause: Forcing endless battles is banned","|rule|HP Percentage Mod: HP is shown in percentages","|teampreview","|","|start","|switch|p1a: Terrakion|Terrakion|323/323","|switch|p2a: Ferrothorn|Ferrothorn, F|351/351","|turn|1","|","|move|p1a: Terrakion|Close Combat|p2a: Ferrothorn","|-crit|p2a: Ferrothorn","|-supereffective|p2a: Ferrothorn","|-damage|p2a: Ferrothorn|0 fnt","|-damage|p1a: Terrakion|283/323|[from] ability: Iron Barbs|[of] p2a: Ferrothorn","|-unboost|p1a: Terrakion|def|1","|-unboost|p1a: Terrakion|spd|1","|faint|p2a: Ferrothorn","|","|","|switch|p2a: Victreebel|Victreebel, F|301/301","|turn|2","|","|switch|p1a: Conkeldurr|Conkeldurr, M|352/352","|move|p2a: Victreebel|Sunny Day|p2a: Victreebel","|-weather|SunnyDay","|","|-weather|SunnyDay|[upkeep]","|turn|3","|","|move|p2a: Victreebel|Growth|p2a: Victreebel","|-boost|p2a: Victreebel|atk|2","|-boost|p2a: Victreebel|spa|2","|move|p1a: Conkeldurr|Ice Punch|p2a: Victreebel","|-supereffective|p2a: Victreebel","|-enditem|p2a: Victreebel|Focus Sash","|-damage|p2a: Victreebel|1/301","|","|-weather|SunnyDay|[upkeep]","|turn|4","|","|move|p2a: Victreebel|Sucker Punch|p1a: Conkeldurr","|-resisted|p1a: Conkeldurr","|-damage|p1a: Conkeldurr|255/352","|move|p1a: Conkeldurr|Mach Punch|p2a: Victreebel","|-resisted|p2a: Victreebel","|-damage|p2a: Victreebel|0 fnt","|faint|p2a: Victreebel","|","|-weather|SunnyDay|[upkeep]","|","|switch|p2a: Venusaur|Venusaur, M|364/364","|turn|5","|","|detailschange|p2a: Venusaur|Venusaur-Mega, M","|-mega|p2a: Venusaur|Venusaur|Venusaurite","|move|p2a: Venusaur|Leech Seed|p1a: Conkeldurr","|-start|p1a: Conkeldurr|move: Leech Seed","|move|p1a: Conkeldurr|Drain Punch|p2a: Venusaur","|-resisted|p2a: Venusaur","|-damage|p2a: Venusaur|311/364","|-heal|p1a: Conkeldurr|282/352|[from] drain|[of] p2a: Venusaur","|","|-weather|SunnyDay|[upkeep]","|-damage|p1a: Conkeldurr|238/352|[from] Leech Seed|[of] p2a: Venusaur","|-heal|p2a: Venusaur|355/364|[silent]","|turn|6","|","|switch|p1a: Keldeo|Keldeo|323/323","|move|p2a: Venusaur|Sludge Bomb|p1a: Keldeo","|-damage|p1a: Keldeo|184/323","|-status|p1a: Keldeo|psn","|","|-weather|none","|-heal|p1a: Keldeo|204/323 psn|[from] item: Leftovers","|-damage|p1a: Keldeo|164/323 psn|[from] psn","|turn|7","|","|move|p1a: Keldeo|Scald|p2a: Venusaur","|-resisted|p2a: Venusaur","|-damage|p2a: Venusaur|300/364","|move|p2a: Venusaur|Giga Drain|p1a: Keldeo","|-supereffective|p1a: Keldeo","|-damage|p1a: Keldeo|0 fnt","|-heal|p2a: Venusaur|364/364|[from] drain|[of] p1a: Keldeo","|faint|p1a: Keldeo","|","|","|switch|p1a: Gallade|Gallade, M|278/278","|turn|8","|","|switch|p2a: Celebi|Celebi|342/342","|detailschange|p1a: Gallade|Gallade-Mega, M","|-mega|p1a: Gallade|Gallade|Galladite","|move|p1a: Gallade|Zen Headbutt|p2a: Celebi","|-resisted|p2a: Celebi","|-damage|p2a: Celebi|259/342","|","|turn|9","|","|switch|p1a: Scrafty|Scrafty, M|334/334","|move|p2a: Celebi|Psychic|p1a: Scrafty","|-immune|p1a: Scrafty|[msg]","|","|turn|10","|","|switch|p2a: Venusaur|Venusaur-Mega, M|364/364","|move|p1a: Scrafty|Bulk Up|p1a: Scrafty","|-boost|p1a: Scrafty|atk|1","|-boost|p1a: Scrafty|def|1","|","|turn|11","|","|move|p2a: Venusaur|Leech Seed|p1a: Scrafty","|-start|p1a: Scrafty|move: Leech Seed","|move|p1a: Scrafty|Bulk Up|p1a: Scrafty","|-boost|p1a: Scrafty|atk|1","|-boost|p1a: Scrafty|def|1","|","|-damage|p1a: Scrafty|293/334|[from] Leech Seed|[of] p2a: Venusaur","|turn|12","|","|move|p2a: Venusaur|Sludge Bomb|p1a: Scrafty","|-damage|p1a: Scrafty|206/334","|move|p1a: Scrafty|Bulk Up|p1a: Scrafty","|-boost|p1a: Scrafty|atk|1","|-boost|p1a: Scrafty|def|1","|","|-heal|p1a: Scrafty|226/334|[from] item: Leftovers","|-damage|p1a: Scrafty|185/334|[from] Leech Seed|[of] p2a: Venusaur","|turn|13","|","|move|p2a: Venusaur|Sludge Bomb|p1a: Scrafty","|-damage|p1a: Scrafty|109/334","|move|p1a: Scrafty|Drain Punch|p2a: Venusaur","|-resisted|p2a: Venusaur","|-damage|p2a: Venusaur|300/364","|-heal|p1a: Scrafty|141/334|[from] drain|[of] p2a: Venusaur","|","|-heal|p1a: Scrafty|161/334|[from] item: Leftovers","|-damage|p1a: Scrafty|120/334|[from] Leech Seed|[of] p2a: Venusaur","|-heal|p2a: Venusaur|341/364|[silent]","|turn|14","|","|move|p2a: Venusaur|Sludge Bomb|p1a: Scrafty","|-damage|p1a: Scrafty|44/334","|move|p1a: Scrafty|Crunch|p2a: Venusaur","|-damage|p2a: Venusaur|203/364","|","|-heal|p1a: Scrafty|64/334|[from] item: Leftovers","|-damage|p1a: Scrafty|23/334|[from] Leech Seed|[of] p2a: Venusaur","|-heal|p2a: Venusaur|244/364|[silent]","|turn|15","|","|move|p2a: Venusaur|Synthesis|p2a: Venusaur","|-heal|p2a: Venusaur|364/364","|move|p1a: Scrafty|Rest|p1a: Scrafty","|-status|p1a: Scrafty|slp","|-heal|p1a: Scrafty|334/334 slp|[silent]","|-status|p1a: Scrafty|slp|[from] move: Rest","|","|-damage|p1a: Scrafty|293/334 slp|[from] Leech Seed|[of] p2a: Venusaur","|turn|16","|","|switch|p2a: Celebi|Celebi|259/342","|cant|p1a: Scrafty|slp","|","|-activate|p1a: Scrafty|ability: Shed Skin","|-curestatus|p1a: Scrafty|slp","|-heal|p1a: Scrafty|313/334|[from] item: Leftovers","|-damage|p1a: Scrafty|272/334|[from] Leech Seed|[of] p2a: Celebi","|-heal|p2a: Celebi|300/342|[silent]","|turn|17","|","|switch|p2a: Cradily|Cradily, M|376/376","|move|p1a: Scrafty|Crunch|p2a: Cradily","|-damage|p2a: Cradily|177/376","|","|-heal|p1a: Scrafty|292/334|[from] item: Leftovers","|-heal|p2a: Cradily|200/376|[from] item: Leftovers","|-damage|p1a: Scrafty|251/334|[from] Leech Seed|[of] p2a: Cradily","|-heal|p2a: Cradily|241/376|[silent]","|turn|18","|","|switch|p2a: Venusaur|Venusaur-Mega, M|364/364","|move|p1a: Scrafty|Bulk Up|p1a: Scrafty","|-boost|p1a: Scrafty|atk|1","|-boost|p1a: Scrafty|def|1","|","|-heal|p1a: Scrafty|271/334|[from] item: Leftovers","|-damage|p1a: Scrafty|230/334|[from] Leech Seed|[of] p2a: Venusaur","|turn|19","|","|move|p2a: Venusaur|Sludge Bomb|p1a: Scrafty","|-damage|p1a: Scrafty|152/334","|move|p1a: Scrafty|Crunch|p2a: Venusaur","|-damage|p2a: Venusaur|196/364","|","|-heal|p1a: Scrafty|172/334|[from] item: Leftovers","|-damage|p1a: Scrafty|131/334|[from] Leech Seed|[of] p2a: Venusaur","|-heal|p2a: Venusaur|237/364|[silent]","|turn|20","|","|move|p2a: Venusaur|Sludge Bomb|p1a: Scrafty","|-damage|p1a: Scrafty|55/334","|move|p1a: Scrafty|Rest|p1a: Scrafty","|-status|p1a: Scrafty|slp","|-heal|p1a: Scrafty|334/334 slp|[silent]","|-status|p1a: Scrafty|slp|[from] move: Rest","|","|-damage|p1a: Scrafty|293/334 slp|[from] Leech Seed|[of] p2a: Venusaur","|-heal|p2a: Venusaur|278/364|[silent]","|turn|21","|","|switch|p2a: Celebi|Celebi|300/342","|cant|p1a: Scrafty|slp","|","|-activate|p1a: Scrafty|ability: Shed Skin","|-curestatus|p1a: Scrafty|slp","|-heal|p1a: Scrafty|313/334|[from] item: Leftovers","|-damage|p1a: Scrafty|272/334|[from] Leech Seed|[of] p2a: Celebi","|-heal|p2a: Celebi|341/342|[silent]","|turn|22","|","|switch|p2a: Cradily|Cradily, M|241/376","|move|p1a: Scrafty|Crunch|p2a: Cradily","|-damage|p2a: Cradily|0 fnt","|faint|p2a: Cradily","|","|-heal|p1a: Scrafty|292/334|[from] item: Leftovers","|","|switch|p2a: Venusaur|Venusaur-Mega, M|278/364","|turn|23","|","|move|p2a: Venusaur|Sludge Bomb|p1a: Scrafty","|-damage|p1a: Scrafty|214/334","|move|p1a: Scrafty|Crunch|p2a: Venusaur","|-damage|p2a: Venusaur|97/364","|","|-heal|p1a: Scrafty|234/334|[from] item: Leftovers","|-damage|p1a: Scrafty|193/334|[from] Leech Seed|[of] p2a: Venusaur","|-heal|p2a: Venusaur|138/364|[silent]","|turn|24","|","|move|p2a: Venusaur|Synthesis|p2a: Venusaur","|-heal|p2a: Venusaur|320/364","|move|p1a: Scrafty|Bulk Up|p1a: Scrafty","|-boost|p1a: Scrafty|atk|1","|-boost|p1a: Scrafty|def|1","|","|-heal|p1a: Scrafty|213/334|[from] item: Leftovers","|-damage|p1a: Scrafty|172/334|[from] Leech Seed|[of] p2a: Venusaur","|-heal|p2a: Venusaur|361/364|[silent]","|turn|25","|","|move|p2a: Venusaur|Sludge Bomb|p1a: Scrafty","|-damage|p1a: Scrafty|91/334","|move|p1a: Scrafty|Crunch|p2a: Venusaur","|-damage|p2a: Venusaur|175/364","|","|-heal|p1a: Scrafty|111/334|[from] item: Leftovers","|-damage|p1a: Scrafty|70/334|[from] Leech Seed|[of] p2a: Venusaur","|-heal|p2a: Venusaur|216/364|[silent]","|turn|26","|","|switch|p1a: Conkeldurr|Conkeldurr, M|238/352","|move|p2a: Venusaur|Sludge Bomb|p1a: Conkeldurr","|-damage|p1a: Conkeldurr|151/352","|-status|p1a: Conkeldurr|psn","|","|-damage|p1a: Conkeldurr|107/352 psn|[from] psn","|turn|27","|","|move|p2a: Venusaur|Synthesis|p2a: Venusaur","|-heal|p2a: Venusaur|364/364","|move|p1a: Conkeldurr|Poison Jab|p2a: Venusaur","|-crit|p2a: Venusaur","|-damage|p2a: Venusaur|204/364","|","|-damage|p1a: Conkeldurr|63/352 psn|[from] psn","|turn|28","|","|switch|p1a: Gallade|Gallade-Mega, M|278/278","|move|p2a: Venusaur|Synthesis|p2a: Venusaur","|-heal|p2a: Venusaur|364/364","|","|turn|29","|","|move|p1a: Gallade|Swords Dance|p1a: Gallade","|-boost|p1a: Gallade|atk|2","|move|p2a: Venusaur|Leech Seed|p1a: Gallade","|-start|p1a: Gallade|move: Leech Seed","|","|-damage|p1a: Gallade|244/278|[from] Leech Seed|[of] p2a: Venusaur","|turn|30","|","|switch|p2a: Celebi|Celebi|341/342","|move|p1a: Gallade|Zen Headbutt|p2a: Celebi","|-crit|p2a: Celebi","|-resisted|p2a: Celebi","|-damage|p2a: Celebi|87/342","|","|-damage|p1a: Gallade|210/278|[from] Leech Seed|[of] p2a: Celebi","|-heal|p2a: Celebi|121/342|[silent]","|turn|31","|","|move|p2a: Celebi|Psychic|p1a: Gallade","|-damage|p1a: Gallade|92/278","|move|p1a: Gallade|Zen Headbutt|p2a: Celebi","|-resisted|p2a: Celebi","|-damage|p2a: Celebi|0 fnt","|faint|p2a: Celebi","|","|","|switch|p2a: Breloom|Breloom, F|261/261","|turn|32","|","|switch|p1a: Conkeldurr|Conkeldurr, M|63/352 psn","|move|p2a: Breloom|Spore|p1a: Conkeldurr","|-fail|p1a: Conkeldurr","|","|-damage|p1a: Conkeldurr|19/352 psn|[from] psn","|turn|33","|","|move|p2a: Breloom|Mach Punch|p1a: Conkeldurr","|-damage|p1a: Conkeldurr|0 fnt","|faint|p1a: Conkeldurr","|","|","|switch|p1a: Terrakion|Terrakion|283/323","|turn|34","|","|move|p1a: Terrakion|Stone Edge|p2a: Breloom","|-resisted|p2a: Breloom","|-damage|p2a: Breloom|148/261","|move|p2a: Breloom|Spore|p1a: Terrakion","|-status|p1a: Terrakion|slp","|","|turn|35","|","|switch|p1a: Breloom|Breloom, M|261/261","|move|p2a: Breloom|Power-Up Punch|p1a: Breloom","|-damage|p1a: Breloom|143/261","|-boost|p2a: Breloom|atk|1","|","|turn|36","|","|move|p1a: Breloom|Mach Punch|p2a: Breloom","|-damage|p2a: Breloom|21/261","|move|p2a: Breloom|Mach Punch|p1a: Breloom","|-damage|p1a: Breloom|0 fnt","|faint|p1a: Breloom","|","|","|switch|p1a: Terrakion|Terrakion|283/323 slp","|turn|37","|","|move|p2a: Breloom|Mach Punch|p1a: Terrakion","|-supereffective|p1a: Terrakion","|-damage|p1a: Terrakion|0 fnt","|faint|p1a: Terrakion","|","|","|switch|p1a: Gallade|Gallade-Mega, M|92/278","|turn|38","|","|move|p2a: Breloom|Mach Punch|p1a: Gallade","|-resisted|p1a: Gallade","|-damage|p1a: Gallade|8/278","|move|p1a: Gallade|Ice Punch|p2a: Breloom","|-supereffective|p2a: Breloom","|-damage|p2a: Breloom|0 fnt","|faint|p2a: Breloom","|","|","|switch|p2a: Venusaur|Venusaur-Mega, M|364/364","|turn|39","|","|move|p1a: Gallade|Zen Headbutt|p2a: Venusaur","|-crit|p2a: Venusaur","|-supereffective|p2a: Venusaur","|-damage|p2a: Venusaur|0 fnt","|faint|p2a: Venusaur","|","|win|Alliance - Elite"],"p1rating":{"entryid":"364566","serverid":"eos","formatid":"monotype","userid":"allianceelite","username":"Alliance - Elite","w":15,"l":"7","t":"0","gxe":63.9,"r":"1630.4619793654","rd":"72.894700382113","sigma":"0","rptime":"1441270800","rpr":1609.421705869,"rprd":68.895476149886,"rpsigma":"0","acre":1194.3554395294,"lacre":1194.3554395294,"oldacre":"1157.6523919361"},"p2rating":{"entryid":"379503","serverid":"eos","formatid":"monotype","userid":"gymldrmitsuka","username":"Gym Ldr Mitsuka∆","w":"43","l":21,"t":"0","gxe":65.3,"r":"1625.4528464411","rd":"44.913629961581","sigma":"0","rptime":"1441270800","rpr":1619.9627018476,"rprd":44.561665758295,"rpsigma":"0","acre":1304.6699588872,"lacre":1304.6699588872,"oldacre":"1334.0323969619"},"endType":"normal"}