{"seed":[29545,1759,37805,61815],"turns":29,"p1":"Coloniol Mustang","p2":"JusAnAlt","p1team":[{"name":"Cobalion","species":"Cobalion","item":"leftovers","ability":"Justified","moves":["reflect","thunderwave","stealthrock","ironhead"],"nature":"Jolly","evs":{"hp":4,"atk":0,"def":252,"spa":0,"spd":0,"spe":252},"ivs":{"hp":31,"atk":31,"def":31,"spa":31,"spd":31,"spe":31}},{"name":"Medicham","species":"Medicham","item":"medichamite","ability":"Pure Power","moves":["highjumpkick","bulletpunch","icepunch","fakeout"],"nature":"Jolly","evs":{"hp":4,"atk":252,"def":0,"spa":0,"spd":0,"spe":252},"ivs":{"hp":31,"atk":31,"def":31,"spa":31,"spd":31,"spe":31}},{"name":"Keldeo","species":"Keldeo","item":"leftovers","ability":"Justified","moves":["scald","secretsword","calmmind","icywind"],"nature":"Modest","evs":{"hp":24,"atk":0,"def":0,"spa":232,"spd":0,"spe":252},"ivs":{"hp":31,"atk":31,"def":31,"spa":31,"spd":31,"spe":31}},{"name":"Heracross","species":"Heracross","item":"choicescarf","ability":"Moxie","moves":["closecombat","megahorn","knockoff","rockblast"],"nature":"Adamant","evs":{"hp":4,"atk":252,"def":0,"spa":0,"spd":0,"spe":252},"ivs":{"hp":31,"atk":31,"def":31,"spa":31,"spd":31,"spe":31}},{"name":"Hawlucha","species":"Hawlucha","item":"powerherb","ability":"Unburden","moves":["acrobatics","skyattack","highjumpkick","swordsdance"],"nature":"Adamant","evs":{"hp":4,"atk":252,"def":0,"spa":0,"spd":0,"spe":252},"ivs":{"hp":31,"atk":30,"def":30,"spa":31,"spd":30,"spe":31}},{"name":"Breloom","species":"Breloom","item":"focussash","ability":"Technician","moves":["swordsdance","rocktomb","spore","machpunch"],"nature":"Jolly","evs":{"hp":4,"atk":252,"def":0,"spa":0,"spd":0,"spe":252},"ivs":{"hp":31,"atk":31,"def":31,"spa":31,"spd":31,"spe":31}}],"p2team":[{"name":"Politoed","species":"Politoed","item":"ejectbutton","ability":"Drizzle","moves":["surf","icebeam","perishsong","toxic"],"nature":"Calm","evs":{"hp":248,"atk":0,"def":0,"spa":8,"spd":252,"spe":0},"gender":"F","ivs":{"hp":31,"atk":0,"def":31,"spa":31,"spd":31,"spe":31},"shiny":true},{"name":"Ludicolo","species":"Ludicolo","item":"lifeorb","ability":"Swift Swim","moves":["icebeam","surf","gigadrain","raindance"],"nature":"Modest","evs":{"hp":0,"atk":0,"def":0,"spa":252,"spd":4,"spe":252},"gender":"M","shiny":true,"ivs":{"hp":31,"atk":31,"def":31,"spa":31,"spd":31,"spe":31}},{"name":"Swampert","species":"Swampert","item":"swampertite","ability":"Torrent","moves":["icepunch","earthquake","waterfall","raindance"],"nature":"Adamant","evs":{"hp":0,"atk":252,"def":0,"spa":0,"spd":4,"spe":252},"gender":"M","shiny":true,"ivs":{"hp":31,"atk":31,"def":31,"spa":31,"spd":31,"spe":31}},{"name":"Kingdra","species":"Kingdra","item":"choicespecs","ability":"Swift Swim","moves":["surf","dragonpulse","icebeam","flashcannon"],"nature":"Modest","evs":{"hp":0,"atk":0,"def":0,"spa":252,"spd":4,"spe":252},"gender":"F","shiny":true,"ivs":{"hp":31,"atk":31,"def":31,"spa":31,"spd":31,"spe":31}},{"name":"Azumarill","species":"Azumarill","item":"choiceband","ability":"Sap Sipper","moves":["playrough","aquajet","knockoff","waterfall"],"nature":"Adamant","evs":{"hp":248,"atk":252,"def":0,"spa":0,"spd":8,"spe":0},"gender":"F","shiny":true,"ivs":{"hp":31,"atk":31,"def":31,"spa":31,"spd":31,"spe":31}},{"name":"Tentacruel","species":"Tentacruel","item":"blacksludge","ability":"Liquid Ooze","moves":["acidspray","scald","rapidspin","raindance"],"nature":"Bold","evs":{"hp":248,"atk":0,"def":252,"spa":8,"spd":0,"spe":0},"gender":"M","ivs":{"hp":31,"atk":0,"def":31,"spa":31,"spd":31,"spe":31},"shiny":true}],"log":["|player|p1|Coloniol Mustang|124","|player|p2|JusAnAlt|99","|gametype|singles","|gen|6","|tier|Monotype","|rated","|rule|Baton Pass Clause: Limit one Baton Passer, can't pass Spe and other stats simultaneously","|rule|Swagger Clause: Swagger is banned","|rule|Same Type Clause: Pokémon in a team must share a type","|clearpoke","|poke|p1|Cobalion","|poke|p1|Medicham, F","|poke|p1|Keldeo","|poke|p1|Heracross, F","|poke|p1|Hawlucha, F","|poke|p1|Breloom, F","|poke|p2|Politoed, F, shiny","|poke|p2|Ludicolo, M, shiny","|poke|p2|Swampert, M, shiny","|poke|p2|Kingdra, F, shiny","|poke|p2|Azumarill, F, shiny","|poke|p2|Tentacruel, M, shiny","|rule|Sleep Clause Mod: Limit one foe put to sleep","|rule|Species Clause: Limit one of each Pokémon","|rule|OHKO Clause: OHKO moves are banned","|rule|Moody Clause: Moody is banned","|rule|Evasion Moves Clause: Evasion moves are banned","|rule|Endless Battle Clause: Forcing endless battles is banned","|rule|HP Percentage Mod: HP is shown in percentages","|teampreview","|","|start","|switch|p1a: Breloom|Breloom, F|262/262","|switch|p2a: Politoed|Politoed, F, shiny|383/383","|-weather|RainDance","|turn|1","|","|switch|p2a: Azumarill|Azumarill, F, shiny|403/403","|move|p1a: Breloom|Spore|p2a: Azumarill","|-boost|p2a: Azumarill|atk|1|[from] ability: Sap Sipper","|","|-weather|RainDance|[upkeep]","|turn|2","|","|switch|p1a: Cobalion|Cobalion|324/324","|move|p2a: Azumarill|Play Rough|p1a: Cobalion","|-damage|p1a: Cobalion|180/324","|-unboost|p1a: Cobalion|atk|1","|","|-weather|RainDance|[upkeep]","|-heal|p1a: Cobalion|200/324|[from] item: Leftovers","|turn|3","|","|switch|p2a: Swampert|Swampert, M, shiny|341/341","|move|p1a: Cobalion|Reflect|p1a: Cobalion","|-sidestart|p1: Coloniol Mustang|Reflect","|","|-weather|RainDance|[upkeep]","|-heal|p1a: Cobalion|220/324|[from] item: Leftovers","|turn|4","|","|switch|p1a: Hawlucha|Hawlucha, F|298/298","|detailschange|p2a: Swampert|Swampert-Mega, M, shiny","|-mega|p2a: Swampert|Swampert|Swampertite","|move|p2a: Swampert|Earthquake|p1a: Hawlucha","|-immune|p1a: Hawlucha|[msg]","|","|-weather|RainDance|[upkeep]","|turn|5","|","|move|p2a: Swampert|Waterfall|p1a: Hawlucha","|-damage|p1a: Hawlucha|127/298","|move|p1a: Hawlucha|Sky Attack|p2a: Swampert|[still]","|-prepare|p1a: Hawlucha|Sky Attack|p2a: Swampert","|-enditem|p1a: Hawlucha|Power Herb","|-anim|p1a: Hawlucha|Sky Attack|p2a: Swampert","|-damage|p2a: Swampert|149/341","|","|-weather|none","|turn|6","|","|switch|p2a: Politoed|Politoed, F, shiny|383/383","|-weather|RainDance","|move|p1a: Hawlucha|Acrobatics|p2a: Politoed","|-damage|p2a: Politoed|181/383","|-enditem|p2a: Politoed|Eject Button","|","|switch|p2a: Azumarill|Azumarill, F, shiny|403/403","|","|-weather|RainDance|[upkeep]","|turn|7","|","|move|p2a: Azumarill|Aqua Jet|p1a: Hawlucha","|-damage|p1a: Hawlucha|70/298","|move|p1a: Hawlucha|Acrobatics|p2a: Azumarill","|-damage|p2a: Azumarill|193/403","|","|-weather|RainDance|[upkeep]","|-sideend|p1: Coloniol Mustang|Reflect","|turn|8","|","|move|p2a: Azumarill|Aqua Jet|p1a: Hawlucha","|-damage|p1a: Hawlucha|0 fnt","|faint|p1a: Hawlucha","|","|-weather|RainDance|[upkeep]","|","|switch|p1a: Cobalion|Cobalion|220/324","|turn|9","|","|switch|p2a: Swampert|Swampert-Mega, M, shiny|149/341","|move|p1a: Cobalion|Reflect|p1a: Cobalion","|-sidestart|p1: Coloniol Mustang|Reflect","|","|-weather|RainDance|[upkeep]","|-heal|p1a: Cobalion|240/324|[from] item: Leftovers","|turn|10","|","|switch|p1a: Keldeo|Keldeo|329/329","|move|p2a: Swampert|Earthquake|p1a: Keldeo","|-damage|p1a: Keldeo|207/329","|","|-weather|none","|-heal|p1a: Keldeo|227/329|[from] item: Leftovers","|turn|11","|","|switch|p2a: Politoed|Politoed, F, shiny|181/383","|-weather|RainDance","|move|p1a: Keldeo|Scald|p2a: Politoed","|-resisted|p2a: Politoed","|-damage|p2a: Politoed|99/383","|","|-weather|RainDance|[upkeep]","|-heal|p1a: Keldeo|247/329|[from] item: Leftovers","|turn|12","|","|switch|p2a: Tentacruel|Tentacruel, M, shiny|363/363","|move|p1a: Keldeo|Calm Mind|p1a: Keldeo","|-boost|p1a: Keldeo|spa|1","|-boost|p1a: Keldeo|spd|1","|","|-weather|RainDance|[upkeep]","|-heal|p1a: Keldeo|267/329|[from] item: Leftovers","|turn|13","|","|move|p1a: Keldeo|Scald|p2a: Tentacruel","|-resisted|p2a: Tentacruel","|-damage|p2a: Tentacruel|204/363","|-status|p2a: Tentacruel|brn","|move|p2a: Tentacruel|Acid Spray|p1a: Keldeo","|-damage|p1a: Keldeo|240/329","|-unboost|p1a: Keldeo|spd|2","|","|-weather|RainDance|[upkeep]","|-heal|p1a: Keldeo|260/329|[from] item: Leftovers","|-heal|p2a: Tentacruel|226/363 brn|[from] item: Black Sludge","|-damage|p2a: Tentacruel|181/363 brn|[from] brn","|-sideend|p1: Coloniol Mustang|Reflect","|turn|14","|","|move|p1a: Keldeo|Scald|p2a: Tentacruel","|-resisted|p2a: Tentacruel","|-damage|p2a: Tentacruel|41/363 brn","|move|p2a: Tentacruel|Scald|p1a: Keldeo","|-resisted|p1a: Keldeo","|-damage|p1a: Keldeo|170/329","|","|-weather|RainDance|[upkeep]","|-heal|p1a: Keldeo|190/329|[from] item: Leftovers","|-heal|p2a: Tentacruel|63/363 brn|[from] item: Black Sludge","|-damage|p2a: Tentacruel|18/363 brn|[from] brn","|turn|15","|","|move|p1a: Keldeo|Icy Wind|p2a: Tentacruel","|-resisted|p2a: Tentacruel","|-damage|p2a: Tentacruel|0 fnt","|faint|p2a: Tentacruel","|","|-weather|none","|-heal|p1a: Keldeo|210/329|[from] item: Leftovers","|","|switch|p2a: Politoed|Politoed, F, shiny|99/383","|-weather|RainDance","|turn|16","|","|move|p1a: Keldeo|Calm Mind|p1a: Keldeo","|-boost|p1a: Keldeo|spa|1","|-boost|p1a: Keldeo|spd|1","|move|p2a: Politoed|Surf|p1a: Keldeo","|-resisted|p1a: Keldeo","|-damage|p1a: Keldeo|136/329","|","|-weather|RainDance|[upkeep]","|-heal|p1a: Keldeo|156/329|[from] item: Leftovers","|turn|17","|","|move|p1a: Keldeo|Scald|p2a: Politoed","|-resisted|p2a: Politoed","|-damage|p2a: Politoed|0 fnt","|faint|p2a: Politoed","|","|-weather|RainDance|[upkeep]","|-heal|p1a: Keldeo|176/329|[from] item: Leftovers","|","|switch|p2a: Ludicolo|Ludicolo, M, shiny|301/301","|turn|18","|","|move|p2a: Ludicolo|Giga Drain|p1a: Keldeo","|-supereffective|p1a: Keldeo","|-damage|p1a: Keldeo|0 fnt","|-damage|p2a: Ludicolo|271/301|[from] item: Life Orb","|faint|p1a: Keldeo","|","|-weather|RainDance|[upkeep]","|","|switch|p1a: Medicham|Medicham, F|262/262","|turn|19","|","|switch|p2a: Kingdra|Kingdra, F, shiny|291/291","|detailschange|p1a: Medicham|Medicham-Mega, F","|-mega|p1a: Medicham|Medicham|Medichamite","|move|p1a: Medicham|Fake Out|p2a: Kingdra","|-damage|p2a: Kingdra|207/291","|","|-weather|RainDance|[upkeep]","|turn|20","|","|move|p2a: Kingdra|Surf|p1a: Medicham","|-damage|p1a: Medicham|0 fnt","|faint|p1a: Medicham","|","|-weather|none","|","|switch|p1a: Heracross|Heracross, F|302/302","|turn|21","|","|move|p1a: Heracross|Knock Off|p2a: Kingdra","|-damage|p2a: Kingdra|88/291","|-enditem|p2a: Kingdra|Choice Specs|[from] move: Knock Off|[of] p1a: Heracross","|move|p2a: Kingdra|Surf|p1a: Heracross","|-damage|p1a: Heracross|163/302","|","|turn|22","|","|move|p1a: Heracross|Knock Off|p2a: Kingdra","|-damage|p2a: Kingdra|5/291","|move|p2a: Kingdra|Surf|p1a: Heracross","|-damage|p1a: Heracross|24/302","|","|turn|23","|","|move|p1a: Heracross|Knock Off|p2a: Kingdra","|-damage|p2a: Kingdra|0 fnt","|faint|p2a: Kingdra","|-boost|p1a: Heracross|atk|1|[from] ability: Moxie","|","|","|switch|p2a: Swampert|Swampert-Mega, M, shiny|149/341","|turn|24","|","|move|p1a: Heracross|Knock Off|p2a: Swampert","|-crit|p2a: Swampert","|-damage|p2a: Swampert|0 fnt","|faint|p2a: Swampert","|-boost|p1a: Heracross|atk|1|[from] ability: Moxie","|","|","|switch|p2a: Azumarill|Azumarill, F, shiny|193/403","|turn|25","|","|switch|p1a: Cobalion|Cobalion|240/324","|move|p2a: Azumarill|Aqua Jet|p1a: Cobalion","|-damage|p1a: Cobalion|198/324","|","|-heal|p1a: Cobalion|218/324|[from] item: Leftovers","|turn|26","|","|switch|p2a: Ludicolo|Ludicolo, M, shiny|271/301","|move|p1a: Cobalion|Thunder Wave|p2a: Ludicolo","|-status|p2a: Ludicolo|par","|","|-heal|p1a: Cobalion|238/324|[from] item: Leftovers","|turn|27","|","|move|p1a: Cobalion|Iron Head|p2a: Ludicolo","|-resisted|p2a: Ludicolo","|-damage|p2a: Ludicolo|217/301 par","|cant|p2a: Ludicolo|flinch","|","|-heal|p1a: Cobalion|258/324|[from] item: Leftovers","|turn|28","|","|move|p1a: Cobalion|Iron Head|p2a: Ludicolo","|-resisted|p2a: Ludicolo","|-damage|p2a: Ludicolo|159/301 par","|cant|p2a: Ludicolo|par","|","|-heal|p1a: Cobalion|278/324|[from] item: Leftovers","|turn|29","|","|win|Coloniol Mustang"],"p1rating":{"entryid":"790045","serverid":"eos","formatid":"monotype","userid":"coloniolmustang","username":"Coloniol Mustang","w":14,"l":"10","t":"0","gxe":56.8,"r":"1506.5678551039","rd":"106.29891332807","sigma":"0","rptime":"1441270800","rpr":1552.1658812646,"rprd":65.548422896825,"rpsigma":"0","acre":1193.6745476983,"lacre":1193.6745476983,"oldacre":"1167.5381654155"},"p2rating":{"entryid":"741872","serverid":"eos","formatid":"monotype","userid":"jusanalt","username":"JusAnAlt","w":"6","l":1,"t":"0","gxe":66.1,"r":"1617.8363968341","rd":"110.78295006511","sigma":"0","rptime":"1441270800","rpr":1630.1063330812,"rprd":96.903849612984,"rpsigma":"0","acre":1157.2054593198,"lacre":1157.2054593198,"oldacre":"1183.3418416026"},"endType":"forfeit"}