{"seed":[37928,19095,19846,40594],"turns":39,"p1":"hypershaymin","p2":"dreamchaser mmg","p1team":[{"name":"Sweeper","species":"manaphy","item":"leftovers","ability":"Hydration","moves":["calmmind","scald","rest","raindance"],"nature":"Bold","evs":{"hp":244,"atk":0,"def":252,"spa":0,"spd":12,"spe":0},"ivs":{"hp":31,"atk":31,"def":31,"spa":31,"spd":31,"spe":31}},{"name":"Rabbit","species":"azumarill","item":"sitrusberry","ability":"Sap Sipper","moves":["bellydrum","playrough","superpower","aquajet"],"nature":"Adamant","evs":{"hp":252,"atk":252,"def":0,"spa":0,"spd":4,"spe":0},"ivs":{"hp":31,"atk":31,"def":31,"spa":31,"spd":31,"spe":31}},{"name":"Penguin","species":"empoleon","item":"leftovers","ability":"Torrent","moves":["defog","stealthrock","flashcannon","scald"],"nature":"Modest","evs":{"hp":252,"atk":0,"def":0,"spa":252,"spd":4,"spe":0},"ivs":{"hp":31,"atk":31,"def":31,"spa":31,"spd":31,"spe":31}},{"name":"electric fish","species":"lanturn","item":"leftovers","ability":"Volt Absorb","moves":["thunderwave","healbell","voltswitch","scald"],"nature":"Calm","evs":{"hp":200,"atk":0,"def":128,"spa":0,"spd":180,"spe":0},"ivs":{"hp":31,"atk":31,"def":31,"spa":31,"spd":31,"spe":31}},{"name":"sea star","species":"starmie","item":"choicespecs","ability":"Natural Cure","moves":["psyshock","scald","thunderbolt","icebeam"],"nature":"Timid","evs":{"hp":4,"atk":0,"def":0,"spa":252,"spd":0,"spe":252},"ivs":{"hp":31,"atk":31,"def":31,"spa":31,"spd":31,"spe":31}},{"name":"Sweeper 2","species":"keldeo","item":"leftovers","ability":"Justified","moves":["calmmind","scald","substitute","secretsword"],"nature":"Timid","evs":{"hp":0,"atk":0,"def":0,"spa":252,"spd":4,"spe":252},"ivs":{"hp":31,"atk":31,"def":31,"spa":31,"spd":31,"spe":31}}],"p2team":[{"name":"Diancie","species":"Diancie","item":"diancite","ability":"Clear Body","moves":["calmmind","diamondstorm","hiddenpowerfire","moonblast"],"nature":"","ivs":{"hp":31,"atk":30,"def":31,"spa":30,"spd":31,"spe":30},"evs":{"hp":0,"atk":0,"def":0,"spa":0,"spd":0,"spe":0}},{"name":"Azumarill","species":"Azumarill","item":"starfberry","ability":"Huge Power","moves":["aquajet","icepunch","playrough","waterfall"],"nature":"Adamant","evs":{"hp":0,"atk":252,"def":248,"spa":0,"spd":8,"spe":0},"ivs":{"hp":31,"atk":31,"def":31,"spa":31,"spd":31,"spe":31}},{"name":"Clefable","species":"Clefable","item":"pixieplate","ability":"Unaware","moves":["calmmind","wish","moonblast","fireblast"],"nature":"Bold","evs":{"hp":0,"atk":0,"def":252,"spa":8,"spd":248,"spe":0},"ivs":{"hp":31,"atk":31,"def":31,"spa":31,"spd":31,"spe":31}},{"name":"Sylveon","species":"Sylveon","item":"leftovers","ability":"Pixilate","moves":["healbell","hypervoice","toxic","wish"],"nature":"Calm","evs":{"hp":132,"atk":0,"def":0,"spa":124,"spd":252,"spe":0},"ivs":{"hp":31,"atk":31,"def":31,"spa":31,"spd":31,"spe":31}},{"name":"Gardevoir","species":"Gardevoir","item":"brightpowder","ability":"Trace","moves":["psychic","moonblast","focusblast","thunderwave"],"nature":"Modest","evs":{"hp":180,"atk":0,"def":0,"spa":216,"spd":8,"spe":104},"ivs":{"hp":31,"atk":31,"def":31,"spa":31,"spd":31,"spe":31}},{"name":"Klefki","species":"Klefki","item":"rockyhelmet","ability":"Prankster","moves":["thunderwave","spikes","attract","hiddenpowerfire"],"nature":"Bold","evs":{"hp":228,"atk":0,"def":252,"spa":0,"spd":28,"spe":0},"gender":"F","ivs":{"hp":31,"atk":30,"def":31,"spa":30,"spd":31,"spe":30}}],"log":["|player|p1|hypershaymin|hypershaymin.gif","|player|p2|dreamchaser mmg|167","|gametype|singles","|gen|6","|tier|Monotype","|rated","|rule|Baton Pass Clause: Limit one Baton Passer, can't pass Spe and other stats simultaneously","|rule|Swagger Clause: Swagger is banned","|rule|Same Type Clause: Pokémon in a team must share a type","|clearpoke","|poke|p1|Manaphy","|poke|p1|Azumarill, F","|poke|p1|Empoleon, M","|poke|p1|Lanturn, M","|poke|p1|Starmie","|poke|p1|Keldeo","|poke|p2|Diancie","|poke|p2|Azumarill, F","|poke|p2|Clefable, M","|poke|p2|Sylveon, M","|poke|p2|Gardevoir, M","|poke|p2|Klefki, F","|rule|Sleep Clause Mod: Limit one foe put to sleep","|rule|Species Clause: Limit one of each Pokémon","|rule|OHKO Clause: OHKO moves are banned","|rule|Moody Clause: Moody is banned","|rule|Evasion Moves Clause: Evasion moves are banned","|rule|Endless Battle Clause: Forcing endless battles is banned","|rule|HP Percentage Mod: HP is shown in percentages","|teampreview","|","|start","|switch|p1a: Penguin|Empoleon, M|372/372","|switch|p2a: Klefki|Klefki, F|312/312","|turn|1","|","|move|p2a: Klefki|Attract|p1a: Penguin","|-start|p1a: Penguin|Attract","|-activate|p1a: Penguin|Attract|[of] p2a: Klefki","|move|p1a: Penguin|Scald|p2a: Klefki","|-damage|p2a: Klefki|156/312","|-status|p2a: Klefki|brn","|","|-damage|p2a: Klefki|117/312 brn|[from] brn","|turn|2","|","|switch|p1a: electric fish|Lanturn, M|441/441","|move|p2a: Klefki|Thunder Wave|p1a: electric fish","|-immune|p1a: electric fish|[msg]","|","|-damage|p2a: Klefki|78/312 brn|[from] brn","|turn|3","|","|switch|p2a: Gardevoir|Gardevoir, M|322/322","|-ability|p2a: Gardevoir|Volt Absorb|[from] ability: Trace|[of] p1a: electric fish","|move|p1a: electric fish|Volt Switch|p2a: Gardevoir","|-immune|p2a: Gardevoir|[msg]","|","|turn|4","|","|switch|p1a: sea star|Starmie|262/262","|move|p2a: Gardevoir|Psychic|p1a: sea star","|-resisted|p1a: sea star","|-damage|p1a: sea star|163/262","|","|turn|5","|","|move|p1a: sea star|Scald|p2a: Gardevoir","|-damage|p2a: Gardevoir|163/322","|-status|p2a: Gardevoir|brn","|move|p2a: Gardevoir|Thunder Wave|p1a: sea star","|-status|p1a: sea star|par","|","|-damage|p2a: Gardevoir|123/322 brn|[from] brn","|turn|6","|","|switch|p2a: Sylveon|Sylveon, M|364/364","|switch|p1a: electric fish|Lanturn, M|441/441","|","|turn|7","|","|move|p1a: electric fish|Heal Bell|p1a: electric fish","|-cureteam|p1a: electric fish|[from] move: HealBell","|move|p2a: Sylveon|Wish|p2a: Sylveon","|","|turn|8","|","|move|p1a: electric fish|Scald|p2a: Sylveon","|-damage|p2a: Sylveon|321/364","|move|p2a: Sylveon|Heal Bell|p2a: Sylveon","|-cureteam|p2a: Sylveon|[from] move: HealBell","|","|-heal|p2a: Sylveon|364/364|[from] move: Wish|[wisher] Sylveon","|turn|9","|","|switch|p1a: Penguin|Empoleon, M|372/372","|move|p2a: Sylveon|Hyper Voice|p1a: Penguin","|-resisted|p1a: Penguin","|-damage|p1a: Penguin|294/372","|","|-heal|p1a: Penguin|317/372|[from] item: Leftovers","|turn|10","|","|switch|p2a: Azumarill|Azumarill, F|341/341","|move|p1a: Penguin|Flash Cannon|p2a: Azumarill","|-damage|p2a: Azumarill|176/341","|","|-heal|p1a: Penguin|340/372|[from] item: Leftovers","|turn|11","|","|move|p1a: Penguin|Flash Cannon|p2a: Azumarill","|-damage|p2a: Azumarill|14/341","|-enditem|p2a: Azumarill|Starf Berry|[eat]","|-boost|p2a: Azumarill|spe|2|[from] item: Starf Berry","|move|p2a: Azumarill|Waterfall|p1a: Penguin","|-resisted|p1a: Penguin","|-damage|p1a: Penguin|246/372","|","|-heal|p1a: Penguin|269/372|[from] item: Leftovers","|turn|12","|","|switch|p1a: Sweeper|Manaphy|402/402","|move|p2a: Azumarill|Waterfall|p1a: Sweeper","|-crit|p1a: Sweeper","|-resisted|p1a: Sweeper","|-damage|p1a: Sweeper|303/402","|","|-heal|p1a: Sweeper|328/402|[from] item: Leftovers","|turn|13","|","|move|p2a: Azumarill|Play Rough|p1a: Sweeper","|-damage|p1a: Sweeper|180/402","|move|p1a: Sweeper|Scald|p2a: Azumarill","|-resisted|p2a: Azumarill","|-damage|p2a: Azumarill|0 fnt","|faint|p2a: Azumarill","|","|-heal|p1a: Sweeper|205/402|[from] item: Leftovers","|","|switch|p2a: Gardevoir|Gardevoir, M|123/322","|-ability|p2a: Gardevoir|Hydration|[from] ability: Trace|[of] p1a: Sweeper","|turn|14","|","|switch|p1a: electric fish|Lanturn, M|441/441","|move|p2a: Gardevoir|Thunder Wave|p1a: electric fish","|-immune|p1a: electric fish|[msg]","|","|turn|15","|","|switch|p2a: Clefable|Clefable, M|331/331","|move|p1a: electric fish|Volt Switch|p2a: Clefable","|-damage|p2a: Clefable|274/331","|","|switch|p1a: Penguin|Empoleon, M|269/372","|","|-heal|p1a: Penguin|292/372|[from] item: Leftovers","|turn|16","|","|move|p2a: Clefable|Wish|p2a: Clefable","|move|p1a: Penguin|Flash Cannon|p2a: Clefable","|-supereffective|p2a: Clefable","|-damage|p2a: Clefable|34/331","|","|-heal|p1a: Penguin|315/372|[from] item: Leftovers","|turn|17","|","|switch|p2a: Klefki|Klefki, F|78/312","|move|p1a: Penguin|Flash Cannon|p2a: Klefki","|-damage|p2a: Klefki|0 fnt","|faint|p2a: Klefki","|","|-heal|p1a: Penguin|338/372|[from] item: Leftovers","|","|switch|p2a: Gardevoir|Gardevoir, M|123/322","|-ability|p2a: Gardevoir|Torrent|[from] ability: Trace|[of] p1a: Penguin","|turn|18","|","|switch|p1a: electric fish|Lanturn, M|441/441","|move|p2a: Gardevoir|Focus Blast|p1a: electric fish","|-damage|p1a: electric fish|312/441","|","|-heal|p1a: electric fish|339/441|[from] item: Leftovers","|turn|19","|","|move|p2a: Gardevoir|Psychic|p1a: electric fish","|-damage|p1a: electric fish|195/441","|move|p1a: electric fish|Volt Switch|p2a: Gardevoir","|-damage|p2a: Gardevoir|62/322","|","|switch|p1a: sea star|Starmie|163/262","|","|turn|20","|","|move|p1a: sea star|Scald|p2a: Gardevoir","|-damage|p2a: Gardevoir|0 fnt","|faint|p2a: Gardevoir","|","|","|switch|p2a: Diancie|Diancie|241/241","|turn|21","|","|detailschange|p2a: Diancie|Diancie-Mega","|-mega|p2a: Diancie|Diancie|Diancite","|move|p1a: sea star|Scald|p2a: Diancie","|-supereffective|p2a: Diancie","|-damage|p2a: Diancie|0 fnt","|faint|p2a: Diancie","|","|","|switch|p2a: Sylveon|Sylveon, M|364/364","|turn|22","|","|switch|p1a: Penguin|Empoleon, M|338/372","|move|p2a: Sylveon|Wish|p2a: Sylveon","|","|-heal|p1a: Penguin|361/372|[from] item: Leftovers","|turn|23","|","|move|p1a: Penguin|Flash Cannon|p2a: Sylveon","|-supereffective|p2a: Sylveon","|-damage|p2a: Sylveon|194/364","|move|p2a: Sylveon|Hyper Voice|p1a: Penguin","|-resisted|p1a: Penguin","|-damage|p1a: Penguin|275/372","|","|-heal|p2a: Sylveon|364/364|[from] move: Wish|[wisher] Sylveon","|-heal|p1a: Penguin|298/372|[from] item: Leftovers","|turn|24","|","|switch|p1a: Rabbit|Azumarill, F|404/404","|move|p2a: Sylveon|Hyper Voice|p1a: Rabbit","|-damage|p1a: Rabbit|218/404","|","|turn|25","|","|move|p2a: Sylveon|Hyper Voice|p1a: Rabbit","|-damage|p1a: Rabbit|1/404","|-enditem|p1a: Rabbit|Sitrus Berry|[eat]","|-heal|p1a: Rabbit|102/404|[from] item: Sitrus Berry","|move|p1a: Rabbit|Play Rough|p2a: Sylveon","|-damage|p2a: Sylveon|231/364","|","|-heal|p2a: Sylveon|253/364|[from] item: Leftovers","|turn|26","|","|move|p1a: Rabbit|Aqua Jet|p2a: Sylveon","|-damage|p2a: Sylveon|189/364","|move|p2a: Sylveon|Wish|p2a: Sylveon","|","|-heal|p2a: Sylveon|211/364|[from] item: Leftovers","|turn|27","|","|move|p2a: Sylveon|Hyper Voice|p1a: Rabbit","|-damage|p1a: Rabbit|0 fnt","|faint|p1a: Rabbit","|","|-heal|p2a: Sylveon|364/364|[from] move: Wish|[wisher] Sylveon","|","|switch|p1a: sea star|Starmie|163/262","|turn|28","|","|move|p1a: sea star|Scald|p2a: Sylveon","|-damage|p2a: Sylveon|253/364","|move|p2a: Sylveon|Hyper Voice|p1a: sea star","|-damage|p1a: sea star|0 fnt","|faint|p1a: sea star","|","|-heal|p2a: Sylveon|275/364|[from] item: Leftovers","|","|switch|p1a: Sweeper|Manaphy|205/402","|turn|29","|","|move|p1a: Sweeper|Calm Mind|p1a: Sweeper","|-boost|p1a: Sweeper|spa|1","|-boost|p1a: Sweeper|spd|1","|move|p2a: Sylveon|Hyper Voice|p1a: Sweeper","|-damage|p1a: Sweeper|99/402","|","|-heal|p1a: Sweeper|124/402|[from] item: Leftovers","|-heal|p2a: Sylveon|297/364|[from] item: Leftovers","|turn|30","|","|move|p1a: Sweeper|Rain Dance|p1a: Sweeper","|-weather|RainDance","|move|p2a: Sylveon|Hyper Voice|p1a: Sweeper","|-damage|p1a: Sweeper|22/402","|","|-weather|RainDance|[upkeep]","|-heal|p1a: Sweeper|47/402|[from] item: Leftovers","|-heal|p2a: Sylveon|319/364|[from] item: Leftovers","|turn|31","|","|move|p1a: Sweeper|Rest|p1a: Sweeper","|-status|p1a: Sweeper|slp","|-heal|p1a: Sweeper|402/402 slp|[silent]","|-status|p1a: Sweeper|slp|[from] move: Rest","|move|p2a: Sylveon|Hyper Voice|p1a: Sweeper","|-damage|p1a: Sweeper|287/402 slp","|","|-weather|RainDance|[upkeep]","|-curestatus|p1a: Sweeper|slp","|-heal|p1a: Sweeper|312/402|[from] item: Leftovers","|-heal|p2a: Sylveon|341/364|[from] item: Leftovers","|turn|32","|","|move|p1a: Sweeper|Calm Mind|p1a: Sweeper","|-boost|p1a: Sweeper|spa|1","|-boost|p1a: Sweeper|spd|1","|move|p2a: Sylveon|Wish|p2a: Sylveon","|","|-weather|RainDance|[upkeep]","|-heal|p1a: Sweeper|337/402|[from] item: Leftovers","|-heal|p2a: Sylveon|363/364|[from] item: Leftovers","|turn|33","|","|switch|p2a: Clefable|Clefable, M|34/331","|move|p1a: Sweeper|Calm Mind|p1a: Sweeper","|-boost|p1a: Sweeper|spa|1","|-boost|p1a: Sweeper|spd|1","|","|-weather|RainDance|[upkeep]","|-heal|p2a: Clefable|216/331|[from] move: Wish|[wisher] Sylveon","|-heal|p1a: Sweeper|362/402|[from] item: Leftovers","|turn|34","|","|move|p1a: Sweeper|Scald|p2a: Clefable","|-damage|p2a: Clefable|98/331","|-status|p2a: Clefable|brn","|move|p2a: Clefable|Wish|p2a: Clefable","|","|-weather|none","|-heal|p1a: Sweeper|387/402|[from] item: Leftovers","|-damage|p2a: Clefable|57/331 brn|[from] brn","|turn|35","|","|move|p1a: Sweeper|Rain Dance|p1a: Sweeper","|-weather|RainDance","|move|p2a: Clefable|Calm Mind|p2a: Clefable","|-boost|p2a: Clefable|spa|1","|-boost|p2a: Clefable|spd|1","|","|-weather|RainDance|[upkeep]","|-heal|p2a: Clefable|222/331 brn|[from] move: Wish|[wisher] Clefable","|-heal|p1a: Sweeper|402/402|[from] item: Leftovers","|-damage|p2a: Clefable|181/331 brn|[from] brn","|turn|36","|","|move|p1a: Sweeper|Scald|p2a: Clefable","|-damage|p2a: Clefable|102/331 brn","|move|p2a: Clefable|Moonblast|p1a: Sweeper","|-damage|p1a: Sweeper|218/402","|","|-weather|RainDance|[upkeep]","|-heal|p1a: Sweeper|243/402|[from] item: Leftovers","|-damage|p2a: Clefable|61/331 brn|[from] brn","|turn|37","|","|move|p1a: Sweeper|Scald|p2a: Clefable","|-damage|p2a: Clefable|0 fnt","|faint|p2a: Clefable","|","|-weather|RainDance|[upkeep]","|-heal|p1a: Sweeper|268/402|[from] item: Leftovers","|","|switch|p2a: Sylveon|Sylveon, M|363/364","|turn|38","|","|move|p1a: Sweeper|Scald|p2a: Sylveon","|-damage|p2a: Sylveon|138/364","|move|p2a: Sylveon|Wish|p2a: Sylveon","|","|-weather|RainDance|[upkeep]","|-heal|p1a: Sweeper|293/402|[from] item: Leftovers","|-heal|p2a: Sylveon|160/364|[from] item: Leftovers","|turn|39","|","|move|p1a: Sweeper|Scald|p2a: Sylveon","|-damage|p2a: Sylveon|0 fnt","|faint|p2a: Sylveon","|","|win|hypershaymin"],"p1rating":{"entryid":"67995","serverid":"eos","formatid":"monotype","userid":"hypershaymin","username":"hypershaymin","w":8,"l":"3","t":"0","gxe":61.1,"r":"1555.5641320417","rd":"92.493212734344","sigma":"0","rptime":"1441270800","rpr":1587.3413070008,"rprd":87.427184710934,"rpsigma":"0","acre":1158.2830759006,"lacre":1158.2830759006,"oldacre":"1137.7880245897"},"p2rating":{"entryid":"817830","serverid":"eos","formatid":"monotype","userid":"dreamchasermmg","username":"dreamchaser mmg","w":"2","l":6,"t":"0","gxe":38.9,"r":"1500","rd":"130","sigma":"0","rptime":"1441270800","rpr":1412.4148713755,"rprd":91.960035866431,"rpsigma":"0","acre":1057.1316432969,"lacre":1057.1316432969,"oldacre":"1074.4896830828"},"endType":"normal"}