{"seed":[64269,48183,55254,22160],"turns":22,"p1":"Emg GL Test Tech","p2":"Chansey88 - ⓘⓝⓚⓐⓨ","p1team":[{"name":"Gardevoir","species":"Gardevoir","item":"gardevoirite","ability":"Synchronize","moves":["calmmind","hypervoice","psyshock","futuresight"],"nature":"Quiet","evs":{"hp":252,"atk":0,"def":4,"spa":252,"spd":0,"spe":0},"ivs":{"hp":31,"atk":31,"def":31,"spa":31,"spd":31,"spe":31}},{"name":"Uxie","species":"Uxie","item":"","ability":"Levitate","moves":["trickroom","thunderwave","zenheadbutt","uturn"],"nature":"Impish","evs":{"hp":252,"atk":0,"def":128,"spa":0,"spd":128,"spe":0},"ivs":{"hp":31,"atk":31,"def":31,"spa":31,"spd":31,"spe":0}},{"name":"Victini","species":"Victini","item":"lifeorb","ability":"Victory Star","moves":["blueflare","boltstrike","psychic","vcreate"],"nature":"Hasty","evs":{"hp":0,"atk":252,"def":0,"spa":4,"spd":0,"spe":252},"ivs":{"hp":31,"atk":31,"def":31,"spa":31,"spd":31,"spe":31}},{"name":"Bronzong","species":"Bronzong","item":"lightclay","ability":"Levitate","moves":["reflect","lightscreen","stealthrock","explosion"],"nature":"Impish","evs":{"hp":252,"atk":0,"def":128,"spa":0,"spd":128,"spe":0},"ivs":{"hp":31,"atk":31,"def":31,"spa":31,"spd":31,"spe":31}},{"name":"Malamar","species":"Malamar","item":"lifeorb","ability":"Contrary","moves":["trickroom","knockoff","superpower","psychocut"],"nature":"Brave","evs":{"hp":252,"atk":228,"def":0,"spa":0,"spd":28,"spe":0},"ivs":{"hp":31,"atk":31,"def":31,"spa":31,"spd":31,"spe":0}},{"name":"Deoxys-Defense","species":"Deoxys-Defense","item":"leftovers","ability":"Pressure","moves":["rest","sleeptalk","cosmicpower","nightshade"],"nature":"Impish","evs":{"hp":252,"atk":0,"def":176,"spa":0,"spd":80,"spe":0},"ivs":{"hp":31,"atk":31,"def":31,"spa":31,"spd":31,"spe":31}}],"p2team":[{"name":"CrazyClown's A Dic","species":"hawlucha","item":"powerherb","ability":"Unburden","moves":["skyattack","acrobatics","highjumpkick","poisonjab"],"nature":"Adamant","evs":{"hp":4,"atk":252,"def":0,"spa":0,"spd":0,"spe":252},"gender":"M","shiny":true,"ivs":{"hp":31,"atk":31,"def":31,"spa":31,"spd":31,"spe":31}},{"name":"Your Ancestor","species":"infernape","item":"expertbelt","ability":"Iron Fist","moves":["firepunch","thunderpunch","machpunch","stoneedge"],"nature":"Jolly","evs":{"hp":0,"atk":252,"def":0,"spa":0,"spd":4,"spe":252},"gender":"M","shiny":true,"ivs":{"hp":31,"atk":31,"def":31,"spa":31,"spd":31,"spe":31}},{"name":"Zeuscross","species":"heracross","item":"heracronite","ability":"Moxie","moves":["bulletseed","rockblast","armthrust","pinmissile"],"nature":"Adamant","evs":{"hp":252,"atk":252,"def":0,"spa":0,"spd":4,"spe":0},"gender":"M","shiny":true,"ivs":{"hp":31,"atk":31,"def":31,"spa":31,"spd":31,"spe":31}},{"name":"Iron Dog","species":"lucario","item":"expertbelt","ability":"Steadfast","moves":["vacuumwave","aurasphere","darkpulse","flashcannon"],"nature":"Timid","evs":{"hp":0,"atk":0,"def":0,"spa":252,"spd":4,"spe":252},"gender":"M","shiny":true,"ivs":{"hp":31,"atk":31,"def":31,"spa":31,"spd":31,"spe":31}},{"name":"Respect Your Elder","species":"conkeldurr","item":"flameorb","ability":"Guts","moves":["drainpunch","icepunch","machpunch","thunderpunch"],"nature":"Adamant","evs":{"hp":252,"atk":252,"def":0,"spa":0,"spd":4,"spe":0},"gender":"M","shiny":true,"ivs":{"hp":31,"atk":31,"def":31,"spa":31,"spd":31,"spe":31}},{"name":"Shroom Addict","species":"breloom","item":"toxicorb","ability":"Poison Heal","moves":["spore","machpunch","focuspunch","seedbomb"],"nature":"Adamant","evs":{"hp":252,"atk":252,"def":0,"spa":0,"spd":4,"spe":0},"gender":"M","shiny":true,"ivs":{"hp":31,"atk":31,"def":31,"spa":31,"spd":31,"spe":31}}],"log":["|player|p1|Emg GL Test Tech|149","|player|p2|Chansey88 - ⓘⓝⓚⓐⓨ|293","|gametype|singles","|gen|6","|tier|Monotype","|rated","|rule|Baton Pass Clause: Limit one Baton Passer, can't pass Spe and other stats simultaneously","|rule|Swagger Clause: Swagger is banned","|rule|Same Type Clause: Pokémon in a team must share a type","|clearpoke","|poke|p1|Gardevoir, F","|poke|p1|Uxie","|poke|p1|Victini","|poke|p1|Bronzong","|poke|p1|Malamar, M","|poke|p1|Deoxys-Defense","|poke|p2|Hawlucha, M, shiny","|poke|p2|Infernape, M, shiny","|poke|p2|Heracross, M, shiny","|poke|p2|Lucario, M, shiny","|poke|p2|Conkeldurr, M, shiny","|poke|p2|Breloom, M, shiny","|rule|Sleep Clause Mod: Limit one foe put to sleep","|rule|Species Clause: Limit one of each Pokémon","|rule|OHKO Clause: OHKO moves are banned","|rule|Moody Clause: Moody is banned","|rule|Evasion Moves Clause: Evasion moves are banned","|rule|Endless Battle Clause: Forcing endless battles is banned","|rule|HP Percentage Mod: HP is shown in percentages","|teampreview","|","|start","|switch|p1a: Bronzong|Bronzong|338/338","|switch|p2a: CrazyClown's A Dic|Hawlucha, M, shiny|298/298","|turn|1","|","|move|p2a: CrazyClown's A Dic|Sky Attack|p1a: Bronzong|[still]","|-prepare|p2a: CrazyClown's A Dic|Sky Attack|p1a: Bronzong","|-enditem|p2a: CrazyClown's A Dic|Power Herb","|-anim|p2a: CrazyClown's A Dic|Sky Attack|p1a: Bronzong","|-resisted|p1a: Bronzong","|-damage|p1a: Bronzong|258/338","|cant|p1a: Bronzong|flinch","|","|turn|2","|","|move|p2a: CrazyClown's A Dic|High Jump Kick|p1a: Bronzong","|-damage|p1a: Bronzong|107/338","|move|p1a: Bronzong|Reflect|p1a: Bronzong","|-sidestart|p1: Emg GL Test Tech|Reflect","|","|turn|3","|","|move|p2a: CrazyClown's A Dic|High Jump Kick|p1a: Bronzong","|-crit|p1a: Bronzong","|-damage|p1a: Bronzong|0 fnt","|faint|p1a: Bronzong","|","|","|switch|p1a: Uxie|Uxie|354/354","|turn|4","|","|move|p2a: CrazyClown's A Dic|Acrobatics|p1a: Uxie","|-damage|p1a: Uxie|301/354","|move|p1a: Uxie|Thunder Wave|p2a: CrazyClown's A Dic","|-status|p2a: CrazyClown's A Dic|par","|","|turn|5","|","|move|p1a: Uxie|Zen Headbutt|p2a: CrazyClown's A Dic","|-supereffective|p2a: CrazyClown's A Dic","|-damage|p2a: CrazyClown's A Dic|118/298 par","|move|p2a: CrazyClown's A Dic|Acrobatics|p1a: Uxie","|-damage|p1a: Uxie|244/354","|","|turn|6","|","|move|p1a: Uxie|Zen Headbutt|p2a: CrazyClown's A Dic","|-supereffective|p2a: CrazyClown's A Dic","|-damage|p2a: CrazyClown's A Dic|0 fnt","|faint|p2a: CrazyClown's A Dic","|","|","|switch|p2a: Zeuscross|Heracross, M, shiny|364/364","|turn|7","|","|detailschange|p2a: Zeuscross|Heracross-Mega, M, shiny","|-mega|p2a: Zeuscross|Heracross|Heracronite","|move|p2a: Zeuscross|Pin Missile|p1a: Uxie","|-supereffective|p1a: Uxie","|-damage|p1a: Uxie|196/354","|-supereffective|p1a: Uxie","|-damage|p1a: Uxie|151/354","|-supereffective|p1a: Uxie","|-damage|p1a: Uxie|111/354","|-supereffective|p1a: Uxie","|-damage|p1a: Uxie|66/354","|-supereffective|p1a: Uxie","|-damage|p1a: Uxie|24/354","|-hitcount|p1a: Uxie|5","|move|p1a: Uxie|Thunder Wave|p2a: Zeuscross","|-status|p2a: Zeuscross|par","|","|turn|8","|","|move|p1a: Uxie|Zen Headbutt|p2a: Zeuscross|[miss]","|-miss|p1a: Uxie|p2a: Zeuscross","|move|p2a: Zeuscross|Pin Missile|p1a: Uxie","|-supereffective|p1a: Uxie","|-damage|p1a: Uxie|0 fnt","|-hitcount|p1a: Uxie|1","|faint|p1a: Uxie","|","|","|switch|p1a: Victini|Victini|341/341","|turn|9","|","|move|p1a: Victini|Blue Flare|p2a: Zeuscross","|-supereffective|p2a: Zeuscross","|-damage|p2a: Zeuscross|10/364 par","|-damage|p1a: Victini|307/341|[from] item: Life Orb","|move|p2a: Zeuscross|Rock Blast|p1a: Victini","|-supereffective|p1a: Victini","|-damage|p1a: Victini|254/341","|-supereffective|p1a: Victini","|-damage|p1a: Victini|208/341","|-supereffective|p1a: Victini","|-damage|p1a: Victini|157/341","|-supereffective|p1a: Victini","|-damage|p1a: Victini|108/341","|-supereffective|p1a: Victini","|-damage|p1a: Victini|59/341","|-hitcount|p1a: Victini|5","|","|-sideend|p1: Emg GL Test Tech|Reflect","|turn|10","|","|move|p1a: Victini|Psychic|p2a: Zeuscross","|-supereffective|p2a: Zeuscross","|-damage|p2a: Zeuscross|0 fnt","|-damage|p1a: Victini|25/341|[from] item: Life Orb","|faint|p2a: Zeuscross","|","|","|switch|p2a: Your Ancestor|Infernape, M, shiny|293/293","|turn|11","|","|move|p2a: Your Ancestor|Mach Punch|p1a: Victini","|-resisted|p1a: Victini","|-damage|p1a: Victini|0 fnt","|faint|p1a: Victini","|","|","|switch|p1a: Malamar|Malamar, M|376/376","|turn|12","|","|move|p2a: Your Ancestor|Fire Punch|p1a: Malamar","|-damage|p1a: Malamar|214/376","|move|p1a: Malamar|Trick Room|p1a: Malamar","|-fieldstart|move: Trick Room|[of] p1a: Malamar","|","|turn|13","|","|move|p1a: Malamar|Superpower|p2a: Your Ancestor","|-damage|p2a: Your Ancestor|93/293","|-boost|p1a: Malamar|atk|1","|-boost|p1a: Malamar|def|1","|-damage|p1a: Malamar|177/376|[from] item: Life Orb","|move|p2a: Your Ancestor|Fire Punch|p1a: Malamar","|-damage|p1a: Malamar|71/376","|","|turn|14","|","|move|p1a: Malamar|Psycho Cut|p2a: Your Ancestor","|-supereffective|p2a: Your Ancestor","|-damage|p2a: Your Ancestor|0 fnt","|-damage|p1a: Malamar|34/376|[from] item: Life Orb","|faint|p2a: Your Ancestor","|","|","|switch|p2a: Iron Dog|Lucario, M, shiny|281/281","|turn|15","|","|move|p1a: Malamar|Superpower|p2a: Iron Dog","|-supereffective|p2a: Iron Dog","|-damage|p2a: Iron Dog|0 fnt","|-boost|p1a: Malamar|atk|1","|-boost|p1a: Malamar|def|1","|-damage|p1a: Malamar|0 fnt|[from] item: Life Orb","|faint|p2a: Iron Dog","|faint|p1a: Malamar","|","|","|switch|p1a: Deoxys-Defense|Deoxys-Defense|304/304","|switch|p2a: Respect Your Elder|Conkeldurr, M, shiny|414/414","|-ability|p1a: Deoxys-Defense|Pressure","|turn|16","|","|move|p2a: Respect Your Elder|Ice Punch|p1a: Deoxys-Defense","|-damage|p1a: Deoxys-Defense|248/304","|move|p1a: Deoxys-Defense|Rest|p1a: Deoxys-Defense","|-status|p1a: Deoxys-Defense|slp","|-heal|p1a: Deoxys-Defense|304/304 slp|[silent]","|-status|p1a: Deoxys-Defense|slp|[from] move: Rest","|","|-fieldend|move: Trick Room","|-status|p2a: Respect Your Elder|brn|[from] item: Flame Orb","|turn|17","|","|cant|p1a: Deoxys-Defense|slp","|move|p1a: Deoxys-Defense|Sleep Talk|p1a: Deoxys-Defense","|move|p1a: Deoxys-Defense|Rest|p1a: Deoxys-Defense|[from]Sleep Talk","|-fail|p1a: Deoxys-Defense","|move|p2a: Respect Your Elder|Ice Punch|p1a: Deoxys-Defense","|-damage|p1a: Deoxys-Defense|227/304 slp","|","|-heal|p1a: Deoxys-Defense|246/304 slp|[from] item: Leftovers","|-damage|p2a: Respect Your Elder|363/414 brn|[from] brn","|turn|18","|","|cant|p1a: Deoxys-Defense|slp","|move|p1a: Deoxys-Defense|Sleep Talk|p1a: Deoxys-Defense","|move|p1a: Deoxys-Defense|Cosmic Power|p1a: Deoxys-Defense|[from]Sleep Talk","|-boost|p1a: Deoxys-Defense|def|1","|-boost|p1a: Deoxys-Defense|spd|1","|move|p2a: Respect Your Elder|Ice Punch|p1a: Deoxys-Defense","|-damage|p1a: Deoxys-Defense|195/304 slp","|","|-heal|p1a: Deoxys-Defense|214/304 slp|[from] item: Leftovers","|-damage|p2a: Respect Your Elder|312/414 brn|[from] brn","|turn|19","|","|-curestatus|p1a: Deoxys-Defense|slp","|move|p1a: Deoxys-Defense|Cosmic Power|p1a: Deoxys-Defense","|-boost|p1a: Deoxys-Defense|def|1","|-boost|p1a: Deoxys-Defense|spd|1","|move|p2a: Respect Your Elder|Ice Punch|p1a: Deoxys-Defense","|-damage|p1a: Deoxys-Defense|173/304","|","|-heal|p1a: Deoxys-Defense|192/304|[from] item: Leftovers","|-damage|p2a: Respect Your Elder|261/414 brn|[from] brn","|turn|20","|","|move|p1a: Deoxys-Defense|Cosmic Power|p1a: Deoxys-Defense","|-boost|p1a: Deoxys-Defense|def|1","|-boost|p1a: Deoxys-Defense|spd|1","|move|p2a: Respect Your Elder|Ice Punch|p1a: Deoxys-Defense","|-damage|p1a: Deoxys-Defense|161/304","|","|-heal|p1a: Deoxys-Defense|180/304|[from] item: Leftovers","|-damage|p2a: Respect Your Elder|210/414 brn|[from] brn","|turn|21","|","|move|p1a: Deoxys-Defense|Cosmic Power|p1a: Deoxys-Defense","|-boost|p1a: Deoxys-Defense|def|1","|-boost|p1a: Deoxys-Defense|spd|1","|move|p2a: Respect Your Elder|Ice Punch|p1a: Deoxys-Defense","|-damage|p1a: Deoxys-Defense|154/304","|","|-heal|p1a: Deoxys-Defense|173/304|[from] item: Leftovers","|-damage|p2a: Respect Your Elder|159/414 brn|[from] brn","|turn|22","|","|win|Emg GL Test Tech"],"p1rating":{"entryid":"437770","serverid":"eos","formatid":"monotype","userid":"emggltesttech","username":"Emg GL Test Tech","w":16,"l":"10","t":"0","gxe":60.3,"r":"1569.3201829761","rd":"65.829296023968","sigma":"0","rptime":"1441270800","rpr":1580.0914650441,"rprd":64.828121616735,"rpsigma":"0","acre":1155.1949769889,"lacre":1155.1949769889,"oldacre":"1137.5239635573"},"p2rating":{"entryid":"765772","serverid":"eos","formatid":"monotype","userid":"chansey88","username":"Chansey88","w":"1","l":2,"t":"0","gxe":48.2,"r":"1552.6700883726","rd":"122.47333504289","sigma":"0","rptime":"1441270800","rpr":1486.0391936879,"rprd":110.46481412055,"rpsigma":"0","acre":1022.0677333858,"lacre":1022.0677333858,"oldacre":"1032.591710033"},"endType":"forfeit"}