{"seed":[37525,3468,7915,59346],"turns":21,"p1":"Emg GL Bit","p2":"Apex✦Quilluminati","p1team":[{"name":"Tyranitar","species":"Tyranitar","item":"assaultvest","ability":"Sand Stream","moves":["darkpulse","icebeam","fireblast","thunderbolt"],"nature":"Modest","evs":{"hp":252,"atk":0,"def":0,"spa":188,"spd":68,"spe":0},"ivs":{"hp":31,"atk":31,"def":31,"spa":31,"spd":31,"spe":31}},{"name":"Last Thing You See","species":"terrakion","item":"choiceband","ability":"Justified","moves":["stoneedge","closecombat","earthquake","quickattack"],"nature":"Jolly","evs":{"hp":0,"atk":252,"def":4,"spa":0,"spd":0,"spe":252},"shiny":true,"ivs":{"hp":31,"atk":31,"def":31,"spa":31,"spd":31,"spe":31}},{"name":"Blown Back","species":"cradily","item":"leftovers","ability":"Storm Drain","moves":["seedbomb","earthquake","recover","curse"],"nature":"Careful","evs":{"hp":252,"atk":4,"def":0,"spa":0,"spd":252,"spe":0},"gender":"F","ivs":{"hp":31,"atk":31,"def":31,"spa":31,"spd":31,"spe":31}},{"name":"Unkillable","species":"rhyperior","item":"weaknesspolicy","ability":"Solid Rock","moves":["earthquake","stoneedge","firepunch","icepunch"],"nature":"Impish","evs":{"hp":252,"atk":4,"def":252,"spa":0,"spd":0,"spe":0},"gender":"M","shiny":true,"ivs":{"hp":31,"atk":31,"def":31,"spa":31,"spd":31,"spe":31}},{"name":"Omastar","species":"Omastar","item":"focussash","ability":"Weak Armor","moves":["hydropump","icebeam","hiddenpowergrass","shellsmash"],"nature":"Timid","evs":{"hp":0,"atk":0,"def":0,"spa":252,"spd":4,"spe":252},"ivs":{"hp":31,"atk":30,"def":31,"spa":30,"spd":31,"spe":31}},{"name":"Mah Boy","species":"shuckle","item":"mentalherb","ability":"Sturdy","moves":["stickyweb","stealthrock","encore","knockoff"],"nature":"Impish","evs":{"hp":252,"atk":0,"def":156,"spa":0,"spd":100,"spe":0},"gender":"M","shiny":true,"ivs":{"hp":31,"atk":31,"def":31,"spa":31,"spd":31,"spe":31}}],"p2team":[{"name":"Allen Iverson","species":"diancie","item":"diancite","ability":"Clear Body","moves":["protect","moonblast","earthpower","diamondstorm"],"nature":"Hasty","evs":{"hp":0,"atk":120,"def":0,"spa":128,"spd":8,"spe":252},"ivs":{"hp":31,"atk":31,"def":31,"spa":31,"spd":31,"spe":31}},{"name":"Michael Jordan","species":"terrakion","item":"choicescarf","ability":"Justified","moves":["closecombat","ironhead","earthquake","stoneedge"],"nature":"Jolly","evs":{"hp":0,"atk":252,"def":0,"spa":0,"spd":4,"spe":252},"shiny":true,"ivs":{"hp":31,"atk":31,"def":31,"spa":31,"spd":31,"spe":31}},{"name":"Wilt Chamberlain","species":"shuckle","item":"redcard","ability":"Sturdy","moves":["stickyweb","knockoff","stealthrock","toxic"],"nature":"Impish","evs":{"hp":252,"atk":0,"def":84,"spa":0,"spd":172,"spe":0},"ivs":{"hp":31,"atk":31,"def":31,"spa":31,"spd":31,"spe":31}},{"name":"Aerodactyl","species":"Aerodactyl","item":"focussash","ability":"Rock Head","moves":["honeclaws","aerialace","stoneedge","aquatail"],"nature":"Jolly","evs":{"hp":4,"atk":252,"def":0,"spa":0,"spd":0,"spe":252},"ivs":{"hp":31,"atk":31,"def":31,"spa":31,"spd":31,"spe":31}},{"name":"Omastar","species":"Omastar","item":"focussash","ability":"Shell Armor","moves":["shellsmash","scald","icebeam","earthpower"],"nature":"Modest","evs":{"hp":4,"atk":0,"def":0,"spa":252,"spd":0,"spe":252},"ivs":{"hp":31,"atk":31,"def":31,"spa":31,"spd":31,"spe":31}},{"name":"Tyranitar","species":"Tyranitar","item":"assaultvest","ability":"Sand Stream","moves":["fireblast","crunch","stoneedge","earthquake"],"nature":"Naughty","evs":{"hp":248,"atk":252,"def":0,"spa":8,"spd":0,"spe":0},"ivs":{"hp":31,"atk":31,"def":31,"spa":31,"spd":31,"spe":31}}],"log":["|player|p1|Emg GL Bit|154","|player|p2|Apex✦Quilluminati|80","|gametype|singles","|gen|6","|tier|Monotype","|rated","|rule|Baton Pass Clause: Limit one Baton Passer, can't pass Spe and other stats simultaneously","|rule|Swagger Clause: Swagger is banned","|rule|Same Type Clause: Pokémon in a team must share a type","|clearpoke","|poke|p1|Tyranitar, M","|poke|p1|Terrakion, shiny","|poke|p1|Cradily, F","|poke|p1|Rhyperior, M, shiny","|poke|p1|Omastar, F","|poke|p1|Shuckle, M, shiny","|poke|p2|Diancie","|poke|p2|Terrakion, shiny","|poke|p2|Shuckle, M","|poke|p2|Aerodactyl, F","|poke|p2|Omastar, F","|poke|p2|Tyranitar, F","|rule|Sleep Clause Mod: Limit one foe put to sleep","|rule|Species Clause: Limit one of each Pokémon","|rule|OHKO Clause: OHKO moves are banned","|rule|Moody Clause: Moody is banned","|rule|Evasion Moves Clause: Evasion moves are banned","|rule|Endless Battle Clause: Forcing endless battles is banned","|rule|HP Percentage Mod: HP is shown in percentages","|teampreview","|","|start","|switch|p1a: Mah Boy|Shuckle, M, shiny|244/244","|switch|p2a: Wilt Chamberlain|Shuckle, M|244/244","|turn|1","|","|move|p2a: Wilt Chamberlain|Stealth Rock|p1a: Mah Boy","|-sidestart|p1: Emg GL Bit|move: Stealth Rock","|move|p1a: Mah Boy|Encore|p2a: Wilt Chamberlain","|-start|p2a: Wilt Chamberlain|Encore","|","|turn|2","|","|switch|p2a: Allen Iverson|Diancie|241/241","|move|p1a: Mah Boy|Sticky Web|p2a: Allen Iverson","|-sidestart|p2: Apex✦Quilluminati|move: Sticky Web","|","|turn|3","|","|switch|p1a: Blown Back|Cradily, F|376/376","|-damage|p1a: Blown Back|329/376|[from] Stealth Rock","|detailschange|p2a: Allen Iverson|Diancie-Mega","|-mega|p2a: Allen Iverson|Diancie|Diancite","|move|p2a: Allen Iverson|Diamond Storm|p1a: Blown Back","|-crit|p1a: Blown Back","|-damage|p1a: Blown Back|32/376","|-boost|p2a: Allen Iverson|def|1","|","|-heal|p1a: Blown Back|55/376|[from] item: Leftovers","|turn|4","|","|move|p2a: Allen Iverson|Diamond Storm|p1a: Blown Back","|-damage|p1a: Blown Back|0 fnt","|-boost|p2a: Allen Iverson|def|1","|faint|p1a: Blown Back","|","|","|switch|p1a: Tyranitar|Tyranitar, M|404/404","|-damage|p1a: Tyranitar|354/404|[from] Stealth Rock","|-weather|Sandstorm","|turn|5","|","|move|p2a: Allen Iverson|Moonblast|p1a: Tyranitar","|-supereffective|p1a: Tyranitar","|-damage|p1a: Tyranitar|186/404","|move|p1a: Tyranitar|Thunderbolt|p2a: Allen Iverson","|-damage|p2a: Allen Iverson|188/241","|","|-weather|Sandstorm|[upkeep]","|turn|6","|","|move|p2a: Allen Iverson|Diamond Storm|p1a: Tyranitar","|-damage|p1a: Tyranitar|14/404","|move|p1a: Tyranitar|Thunderbolt|p2a: Allen Iverson","|-damage|p2a: Allen Iverson|128/241","|","|-weather|Sandstorm|[upkeep]","|turn|7","|","|move|p2a: Allen Iverson|Diamond Storm|p1a: Tyranitar","|-damage|p1a: Tyranitar|0 fnt","|faint|p1a: Tyranitar","|","|-weather|Sandstorm|[upkeep]","|","|switch|p1a: Omastar|Omastar, F|281/281","|-damage|p1a: Omastar|246/281|[from] Stealth Rock","|turn|8","|","|move|p2a: Allen Iverson|Earth Power|p1a: Omastar","|-supereffective|p1a: Omastar","|-damage|p1a: Omastar|50/281","|move|p1a: Omastar|Shell Smash|p1a: Omastar","|-unboost|p1a: Omastar|def|1","|-unboost|p1a: Omastar|spd|1","|-boost|p1a: Omastar|atk|2","|-boost|p1a: Omastar|spa|2","|-boost|p1a: Omastar|spe|2","|","|-weather|Sandstorm|[upkeep]","|turn|9","|","|switch|p2a: Wilt Chamberlain|Shuckle, M|244/244","|-activate|p2a: Wilt Chamberlain|move: Sticky Web","|-unboost|p2a: Wilt Chamberlain|spe|1","|move|p1a: Omastar|Hydro Pump|p2a: Wilt Chamberlain","|-supereffective|p2a: Wilt Chamberlain","|-damage|p2a: Wilt Chamberlain|38/244","|-enditem|p2a: Wilt Chamberlain|Red Card|[of] p1a: Omastar","|drag|p1a: Unkillable|Rhyperior, M, shiny|434/434","|-damage|p1a: Unkillable|407/434|[from] Stealth Rock","|","|-weather|none","|turn|10","|","|move|p1a: Unkillable|Earthquake|p2a: Wilt Chamberlain","|-damage|p2a: Wilt Chamberlain|0 fnt","|faint|p2a: Wilt Chamberlain","|","|","|switch|p2a: Omastar|Omastar, F|282/282","|-activate|p2a: Omastar|move: Sticky Web","|-unboost|p2a: Omastar|spe|1","|turn|11","|","|move|p2a: Omastar|Shell Smash|p2a: Omastar","|-unboost|p2a: Omastar|def|1","|-unboost|p2a: Omastar|spd|1","|-boost|p2a: Omastar|atk|2","|-boost|p2a: Omastar|spa|2","|-boost|p2a: Omastar|spe|2","|move|p1a: Unkillable|Earthquake|p2a: Omastar","|-supereffective|p2a: Omastar","|-enditem|p2a: Omastar|Focus Sash","|-damage|p2a: Omastar|1/282","|","|turn|12","|","|switch|p1a: Omastar|Omastar, F|50/281","|-damage|p1a: Omastar|15/281|[from] Stealth Rock","|move|p2a: Omastar|Scald|p1a: Omastar","|-damage|p1a: Omastar|0 fnt","|faint|p1a: Omastar","|","|","|switch|p1a: Last Thing You See|Terrakion, shiny|323/323","|-damage|p1a: Last Thing You See|303/323|[from] Stealth Rock","|turn|13","|","|move|p1a: Last Thing You See|Quick Attack|p2a: Omastar","|-resisted|p2a: Omastar","|-damage|p2a: Omastar|0 fnt","|faint|p2a: Omastar","|","|","|switch|p2a: Aerodactyl|Aerodactyl, F|302/302","|turn|14","|","|switch|p1a: Mah Boy|Shuckle, M, shiny|244/244","|-damage|p1a: Mah Boy|183/244|[from] Stealth Rock","|move|p2a: Aerodactyl|Hone Claws|p2a: Aerodactyl","|-boost|p2a: Aerodactyl|atk|1","|-boost|p2a: Aerodactyl|accuracy|1","|","|turn|15","|","|move|p2a: Aerodactyl|Stone Edge|p1a: Mah Boy","|-crit|p1a: Mah Boy","|-supereffective|p1a: Mah Boy","|-damage|p1a: Mah Boy|0 fnt","|faint|p1a: Mah Boy","|","|","|switch|p1a: Unkillable|Rhyperior, M, shiny|407/434","|-damage|p1a: Unkillable|380/434|[from] Stealth Rock","|turn|16","|","|move|p2a: Aerodactyl|Aqua Tail|p1a: Unkillable","|-supereffective|p1a: Unkillable","|-damage|p1a: Unkillable|125/434","|-enditem|p1a: Unkillable|Weakness Policy","|-boost|p1a: Unkillable|atk|2|[from] item: Weakness Policy","|-boost|p1a: Unkillable|spa|2|[from] item: Weakness Policy","|move|p1a: Unkillable|Ice Punch|p2a: Aerodactyl","|-supereffective|p2a: Aerodactyl","|-enditem|p2a: Aerodactyl|Focus Sash","|-damage|p2a: Aerodactyl|1/302","|","|turn|17","|","|move|p2a: Aerodactyl|Aqua Tail|p1a: Unkillable","|-supereffective|p1a: Unkillable","|-damage|p1a: Unkillable|0 fnt","|faint|p1a: Unkillable","|","|","|switch|p1a: Last Thing You See|Terrakion, shiny|303/323","|-damage|p1a: Last Thing You See|283/323|[from] Stealth Rock","|turn|18","|","|move|p2a: Aerodactyl|Aqua Tail|p1a: Last Thing You See","|-supereffective|p1a: Last Thing You See","|-damage|p1a: Last Thing You See|1/323","|move|p1a: Last Thing You See|Close Combat|p2a: Aerodactyl","|-crit|p2a: Aerodactyl","|-damage|p2a: Aerodactyl|0 fnt","|-unboost|p1a: Last Thing You See|def|1","|-unboost|p1a: Last Thing You See|spd|1","|faint|p2a: Aerodactyl","|","|","|switch|p2a: Michael Jordan|Terrakion, shiny|323/323","|-activate|p2a: Michael Jordan|move: Sticky Web","|-unboost|p2a: Michael Jordan|spe|1","|turn|19","|","|move|p1a: Last Thing You See|Close Combat|p2a: Michael Jordan","|-supereffective|p2a: Michael Jordan","|-damage|p2a: Michael Jordan|0 fnt","|-unboost|p1a: Last Thing You See|def|1","|-unboost|p1a: Last Thing You See|spd|1","|faint|p2a: Michael Jordan","|","|","|switch|p2a: Allen Iverson|Diancie-Mega|128/241","|-activate|p2a: Allen Iverson|move: Sticky Web","|-unboost|p2a: Allen Iverson|spe|1","|turn|20","|","|move|p1a: Last Thing You See|Close Combat|p2a: Allen Iverson","|-damage|p2a: Allen Iverson|0 fnt","|-unboost|p1a: Last Thing You See|def|1","|-unboost|p1a: Last Thing You See|spd|1","|faint|p2a: Allen Iverson","|","|","|switch|p2a: Tyranitar|Tyranitar, F|403/403","|-activate|p2a: Tyranitar|move: Sticky Web","|-unboost|p2a: Tyranitar|spe|1","|-weather|Sandstorm","|turn|21","|","|move|p1a: Last Thing You See|Close Combat|p2a: Tyranitar","|-supereffective|p2a: Tyranitar","|-damage|p2a: Tyranitar|0 fnt","|-unboost|p1a: Last Thing You See|def|1","|-unboost|p1a: Last Thing You See|spd|1","|faint|p2a: Tyranitar","|","|win|Emg GL Bit"],"p1rating":{"entryid":"820046","serverid":"eos","formatid":"monotype","userid":"emgglbit","username":"Emg GL Bit","w":1,"l":"1","t":"0","gxe":49.4,"r":"1500","rd":"130","sigma":"0","rptime":"1441270800","rpr":1495.0380841734,"rprd":116.37210972644,"rpsigma":"0","acre":1056.7234382187,"lacre":1056.7234382187,"oldacre":"1000"},"p2rating":{"entryid":"777566","serverid":"eos","formatid":"monotype","userid":"apexquilluminati","username":"Apex✦Quilluminati","w":"11","l":13,"t":"0","gxe":46.6,"r":"1434.6538432407","rd":"74.261728971237","sigma":"0","rptime":"1441270800","rpr":1473.9667628811,"rprd":64.890550115493,"rpsigma":"0","acre":1119.2853378351,"lacre":1119.2853378351,"oldacre":"1154.7374867218"},"endType":"normal"}