{"seed":[47780,16107,14357,9344],"turns":21,"p1":"Rain ☆ S.Herbs","p2":"Coloniol Mustang","p1team":[{"name":"Landorus","species":"Landorus","item":"assaultvest","ability":"Sheer Force","moves":["earthpower","psychic","sludgewave","grassknot"],"nature":"Naive","evs":{"hp":0,"atk":4,"def":0,"spa":252,"spd":0,"spe":252},"ivs":{"hp":31,"atk":31,"def":31,"spa":31,"spd":31,"spe":31}},{"name":"Hippowdon","species":"Hippowdon","item":"leftovers","ability":"Sand Stream","moves":["earthquake","crunch","stealthrock","toxic"],"nature":"Impish","evs":{"hp":248,"atk":8,"def":252,"spa":0,"spd":0,"spe":0},"ivs":{"hp":31,"atk":31,"def":31,"spa":31,"spd":31,"spe":31}},{"name":"Mamoswine","species":"Mamoswine","item":"lifeorb","ability":"Thick Fat","moves":["iceshard","iciclecrash","earthquake","rockslide"],"nature":"Jolly","evs":{"hp":0,"atk":252,"def":0,"spa":0,"spd":4,"spe":252},"ivs":{"hp":31,"atk":31,"def":31,"spa":31,"spd":31,"spe":31}},{"name":"Garchomp","species":"Garchomp","item":"garchompite","ability":"Rough Skin","moves":["flamethrower","earthquake","dracometeor","ironhead"],"nature":"Rash","evs":{"hp":0,"atk":252,"def":0,"spa":4,"spd":0,"spe":252},"ivs":{"hp":31,"atk":31,"def":31,"spa":31,"spd":31,"spe":31}},{"name":"Gastrodon","species":"Gastrodon","item":"leftovers","ability":"Storm Drain","moves":["icebeam","earthpower","toxic","recover"],"nature":"Bold","evs":{"hp":252,"atk":0,"def":0,"spa":4,"spd":252,"spe":0},"ivs":{"hp":31,"atk":31,"def":31,"spa":31,"spd":31,"spe":31}},{"name":"Excadrill","species":"Excadrill","item":"airballoon","ability":"Sand Rush","moves":["ironhead","earthquake","swordsdance","rockslide"],"nature":"Jolly","evs":{"hp":0,"atk":252,"def":0,"spa":0,"spd":4,"spe":252},"shiny":true,"ivs":{"hp":31,"atk":31,"def":31,"spa":31,"spd":31,"spe":31}}],"p2team":[{"name":"Cobalion","species":"Cobalion","item":"leftovers","ability":"Justified","moves":["reflect","thunderwave","stealthrock","ironhead"],"nature":"Jolly","evs":{"hp":4,"atk":0,"def":252,"spa":0,"spd":0,"spe":252},"ivs":{"hp":31,"atk":31,"def":31,"spa":31,"spd":31,"spe":31}},{"name":"Medicham","species":"Medicham","item":"medichamite","ability":"Pure Power","moves":["highjumpkick","bulletpunch","icepunch","fakeout"],"nature":"Jolly","evs":{"hp":4,"atk":252,"def":0,"spa":0,"spd":0,"spe":252},"ivs":{"hp":31,"atk":31,"def":31,"spa":31,"spd":31,"spe":31}},{"name":"Keldeo","species":"Keldeo","item":"leftovers","ability":"Justified","moves":["scald","secretsword","calmmind","icywind"],"nature":"Modest","evs":{"hp":24,"atk":0,"def":0,"spa":232,"spd":0,"spe":252},"ivs":{"hp":31,"atk":31,"def":31,"spa":31,"spd":31,"spe":31}},{"name":"Heracross","species":"Heracross","item":"choicescarf","ability":"Moxie","moves":["closecombat","megahorn","knockoff","rockblast"],"nature":"Adamant","evs":{"hp":4,"atk":252,"def":0,"spa":0,"spd":0,"spe":252},"ivs":{"hp":31,"atk":31,"def":31,"spa":31,"spd":31,"spe":31}},{"name":"Hawlucha","species":"Hawlucha","item":"powerherb","ability":"Unburden","moves":["acrobatics","skyattack","highjumpkick","swordsdance"],"nature":"Adamant","evs":{"hp":4,"atk":252,"def":0,"spa":0,"spd":0,"spe":252},"ivs":{"hp":31,"atk":30,"def":30,"spa":31,"spd":30,"spe":31}},{"name":"Breloom","species":"Breloom","item":"focussash","ability":"Technician","moves":["swordsdance","rocktomb","spore","machpunch"],"nature":"Jolly","evs":{"hp":4,"atk":252,"def":0,"spa":0,"spd":0,"spe":252},"ivs":{"hp":31,"atk":31,"def":31,"spa":31,"spd":31,"spe":31}}],"log":["|player|p1|Rain ☆ S.Herbs|154","|player|p2|Coloniol Mustang|124","|gametype|singles","|gen|6","|tier|Monotype","|rated","|rule|Baton Pass Clause: Limit one Baton Passer, can't pass Spe and other stats simultaneously","|rule|Swagger Clause: Swagger is banned","|rule|Same Type Clause: Pokémon in a team must share a type","|clearpoke","|poke|p1|Landorus, M","|poke|p1|Hippowdon, M","|poke|p1|Mamoswine, F","|poke|p1|Garchomp, M","|poke|p1|Gastrodon, F","|poke|p1|Excadrill, M, shiny","|poke|p2|Cobalion","|poke|p2|Medicham, F","|poke|p2|Keldeo","|poke|p2|Heracross, F","|poke|p2|Hawlucha, F","|poke|p2|Breloom, F","|rule|Sleep Clause Mod: Limit one foe put to sleep","|rule|Species Clause: Limit one of each Pokémon","|rule|OHKO Clause: OHKO moves are banned","|rule|Moody Clause: Moody is banned","|rule|Evasion Moves Clause: Evasion moves are banned","|rule|Endless Battle Clause: Forcing endless battles is banned","|rule|HP Percentage Mod: HP is shown in percentages","|teampreview","|","|start","|switch|p1a: Garchomp|Garchomp, M|357/357","|switch|p2a: Hawlucha|Hawlucha, F|298/298","|turn|1","|","|detailschange|p1a: Garchomp|Garchomp-Mega, M","|-mega|p1a: Garchomp|Garchomp|Garchompite","|move|p2a: Hawlucha|Sky Attack|p1a: Garchomp|[still]","|-prepare|p2a: Hawlucha|Sky Attack|p1a: Garchomp","|-enditem|p2a: Hawlucha|Power Herb","|-anim|p2a: Hawlucha|Sky Attack|p1a: Garchomp","|-damage|p1a: Garchomp|149/357","|move|p1a: Garchomp|Iron Head|p2a: Hawlucha","|-damage|p2a: Hawlucha|150/298","|","|turn|2","|","|switch|p1a: Hippowdon|Hippowdon, M|419/419","|-weather|Sandstorm","|move|p2a: Hawlucha|Acrobatics|p1a: Hippowdon","|-damage|p1a: Hippowdon|311/419","|","|-weather|Sandstorm|[upkeep]","|-damage|p2a: Hawlucha|132/298|[from] sandstorm","|-heal|p1a: Hippowdon|337/419|[from] item: Leftovers","|turn|3","|","|move|p2a: Hawlucha|High Jump Kick|p1a: Hippowdon","|-damage|p1a: Hippowdon|201/419","|move|p1a: Hippowdon|Toxic|p2a: Hawlucha","|-status|p2a: Hawlucha|tox","|","|-weather|Sandstorm|[upkeep]","|-damage|p2a: Hawlucha|114/298 tox|[from] sandstorm","|-heal|p1a: Hippowdon|227/419|[from] item: Leftovers","|-damage|p2a: Hawlucha|96/298 tox|[from] psn","|turn|4","|","|move|p2a: Hawlucha|High Jump Kick|p1a: Hippowdon","|-damage|p1a: Hippowdon|103/419","|move|p1a: Hippowdon|Stealth Rock|p2a: Hawlucha","|-sidestart|p2: Coloniol Mustang|move: Stealth Rock","|","|-weather|Sandstorm|[upkeep]","|-damage|p2a: Hawlucha|78/298 tox|[from] sandstorm","|-heal|p1a: Hippowdon|129/419|[from] item: Leftovers","|-damage|p2a: Hawlucha|42/298 tox|[from] psn","|turn|5","|","|move|p2a: Hawlucha|High Jump Kick|p1a: Hippowdon","|-damage|p1a: Hippowdon|0 fnt","|faint|p1a: Hippowdon","|","|-weather|Sandstorm|[upkeep]","|-damage|p2a: Hawlucha|24/298 tox|[from] sandstorm","|-damage|p2a: Hawlucha|0 fnt|[from] psn","|faint|p2a: Hawlucha","|","|switch|p2a: Keldeo|Keldeo|329/329","|switch|p1a: Excadrill|Excadrill, M, shiny|361/361","|-item|p1a: Excadrill|Air Balloon","|-damage|p2a: Keldeo|309/329|[from] Stealth Rock","|turn|6","|","|move|p1a: Excadrill|Earthquake|p2a: Keldeo","|-damage|p2a: Keldeo|104/329","|move|p2a: Keldeo|Icy Wind|p1a: Excadrill","|-damage|p1a: Excadrill|269/361","|-enditem|p1a: Excadrill|Air Balloon","|-unboost|p1a: Excadrill|spe|1","|","|-weather|none","|-heal|p2a: Keldeo|124/329|[from] item: Leftovers","|turn|7","|","|switch|p1a: Gastrodon|Gastrodon, F|426/426","|move|p2a: Keldeo|Scald|p1a: Gastrodon","|-boost|p1a: Gastrodon|spa|1|[from] ability: Storm Drain","|","|-heal|p2a: Keldeo|144/329|[from] item: Leftovers","|turn|8","|","|move|p2a: Keldeo|Calm Mind|p2a: Keldeo","|-boost|p2a: Keldeo|spa|1","|-boost|p2a: Keldeo|spd|1","|move|p1a: Gastrodon|Earth Power|p2a: Keldeo","|-damage|p2a: Keldeo|38/329","|","|-heal|p2a: Keldeo|58/329|[from] item: Leftovers","|turn|9","|","|move|p2a: Keldeo|Secret Sword|p1a: Gastrodon","|-damage|p1a: Gastrodon|122/426","|move|p1a: Gastrodon|Earth Power|p2a: Keldeo","|-damage|p2a: Keldeo|0 fnt","|faint|p2a: Keldeo","|","|-heal|p1a: Gastrodon|148/426|[from] item: Leftovers","|","|switch|p2a: Heracross|Heracross, F|302/302","|-damage|p2a: Heracross|265/302|[from] Stealth Rock","|turn|10","|","|move|p2a: Heracross|Knock Off|p1a: Gastrodon","|-damage|p1a: Gastrodon|0 fnt","|-enditem|p1a: Gastrodon|Leftovers|[from] move: Knock Off|[of] p2a: Heracross","|faint|p1a: Gastrodon","|-boost|p2a: Heracross|atk|1|[from] ability: Moxie","|","|","|switch|p1a: Garchomp|Garchomp-Mega, M|149/357","|turn|11","|","|move|p2a: Heracross|Knock Off|p1a: Garchomp","|-damage|p1a: Garchomp|48/357","|move|p1a: Garchomp|Flamethrower|p2a: Heracross","|-supereffective|p2a: Heracross","|-damage|p2a: Heracross|59/302","|","|turn|12","|","|move|p2a: Heracross|Knock Off|p1a: Garchomp","|-damage|p1a: Garchomp|0 fnt","|faint|p1a: Garchomp","|-boost|p2a: Heracross|atk|1|[from] ability: Moxie","|","|","|switch|p1a: Mamoswine|Mamoswine, F|361/361","|turn|13","|","|move|p1a: Mamoswine|Ice Shard|p2a: Heracross","|-damage|p2a: Heracross|0 fnt","|-damage|p1a: Mamoswine|325/361|[from] item: Life Orb","|faint|p2a: Heracross","|","|","|switch|p2a: Breloom|Breloom, F|262/262","|-damage|p2a: Breloom|246/262|[from] Stealth Rock","|turn|14","|","|move|p1a: Mamoswine|Ice Shard|p2a: Breloom","|-supereffective|p2a: Breloom","|-damage|p2a: Breloom|17/262","|-damage|p1a: Mamoswine|289/361|[from] item: Life Orb","|move|p2a: Breloom|Mach Punch|p1a: Mamoswine","|-supereffective|p1a: Mamoswine","|-damage|p1a: Mamoswine|31/361","|","|turn|15","|","|move|p1a: Mamoswine|Ice Shard|p2a: Breloom","|-supereffective|p2a: Breloom","|-damage|p2a: Breloom|0 fnt","|-damage|p1a: Mamoswine|0 fnt|[from] item: Life Orb","|faint|p2a: Breloom","|faint|p1a: Mamoswine","|","|","|switch|p2a: Cobalion|Cobalion|324/324","|switch|p1a: Excadrill|Excadrill, M, shiny|269/361","|-damage|p2a: Cobalion|314/324|[from] Stealth Rock","|turn|16","|","|move|p2a: Cobalion|Reflect|p2a: Cobalion","|-sidestart|p2: Coloniol Mustang|Reflect","|move|p1a: Excadrill|Earthquake|p2a: Cobalion","|-supereffective|p2a: Cobalion","|-damage|p2a: Cobalion|190/324","|","|-heal|p2a: Cobalion|210/324|[from] item: Leftovers","|turn|17","|","|move|p2a: Cobalion|Stealth Rock|p1a: Excadrill","|-sidestart|p1: Rain ☆ S.Herbs|move: Stealth Rock","|move|p1a: Excadrill|Earthquake|p2a: Cobalion","|-supereffective|p2a: Cobalion","|-damage|p2a: Cobalion|98/324","|","|-heal|p2a: Cobalion|118/324|[from] item: Leftovers","|turn|18","|","|move|p2a: Cobalion|Iron Head|p1a: Excadrill","|-resisted|p1a: Excadrill","|-damage|p1a: Excadrill|203/361","|move|p1a: Excadrill|Earthquake|p2a: Cobalion","|-supereffective|p2a: Cobalion","|-damage|p2a: Cobalion|0 fnt","|faint|p2a: Cobalion","|","|","|switch|p2a: Medicham|Medicham, F|262/262","|-damage|p2a: Medicham|246/262|[from] Stealth Rock","|turn|19","|","|detailschange|p2a: Medicham|Medicham-Mega, F","|-mega|p2a: Medicham|Medicham|Medichamite","|move|p2a: Medicham|Fake Out|p1a: Excadrill","|-resisted|p1a: Excadrill","|-damage|p1a: Excadrill|148/361","|cant|p1a: Excadrill|flinch","|","|turn|20","|","|move|p2a: Medicham|High Jump Kick|p1a: Excadrill","|-supereffective|p1a: Excadrill","|-damage|p1a: Excadrill|0 fnt","|faint|p1a: Excadrill","|","|-sideend|p2: Coloniol Mustang|Reflect","|","|switch|p1a: Landorus|Landorus, M|319/319","|-damage|p1a: Landorus|280/319|[from] Stealth Rock","|turn|21","|","|move|p1a: Landorus|Earth Power|p2a: Medicham","|-damage|p2a: Medicham|44/262","|move|p2a: Medicham|Ice Punch|p1a: Landorus","|-supereffective|p1a: Landorus","|-damage|p1a: Landorus|0 fnt","|faint|p1a: Landorus","|","|win|Coloniol Mustang"],"p1rating":{"entryid":"61538","serverid":"eos","formatid":"monotype","userid":"rainsherbs","username":"Rain ☆ S.Herbs","w":"27","l":33,"t":"0","gxe":45.9,"r":"1478.0923599417","rd":"46.129889951155","sigma":"0","rptime":"1441270800","rpr":1468.89182795,"rprd":45.426291667384,"rpsigma":"0","acre":1129.529383265,"lacre":1129.529383265,"oldacre":"1144.6594907015"},"p2rating":{"entryid":"790045","serverid":"eos","formatid":"monotype","userid":"coloniolmustang","username":"Coloniol Mustang","w":25,"l":"12","t":"0","gxe":63.8,"r":"1506.5678551039","rd":"106.29891332807","sigma":"0","rptime":"1441270800","rpr":1608.1241353581,"rprd":55.375294205016,"rpsigma":"0","acre":1304.8330370959,"lacre":1304.8330370959,"oldacre":"1289.7029296594"},"endType":"normal"}