{"seed":[9154,30926,61958,32756],"turns":46,"p1":"Coloniol Mustang","p2":"SL Kj","p1team":[{"name":"Cobalion","species":"Cobalion","item":"leftovers","ability":"Justified","moves":["reflect","thunderwave","stealthrock","ironhead"],"nature":"Jolly","evs":{"hp":4,"atk":0,"def":252,"spa":0,"spd":0,"spe":252},"ivs":{"hp":31,"atk":31,"def":31,"spa":31,"spd":31,"spe":31}},{"name":"Medicham","species":"Medicham","item":"medichamite","ability":"Pure Power","moves":["highjumpkick","bulletpunch","icepunch","fakeout"],"nature":"Jolly","evs":{"hp":4,"atk":252,"def":0,"spa":0,"spd":0,"spe":252},"ivs":{"hp":31,"atk":31,"def":31,"spa":31,"spd":31,"spe":31}},{"name":"Keldeo","species":"Keldeo","item":"leftovers","ability":"Justified","moves":["scald","secretsword","calmmind","icywind"],"nature":"Modest","evs":{"hp":24,"atk":0,"def":0,"spa":232,"spd":0,"spe":252},"ivs":{"hp":31,"atk":31,"def":31,"spa":31,"spd":31,"spe":31}},{"name":"Heracross","species":"Heracross","item":"choicescarf","ability":"Moxie","moves":["closecombat","megahorn","knockoff","rockblast"],"nature":"Adamant","evs":{"hp":4,"atk":252,"def":0,"spa":0,"spd":0,"spe":252},"ivs":{"hp":31,"atk":31,"def":31,"spa":31,"spd":31,"spe":31}},{"name":"Hawlucha","species":"Hawlucha","item":"powerherb","ability":"Unburden","moves":["acrobatics","skyattack","highjumpkick","swordsdance"],"nature":"Adamant","evs":{"hp":4,"atk":252,"def":0,"spa":0,"spd":0,"spe":252},"ivs":{"hp":31,"atk":30,"def":30,"spa":31,"spd":30,"spe":31}},{"name":"Breloom","species":"Breloom","item":"focussash","ability":"Technician","moves":["swordsdance","rocktomb","spore","machpunch"],"nature":"Jolly","evs":{"hp":4,"atk":252,"def":0,"spa":0,"spd":0,"spe":252},"ivs":{"hp":31,"atk":31,"def":31,"spa":31,"spd":31,"spe":31}}],"p2team":[{"name":"Crobat","species":"Crobat","item":"redcard","ability":"Infiltrator","moves":["acrobatics","roost","uturn","taunt"],"nature":"Jolly","evs":{"hp":196,"atk":0,"def":60,"spa":0,"spd":0,"spe":252},"ivs":{"hp":31,"atk":31,"def":31,"spa":31,"spd":31,"spe":31}},{"name":"Skuntank","species":"Skuntank","item":"airballoon","ability":"Aftermath","moves":["pursuit","suckerpunch","poisonjab","defog"],"nature":"Adamant","evs":{"hp":16,"atk":240,"def":0,"spa":0,"spd":252,"spe":0},"ivs":{"hp":31,"atk":31,"def":31,"spa":31,"spd":31,"spe":31}},{"name":"Amoonguss","species":"Amoonguss","item":"blacksludge","ability":"Regenerator","moves":["spore","gigadrain","gastroacid","foulplay"],"nature":"Calm","evs":{"hp":248,"atk":0,"def":0,"spa":8,"spd":252,"spe":0},"ivs":{"hp":31,"atk":31,"def":31,"spa":31,"spd":31,"spe":31}},{"name":"Beedrill","species":"Beedrill","item":"beedrillite","ability":"Sniper","moves":["uturn","poisonjab","drillrun","protect"],"nature":"Jolly","evs":{"hp":0,"atk":252,"def":0,"spa":0,"spd":4,"spe":252},"ivs":{"hp":31,"atk":31,"def":31,"spa":31,"spd":31,"spe":31}},{"name":"Weezing","species":"Weezing","item":"blacksludge","ability":"Levitate","moves":["willowisp","haze","painsplit","flamethrower"],"nature":"Bold","evs":{"hp":248,"atk":0,"def":252,"spa":8,"spd":0,"spe":0},"ivs":{"hp":31,"atk":31,"def":31,"spa":31,"spd":31,"spe":31}},{"name":"Nidoking","species":"Nidoking","item":"lifeorb","ability":"Sheer Force","moves":["earthpower","flamethrower","icebeam","thunderbolt"],"nature":"Timid","evs":{"hp":0,"atk":0,"def":0,"spa":252,"spd":4,"spe":252},"ivs":{"hp":31,"atk":31,"def":31,"spa":31,"spd":31,"spe":31}}],"log":["|player|p1|Coloniol Mustang|124","|player|p2|SL Kj|68","|gametype|singles","|gen|6","|tier|Monotype","|rated","|rule|Baton Pass Clause: Limit one Baton Passer, can't pass Spe and other stats simultaneously","|rule|Swagger Clause: Swagger is banned","|rule|Same Type Clause: Pokémon in a team must share a type","|clearpoke","|poke|p1|Cobalion","|poke|p1|Medicham, M","|poke|p1|Keldeo","|poke|p1|Heracross, F","|poke|p1|Hawlucha, M","|poke|p1|Breloom, F","|poke|p2|Crobat, F","|poke|p2|Skuntank, M","|poke|p2|Amoonguss, F","|poke|p2|Beedrill, F","|poke|p2|Weezing, F","|poke|p2|Nidoking, M","|rule|Sleep Clause Mod: Limit one foe put to sleep","|rule|Species Clause: Limit one of each Pokémon","|rule|OHKO Clause: OHKO moves are banned","|rule|Moody Clause: Moody is banned","|rule|Evasion Moves Clause: Evasion moves are banned","|rule|Endless Battle Clause: Forcing endless battles is banned","|rule|HP Percentage Mod: HP is shown in percentages","|teampreview","|","|start","|switch|p1a: Keldeo|Keldeo|329/329","|switch|p2a: Weezing|Weezing, F|333/333","|turn|1","|","|switch|p2a: Amoonguss|Amoonguss, F|431/431","|move|p1a: Keldeo|Calm Mind|p1a: Keldeo","|-boost|p1a: Keldeo|spa|1","|-boost|p1a: Keldeo|spd|1","|","|turn|2","|","|move|p1a: Keldeo|Icy Wind|p2a: Amoonguss","|-supereffective|p2a: Amoonguss","|-damage|p2a: Amoonguss|253/431","|-unboost|p2a: Amoonguss|spe|1","|move|p2a: Amoonguss|Spore|p1a: Keldeo","|-status|p1a: Keldeo|slp","|","|-heal|p2a: Amoonguss|279/431|[from] item: Black Sludge","|turn|3","|","|switch|p1a: Breloom|Breloom, F|262/262","|move|p2a: Amoonguss|Giga Drain|p1a: Breloom","|-resisted|p1a: Breloom","|-damage|p1a: Breloom|205/262","|-heal|p2a: Amoonguss|308/431|[from] drain|[of] p1a: Breloom","|","|-heal|p2a: Amoonguss|334/431|[from] item: Black Sludge","|turn|4","|","|move|p1a: Breloom|Rock Tomb|p2a: Amoonguss","|-damage|p2a: Amoonguss|196/431","|-unboost|p2a: Amoonguss|spe|1","|move|p2a: Amoonguss|Foul Play|p1a: Breloom","|-resisted|p1a: Breloom","|-damage|p1a: Breloom|134/262","|","|-heal|p2a: Amoonguss|222/431|[from] item: Black Sludge","|turn|5","|","|switch|p2a: Weezing|Weezing, F|333/333","|move|p1a: Breloom|Swords Dance|p1a: Breloom","|-boost|p1a: Breloom|atk|2","|","|turn|6","|","|switch|p2a: Amoonguss|Amoonguss, F|365/431","|move|p1a: Breloom|Spore|p2a: Amoonguss","|-immune|p2a: Amoonguss|[msg]","|","|-heal|p2a: Amoonguss|391/431|[from] item: Black Sludge","|turn|7","|","|move|p1a: Breloom|Rock Tomb|p2a: Amoonguss","|-crit|p2a: Amoonguss","|-damage|p2a: Amoonguss|0 fnt","|faint|p2a: Amoonguss","|","|","|switch|p2a: Crobat|Crobat, F|360/360","|turn|8","|","|switch|p1a: Cobalion|Cobalion|324/324","|move|p2a: Crobat|Acrobatics|p1a: Cobalion","|-damage|p1a: Cobalion|282/324","|","|-heal|p1a: Cobalion|302/324|[from] item: Leftovers","|turn|9","|","|move|p2a: Crobat|Taunt|p1a: Cobalion","|-start|p1a: Cobalion|move: Taunt","|cant|p1a: Cobalion|move: Taunt|Stealth Rock","|","|-heal|p1a: Cobalion|322/324|[from] item: Leftovers","|turn|10","|","|move|p2a: Crobat|Acrobatics|p1a: Cobalion","|-damage|p1a: Cobalion|279/324","|move|p1a: Cobalion|Iron Head|p2a: Crobat","|-damage|p2a: Crobat|255/360","|-enditem|p2a: Crobat|Red Card|[of] p1a: Cobalion","|drag|p1a: Keldeo|Keldeo|329/329 slp","|","|turn|11","|","|switch|p1a: Cobalion|Cobalion|279/324","|move|p2a: Crobat|Acrobatics|p1a: Cobalion","|-damage|p1a: Cobalion|203/324","|","|-heal|p1a: Cobalion|223/324|[from] item: Leftovers","|turn|12","|","|move|p2a: Crobat|Taunt|p1a: Cobalion","|-start|p1a: Cobalion|move: Taunt","|move|p1a: Cobalion|Iron Head|p2a: Crobat","|-damage|p2a: Crobat|165/360","|","|-heal|p1a: Cobalion|243/324|[from] item: Leftovers","|turn|13","|","|move|p2a: Crobat|Roost|p2a: Crobat","|-heal|p2a: Crobat|345/360","|move|p1a: Cobalion|Iron Head|p2a: Crobat","|-damage|p2a: Crobat|242/360","|","|-heal|p1a: Cobalion|263/324|[from] item: Leftovers","|turn|14","|","|move|p2a: Crobat|Acrobatics|p1a: Cobalion","|-damage|p1a: Cobalion|178/324","|move|p1a: Cobalion|Iron Head|p2a: Crobat","|-damage|p2a: Crobat|143/360","|","|-heal|p1a: Cobalion|198/324|[from] item: Leftovers","|-end|p1a: Cobalion|move: Taunt","|turn|15","|","|move|p2a: Crobat|Taunt|p1a: Cobalion","|-start|p1a: Cobalion|move: Taunt","|move|p1a: Cobalion|Iron Head|p2a: Crobat","|-damage|p2a: Crobat|55/360","|","|-heal|p1a: Cobalion|218/324|[from] item: Leftovers","|turn|16","|","|move|p2a: Crobat|Roost|p2a: Crobat","|-heal|p2a: Crobat|235/360","|move|p1a: Cobalion|Iron Head|p2a: Crobat","|-damage|p2a: Crobat|145/360","|","|-heal|p1a: Cobalion|238/324|[from] item: Leftovers","|turn|17","|","|move|p2a: Crobat|Acrobatics|p1a: Cobalion","|-damage|p1a: Cobalion|162/324","|move|p1a: Cobalion|Iron Head|p2a: Crobat","|-damage|p2a: Crobat|48/360","|","|-heal|p1a: Cobalion|182/324|[from] item: Leftovers","|-end|p1a: Cobalion|move: Taunt","|turn|18","|","|move|p2a: Crobat|Roost|p2a: Crobat","|-heal|p2a: Crobat|228/360","|move|p1a: Cobalion|Reflect|p1a: Cobalion","|-sidestart|p1: Coloniol Mustang|Reflect","|","|-heal|p1a: Cobalion|202/324|[from] item: Leftovers","|turn|19","|","|move|p2a: Crobat|Taunt|p1a: Cobalion","|-start|p1a: Cobalion|move: Taunt","|move|p1a: Cobalion|Iron Head|p2a: Crobat","|-damage|p2a: Crobat|131/360","|","|-heal|p1a: Cobalion|222/324|[from] item: Leftovers","|turn|20","|","|move|p2a: Crobat|Roost|p2a: Crobat","|-heal|p2a: Crobat|311/360","|move|p1a: Cobalion|Iron Head|p2a: Crobat","|-damage|p2a: Crobat|217/360","|","|-heal|p1a: Cobalion|242/324|[from] item: Leftovers","|turn|21","|","|move|p2a: Crobat|Acrobatics|p1a: Cobalion","|-damage|p1a: Cobalion|169/324","|move|p1a: Cobalion|Iron Head|p2a: Crobat","|-damage|p2a: Crobat|115/360","|","|-heal|p1a: Cobalion|189/324|[from] item: Leftovers","|-end|p1a: Cobalion|move: Taunt","|turn|22","|","|move|p2a: Crobat|Roost|p2a: Crobat","|-heal|p2a: Crobat|295/360","|move|p1a: Cobalion|Thunder Wave|p2a: Crobat","|-status|p2a: Crobat|par","|","|-heal|p1a: Cobalion|209/324|[from] item: Leftovers","|-sideend|p1: Coloniol Mustang|Reflect","|turn|23","|","|move|p1a: Cobalion|Iron Head|p2a: Crobat","|-damage|p2a: Crobat|195/360 par","|cant|p2a: Crobat|flinch","|","|-heal|p1a: Cobalion|229/324|[from] item: Leftovers","|turn|24","|","|move|p1a: Cobalion|Iron Head|p2a: Crobat","|-crit|p2a: Crobat","|-damage|p2a: Crobat|51/360 par","|move|p2a: Crobat|Taunt|p1a: Cobalion","|-start|p1a: Cobalion|move: Taunt","|","|-heal|p1a: Cobalion|249/324|[from] item: Leftovers","|turn|25","|","|switch|p2a: Nidoking|Nidoking, M|303/303","|move|p1a: Cobalion|Iron Head|p2a: Nidoking","|-damage|p2a: Nidoking|192/303","|","|-heal|p1a: Cobalion|269/324|[from] item: Leftovers","|turn|26","|","|switch|p1a: Hawlucha|Hawlucha, M|298/298","|move|p2a: Nidoking|Earth Power|p1a: Hawlucha","|-immune|p1a: Hawlucha|[msg]","|","|turn|27","|","|move|p1a: Hawlucha|Sky Attack|p2a: Nidoking|[still]","|-prepare|p1a: Hawlucha|Sky Attack|p2a: Nidoking","|-enditem|p1a: Hawlucha|Power Herb","|-anim|p1a: Hawlucha|Sky Attack|p2a: Nidoking","|-damage|p2a: Nidoking|0 fnt","|faint|p2a: Nidoking","|","|","|switch|p2a: Weezing|Weezing, F|333/333","|turn|28","|","|switch|p1a: Keldeo|Keldeo|329/329 slp","|move|p2a: Weezing|Will-O-Wisp|p1a: Keldeo","|-fail|p1a: Keldeo","|","|turn|29","|","|switch|p1a: Cobalion|Cobalion|269/324","|switch|p2a: Beedrill|Beedrill, F|271/271","|","|-heal|p1a: Cobalion|289/324|[from] item: Leftovers","|turn|30","|","|detailschange|p2a: Beedrill|Beedrill-Mega, F","|-mega|p2a: Beedrill|Beedrill|Beedrillite","|move|p2a: Beedrill|Protect|p2a: Beedrill","|-singleturn|p2a: Beedrill|Protect","|move|p1a: Cobalion|Reflect|p1a: Cobalion","|-sidestart|p1: Coloniol Mustang|Reflect","|","|-heal|p1a: Cobalion|309/324|[from] item: Leftovers","|turn|31","|","|switch|p1a: Hawlucha|Hawlucha, M|298/298","|move|p2a: Beedrill|U-turn|p1a: Hawlucha","|-resisted|p1a: Hawlucha","|-damage|p1a: Hawlucha|267/298","|","|switch|p2a: Weezing|Weezing, F|333/333","|","|turn|32","|","|switch|p1a: Keldeo|Keldeo|329/329 slp","|move|p2a: Weezing|Will-O-Wisp|p1a: Keldeo","|-fail|p1a: Keldeo","|","|turn|33","|","|cant|p1a: Keldeo|slp","|move|p2a: Weezing|Will-O-Wisp|p1a: Keldeo","|-fail|p1a: Keldeo","|","|turn|34","|","|switch|p2a: Crobat|Crobat, F|51/360 par","|-curestatus|p1a: Keldeo|slp","|move|p1a: Keldeo|Calm Mind|p1a: Keldeo","|-boost|p1a: Keldeo|spa|1","|-boost|p1a: Keldeo|spd|1","|","|-sideend|p1: Coloniol Mustang|Reflect","|turn|35","|","|move|p1a: Keldeo|Scald|p2a: Crobat","|-damage|p2a: Crobat|0 fnt","|faint|p2a: Crobat","|","|","|switch|p2a: Beedrill|Beedrill-Mega, F|271/271","|turn|36","|","|move|p2a: Beedrill|U-turn|p1a: Keldeo","|-resisted|p1a: Keldeo","|-damage|p1a: Keldeo|225/329","|","|switch|p2a: Skuntank|Skuntank, M|351/351","|-item|p2a: Skuntank|Air Balloon","|move|p1a: Keldeo|Secret Sword|p2a: Skuntank","|-damage|p2a: Skuntank|0 fnt","|-enditem|p2a: Skuntank|Air Balloon","|faint|p2a: Skuntank","|","|-heal|p1a: Keldeo|245/329|[from] item: Leftovers","|","|switch|p2a: Beedrill|Beedrill-Mega, F|271/271","|turn|37","|","|move|p2a: Beedrill|Poison Jab|p1a: Keldeo","|-damage|p1a: Keldeo|27/329","|-status|p1a: Keldeo|psn","|move|p1a: Keldeo|Scald|p2a: Beedrill","|-damage|p2a: Beedrill|6/271","|","|-heal|p1a: Keldeo|47/329 psn|[from] item: Leftovers","|-damage|p1a: Keldeo|6/329 psn|[from] psn","|turn|38","|","|move|p2a: Beedrill|Poison Jab|p1a: Keldeo","|-damage|p1a: Keldeo|0 fnt","|faint|p1a: Keldeo","|","|","|switch|p1a: Heracross|Heracross, F|302/302","|turn|39","|","|move|p2a: Beedrill|U-turn|p1a: Heracross","|-resisted|p1a: Heracross","|-damage|p1a: Heracross|194/302","|","|switch|p2a: Weezing|Weezing, F|333/333","|move|p1a: Heracross|Rock Blast|p2a: Weezing","|-crit|p2a: Weezing","|-damage|p2a: Weezing|302/333","|-crit|p2a: Weezing","|-damage|p2a: Weezing|273/333","|-damage|p2a: Weezing|252/333","|-damage|p2a: Weezing|232/333","|-damage|p2a: Weezing|211/333","|-hitcount|p2a: Weezing|5","|","|-heal|p2a: Weezing|231/333|[from] item: Black Sludge","|turn|40","|","|switch|p1a: Breloom|Breloom, F|134/262","|move|p2a: Weezing|Will-O-Wisp|p1a: Breloom|[miss]","|-miss|p2a: Weezing|p1a: Breloom","|","|-heal|p2a: Weezing|251/333|[from] item: Black Sludge","|turn|41","|","|move|p1a: Breloom|Spore|p2a: Weezing","|-status|p2a: Weezing|slp","|cant|p2a: Weezing|slp","|","|-heal|p2a: Weezing|271/333 slp|[from] item: Black Sludge","|turn|42","|","|move|p1a: Breloom|Swords Dance|p1a: Breloom","|-boost|p1a: Breloom|atk|2","|-curestatus|p2a: Weezing|slp","|move|p2a: Weezing|Pain Split|p1a: Breloom","|-sethp|p1a: Breloom|202/262|p2a: Weezing|202/333|[from] move: Pain Split","|","|-heal|p2a: Weezing|222/333|[from] item: Black Sludge","|turn|43","|","|move|p1a: Breloom|Spore|p2a: Weezing","|-status|p2a: Weezing|slp","|cant|p2a: Weezing|slp","|","|-heal|p2a: Weezing|242/333 slp|[from] item: Black Sludge","|turn|44","|","|move|p1a: Breloom|Rock Tomb|p2a: Weezing","|-damage|p2a: Weezing|106/333 slp","|-unboost|p2a: Weezing|spe|1","|cant|p2a: Weezing|slp","|","|-heal|p2a: Weezing|126/333 slp|[from] item: Black Sludge","|turn|45","|","|move|p1a: Breloom|Rock Tomb|p2a: Weezing","|-damage|p2a: Weezing|0 fnt","|faint|p2a: Weezing","|","|","|switch|p2a: Beedrill|Beedrill-Mega, F|6/271","|turn|46","|","|move|p1a: Breloom|Mach Punch|p2a: Beedrill","|-resisted|p2a: Beedrill","|-damage|p2a: Beedrill|0 fnt","|faint|p2a: Beedrill","|","|win|Coloniol Mustang"],"p1rating":{"entryid":"790045","serverid":"eos","formatid":"monotype","userid":"coloniolmustang","username":"Coloniol Mustang","w":16,"l":"11","t":"0","gxe":57,"r":"1506.5678551039","rd":"106.29891332807","sigma":"0","rptime":"1441270800","rpr":1553.5223898617,"rprd":62.758563344128,"rpsigma":"0","acre":1199.6415818756,"lacre":1199.6415818756,"oldacre":"1178.8684758049"},"p2rating":{"entryid":"718982","serverid":"eos","formatid":"monotype","userid":"slkj","username":"SL Kj","w":"4","l":2,"t":"0","gxe":57.8,"r":"1544.3802195557","rd":"111.2412082919","sigma":"0","rptime":"1441270800","rpr":1561.8329440067,"rprd":98.873721092488,"rpsigma":"0","acre":1098.7828798398,"lacre":1098.7828798398,"oldacre":"1119.5559859105"},"endType":"normal"}