{"seed":[3258,43593,51253,48783],"turns":26,"p1":"Gym Ldr Mitsuka∆","p2":"Primal Vergi1","p1team":[{"name":"Venusaur","species":"Venusaur","item":"venusaurite","ability":"Chlorophyll","moves":["synthesis","gigadrain","sludgebomb","leechseed"],"nature":"Bold","evs":{"hp":252,"atk":0,"def":164,"spa":0,"spd":92,"spe":0},"ivs":{"hp":31,"atk":31,"def":31,"spa":31,"spd":31,"spe":31}},{"name":"Cradily","species":"Cradily","item":"leftovers","ability":"Storm Drain","moves":["recover","mirrorcoat","gigadrain","ancientpower"],"nature":"Calm","evs":{"hp":252,"atk":0,"def":40,"spa":0,"spd":216,"spe":0},"ivs":{"hp":31,"atk":31,"def":31,"spa":31,"spd":31,"spe":31}},{"name":"Ferrothorn","species":"Ferrothorn","item":"occaberry","ability":"Iron Barbs","moves":["stealthrock","gyroball","leechseed","knockoff"],"nature":"Relaxed","evs":{"hp":248,"atk":8,"def":252,"spa":0,"spd":0,"spe":0},"ivs":{"hp":31,"atk":31,"def":31,"spa":31,"spd":31,"spe":0}},{"name":"Breloom","species":"Breloom","item":"focussash","ability":"Technician","moves":["spore","machpunch","poweruppunch","rocktomb"],"nature":"Jolly","evs":{"hp":0,"atk":252,"def":0,"spa":0,"spd":4,"spe":252},"ivs":{"hp":31,"atk":31,"def":31,"spa":31,"spd":31,"spe":31}},{"name":"Victreebel","species":"Victreebel","item":"sitrusberry","ability":"Chlorophyll","moves":["stockpile","swordsdance","powerwhip","synthesis"],"nature":"Careful","evs":{"hp":216,"atk":0,"def":160,"spa":0,"spd":132,"spe":0},"ivs":{"hp":31,"atk":31,"def":31,"spa":31,"spd":31,"spe":31}},{"name":"Celebi","species":"Celebi","item":"choicescarf","ability":"Natural Cure","moves":["trick","hiddenpowerfire","gigadrain","psychic"],"nature":"Timid","evs":{"hp":4,"atk":0,"def":0,"spa":252,"spd":0,"spe":252},"ivs":{"hp":31,"atk":30,"def":31,"spa":30,"spd":31,"spe":30}}],"p2team":[{"name":"Lisbeth","species":"chansey","item":"eviolite","ability":"Natural Cure","moves":["aromatherapy","thunderwave","softboiled","seismictoss"],"nature":"Bold","evs":{"hp":248,"atk":0,"def":252,"spa":0,"spd":8,"spe":0},"ivs":{"hp":31,"atk":31,"def":31,"spa":31,"spd":31,"spe":31}},{"name":"Asuna","species":"lopunny","item":"lopunnite","ability":"Limber","moves":["highjumpkick","fakeout","return","icepunch"],"nature":"Jolly","evs":{"hp":0,"atk":252,"def":0,"spa":0,"spd":4,"spe":252},"ivs":{"hp":31,"atk":31,"def":31,"spa":31,"spd":31,"spe":31}},{"name":"Kirito","species":"staraptor","item":"leftovers","ability":"Intimidate","moves":["featherdance","toxic","bravebird","roost"],"nature":"Impish","evs":{"hp":248,"atk":0,"def":252,"spa":0,"spd":0,"spe":8},"ivs":{"hp":31,"atk":31,"def":31,"spa":31,"spd":31,"spe":31}},{"name":"Klein","species":"porygon2","item":"eviolite","ability":"Download","moves":["icebeam","toxic","triattack","recover"],"nature":"Bold","evs":{"hp":248,"atk":0,"def":252,"spa":8,"spd":0,"spe":0},"ivs":{"hp":31,"atk":31,"def":31,"spa":31,"spd":31,"spe":31}},{"name":"Silica","species":"meloetta","item":"choicespecs","ability":"Serene Grace","moves":["hypervoice","psyshock","dazzlinggleam","focusblast"],"nature":"Modest","evs":{"hp":0,"atk":0,"def":0,"spa":252,"spd":8,"spe":248},"ivs":{"hp":31,"atk":31,"def":31,"spa":31,"spd":31,"spe":31}},{"name":"Diggersby","species":"Diggersby","item":"lifeorb","ability":"Huge Power","moves":["quickattack","swordsdance","return","earthquake"],"nature":"Jolly","evs":{"hp":0,"atk":252,"def":0,"spa":0,"spd":4,"spe":252},"ivs":{"hp":31,"atk":31,"def":31,"spa":31,"spd":31,"spe":31}}],"log":["|player|p1|Gym Ldr Mitsuka∆|265","|player|p2|Primal Vergi1|doctorvergi.png","|gametype|singles","|gen|6","|tier|Monotype","|rated","|rule|Baton Pass Clause: Limit one Baton Passer, can't pass Spe and other stats simultaneously","|rule|Swagger Clause: Swagger is banned","|rule|Same Type Clause: Pokémon in a team must share a type","|clearpoke","|poke|p1|Venusaur, M","|poke|p1|Cradily, M","|poke|p1|Ferrothorn, M","|poke|p1|Breloom, M","|poke|p1|Victreebel, F","|poke|p1|Celebi","|poke|p2|Chansey, F","|poke|p2|Lopunny, F","|poke|p2|Staraptor, M","|poke|p2|Porygon2","|poke|p2|Meloetta","|poke|p2|Diggersby, F","|rule|Sleep Clause Mod: Limit one foe put to sleep","|rule|Species Clause: Limit one of each Pokémon","|rule|OHKO Clause: OHKO moves are banned","|rule|Moody Clause: Moody is banned","|rule|Evasion Moves Clause: Evasion moves are banned","|rule|Endless Battle Clause: Forcing endless battles is banned","|rule|HP Percentage Mod: HP is shown in percentages","|teampreview","|","|start","|switch|p1a: Ferrothorn|Ferrothorn, M|351/351","|switch|p2a: Asuna|Lopunny, F|271/271","|turn|1","|","|switch|p2a: Silica|Meloetta|341/341","|move|p1a: Ferrothorn|Stealth Rock|p2a: Silica","|-sidestart|p2: Primal Vergi1|move: Stealth Rock","|","|turn|2","|","|move|p2a: Silica|Focus Blast|p1a: Ferrothorn","|-supereffective|p1a: Ferrothorn","|-damage|p1a: Ferrothorn|0 fnt","|faint|p1a: Ferrothorn","|","|","|switch|p1a: Cradily|Cradily, M|376/376","|turn|3","|","|move|p2a: Silica|Focus Blast|p1a: Cradily","|-supereffective|p1a: Cradily","|-damage|p1a: Cradily|70/376","|move|p1a: Cradily|Mirror Coat|p2a: Silica","|-damage|p2a: Silica|0 fnt","|faint|p2a: Silica","|","|-heal|p1a: Cradily|93/376|[from] item: Leftovers","|","|switch|p2a: Asuna|Lopunny, F|271/271","|-damage|p2a: Asuna|238/271|[from] Stealth Rock","|turn|4","|","|switch|p1a: Celebi|Celebi|342/342","|detailschange|p2a: Asuna|Lopunny-Mega, F","|-mega|p2a: Asuna|Lopunny|Lopunnite","|move|p2a: Asuna|High Jump Kick|p1a: Celebi","|-resisted|p1a: Celebi","|-damage|p1a: Celebi|230/342","|","|turn|5","|","|move|p1a: Celebi|Psychic|p2a: Asuna","|-supereffective|p2a: Asuna","|-damage|p2a: Asuna|0 fnt","|faint|p2a: Asuna","|","|","|switch|p2a: Lisbeth|Chansey, F|703/703","|-damage|p2a: Lisbeth|616/703|[from] Stealth Rock","|turn|6","|","|switch|p1a: Victreebel|Victreebel, F|355/355","|move|p2a: Lisbeth|Thunder Wave|p1a: Victreebel","|-status|p1a: Victreebel|par","|","|turn|7","|","|switch|p2a: Kirito|Staraptor, M|373/373","|-damage|p2a: Kirito|280/373|[from] Stealth Rock","|-ability|p2a: Kirito|Intimidate","|-unboost|p1a: Victreebel|atk|1","|move|p1a: Victreebel|Stockpile|p1a: Victreebel","|-start|p1a: Victreebel|stockpile1","|-boost|p1a: Victreebel|def|1","|-boost|p1a: Victreebel|spd|1","|","|-heal|p2a: Kirito|303/373|[from] item: Leftovers","|turn|8","|","|switch|p1a: Cradily|Cradily, M|93/376","|move|p2a: Kirito|Brave Bird|p1a: Cradily","|-damage|p1a: Cradily|0 fnt","|-damage|p2a: Kirito|272/373|[from] recoil|[of] p1a: Cradily","|faint|p1a: Cradily","|","|-heal|p2a: Kirito|295/373|[from] item: Leftovers","|","|switch|p1a: Breloom|Breloom, M|261/261","|turn|9","|","|move|p1a: Breloom|Power-Up Punch|p2a: Kirito","|-crit|p2a: Kirito","|-damage|p2a: Kirito|141/373","|-boost|p1a: Breloom|atk|1","|move|p2a: Kirito|Feather Dance|p1a: Breloom","|-unboost|p1a: Breloom|atk|2","|","|-heal|p2a: Kirito|164/373|[from] item: Leftovers","|turn|10","|","|move|p1a: Breloom|Spore|p2a: Kirito","|-status|p2a: Kirito|slp","|cant|p2a: Kirito|slp","|","|-heal|p2a: Kirito|187/373 slp|[from] item: Leftovers","|turn|11","|","|switch|p2a: Klein|Porygon2|373/373","|-damage|p2a: Klein|327/373|[from] Stealth Rock","|-boost|p2a: Klein|spa|1|[from] ability: Download","|move|p1a: Breloom|Power-Up Punch|p2a: Klein","|-supereffective|p2a: Klein","|-damage|p2a: Klein|255/373","|-boost|p1a: Breloom|atk|1","|","|turn|12","|","|move|p1a: Breloom|Power-Up Punch|p2a: Klein","|-supereffective|p2a: Klein","|-damage|p2a: Klein|139/373","|-boost|p1a: Breloom|atk|1","|move|p2a: Klein|Ice Beam|p1a: Breloom","|-supereffective|p1a: Breloom","|-enditem|p1a: Breloom|Focus Sash","|-damage|p1a: Breloom|1/261","|","|turn|13","|","|move|p1a: Breloom|Power-Up Punch|p2a: Klein","|-supereffective|p2a: Klein","|-damage|p2a: Klein|0 fnt","|-boost|p1a: Breloom|atk|1","|faint|p2a: Klein","|","|","|switch|p2a: Diggersby|Diggersby, F|311/311","|-damage|p2a: Diggersby|292/311|[from] Stealth Rock","|turn|14","|","|move|p2a: Diggersby|Quick Attack|p1a: Breloom","|-damage|p1a: Breloom|0 fnt","|-damage|p2a: Diggersby|261/311|[from] item: Life Orb","|faint|p1a: Breloom","|","|","|switch|p1a: Celebi|Celebi|230/342","|turn|15","|","|switch|p2a: Lisbeth|Chansey, F|616/703","|-damage|p2a: Lisbeth|529/703|[from] Stealth Rock","|move|p1a: Celebi|Giga Drain|p2a: Lisbeth","|-damage|p2a: Lisbeth|456/703","|-heal|p1a: Celebi|267/342|[from] drain|[of] p2a: Lisbeth","|","|turn|16","|","|switch|p1a: Venusaur|Venusaur, M|364/364","|move|p2a: Lisbeth|Aromatherapy|p2a: Lisbeth","|-cureteam|p2a: Lisbeth|[from] move: Aromatherapy","|","|turn|17","|","|detailschange|p1a: Venusaur|Venusaur-Mega, M","|-mega|p1a: Venusaur|Venusaur|Venusaurite","|move|p1a: Venusaur|Leech Seed|p2a: Lisbeth|[miss]","|-miss|p1a: Venusaur|p2a: Lisbeth","|move|p2a: Lisbeth|Thunder Wave|p1a: Venusaur","|-status|p1a: Venusaur|par","|","|turn|18","|","|move|p2a: Lisbeth|Soft-Boiled|p2a: Lisbeth","|-heal|p2a: Lisbeth|703/703","|move|p1a: Venusaur|Leech Seed|p2a: Lisbeth","|-start|p2a: Lisbeth|move: Leech Seed","|","|-damage|p2a: Lisbeth|616/703|[from] Leech Seed|[of] p1a: Venusaur","|turn|19","|","|switch|p2a: Kirito|Staraptor, M|187/373","|-damage|p2a: Kirito|94/373|[from] Stealth Rock","|-ability|p2a: Kirito|Intimidate","|-unboost|p1a: Venusaur|atk|1","|move|p1a: Venusaur|Sludge Bomb|p2a: Kirito","|-damage|p2a: Kirito|0 fnt","|faint|p2a: Kirito","|","|","|switch|p2a: Diggersby|Diggersby, F|261/311","|-damage|p2a: Diggersby|242/311|[from] Stealth Rock","|turn|20","|","|move|p2a: Diggersby|Return|p1a: Venusaur","|-damage|p1a: Venusaur|187/364 par","|-damage|p2a: Diggersby|211/311|[from] item: Life Orb","|move|p1a: Venusaur|Giga Drain|p2a: Diggersby","|-supereffective|p2a: Diggersby","|-damage|p2a: Diggersby|0 fnt","|-heal|p1a: Venusaur|293/364 par|[from] drain|[of] p2a: Diggersby","|faint|p2a: Diggersby","|","|","|switch|p2a: Lisbeth|Chansey, F|616/703","|-damage|p2a: Lisbeth|529/703|[from] Stealth Rock","|turn|21","|","|switch|p1a: Celebi|Celebi|267/342","|move|p2a: Lisbeth|Seismic Toss|p1a: Celebi","|-damage|p1a: Celebi|167/342","|","|turn|22","|","|move|p1a: Celebi|Trick|p2a: Lisbeth","|-activate|p1a: Celebi|move: Trick|[of] p2a: Lisbeth","|-item|p2a: Lisbeth|Choice Scarf|[from] move: Trick","|-item|p1a: Celebi|Eviolite|[from] move: Trick","|move|p2a: Lisbeth|Seismic Toss|p1a: Celebi","|-damage|p1a: Celebi|67/342","|","|turn|23","|","|move|p1a: Celebi|Giga Drain|p2a: Lisbeth","|-damage|p2a: Lisbeth|423/703","|-heal|p1a: Celebi|120/342|[from] drain|[of] p2a: Lisbeth","|move|p2a: Lisbeth|Seismic Toss|p1a: Celebi","|-damage|p1a: Celebi|20/342","|","|turn|24","|","|move|p1a: Celebi|Giga Drain|p2a: Lisbeth","|-damage|p2a: Lisbeth|323/703","|-heal|p1a: Celebi|70/342|[from] drain|[of] p2a: Lisbeth","|move|p2a: Lisbeth|Seismic Toss|p1a: Celebi","|-damage|p1a: Celebi|0 fnt","|faint|p1a: Celebi","|","|","|switch|p1a: Venusaur|Venusaur-Mega, M|293/364 par","|turn|25","|","|move|p2a: Lisbeth|Seismic Toss|p1a: Venusaur","|-damage|p1a: Venusaur|193/364 par","|move|p1a: Venusaur|Leech Seed|p2a: Lisbeth","|-start|p2a: Lisbeth|move: Leech Seed","|","|-damage|p2a: Lisbeth|236/703|[from] Leech Seed|[of] p1a: Venusaur","|-heal|p1a: Venusaur|280/364 par|[silent]","|turn|26","|","|win|Gym Ldr Mitsuka∆"],"p1rating":{"entryid":"379503","serverid":"eos","formatid":"monotype","userid":"gymldrmitsuka","username":"Gym Ldr Mitsuka∆","w":44,"l":"21","t":"0","gxe":65.8,"r":"1625.4528464411","rd":"44.913629961581","sigma":"0","rptime":"1441270800","rpr":1624.2792503482,"rprd":44.247815590912,"rpsigma":"0","acre":1315.3216944282,"lacre":1315.3216944282,"oldacre":"1304.6699588872"},"p2rating":{"entryid":"776170","serverid":"eos","formatid":"monotype","userid":"primalvergi1","username":"Primal Vergi1","w":"6","l":5,"t":"0","gxe":55.6,"r":"1547.9119251951","rd":"102.07824105523","sigma":"0","rptime":"1441270800","rpr":1543.8907211531,"rprd":84.355098466261,"rpsigma":"0","acre":1115.2904700435,"lacre":1115.2904700435,"oldacre":"1128.6051394698"},"endType":"forfeit"}