{"seed":[2836,60681,21119,48438],"turns":25,"p1":"Gym Ldr Mitsuka∆","p2":"Apex Salamence","p1team":[{"name":"Bellossom","species":"Bellossom","item":"leftovers","ability":"Chlorophyll","moves":["moonblast","hiddenpowerfire","leechseed","sleeppowder"],"nature":"Bold","evs":{"hp":252,"atk":0,"def":252,"spa":0,"spd":4,"spe":0},"ivs":{"hp":31,"atk":30,"def":31,"spa":30,"spd":31,"spe":30}},{"name":"Abomasnow","species":"Abomasnow","item":"abomasite","ability":"Soundproof","moves":["earthquake","swordsdance","iceshard","gigadrain"],"nature":"Adamant","evs":{"hp":68,"atk":252,"def":0,"spa":0,"spd":0,"spe":188},"ivs":{"hp":31,"atk":30,"def":31,"spa":30,"spd":31,"spe":30}},{"name":"Roserade","species":"Roserade","item":"choicescarf","ability":"Technician","moves":["hiddenpowerrock","extrasensory","sludgebomb","gigadrain"],"nature":"Timid","evs":{"hp":0,"atk":0,"def":0,"spa":252,"spd":4,"spe":252},"ivs":{"hp":31,"atk":31,"def":30,"spa":31,"spd":30,"spe":30}},{"name":"Leavanny","species":"Leavanny","item":"focussash","ability":"Overcoat","moves":["stickyweb","leafblade","knockoff","xscissor"],"nature":"Adamant","evs":{"hp":4,"atk":252,"def":0,"spa":0,"spd":0,"spe":252},"ivs":{"hp":31,"atk":31,"def":31,"spa":31,"spd":31,"spe":31}},{"name":"Ferrothorn","species":"Ferrothorn","item":"occaberry","ability":"Iron Barbs","moves":["stealthrock","thunderwave","knockoff","ironhead"],"nature":"Impish","evs":{"hp":252,"atk":0,"def":128,"spa":0,"spd":128,"spe":0},"ivs":{"hp":31,"atk":31,"def":31,"spa":31,"spd":31,"spe":31}},{"name":"Breloom","species":"Breloom","item":"focussash","ability":"Technician","moves":["spore","machpunch","bulletseed","rocktomb"],"nature":"Jolly","evs":{"hp":0,"atk":252,"def":0,"spa":0,"spd":4,"spe":252},"ivs":{"hp":31,"atk":31,"def":31,"spa":31,"spd":31,"spe":31}}],"p2team":[{"name":"Typhoon","species":"gyarados","item":"gyaradosite","ability":"Intimidate","moves":["crunch","dragondance","earthquake","waterfall"],"nature":"Adamant","evs":{"hp":0,"atk":252,"def":0,"spa":0,"spd":4,"spe":252},"gender":"M","shiny":true,"ivs":{"hp":31,"atk":31,"def":31,"spa":31,"spd":31,"spe":31}},{"name":"Porunga","species":"dragonite","item":"weaknesspolicy","ability":"Multiscale","moves":["dragonclaw","dragondance","extremespeed","fly"],"nature":"Adamant","evs":{"hp":0,"atk":252,"def":0,"spa":0,"spd":4,"spe":252},"gender":"M","shiny":true,"ivs":{"hp":31,"atk":31,"def":31,"spa":31,"spd":31,"spe":31}},{"name":"Jupiter","species":"thundurus","item":"lifeorb","ability":"Prankster","moves":["nastyplot","thunderbolt","hiddenpowerice","thunderwave"],"nature":"Timid","evs":{"hp":0,"atk":0,"def":0,"spa":252,"spd":4,"spe":252},"ivs":{"hp":31,"atk":30,"def":30,"spa":31,"spd":31,"spe":31},"shiny":true},{"name":"Cherokee","species":"xatu","item":"leftovers","ability":"Magic Bounce","moves":["haze","heatwave","nightshade","roost"],"nature":"Calm","evs":{"hp":252,"atk":0,"def":0,"spa":4,"spd":252,"spe":0},"gender":"M","shiny":true,"ivs":{"hp":31,"atk":31,"def":31,"spa":31,"spd":31,"spe":31}},{"name":"DEATH","species":"togekiss","item":"leftovers","ability":"Serene Grace","moves":["airslash","thunderwave","nastyplot","wish"],"nature":"Calm","evs":{"hp":252,"atk":0,"def":0,"spa":4,"spd":252,"spe":0},"gender":"F","shiny":true,"ivs":{"hp":31,"atk":31,"def":31,"spa":31,"spd":31,"spe":31}},{"name":"Gliscor","species":"Gliscor","item":"toxicorb","ability":"Poison Heal","moves":["stealthrock","knockoff","protect","toxic"],"nature":"Impish","evs":{"hp":248,"atk":0,"def":188,"spa":0,"spd":0,"spe":72},"ivs":{"hp":31,"atk":31,"def":31,"spa":31,"spd":31,"spe":31}}],"log":["|player|p1|Gym Ldr Mitsuka∆|265","|player|p2|Apex Salamence|266","|gametype|singles","|gen|6","|tier|Monotype","|rated","|rule|Baton Pass Clause: Limit one Baton Passer, can't pass Spe and other stats simultaneously","|rule|Swagger Clause: Swagger is banned","|rule|Same Type Clause: Pokémon in a team must share a type","|clearpoke","|poke|p1|Bellossom, F","|poke|p1|Abomasnow, F","|poke|p1|Roserade, F","|poke|p1|Leavanny, M","|poke|p1|Ferrothorn, M","|poke|p1|Breloom, F","|poke|p2|Gyarados, M, shiny","|poke|p2|Dragonite, M, shiny","|poke|p2|Thundurus, M, shiny","|poke|p2|Xatu, M, shiny","|poke|p2|Togekiss, F, shiny","|poke|p2|Gliscor, F","|rule|Sleep Clause Mod: Limit one foe put to sleep","|rule|Species Clause: Limit one of each Pokémon","|rule|OHKO Clause: OHKO moves are banned","|rule|Moody Clause: Moody is banned","|rule|Evasion Moves Clause: Evasion moves are banned","|rule|Endless Battle Clause: Forcing endless battles is banned","|rule|HP Percentage Mod: HP is shown in percentages","|teampreview","|","|start","|switch|p1a: Ferrothorn|Ferrothorn, M|352/352","|switch|p2a: Jupiter|Thundurus, M, shiny|299/299","|turn|1","|","|switch|p2a: Cherokee|Xatu, M, shiny|334/334","|move|p1a: Ferrothorn|Stealth Rock|p2a: Cherokee","|move|p2a: Cherokee|Stealth Rock|p1a: Ferrothorn|[from]Magic Bounce","|-sidestart|p1: Gym Ldr Mitsuka∆|move: Stealth Rock","|","|turn|2","|","|move|p2a: Cherokee|Heat Wave|p1a: Ferrothorn","|-supereffective|p1a: Ferrothorn","|-enditem|p1a: Ferrothorn|Occa Berry|[eat]","|-damage|p1a: Ferrothorn|246/352","|move|p1a: Ferrothorn|Knock Off|p2a: Cherokee","|-crit|p2a: Cherokee","|-supereffective|p2a: Cherokee","|-damage|p2a: Cherokee|62/334","|-enditem|p2a: Cherokee|Leftovers|[from] move: Knock Off|[of] p1a: Ferrothorn","|","|turn|3","|","|move|p2a: Cherokee|Heat Wave|p1a: Ferrothorn","|-miss|p2a: Cherokee|p1a: Ferrothorn","|move|p1a: Ferrothorn|Iron Head|p2a: Cherokee","|-damage|p2a: Cherokee|0 fnt","|faint|p2a: Cherokee","|","|","|switch|p2a: Porunga|Dragonite, M, shiny|323/323","|turn|4","|","|move|p2a: Porunga|Dragon Dance|p2a: Porunga","|-boost|p2a: Porunga|atk|1","|-boost|p2a: Porunga|spe|1","|move|p1a: Ferrothorn|Thunder Wave|p2a: Porunga","|-status|p2a: Porunga|par","|","|turn|5","|","|cant|p2a: Porunga|par","|move|p1a: Ferrothorn|Stealth Rock|p2a: Porunga","|-sidestart|p2: Apex Salamence|move: Stealth Rock","|","|turn|6","|","|cant|p2a: Porunga|par","|move|p1a: Ferrothorn|Knock Off|p2a: Porunga","|-crit|p2a: Porunga","|-damage|p2a: Porunga|271/323 par","|-enditem|p2a: Porunga|Weakness Policy|[from] move: Knock Off|[of] p1a: Ferrothorn","|","|turn|7","|","|move|p2a: Porunga|Dragon Dance|p2a: Porunga","|-boost|p2a: Porunga|atk|1","|-boost|p2a: Porunga|spe|1","|move|p1a: Ferrothorn|Iron Head|p2a: Porunga","|-damage|p2a: Porunga|174/323 par","|","|turn|8","|","|move|p2a: Porunga|Dragon Dance|p2a: Porunga","|-boost|p2a: Porunga|atk|1","|-boost|p2a: Porunga|spe|1","|move|p1a: Ferrothorn|Iron Head|p2a: Porunga","|-damage|p2a: Porunga|77/323 par","|","|turn|9","|","|cant|p2a: Porunga|par","|move|p1a: Ferrothorn|Iron Head|p2a: Porunga","|-damage|p2a: Porunga|0 fnt","|faint|p2a: Porunga","|","|","|switch|p2a: Gliscor|Gliscor, F|353/353","|-damage|p2a: Gliscor|309/353|[from] Stealth Rock","|turn|10","|","|move|p2a: Gliscor|Knock Off|p1a: Ferrothorn","|-damage|p1a: Ferrothorn|216/352","|-damage|p2a: Gliscor|265/353|[from] ability: Iron Barbs|[of] p1a: Ferrothorn","|move|p1a: Ferrothorn|Knock Off|p2a: Gliscor","|-damage|p2a: Gliscor|218/353","|-enditem|p2a: Gliscor|Toxic Orb|[from] move: Knock Off|[of] p1a: Ferrothorn","|","|turn|11","|","|switch|p2a: Typhoon|Gyarados, M, shiny|331/331","|-damage|p2a: Typhoon|249/331|[from] Stealth Rock","|-ability|p2a: Typhoon|Intimidate","|-unboost|p1a: Ferrothorn|atk|1","|move|p1a: Ferrothorn|Iron Head|p2a: Typhoon","|-resisted|p2a: Typhoon","|-damage|p2a: Typhoon|212/331","|","|turn|12","|","|detailschange|p2a: Typhoon|Gyarados-Mega, M, shiny","|-mega|p2a: Typhoon|Gyarados|Gyaradosite","|-ability|p2a: Typhoon|Mold Breaker","|move|p2a: Typhoon|Earthquake|p1a: Ferrothorn","|-damage|p1a: Ferrothorn|127/352","|move|p1a: Ferrothorn|Thunder Wave|p2a: Typhoon","|-status|p2a: Typhoon|par","|","|turn|13","|","|switch|p1a: Leavanny|Leavanny, M|292/292","|-damage|p1a: Leavanny|219/292|[from] Stealth Rock","|cant|p2a: Typhoon|par","|","|turn|14","|","|move|p1a: Leavanny|Leaf Blade|p2a: Typhoon","|-supereffective|p2a: Typhoon","|-damage|p2a: Typhoon|0 fnt","|faint|p2a: Typhoon","|","|","|switch|p2a: Gliscor|Gliscor, F|218/353","|-damage|p2a: Gliscor|174/353|[from] Stealth Rock","|turn|15","|","|move|p2a: Gliscor|Protect|p2a: Gliscor","|-singleturn|p2a: Gliscor|Protect","|move|p1a: Leavanny|Leaf Blade|p2a: Gliscor","|-activate|p2a: Gliscor|Protect","|","|turn|16","|","|move|p1a: Leavanny|Leaf Blade|p2a: Gliscor","|-damage|p2a: Gliscor|81/353","|move|p2a: Gliscor|Knock Off|p1a: Leavanny","|-damage|p1a: Leavanny|125/292","|-enditem|p1a: Leavanny|Focus Sash|[from] move: Knock Off|[of] p2a: Gliscor","|","|turn|17","|","|move|p1a: Leavanny|Leaf Blade|p2a: Gliscor","|-damage|p2a: Gliscor|0 fnt","|faint|p2a: Gliscor","|","|","|switch|p2a: Jupiter|Thundurus, M, shiny|299/299","|-damage|p2a: Jupiter|225/299|[from] Stealth Rock","|turn|18","|","|move|p2a: Jupiter|Hidden Power|p1a: Leavanny","|-supereffective|p1a: Leavanny","|-damage|p1a: Leavanny|0 fnt","|-damage|p2a: Jupiter|196/299|[from] item: Life Orb","|faint|p1a: Leavanny","|","|","|switch|p1a: Bellossom|Bellossom, F|354/354","|-damage|p1a: Bellossom|310/354|[from] Stealth Rock","|turn|19","|","|move|p2a: Jupiter|Hidden Power|p1a: Bellossom","|-supereffective|p1a: Bellossom","|-damage|p1a: Bellossom|115/354","|-damage|p2a: Jupiter|167/299|[from] item: Life Orb","|move|p1a: Bellossom|Leech Seed|p2a: Jupiter","|-start|p2a: Jupiter|move: Leech Seed","|","|-heal|p1a: Bellossom|137/354|[from] item: Leftovers","|-damage|p2a: Jupiter|130/299|[from] Leech Seed|[of] p1a: Bellossom","|-heal|p1a: Bellossom|174/354|[silent]","|turn|20","|","|move|p2a: Jupiter|Hidden Power|p1a: Bellossom","|-supereffective|p1a: Bellossom","|-damage|p1a: Bellossom|0 fnt","|-damage|p2a: Jupiter|101/299|[from] item: Life Orb","|faint|p1a: Bellossom","|","|","|switch|p1a: Abomasnow|Abomasnow, F|338/338","|-damage|p1a: Abomasnow|254/338|[from] Stealth Rock","|turn|21","|","|detailschange|p1a: Abomasnow|Abomasnow-Mega, F","|-mega|p1a: Abomasnow|Abomasnow|Abomasite","|-weather|Hail","|move|p2a: Jupiter|Thunder Wave|p1a: Abomasnow","|-status|p1a: Abomasnow|par","|cant|p1a: Abomasnow|par","|","|-weather|Hail|[upkeep]","|-damage|p2a: Jupiter|83/299|[from] hail","|-damage|p2a: Jupiter|46/299|[from] Leech Seed|[of] p1a: Abomasnow","|-heal|p1a: Abomasnow|291/338 par|[silent]","|turn|22","|","|move|p1a: Abomasnow|Ice Shard|p2a: Jupiter","|-supereffective|p2a: Jupiter","|-damage|p2a: Jupiter|0 fnt","|faint|p2a: Jupiter","|","|-weather|Hail|[upkeep]","|","|switch|p2a: DEATH|Togekiss, F, shiny|374/374","|-damage|p2a: DEATH|281/374|[from] Stealth Rock","|turn|23","|","|cant|p1a: Abomasnow|par","|move|p2a: DEATH|Air Slash|p1a: Abomasnow","|-supereffective|p1a: Abomasnow","|-damage|p1a: Abomasnow|87/338 par","|","|-weather|Hail|[upkeep]","|-damage|p2a: DEATH|258/374|[from] hail","|-heal|p2a: DEATH|281/374|[from] item: Leftovers","|turn|24","|","|move|p1a: Abomasnow|Ice Shard|p2a: DEATH","|-supereffective|p2a: DEATH","|-damage|p2a: DEATH|111/374","|move|p2a: DEATH|Air Slash|p1a: Abomasnow","|-crit|p1a: Abomasnow","|-supereffective|p1a: Abomasnow","|-damage|p1a: Abomasnow|0 fnt","|faint|p1a: Abomasnow","|","|-weather|Hail|[upkeep]","|-damage|p2a: DEATH|88/374|[from] hail","|-heal|p2a: DEATH|111/374|[from] item: Leftovers","|","|switch|p1a: Roserade|Roserade, F|261/261","|-damage|p1a: Roserade|229/261|[from] Stealth Rock","|turn|25","|","|move|p1a: Roserade|Sludge Bomb|p2a: DEATH","|-supereffective|p2a: DEATH","|-damage|p2a: DEATH|0 fnt","|faint|p2a: DEATH","|","|win|Gym Ldr Mitsuka∆"],"p1rating":{"entryid":"379503","serverid":"eos","formatid":"monotype","userid":"gymldrmitsuka","username":"Gym Ldr Mitsuka∆","w":48,"l":"22","t":"0","gxe":66.5,"r":"1625.4528464411","rd":"44.913629961581","sigma":"0","rptime":"1441270800","rpr":1629.5456832883,"rprd":42.940495828517,"rpsigma":"0","acre":1314.4265975697,"lacre":1314.4265975697,"oldacre":"1302.8678195976"},"p2rating":{"entryid":"1755","serverid":"eos","formatid":"monotype","userid":"apexsalamence","username":"Apex Salamence","w":"52","l":44,"t":"0","gxe":55.2,"r":"1542.1500273835","rd":"38.254097476229","sigma":"0","rptime":"1441270800","rpr":1539.7303571606,"rprd":37.483665289256,"rpsigma":"0","acre":1132.0048147045,"lacre":1132.0048147045,"oldacre":"1146.4532871697"},"endType":"normal"}