{"seed":[24570,57100,62030,44990],"turns":23,"p1":"Carnie KeySein","p2":"Theblackkyreum","p1team":[{"name":"Hawlucha","species":"Hawlucha","item":"sitrusberry","ability":"Unburden","moves":["roost","swordsdance","highjumpkick","acrobatics"],"nature":"Jolly","evs":{"hp":12,"atk":252,"def":0,"spa":0,"spd":0,"spe":244},"ivs":{"hp":31,"atk":31,"def":31,"spa":31,"spd":31,"spe":31}},{"name":"Gliscor","species":"Gliscor","item":"toxicorb","ability":"Poison Heal","moves":["substitute","protect","earthquake","toxic"],"nature":"Jolly","evs":{"hp":252,"atk":0,"def":4,"spa":0,"spd":0,"spe":252},"ivs":{"hp":31,"atk":31,"def":31,"spa":31,"spd":31,"spe":31}},{"name":"Gyarados","species":"Gyarados","item":"gyaradosite","ability":"Intimidate","moves":["dragondance","waterfall","substitute","taunt"],"nature":"Jolly","evs":{"hp":4,"atk":252,"def":0,"spa":0,"spd":0,"spe":252},"ivs":{"hp":31,"atk":30,"def":31,"spa":30,"spd":31,"spe":30}},{"name":"Landorus","species":"Landorus","item":"lifeorb","ability":"Sheer Force","moves":["earthpower","knockoff","rockslide","hiddenpowerice"],"nature":"Rash","evs":{"hp":0,"atk":4,"def":0,"spa":252,"spd":0,"spe":252},"ivs":{"hp":31,"atk":30,"def":30,"spa":31,"spd":31,"spe":31}},{"name":"Togekiss","species":"Togekiss","item":"lumberry","ability":"Serene Grace","moves":["thunderwave","airslash","roost","defog"],"nature":"Calm","evs":{"hp":252,"atk":0,"def":0,"spa":0,"spd":160,"spe":96},"ivs":{"hp":31,"atk":31,"def":31,"spa":31,"spd":31,"spe":31}},{"name":"Salamence","species":"Salamence","item":"choicescarf","ability":"Moxie","moves":["outrage","earthquake","crunch","brickbreak"],"nature":"Jolly","evs":{"hp":0,"atk":252,"def":0,"spa":0,"spd":4,"spe":252},"ivs":{"hp":31,"atk":31,"def":31,"spa":31,"spd":31,"spe":31}}],"p2team":[{"name":"Bisharp","species":"Bisharp","item":"leftovers","ability":"Defiant","moves":["substitute","suckerpunch","brickbreak","ironhead"],"nature":"Adamant","evs":{"hp":252,"atk":252,"def":0,"spa":0,"spd":4,"spe":0},"ivs":{"hp":31,"atk":31,"def":31,"spa":31,"spd":31,"spe":31}},{"name":"Absol","species":"Absol","item":"focussash","ability":"Justified","moves":["knockoff","superpower","pursuit","swordsdance"],"nature":"Adamant","evs":{"hp":252,"atk":252,"def":0,"spa":0,"spd":4,"spe":0},"ivs":{"hp":31,"atk":31,"def":31,"spa":31,"spd":31,"spe":31}},{"name":"Sableye","species":"Sableye","item":"leftovers","ability":"Prankster","moves":["foulplay","recover","knockoff","toxic"],"nature":"Impish","evs":{"hp":252,"atk":0,"def":252,"spa":0,"spd":4,"spe":0},"ivs":{"hp":31,"atk":31,"def":31,"spa":31,"spd":31,"spe":31}},{"name":"Sharpedo","species":"Sharpedo","item":"lifeorb","ability":"Speed Boost","moves":["protect","zenheadbutt","aquajet","crunch"],"nature":"Jolly","evs":{"hp":4,"atk":252,"def":0,"spa":0,"spd":0,"spe":252},"ivs":{"hp":31,"atk":31,"def":31,"spa":31,"spd":31,"spe":31}},{"name":"Tyranitar","species":"Tyranitar","item":"tyranitarite","ability":"Sand Stream","moves":["earthquake","crunch","dragondance","stoneedge"],"nature":"Jolly","evs":{"hp":4,"atk":252,"def":0,"spa":0,"spd":0,"spe":252},"ivs":{"hp":31,"atk":31,"def":31,"spa":31,"spd":31,"spe":31}},{"name":"Mandibuzz","species":"Mandibuzz","item":"leftovers","ability":"Overcoat","moves":["uturn","whirlwind","bravebird","roost"],"nature":"Impish","evs":{"hp":252,"atk":0,"def":252,"spa":0,"spd":4,"spe":0},"ivs":{"hp":31,"atk":31,"def":31,"spa":31,"spd":31,"spe":31}}],"log":["|player|p1|Carnie KeySein|164","|player|p2|Theblackkyreum|250","|gametype|singles","|gen|6","|tier|Monotype","|rated","|rule|Baton Pass Clause: Limit one Baton Passer, can't pass Spe and other stats simultaneously","|rule|Swagger Clause: Swagger is banned","|rule|Same Type Clause: Pokémon in a team must share a type","|clearpoke","|poke|p1|Hawlucha, F","|poke|p1|Gliscor, F","|poke|p1|Gyarados, F","|poke|p1|Landorus, M","|poke|p1|Togekiss, F","|poke|p1|Salamence, M","|poke|p2|Bisharp, F","|poke|p2|Absol, M","|poke|p2|Sableye, M","|poke|p2|Sharpedo, M","|poke|p2|Tyranitar, F","|poke|p2|Mandibuzz, F","|rule|Sleep Clause Mod: Limit one foe put to sleep","|rule|Species Clause: Limit one of each Pokémon","|rule|OHKO Clause: OHKO moves are banned","|rule|Moody Clause: Moody is banned","|rule|Evasion Moves Clause: Evasion moves are banned","|rule|Endless Battle Clause: Forcing endless battles is banned","|rule|HP Percentage Mod: HP is shown in percentages","|teampreview","|","|start","|switch|p1a: Hawlucha|Hawlucha, F|300/300","|switch|p2a: Sableye|Sableye, M|304/304","|turn|1","|","|move|p1a: Hawlucha|Swords Dance|p1a: Hawlucha","|-boost|p1a: Hawlucha|atk|2","|move|p2a: Sableye|Knock Off|p1a: Hawlucha","|-resisted|p1a: Hawlucha","|-damage|p1a: Hawlucha|238/300","|-enditem|p1a: Hawlucha|Sitrus Berry|[from] move: Knock Off|[of] p2a: Sableye","|","|turn|2","|","|move|p1a: Hawlucha|Acrobatics|p2a: Sableye","|-damage|p2a: Sableye|24/304","|move|p2a: Sableye|Foul Play|p1a: Hawlucha","|-resisted|p1a: Hawlucha","|-damage|p1a: Hawlucha|70/300","|","|-heal|p2a: Sableye|43/304|[from] item: Leftovers","|turn|3","|","|move|p2a: Sableye|Recover|p2a: Sableye","|-heal|p2a: Sableye|195/304","|move|p1a: Hawlucha|Acrobatics|p2a: Sableye","|-damage|p2a: Sableye|0 fnt","|faint|p2a: Sableye","|","|","|switch|p2a: Sharpedo|Sharpedo, M|282/282","|turn|4","|","|move|p2a: Sharpedo|Aqua Jet|p1a: Hawlucha","|-damage|p1a: Hawlucha|0 fnt","|-damage|p2a: Sharpedo|254/282|[from] item: Life Orb","|faint|p1a: Hawlucha","|","|-boost|p2a: Sharpedo|spe|1|[from] ability: Speed Boost","|","|switch|p1a: Gliscor|Gliscor, F|354/354","|turn|5","|","|move|p2a: Sharpedo|Aqua Jet|p1a: Gliscor","|-supereffective|p1a: Gliscor","|-damage|p1a: Gliscor|198/354","|-damage|p2a: Sharpedo|226/282|[from] item: Life Orb","|move|p1a: Gliscor|Toxic|p2a: Sharpedo","|-status|p2a: Sharpedo|tox","|","|-damage|p2a: Sharpedo|209/282 tox|[from] psn","|-boost|p2a: Sharpedo|spe|1|[from] ability: Speed Boost","|-status|p1a: Gliscor|tox|[from] item: Toxic Orb","|turn|6","|","|move|p2a: Sharpedo|Aqua Jet|p1a: Gliscor","|-supereffective|p1a: Gliscor","|-damage|p1a: Gliscor|55/354 tox","|-damage|p2a: Sharpedo|181/282 tox|[from] item: Life Orb","|move|p1a: Gliscor|Earthquake|p2a: Sharpedo","|-damage|p2a: Sharpedo|0 fnt","|faint|p2a: Sharpedo","|","|-heal|p1a: Gliscor|99/354 tox|[from] ability: Poison Heal","|","|switch|p2a: Tyranitar|Tyranitar, F|342/342","|-weather|Sandstorm","|turn|7","|","|detailschange|p2a: Tyranitar|Tyranitar-Mega, F","|-mega|p2a: Tyranitar|Tyranitar|Tyranitarite","|move|p1a: Gliscor|Toxic|p2a: Tyranitar","|-status|p2a: Tyranitar|tox","|move|p2a: Tyranitar|Crunch|p1a: Gliscor","|-damage|p1a: Gliscor|0 fnt","|faint|p1a: Gliscor","|","|-weather|Sandstorm|[upkeep]","|-damage|p2a: Tyranitar|321/342 tox|[from] psn","|","|switch|p1a: Landorus|Landorus, M|319/319","|turn|8","|","|move|p1a: Landorus|Earth Power|p2a: Tyranitar","|-supereffective|p2a: Tyranitar","|-damage|p2a: Tyranitar|1/342 tox","|move|p2a: Tyranitar|Dragon Dance|p2a: Tyranitar","|-boost|p2a: Tyranitar|atk|1","|-boost|p2a: Tyranitar|spe|1","|","|-weather|Sandstorm|[upkeep]","|-damage|p2a: Tyranitar|0 fnt|[from] psn","|faint|p2a: Tyranitar","|","|switch|p2a: Absol|Absol, M|334/334","|turn|9","|","|move|p1a: Landorus|Knock Off|p2a: Absol","|-resisted|p2a: Absol","|-damage|p2a: Absol|243/334","|-boost|p2a: Absol|atk|1|[from] ability: Justified","|-enditem|p2a: Absol|Focus Sash|[from] move: Knock Off|[of] p1a: Landorus","|-damage|p1a: Landorus|288/319|[from] item: Life Orb","|move|p2a: Absol|Swords Dance|p2a: Absol","|-boost|p2a: Absol|atk|2","|","|-weather|Sandstorm|[upkeep]","|-damage|p2a: Absol|223/334|[from] sandstorm","|turn|10","|","|move|p1a: Landorus|Rock Slide|p2a: Absol","|-damage|p2a: Absol|55/334","|move|p2a: Absol|Knock Off|p1a: Landorus","|-damage|p1a: Landorus|0 fnt","|-enditem|p1a: Landorus|Life Orb|[from] move: Knock Off|[of] p2a: Absol","|faint|p1a: Landorus","|","|-weather|Sandstorm|[upkeep]","|-damage|p2a: Absol|35/334|[from] sandstorm","|","|switch|p1a: Salamence|Salamence, M|331/331","|turn|11","|","|move|p1a: Salamence|Outrage|p2a: Absol","|-damage|p2a: Absol|0 fnt","|faint|p2a: Absol","|-boost|p1a: Salamence|atk|1|[from] ability: Moxie","|","|-weather|none","|","|switch|p2a: Bisharp|Bisharp, F|334/334","|turn|12","|","|move|p2a: Bisharp|Sucker Punch|p1a: Salamence","|-damage|p1a: Salamence|135/331","|move|p1a: Salamence|Outrage|p2a: Bisharp|[from]lockedmove","|-resisted|p2a: Bisharp","|-damage|p2a: Bisharp|160/334","|-start|p1a: Salamence|confusion|[fatigue]","|","|-heal|p2a: Bisharp|180/334|[from] item: Leftovers","|turn|13","|","|-activate|p1a: Salamence|confusion","|move|p1a: Salamence|Outrage|p2a: Bisharp","|-resisted|p2a: Bisharp","|-damage|p2a: Bisharp|29/334","|move|p2a: Bisharp|Substitute|p2a: Bisharp","|-fail|p2a: Bisharp|move: Substitute|[weak]","|","|-heal|p2a: Bisharp|49/334|[from] item: Leftovers","|turn|14","|","|move|p2a: Bisharp|Sucker Punch|p1a: Salamence","|-damage|p1a: Salamence|0 fnt","|faint|p1a: Salamence","|","|-heal|p2a: Bisharp|69/334|[from] item: Leftovers","|","|switch|p1a: Togekiss|Togekiss, F|374/374","|turn|15","|","|move|p1a: Togekiss|Air Slash|p2a: Bisharp","|-resisted|p2a: Bisharp","|-damage|p2a: Bisharp|0 fnt","|faint|p2a: Bisharp","|","|","|switch|p2a: Mandibuzz|Mandibuzz, F|424/424","|turn|16","|","|move|p1a: Togekiss|Thunder Wave|p2a: Mandibuzz","|-status|p2a: Mandibuzz|par","|move|p2a: Mandibuzz|Brave Bird|p1a: Togekiss","|-crit|p1a: Togekiss","|-damage|p1a: Togekiss|221/374","|-damage|p2a: Mandibuzz|374/424 par|[from] recoil|[of] p1a: Togekiss","|","|-heal|p2a: Mandibuzz|400/424 par|[from] item: Leftovers","|turn|17","|","|move|p1a: Togekiss|Air Slash|p2a: Mandibuzz|[miss]","|-miss|p1a: Togekiss|p2a: Mandibuzz","|move|p2a: Mandibuzz|Brave Bird|p1a: Togekiss","|-damage|p1a: Togekiss|113/374","|-damage|p2a: Mandibuzz|364/424 par|[from] recoil|[of] p1a: Togekiss","|","|-heal|p2a: Mandibuzz|390/424 par|[from] item: Leftovers","|turn|18","|","|move|p1a: Togekiss|Air Slash|p2a: Mandibuzz","|-damage|p2a: Mandibuzz|276/424 par","|cant|p2a: Mandibuzz|flinch","|","|-heal|p2a: Mandibuzz|302/424 par|[from] item: Leftovers","|turn|19","|","|move|p1a: Togekiss|Air Slash|p2a: Mandibuzz","|-damage|p2a: Mandibuzz|185/424 par","|cant|p2a: Mandibuzz|flinch","|","|-heal|p2a: Mandibuzz|211/424 par|[from] item: Leftovers","|turn|20","|","|move|p1a: Togekiss|Air Slash|p2a: Mandibuzz|[miss]","|-miss|p1a: Togekiss|p2a: Mandibuzz","|move|p2a: Mandibuzz|Roost|p2a: Mandibuzz","|-heal|p2a: Mandibuzz|423/424 par","|","|-heal|p2a: Mandibuzz|424/424 par|[from] item: Leftovers","|turn|21","|","|move|p1a: Togekiss|Roost|p1a: Togekiss","|-heal|p1a: Togekiss|300/374","|move|p2a: Mandibuzz|Brave Bird|p1a: Togekiss","|-damage|p1a: Togekiss|204/374","|-damage|p2a: Mandibuzz|392/424 par|[from] recoil|[of] p1a: Togekiss","|","|-heal|p2a: Mandibuzz|418/424 par|[from] item: Leftovers","|turn|22","|","|move|p1a: Togekiss|Roost|p1a: Togekiss","|-heal|p1a: Togekiss|374/374","|cant|p2a: Mandibuzz|par","|","|-heal|p2a: Mandibuzz|424/424 par|[from] item: Leftovers","|turn|23","|","|win|Carnie KeySein"],"p1rating":{"entryid":"787247","serverid":"eos","formatid":"monotype","userid":"carniekeysein","username":"Carnie KeySein","w":8,"l":"6","t":"0","gxe":55.7,"r":"1523.4884859227","rd":"89.635850194284","sigma":"0","rptime":"1441270800","rpr":1544.5219929661,"rprd":78.659621405608,"rpsigma":"0","acre":1120.6842023567,"lacre":1120.6842023567,"oldacre":"1102.8778330873"},"p2rating":{"entryid":813226,"formatid":"monotype","userid":"theblackkyreum","username":"Theblackkyreum","r":1500,"rd":130,"sigma":0,"rpr":1461.2499711234,"rprd":122.3492003584,"rpsigma":0,"rptime":1441270800,"w":0,"l":1,"t":0,"gxe":45.2,"acre":1000,"lacre":1000,"oldacre":1000},"endType":"forfeit"}