{"seed":[40132,1056,39894,26428],"turns":25,"p1":"Gym Ldr Mitsuka∆","p2":"Sovereign♕KingJJ","p1team":[{"name":"Venusaur","species":"Venusaur","item":"venusaurite","ability":"Chlorophyll","moves":["synthesis","gigadrain","sludgebomb","leechseed"],"nature":"Bold","evs":{"hp":252,"atk":0,"def":164,"spa":0,"spd":92,"spe":0},"ivs":{"hp":31,"atk":31,"def":31,"spa":31,"spd":31,"spe":31}},{"name":"Cradily","species":"Cradily","item":"leftovers","ability":"Storm Drain","moves":["recover","mirrorcoat","gigadrain","ancientpower"],"nature":"Calm","evs":{"hp":252,"atk":0,"def":40,"spa":0,"spd":216,"spe":0},"ivs":{"hp":31,"atk":31,"def":31,"spa":31,"spd":31,"spe":31}},{"name":"Ferrothorn","species":"Ferrothorn","item":"occaberry","ability":"Iron Barbs","moves":["stealthrock","gyroball","leechseed","knockoff"],"nature":"Relaxed","evs":{"hp":248,"atk":8,"def":252,"spa":0,"spd":0,"spe":0},"ivs":{"hp":31,"atk":31,"def":31,"spa":31,"spd":31,"spe":0}},{"name":"Breloom","species":"Breloom","item":"focussash","ability":"Technician","moves":["spore","machpunch","poweruppunch","rocktomb"],"nature":"Jolly","evs":{"hp":0,"atk":252,"def":0,"spa":0,"spd":4,"spe":252},"ivs":{"hp":31,"atk":31,"def":31,"spa":31,"spd":31,"spe":31}},{"name":"Victreebel","species":"Victreebel","item":"sitrusberry","ability":"Chlorophyll","moves":["stockpile","swordsdance","powerwhip","synthesis"],"nature":"Careful","evs":{"hp":216,"atk":0,"def":160,"spa":0,"spd":132,"spe":0},"ivs":{"hp":31,"atk":31,"def":31,"spa":31,"spd":31,"spe":31}},{"name":"Celebi","species":"Celebi","item":"choicescarf","ability":"Natural Cure","moves":["trick","hiddenpowerfire","gigadrain","psychic"],"nature":"Timid","evs":{"hp":4,"atk":0,"def":0,"spa":252,"spd":0,"spe":252},"ivs":{"hp":31,"atk":30,"def":31,"spa":30,"spd":31,"spe":30}}],"p2team":[{"name":"Ugly Duckling","species":"porygon2","item":"eviolite","ability":"Download","moves":["psyshock","magiccoat","toxic","recover"],"nature":"Calm","evs":{"hp":248,"atk":0,"def":0,"spa":8,"spd":252,"spe":0},"shiny":true,"ivs":{"hp":31,"atk":31,"def":31,"spa":31,"spd":31,"spe":31}},{"name":"Leggos","species":"porygonz","item":"focussash","ability":"Download","moves":["chargebeam","shadowball","thunderwave","triattack"],"nature":"Modest","evs":{"hp":248,"atk":0,"def":0,"spa":252,"spd":8,"spe":0},"shiny":true,"ivs":{"hp":31,"atk":31,"def":31,"spa":31,"spd":31,"spe":31}},{"name":"mia khalifa","species":"lopunny","item":"lopunnite","ability":"Cute Charm","moves":["icepunch","fakeout","return","highjumpkick"],"nature":"Jolly","evs":{"hp":0,"atk":252,"def":0,"spa":0,"spd":4,"spe":252},"gender":"F","shiny":true,"ivs":{"hp":31,"atk":31,"def":31,"spa":31,"spd":31,"spe":31}},{"name":"Chansey","species":"Chansey","item":"eviolite","ability":"Serene Grace","moves":["aromatherapy","seismictoss","softboiled","toxic"],"nature":"Bold","evs":{"hp":248,"atk":0,"def":252,"spa":0,"spd":8,"spe":0},"shiny":true,"ivs":{"hp":31,"atk":31,"def":31,"spa":31,"spd":31,"spe":31}},{"name":"Raper the Raptor","species":"staraptor","item":"choicescarf","ability":"Reckless","moves":["closecombat","bravebird","uturn","doubleedge"],"nature":"Jolly","evs":{"hp":0,"atk":252,"def":0,"spa":0,"spd":4,"spe":252},"gender":"M","shiny":true,"ivs":{"hp":31,"atk":31,"def":31,"spa":31,"spd":31,"spe":31}},{"name":"Meloetta","species":"Meloetta","item":"choicescarf","ability":"Serene Grace","moves":["substitute","psychic","hypervoice","shadowball"],"nature":"Timid","evs":{"hp":0,"atk":0,"def":0,"spa":252,"spd":4,"spe":252},"ivs":{"hp":31,"atk":31,"def":31,"spa":31,"spd":31,"spe":31}}],"log":["|player|p1|Gym Ldr Mitsuka∆|265","|player|p2|Sovereign♕KingJJ|269","|gametype|singles","|gen|6","|tier|Monotype","|rated","|rule|Baton Pass Clause: Limit one Baton Passer, can't pass Spe and other stats simultaneously","|rule|Swagger Clause: Swagger is banned","|rule|Same Type Clause: Pokémon in a team must share a type","|clearpoke","|poke|p1|Venusaur, F","|poke|p1|Cradily, M","|poke|p1|Ferrothorn, F","|poke|p1|Breloom, F","|poke|p1|Victreebel, F","|poke|p1|Celebi","|poke|p2|Porygon2, shiny","|poke|p2|Porygon-Z, shiny","|poke|p2|Lopunny, F, shiny","|poke|p2|Chansey, F, shiny","|poke|p2|Staraptor, M, shiny","|poke|p2|Meloetta","|rule|Sleep Clause Mod: Limit one foe put to sleep","|rule|Species Clause: Limit one of each Pokémon","|rule|OHKO Clause: OHKO moves are banned","|rule|Moody Clause: Moody is banned","|rule|Evasion Moves Clause: Evasion moves are banned","|rule|Endless Battle Clause: Forcing endless battles is banned","|rule|HP Percentage Mod: HP is shown in percentages","|teampreview","|","|start","|switch|p1a: Ferrothorn|Ferrothorn, F|351/351","|switch|p2a: Raper the Raptor|Staraptor, M, shiny|311/311","|turn|1","|","|move|p2a: Raper the Raptor|U-turn|p1a: Ferrothorn","|-damage|p1a: Ferrothorn|300/351","|-damage|p2a: Raper the Raptor|273/311|[from] ability: Iron Barbs|[of] p1a: Ferrothorn","|","|switch|p2a: Ugly Duckling|Porygon2, shiny|373/373","|-boost|p2a: Ugly Duckling|spa|1|[from] ability: Download","|move|p1a: Ferrothorn|Stealth Rock|p2a: Ugly Duckling","|-sidestart|p2: Sovereign♕KingJJ|move: Stealth Rock","|","|turn|2","|","|move|p2a: Ugly Duckling|Psyshock|p1a: Ferrothorn","|-resisted|p1a: Ferrothorn","|-damage|p1a: Ferrothorn|269/351","|move|p1a: Ferrothorn|Knock Off|p2a: Ugly Duckling","|-damage|p2a: Ugly Duckling|324/373","|-enditem|p2a: Ugly Duckling|Eviolite|[from] move: Knock Off|[of] p1a: Ferrothorn","|","|turn|3","|","|switch|p2a: Leggos|Porygon-Z, shiny|373/373","|-damage|p2a: Leggos|327/373|[from] Stealth Rock","|-boost|p2a: Leggos|spa|1|[from] ability: Download","|move|p1a: Ferrothorn|Leech Seed|p2a: Leggos","|-start|p2a: Leggos|move: Leech Seed","|","|-damage|p2a: Leggos|281/373|[from] Leech Seed|[of] p1a: Ferrothorn","|-heal|p1a: Ferrothorn|315/351|[silent]","|turn|4","|","|move|p2a: Leggos|Thunder Wave|p1a: Ferrothorn","|-status|p1a: Ferrothorn|par","|move|p1a: Ferrothorn|Knock Off|p2a: Leggos","|-damage|p2a: Leggos|186/373","|-enditem|p2a: Leggos|Focus Sash|[from] move: Knock Off|[of] p1a: Ferrothorn","|","|-damage|p2a: Leggos|140/373|[from] Leech Seed|[of] p1a: Ferrothorn","|-heal|p1a: Ferrothorn|351/351 par|[silent]","|turn|5","|","|move|p2a: Leggos|Shadow Ball|p1a: Ferrothorn","|-damage|p1a: Ferrothorn|213/351 par","|move|p1a: Ferrothorn|Gyro Ball|p2a: Leggos","|-damage|p2a: Leggos|0 fnt","|faint|p2a: Leggos","|","|","|switch|p2a: Chansey|Chansey, F, shiny|703/703","|-damage|p2a: Chansey|616/703|[from] Stealth Rock","|turn|6","|","|move|p2a: Chansey|Seismic Toss|p1a: Ferrothorn","|-damage|p1a: Ferrothorn|113/351 par","|-damage|p2a: Chansey|529/703|[from] ability: Iron Barbs|[of] p1a: Ferrothorn","|move|p1a: Ferrothorn|Knock Off|p2a: Chansey","|-damage|p2a: Chansey|438/703","|-enditem|p2a: Chansey|Eviolite|[from] move: Knock Off|[of] p1a: Ferrothorn","|","|turn|7","|","|move|p2a: Chansey|Seismic Toss|p1a: Ferrothorn","|-damage|p1a: Ferrothorn|13/351 par","|-damage|p2a: Chansey|351/703|[from] ability: Iron Barbs|[of] p1a: Ferrothorn","|move|p1a: Ferrothorn|Leech Seed|p2a: Chansey","|-start|p2a: Chansey|move: Leech Seed","|","|-damage|p2a: Chansey|264/703|[from] Leech Seed|[of] p1a: Ferrothorn","|-heal|p1a: Ferrothorn|100/351 par|[silent]","|turn|8","|","|move|p2a: Chansey|Seismic Toss|p1a: Ferrothorn","|-damage|p1a: Ferrothorn|0 fnt","|-damage|p2a: Chansey|177/703|[from] ability: Iron Barbs|[of] p1a: Ferrothorn","|faint|p1a: Ferrothorn","|","|","|switch|p1a: Breloom|Breloom, F|261/261","|turn|9","|","|move|p1a: Breloom|Power-Up Punch|p2a: Chansey","|-supereffective|p2a: Chansey","|-damage|p2a: Chansey|0 fnt","|-boost|p1a: Breloom|atk|1","|faint|p2a: Chansey","|","|","|switch|p2a: Raper the Raptor|Staraptor, M, shiny|273/311","|-damage|p2a: Raper the Raptor|196/311|[from] Stealth Rock","|turn|10","|","|move|p1a: Breloom|Mach Punch|p2a: Raper the Raptor","|-damage|p2a: Raper the Raptor|0 fnt","|faint|p2a: Raper the Raptor","|","|","|switch|p2a: mia khalifa|Lopunny, F, shiny|271/271","|-damage|p2a: mia khalifa|238/271|[from] Stealth Rock","|turn|11","|","|detailschange|p2a: mia khalifa|Lopunny-Mega, F, shiny","|-mega|p2a: mia khalifa|Lopunny|Lopunnite","|move|p2a: mia khalifa|Fake Out|p1a: Breloom","|-damage|p1a: Breloom|165/261","|cant|p1a: Breloom|flinch","|","|turn|12","|","|move|p1a: Breloom|Mach Punch|p2a: mia khalifa","|-supereffective|p2a: mia khalifa","|-damage|p2a: mia khalifa|0 fnt","|faint|p2a: mia khalifa","|","|","|switch|p2a: Meloetta|Meloetta|341/341","|-damage|p2a: Meloetta|299/341|[from] Stealth Rock","|turn|13","|","|move|p1a: Breloom|Mach Punch|p2a: Meloetta","|-damage|p2a: Meloetta|116/341","|move|p2a: Meloetta|Psychic|p1a: Breloom","|-supereffective|p1a: Breloom","|-damage|p1a: Breloom|0 fnt","|faint|p1a: Breloom","|","|","|switch|p1a: Celebi|Celebi|342/342","|turn|14","|","|move|p1a: Celebi|Giga Drain|p2a: Meloetta","|-damage|p2a: Meloetta|26/341","|move|p2a: Meloetta|Psychic|p1a: Celebi","|-resisted|p1a: Celebi","|-damage|p1a: Celebi|266/342","|","|turn|15","|","|move|p1a: Celebi|Giga Drain|p2a: Meloetta","|-damage|p2a: Meloetta|0 fnt","|-heal|p1a: Celebi|279/342|[from] drain|[of] p2a: Meloetta","|faint|p2a: Meloetta","|","|","|switch|p2a: Ugly Duckling|Porygon2, shiny|324/373","|-damage|p2a: Ugly Duckling|278/373|[from] Stealth Rock","|-boost|p2a: Ugly Duckling|spa|1|[from] ability: Download","|turn|16","|","|move|p1a: Celebi|Giga Drain|p2a: Ugly Duckling","|-damage|p2a: Ugly Duckling|197/373","|-heal|p1a: Celebi|320/342|[from] drain|[of] p2a: Ugly Duckling","|move|p2a: Ugly Duckling|Toxic|p1a: Celebi","|-status|p1a: Celebi|tox","|","|-damage|p1a: Celebi|299/342 tox|[from] psn","|turn|17","|","|switch|p1a: Victreebel|Victreebel, F|355/355","|move|p2a: Ugly Duckling|Recover|p2a: Ugly Duckling","|-heal|p2a: Ugly Duckling|373/373","|","|turn|18","|","|move|p1a: Victreebel|Stockpile|p1a: Victreebel","|-start|p1a: Victreebel|stockpile1","|-boost|p1a: Victreebel|def|1","|-boost|p1a: Victreebel|spd|1","|move|p2a: Ugly Duckling|Psyshock|p1a: Victreebel","|-crit|p1a: Victreebel","|-supereffective|p1a: Victreebel","|-damage|p1a: Victreebel|7/355","|-enditem|p1a: Victreebel|Sitrus Berry|[eat]","|-heal|p1a: Victreebel|95/355|[from] item: Sitrus Berry","|","|turn|19","|","|move|p1a: Victreebel|Synthesis|p1a: Victreebel","|-heal|p1a: Victreebel|272/355","|move|p2a: Ugly Duckling|Psyshock|p1a: Victreebel","|-supereffective|p1a: Victreebel","|-damage|p1a: Victreebel|134/355","|","|turn|20","|","|move|p1a: Victreebel|Stockpile|p1a: Victreebel","|-start|p1a: Victreebel|stockpile2","|-boost|p1a: Victreebel|def|1","|-boost|p1a: Victreebel|spd|1","|move|p2a: Ugly Duckling|Psyshock|p1a: Victreebel","|-crit|p1a: Victreebel","|-supereffective|p1a: Victreebel","|-damage|p1a: Victreebel|0 fnt","|faint|p1a: Victreebel","|","|","|switch|p1a: Celebi|Celebi|299/342","|turn|21","|","|move|p1a: Celebi|Trick|p2a: Ugly Duckling","|-activate|p1a: Celebi|move: Trick|[of] p2a: Ugly Duckling","|-item|p2a: Ugly Duckling|Choice Scarf|[from] move: Trick","|move|p2a: Ugly Duckling|Toxic|p1a: Celebi","|-status|p1a: Celebi|tox","|","|-damage|p1a: Celebi|278/342 tox|[from] psn","|turn|22","|","|move|p1a: Celebi|Psychic|p2a: Ugly Duckling","|-damage|p2a: Ugly Duckling|270/373","|move|p2a: Ugly Duckling|Toxic|p1a: Celebi","|-fail|p1a: Celebi|tox","|","|-damage|p1a: Celebi|236/342 tox|[from] psn","|turn|23","|","|move|p1a: Celebi|Psychic|p2a: Ugly Duckling","|-damage|p2a: Ugly Duckling|177/373","|move|p2a: Ugly Duckling|Toxic|p1a: Celebi","|-fail|p1a: Celebi|tox","|","|-damage|p1a: Celebi|173/342 tox|[from] psn","|turn|24","|","|switch|p1a: Venusaur|Venusaur, F|364/364","|move|p2a: Ugly Duckling|Toxic|p1a: Venusaur","|-immune|p1a: Venusaur|[msg]","|","|turn|25","|","|win|Gym Ldr Mitsuka∆"],"p1rating":{"entryid":"379503","serverid":"eos","formatid":"monotype","userid":"gymldrmitsuka","username":"Gym Ldr Mitsuka∆","w":45,"l":"21","t":"0","gxe":66,"r":"1625.4528464411","rd":"44.913629961581","sigma":"0","rptime":"1441270800","rpr":1625.9818978221,"rprd":44.074042880862,"rpsigma":"0","acre":1323.1610088604,"lacre":1323.1610088604,"oldacre":"1315.3216944282"},"p2rating":{"entryid":"452185","serverid":"eos","formatid":"monotype","userid":"sovereignkingjj","username":"Sovereign♕KingJJ","w":"2","l":8,"t":"0","gxe":34.6,"r":"1321.9404224915","rd":"97.164624216348","sigma":"0","rptime":"1441270800","rpr":1375.8601836642,"rprd":90.494487931081,"rpsigma":"0","acre":1062.0614669762,"lacre":1062.0614669762,"oldacre":"1070.1028089042"},"endType":"forfeit"}