{"seed":[35119,16224,51616,55115],"turns":50,"p1":"Carnie KeySein","p2":"Primal Pigman","p1team":[{"name":"Hawlucha","species":"Hawlucha","item":"sitrusberry","ability":"Unburden","moves":["roost","swordsdance","highjumpkick","acrobatics"],"nature":"Jolly","evs":{"hp":12,"atk":252,"def":0,"spa":0,"spd":0,"spe":244},"ivs":{"hp":31,"atk":31,"def":31,"spa":31,"spd":31,"spe":31}},{"name":"Gliscor","species":"Gliscor","item":"toxicorb","ability":"Poison Heal","moves":["substitute","protect","earthquake","toxic"],"nature":"Jolly","evs":{"hp":252,"atk":0,"def":4,"spa":0,"spd":0,"spe":252},"ivs":{"hp":31,"atk":31,"def":31,"spa":31,"spd":31,"spe":31}},{"name":"Gyarados","species":"Gyarados","item":"gyaradosite","ability":"Intimidate","moves":["dragondance","waterfall","substitute","taunt"],"nature":"Jolly","evs":{"hp":4,"atk":252,"def":0,"spa":0,"spd":0,"spe":252},"ivs":{"hp":31,"atk":30,"def":31,"spa":30,"spd":31,"spe":30}},{"name":"Landorus","species":"Landorus","item":"lifeorb","ability":"Sheer Force","moves":["earthpower","knockoff","rockslide","hiddenpowerice"],"nature":"Rash","evs":{"hp":0,"atk":4,"def":0,"spa":252,"spd":0,"spe":252},"ivs":{"hp":31,"atk":30,"def":30,"spa":31,"spd":31,"spe":31}},{"name":"Togekiss","species":"Togekiss","item":"lumberry","ability":"Serene Grace","moves":["thunderwave","airslash","roost","defog"],"nature":"Calm","evs":{"hp":252,"atk":0,"def":0,"spa":0,"spd":160,"spe":96},"ivs":{"hp":31,"atk":31,"def":31,"spa":31,"spd":31,"spe":31}},{"name":"Salamence","species":"Salamence","item":"choicescarf","ability":"Moxie","moves":["outrage","earthquake","crunch","brickbreak"],"nature":"Jolly","evs":{"hp":0,"atk":252,"def":0,"spa":0,"spd":4,"spe":252},"ivs":{"hp":31,"atk":31,"def":31,"spa":31,"spd":31,"spe":31}}],"p2team":[{"name":"Skarmory","species":"Skarmory","item":"rockyhelmet","ability":"Sturdy","moves":["bravebird","roost","stealthrock","whirlwind"],"nature":"Impish","evs":{"hp":252,"atk":0,"def":252,"spa":0,"spd":4,"spe":0},"ivs":{"hp":31,"atk":31,"def":31,"spa":31,"spd":31,"spe":31}},{"name":"Zapdos","species":"Zapdos","item":"leftovers","ability":"Pressure","moves":["thunderbolt","roost","defog","toxic"],"nature":"Calm","evs":{"hp":252,"atk":0,"def":0,"spa":4,"spd":252,"spe":0},"ivs":{"hp":31,"atk":31,"def":31,"spa":31,"spd":31,"spe":31}},{"name":"Landorus-Therian","species":"Landorus-Therian","item":"choiceband","ability":"Intimidate","moves":["earthquake","uturn","stoneedge","knockoff"],"nature":"Adamant","evs":{"hp":248,"atk":252,"def":0,"spa":0,"spd":8,"spe":0},"ivs":{"hp":31,"atk":31,"def":31,"spa":31,"spd":31,"spe":31}},{"name":"Gyarados","species":"Gyarados","item":"gyaradosite","ability":"Intimidate","moves":["dragondance","crunch","substitute","waterfall"],"nature":"Adamant","evs":{"hp":0,"atk":252,"def":0,"spa":0,"spd":4,"spe":252},"ivs":{"hp":31,"atk":31,"def":31,"spa":31,"spd":31,"spe":31}},{"name":"Togekiss","species":"Togekiss","item":"choicescarf","ability":"Serene Grace","moves":["airslash","fireblast","dazzlinggleam","aurasphere"],"nature":"Timid","evs":{"hp":0,"atk":0,"def":0,"spa":252,"spd":4,"spe":252},"ivs":{"hp":31,"atk":31,"def":31,"spa":31,"spd":31,"spe":31}},{"name":"Tornadus-Therian","species":"Tornadus-Therian","item":"lifeorb","ability":"Regenerator","moves":["hurricane","heatwave","uturn","taunt"],"nature":"Timid","evs":{"hp":0,"atk":0,"def":0,"spa":252,"spd":4,"spe":252},"ivs":{"hp":31,"atk":31,"def":31,"spa":31,"spd":31,"spe":31}}],"log":["|player|p1|Carnie KeySein|164","|player|p2|Primal Pigman|135","|gametype|singles","|gen|6","|tier|Monotype","|rated","|rule|Baton Pass Clause: Limit one Baton Passer, can't pass Spe and other stats simultaneously","|rule|Swagger Clause: Swagger is banned","|rule|Same Type Clause: Pokémon in a team must share a type","|clearpoke","|poke|p1|Hawlucha, F","|poke|p1|Gliscor, F","|poke|p1|Gyarados, M","|poke|p1|Landorus, M","|poke|p1|Togekiss, F","|poke|p1|Salamence, F","|poke|p2|Skarmory, M","|poke|p2|Zapdos","|poke|p2|Landorus-Therian, M","|poke|p2|Gyarados, M","|poke|p2|Togekiss, M","|poke|p2|Tornadus-Therian, M","|rule|Sleep Clause Mod: Limit one foe put to sleep","|rule|Species Clause: Limit one of each Pokémon","|rule|OHKO Clause: OHKO moves are banned","|rule|Moody Clause: Moody is banned","|rule|Evasion Moves Clause: Evasion moves are banned","|rule|Endless Battle Clause: Forcing endless battles is banned","|rule|HP Percentage Mod: HP is shown in percentages","|teampreview","|","|start","|switch|p1a: Landorus|Landorus, M|319/319","|switch|p2a: Zapdos|Zapdos|384/384","|-ability|p2a: Zapdos|Pressure","|turn|1","|","|move|p1a: Landorus|Rock Slide|p2a: Zapdos","|-supereffective|p2a: Zapdos","|-damage|p2a: Zapdos|82/384","|move|p2a: Zapdos|Toxic|p1a: Landorus|[miss]","|-miss|p2a: Zapdos|p1a: Landorus","|","|-heal|p2a: Zapdos|106/384|[from] item: Leftovers","|turn|2","|","|switch|p2a: Landorus-Therian|Landorus-Therian, M|381/381","|-ability|p2a: Landorus-Therian|Intimidate","|-unboost|p1a: Landorus|atk|1","|move|p1a: Landorus|Rock Slide|p2a: Landorus-Therian","|-damage|p2a: Landorus-Therian|294/381","|","|turn|3","|","|move|p1a: Landorus|Hidden Power|p2a: Landorus-Therian","|-supereffective|p2a: Landorus-Therian","|-damage|p2a: Landorus-Therian|0 fnt","|-damage|p1a: Landorus|288/319|[from] item: Life Orb","|faint|p2a: Landorus-Therian","|","|","|switch|p2a: Togekiss|Togekiss, M|311/311","|turn|4","|","|move|p2a: Togekiss|Air Slash|p1a: Landorus","|-damage|p1a: Landorus|108/319","|cant|p1a: Landorus|flinch","|","|turn|5","|","|move|p2a: Togekiss|Air Slash|p1a: Landorus","|-damage|p1a: Landorus|0 fnt","|faint|p1a: Landorus","|","|","|switch|p1a: Gliscor|Gliscor, F|354/354","|turn|6","|","|move|p2a: Togekiss|Air Slash|p1a: Gliscor","|-damage|p1a: Gliscor|197/354","|cant|p1a: Gliscor|flinch","|","|-status|p1a: Gliscor|tox|[from] item: Toxic Orb","|turn|7","|","|move|p1a: Gliscor|Protect|p1a: Gliscor","|-singleturn|p1a: Gliscor|Protect","|move|p2a: Togekiss|Air Slash|p1a: Gliscor","|-activate|p1a: Gliscor|Protect","|","|-heal|p1a: Gliscor|241/354 tox|[from] ability: Poison Heal","|turn|8","|","|move|p2a: Togekiss|Air Slash|p1a: Gliscor","|-crit|p1a: Gliscor","|-damage|p1a: Gliscor|0 fnt","|faint|p1a: Gliscor","|","|","|switch|p1a: Togekiss|Togekiss, F|374/374","|turn|9","|","|move|p2a: Togekiss|Air Slash|p1a: Togekiss","|-damage|p1a: Togekiss|290/374","|move|p1a: Togekiss|Thunder Wave|p2a: Togekiss","|-status|p2a: Togekiss|par","|","|turn|10","|","|switch|p2a: Zapdos|Zapdos|106/384","|-ability|p2a: Zapdos|Pressure","|move|p1a: Togekiss|Air Slash|p2a: Zapdos","|-resisted|p2a: Zapdos","|-damage|p2a: Zapdos|67/384","|","|-heal|p2a: Zapdos|91/384|[from] item: Leftovers","|turn|11","|","|switch|p1a: Salamence|Salamence, F|331/331","|move|p2a: Zapdos|Thunderbolt|p1a: Salamence","|-damage|p1a: Salamence|181/331","|","|-heal|p2a: Zapdos|115/384|[from] item: Leftovers","|turn|12","|","|move|p1a: Salamence|Outrage|p2a: Zapdos","|-damage|p2a: Zapdos|0 fnt","|faint|p2a: Zapdos","|-boost|p1a: Salamence|atk|1|[from] ability: Moxie","|","|","|switch|p2a: Skarmory|Skarmory, M|334/334","|turn|13","|","|move|p1a: Salamence|Outrage|p2a: Skarmory|[from]lockedmove","|-resisted|p2a: Skarmory","|-damage|p2a: Skarmory|238/334","|-damage|p1a: Salamence|126/331|[from] item: Rocky Helmet|[of] p2a: Skarmory","|-start|p1a: Salamence|confusion|[fatigue]","|move|p2a: Skarmory|Stealth Rock|p1a: Salamence","|-sidestart|p1: Carnie KeySein|move: Stealth Rock","|","|turn|14","|","|switch|p1a: Gyarados|Gyarados, M|332/332","|-damage|p1a: Gyarados|249/332|[from] Stealth Rock","|-ability|p1a: Gyarados|Intimidate","|-unboost|p2a: Skarmory|atk|1","|move|p2a: Skarmory|Roost|p2a: Skarmory","|-heal|p2a: Skarmory|334/334","|","|turn|15","|","|move|p1a: Gyarados|Substitute|p1a: Gyarados","|-start|p1a: Gyarados|Substitute","|-damage|p1a: Gyarados|166/332","|move|p2a: Skarmory|Whirlwind|p1a: Gyarados","|drag|p1a: Hawlucha|Hawlucha, F|300/300","|-damage|p1a: Hawlucha|263/300|[from] Stealth Rock","|","|turn|16","|","|switch|p2a: Gyarados|Gyarados, M|331/331","|-ability|p2a: Gyarados|Intimidate","|-unboost|p1a: Hawlucha|atk|1","|move|p1a: Hawlucha|Swords Dance|p1a: Hawlucha","|-boost|p1a: Hawlucha|atk|2","|","|turn|17","|","|detailschange|p2a: Gyarados|Gyarados-Mega, M","|-mega|p2a: Gyarados|Gyarados|Gyaradosite","|-ability|p2a: Gyarados|Mold Breaker","|move|p1a: Hawlucha|High Jump Kick|p2a: Gyarados","|-supereffective|p2a: Gyarados","|-damage|p2a: Gyarados|0 fnt","|faint|p2a: Gyarados","|","|","|switch|p2a: Tornadus-Therian|Tornadus-Therian, M|299/299","|turn|18","|","|move|p2a: Tornadus-Therian|Hurricane|p1a: Hawlucha","|-supereffective|p1a: Hawlucha","|-damage|p1a: Hawlucha|0 fnt","|-damage|p2a: Tornadus-Therian|270/299|[from] item: Life Orb","|faint|p1a: Hawlucha","|","|","|switch|p1a: Togekiss|Togekiss, F|290/374","|-damage|p1a: Togekiss|197/374|[from] Stealth Rock","|turn|19","|","|move|p2a: Tornadus-Therian|Hurricane|p1a: Togekiss","|-damage|p1a: Togekiss|40/374","|-start|p1a: Togekiss|confusion","|-damage|p2a: Tornadus-Therian|241/299|[from] item: Life Orb","|-enditem|p1a: Togekiss|Lum Berry|[eat]","|-end|p1a: Togekiss|confusion","|move|p1a: Togekiss|Thunder Wave|p2a: Tornadus-Therian","|-status|p2a: Tornadus-Therian|par","|","|turn|20","|","|move|p1a: Togekiss|Roost|p1a: Togekiss","|-heal|p1a: Togekiss|227/374","|move|p2a: Tornadus-Therian|Hurricane|p1a: Togekiss","|-damage|p1a: Togekiss|67/374","|-start|p1a: Togekiss|confusion","|-damage|p2a: Tornadus-Therian|212/299 par|[from] item: Life Orb","|","|turn|21","|","|-activate|p1a: Togekiss|confusion","|-damage|p1a: Togekiss|48/374|[from] confusion","|move|p2a: Tornadus-Therian|Taunt|p1a: Togekiss","|-start|p1a: Togekiss|move: Taunt","|","|turn|22","|","|-activate|p1a: Togekiss|confusion","|move|p1a: Togekiss|Air Slash|p2a: Tornadus-Therian","|-damage|p2a: Tornadus-Therian|106/299 par","|cant|p2a: Tornadus-Therian|flinch","|","|turn|23","|","|switch|p2a: Skarmory|Skarmory, M|334/334","|-end|p1a: Togekiss|confusion","|move|p1a: Togekiss|Air Slash|p2a: Skarmory","|-resisted|p2a: Skarmory","|-damage|p2a: Skarmory|265/334","|","|turn|24","|","|move|p1a: Togekiss|Air Slash|p2a: Skarmory","|-resisted|p2a: Skarmory","|-damage|p2a: Skarmory|199/334","|cant|p2a: Skarmory|flinch","|","|-end|p1a: Togekiss|move: Taunt","|turn|25","|","|move|p1a: Togekiss|Roost|p1a: Togekiss","|-heal|p1a: Togekiss|235/374","|move|p2a: Skarmory|Brave Bird|p1a: Togekiss","|-damage|p1a: Togekiss|115/374","|-damage|p2a: Skarmory|159/334|[from] recoil|[of] p1a: Togekiss","|","|turn|26","|","|move|p1a: Togekiss|Roost|p1a: Togekiss","|-heal|p1a: Togekiss|302/374","|move|p2a: Skarmory|Roost|p2a: Skarmory","|-heal|p2a: Skarmory|326/334","|","|turn|27","|","|switch|p2a: Tornadus-Therian|Tornadus-Therian, M|205/299 par","|move|p1a: Togekiss|Roost|p1a: Togekiss","|-heal|p1a: Togekiss|374/374","|","|turn|28","|","|move|p1a: Togekiss|Defog|p2a: Tornadus-Therian","|-unboost|p2a: Tornadus-Therian|evasion|1","|-sideend|p1: Carnie KeySein|Stealth Rock|[from] move: Defog|[of] p1a: Togekiss","|cant|p2a: Tornadus-Therian|par","|","|turn|29","|","|move|p1a: Togekiss|Air Slash|p2a: Tornadus-Therian","|-damage|p2a: Tornadus-Therian|84/299 par","|cant|p2a: Tornadus-Therian|flinch","|","|turn|30","|","|move|p1a: Togekiss|Air Slash|p2a: Tornadus-Therian","|-damage|p2a: Tornadus-Therian|0 fnt","|faint|p2a: Tornadus-Therian","|","|","|switch|p2a: Skarmory|Skarmory, M|326/334","|turn|31","|","|move|p1a: Togekiss|Air Slash|p2a: Skarmory","|-resisted|p2a: Skarmory","|-damage|p2a: Skarmory|261/334","|cant|p2a: Skarmory|flinch","|","|turn|32","|","|move|p1a: Togekiss|Air Slash|p2a: Skarmory","|-resisted|p2a: Skarmory","|-damage|p2a: Skarmory|186/334","|cant|p2a: Skarmory|flinch","|","|turn|33","|","|move|p1a: Togekiss|Air Slash|p2a: Skarmory","|-resisted|p2a: Skarmory","|-damage|p2a: Skarmory|119/334","|move|p2a: Skarmory|Roost|p2a: Skarmory","|-heal|p2a: Skarmory|286/334","|","|turn|34","|","|move|p1a: Togekiss|Air Slash|p2a: Skarmory","|-resisted|p2a: Skarmory","|-damage|p2a: Skarmory|215/334","|cant|p2a: Skarmory|flinch","|","|turn|35","|","|move|p1a: Togekiss|Air Slash|p2a: Skarmory","|-resisted|p2a: Skarmory","|-damage|p2a: Skarmory|141/334","|move|p2a: Skarmory|Roost|p2a: Skarmory","|-heal|p2a: Skarmory|308/334","|","|turn|36","|","|move|p1a: Togekiss|Air Slash|p2a: Skarmory","|-resisted|p2a: Skarmory","|-damage|p2a: Skarmory|245/334","|cant|p2a: Skarmory|flinch","|","|turn|37","|","|move|p1a: Togekiss|Thunder Wave|p2a: Skarmory","|-status|p2a: Skarmory|par","|cant|p2a: Skarmory|par","|","|turn|38","|","|move|p1a: Togekiss|Air Slash|p2a: Skarmory","|-resisted|p2a: Skarmory","|-damage|p2a: Skarmory|179/334 par","|cant|p2a: Skarmory|flinch","|","|turn|39","|","|move|p1a: Togekiss|Air Slash|p2a: Skarmory","|-resisted|p2a: Skarmory","|-damage|p2a: Skarmory|107/334 par","|cant|p2a: Skarmory|flinch","|","|turn|40","|","|move|p1a: Togekiss|Air Slash|p2a: Skarmory|[miss]","|-miss|p1a: Togekiss|p2a: Skarmory","|move|p2a: Skarmory|Roost|p2a: Skarmory","|-heal|p2a: Skarmory|274/334 par","|","|turn|41","|","|move|p1a: Togekiss|Air Slash|p2a: Skarmory|[miss]","|-miss|p1a: Togekiss|p2a: Skarmory","|move|p2a: Skarmory|Roost|p2a: Skarmory","|-heal|p2a: Skarmory|334/334 par","|","|turn|42","|","|move|p1a: Togekiss|Air Slash|p2a: Skarmory","|-resisted|p2a: Skarmory","|-damage|p2a: Skarmory|268/334 par","|move|p2a: Skarmory|Stealth Rock|p1a: Togekiss","|-sidestart|p1: Carnie KeySein|move: Stealth Rock","|","|turn|43","|","|move|p1a: Togekiss|Air Slash|p2a: Skarmory","|-resisted|p2a: Skarmory","|-damage|p2a: Skarmory|193/334 par","|move|p2a: Skarmory|Whirlwind|p1a: Togekiss","|drag|p1a: Gyarados|Gyarados, M|166/332","|-damage|p1a: Gyarados|83/332|[from] Stealth Rock","|-ability|p1a: Gyarados|Intimidate","|-unboost|p2a: Skarmory|atk|1","|","|turn|44","|","|move|p1a: Gyarados|Waterfall|p2a: Skarmory","|-damage|p2a: Skarmory|120/334 par","|-damage|p1a: Gyarados|28/332|[from] item: Rocky Helmet|[of] p2a: Skarmory","|cant|p2a: Skarmory|flinch","|","|turn|45","|","|move|p1a: Gyarados|Waterfall|p2a: Skarmory","|-damage|p2a: Skarmory|41/334 par","|-damage|p1a: Gyarados|0 fnt|[from] item: Rocky Helmet|[of] p2a: Skarmory","|faint|p1a: Gyarados","|cant|p2a: Skarmory|par","|","|","|switch|p1a: Salamence|Salamence, F|126/331","|-damage|p1a: Salamence|44/331|[from] Stealth Rock","|turn|46","|","|move|p1a: Salamence|Outrage|p2a: Skarmory","|-resisted|p2a: Skarmory","|-damage|p2a: Skarmory|0 fnt","|-damage|p1a: Salamence|0 fnt|[from] item: Rocky Helmet|[of] p2a: Skarmory","|faint|p1a: Salamence","|faint|p2a: Skarmory","|","|","|switch|p1a: Togekiss|Togekiss, F|374/374","|switch|p2a: Togekiss|Togekiss, M|311/311 par","|-damage|p1a: Togekiss|281/374|[from] Stealth Rock","|turn|47","|","|move|p1a: Togekiss|Air Slash|p2a: Togekiss","|-damage|p2a: Togekiss|220/311 par","|cant|p2a: Togekiss|flinch","|","|turn|48","|","|move|p1a: Togekiss|Air Slash|p2a: Togekiss","|-damage|p2a: Togekiss|130/311 par","|cant|p2a: Togekiss|flinch","|","|turn|49","|","|move|p1a: Togekiss|Air Slash|p2a: Togekiss","|-damage|p2a: Togekiss|37/311 par","|cant|p2a: Togekiss|flinch","|","|turn|50","|","|move|p1a: Togekiss|Air Slash|p2a: Togekiss","|-damage|p2a: Togekiss|0 fnt","|faint|p2a: Togekiss","|","|win|Carnie KeySein"],"p1rating":{"entryid":"787247","serverid":"eos","formatid":"monotype","userid":"carniekeysein","username":"Carnie KeySein","w":11,"l":"12","t":"0","gxe":49,"r":"1523.4884859227","rd":"89.635850194284","sigma":"0","rptime":"1441270800","rpr":1492.5538028171,"rprd":66.118089635349,"rpsigma":"0","acre":1077.6175780307,"lacre":1077.6175780307,"oldacre":"1041.9594105334"},"p2rating":{"entryid":"821708","serverid":"eos","formatid":"monotype","userid":"primalpigman","username":"Primal Pigman","w":"1","l":1,"t":"0","gxe":50.9,"r":"1500","rd":"130","sigma":"0","rptime":"1441270800","rpr":1506.7987528764,"rprd":115.72022226217,"rpsigma":"0","acre":1041.669398533,"lacre":1041.669398533,"oldacre":"1062.1035915078"},"endType":"normal"}