{"seed":[63637,44761,46216,20552],"turns":22,"p1":"Coloniol Mustang","p2":"ddedd","p1team":[{"name":"Regice","species":"Regice","item":"weaknesspolicy","ability":"Clear Body","moves":["icebeam","thunderbolt","flashcannon","rest"],"nature":"Calm","evs":{"hp":252,"atk":0,"def":0,"spa":0,"spd":252,"spe":0},"ivs":{"hp":31,"atk":31,"def":31,"spa":31,"spd":31,"spe":31}},{"name":"Mamoswine","species":"Mamoswine","item":"lifeorb","ability":"Thick Fat","moves":["curse","iceshard","avalanche","earthquake"],"nature":"Impish","evs":{"hp":252,"atk":0,"def":252,"spa":0,"spd":0,"spe":0},"ivs":{"hp":31,"atk":31,"def":31,"spa":31,"spd":31,"spe":31}},{"name":"Froslass","species":"Froslass","item":"focussash","ability":"Cursed Body","moves":["spikes","taunt","shadowball","destinybond"],"nature":"Timid","evs":{"hp":252,"atk":0,"def":0,"spa":0,"spd":0,"spe":252},"ivs":{"hp":31,"atk":31,"def":31,"spa":31,"spd":31,"spe":31}},{"name":"Avalugg","species":"Avalugg","item":"leftovers","ability":"Ice Body","moves":["earthquake","avalanche","recover","rapidspin"],"nature":"Relaxed","evs":{"hp":252,"atk":4,"def":252,"spa":0,"spd":0,"spe":0},"ivs":{"hp":31,"atk":31,"def":31,"spa":31,"spd":31,"spe":0}},{"name":"Abomasnow","species":"Abomasnow","item":"focussash","ability":"Snow Warning","moves":["iceshard","gigadrain","hiddenpowerfire","blizzard"],"nature":"Mild","evs":{"hp":0,"atk":28,"def":0,"spa":252,"spd":0,"spe":228},"ivs":{"hp":31,"atk":30,"def":31,"spa":30,"spd":31,"spe":30}},{"name":"Kyurem-Black","species":"Kyurem-Black","item":"leftovers","ability":"Teravolt","moves":["icebeam","outrage","fusionbolt","earthpower"],"nature":"Adamant","evs":{"hp":56,"atk":0,"def":0,"spa":252,"spd":0,"spe":200},"ivs":{"hp":31,"atk":31,"def":31,"spa":31,"spd":31,"spe":31}}],"p2team":[{"name":"Asuna","species":"malamar","item":"leftovers","ability":"Contrary","moves":["superpower","psychocut","knockoff","trickroom"],"nature":"Brave","evs":{"hp":252,"atk":252,"def":0,"spa":0,"spd":4,"spe":0},"ivs":{"hp":31,"atk":31,"def":31,"spa":31,"spd":31,"spe":0},"happiness":0},{"name":"Silica","species":"liepard","item":"leftovers","ability":"Prankster","moves":["uturn","copycat","protect","encore"],"nature":"Careful","evs":{"hp":252,"atk":4,"def":0,"spa":0,"spd":252,"spe":0},"ivs":{"hp":31,"atk":31,"def":31,"spa":31,"spd":31,"spe":31}},{"name":"Scrafty","species":"Scrafty","item":"leftovers","ability":"Shed Skin","moves":["rest","highjumpkick","bulkup","crunch"],"nature":"Careful","evs":{"hp":252,"atk":0,"def":0,"spa":0,"spd":252,"spe":0},"ivs":{"hp":31,"atk":31,"def":31,"spa":31,"spd":31,"spe":31}},{"name":"Murkrow","species":"Murkrow","item":"eviolite","ability":"Prankster","moves":["roost","thunderwave","featherdance","taunt"],"nature":"Calm","evs":{"hp":248,"atk":0,"def":8,"spa":0,"spd":252,"spe":0},"ivs":{"hp":31,"atk":31,"def":31,"spa":31,"spd":31,"spe":31}},{"name":"Kirito","species":"sableye","item":"choiceband","ability":"Prankster","moves":["willowisp","trick","nightshade","recover"],"nature":"Calm","evs":{"hp":252,"atk":0,"def":4,"spa":0,"spd":252,"spe":0},"ivs":{"hp":31,"atk":31,"def":31,"spa":31,"spd":31,"spe":31}},{"name":"Sinon","species":"sharpedo","item":"sharpedonite","ability":"Speed Boost","moves":["waterfall","destinybond","crunch","protect"],"nature":"Adamant","evs":{"hp":0,"atk":252,"def":0,"spa":0,"spd":4,"spe":252},"ivs":{"hp":31,"atk":31,"def":31,"spa":31,"spd":31,"spe":31}}],"log":["|player|p1|Coloniol Mustang|124","|player|p2|ddedd|doctorvergi.png","|gametype|singles","|gen|6","|tier|Monotype","|rated","|rule|Baton Pass Clause: Limit one Baton Passer, can't pass Spe and other stats simultaneously","|rule|Swagger Clause: Swagger is banned","|rule|Same Type Clause: Pokémon in a team must share a type","|clearpoke","|poke|p1|Regice","|poke|p1|Mamoswine, F","|poke|p1|Froslass, F","|poke|p1|Avalugg, F","|poke|p1|Abomasnow, F","|poke|p1|Kyurem-Black","|poke|p2|Malamar, F","|poke|p2|Liepard, F","|poke|p2|Scrafty, F","|poke|p2|Murkrow, F","|poke|p2|Sableye, M","|poke|p2|Sharpedo, M","|rule|Sleep Clause Mod: Limit one foe put to sleep","|rule|Species Clause: Limit one of each Pokémon","|rule|OHKO Clause: OHKO moves are banned","|rule|Moody Clause: Moody is banned","|rule|Evasion Moves Clause: Evasion moves are banned","|rule|Endless Battle Clause: Forcing endless battles is banned","|rule|HP Percentage Mod: HP is shown in percentages","|teampreview","|","|start","|switch|p1a: Froslass|Froslass, F|344/344","|switch|p2a: Murkrow|Murkrow, F|323/323","|turn|1","|","|move|p2a: Murkrow|Taunt|p1a: Froslass","|-start|p1a: Froslass|move: Taunt","|cant|p1a: Froslass|move: Taunt|Spikes","|","|turn|2","|","|move|p2a: Murkrow|Thunder Wave|p1a: Froslass","|-status|p1a: Froslass|par","|move|p1a: Froslass|Shadow Ball|p2a: Murkrow","|-resisted|p2a: Murkrow","|-damage|p2a: Murkrow|293/323","|","|turn|3","|","|switch|p2a: Scrafty|Scrafty, F|334/334","|move|p1a: Froslass|Shadow Ball|p2a: Scrafty","|-resisted|p2a: Scrafty","|-damage|p2a: Scrafty|306/334","|","|-heal|p2a: Scrafty|326/334|[from] item: Leftovers","|-end|p1a: Froslass|move: Taunt","|turn|4","|","|move|p2a: Scrafty|Bulk Up|p2a: Scrafty","|-boost|p2a: Scrafty|atk|1","|-boost|p2a: Scrafty|def|1","|move|p1a: Froslass|Taunt|p2a: Scrafty","|-start|p2a: Scrafty|move: Taunt","|","|-heal|p2a: Scrafty|334/334|[from] item: Leftovers","|turn|5","|","|move|p2a: Scrafty|Crunch|p1a: Froslass","|-supereffective|p1a: Froslass","|-damage|p1a: Froslass|24/344 par","|-start|p2a: Scrafty|Disable|Crunch","|cant|p1a: Froslass|par","|","|turn|6","|","|switch|p2a: Silica|Liepard, F|332/332","|move|p1a: Froslass|Spikes|p2a: Silica","|-sidestart|p2: ddedd|Spikes","|","|turn|7","|","|move|p2a: Silica|Copycat|p2a: Silica","|move|p2a: Silica|Spikes|p1a: Froslass|[from]Copycat","|-sidestart|p1: Coloniol Mustang|Spikes","|move|p1a: Froslass|Destiny Bond|p1a: Froslass","|-singlemove|p1a: Froslass|Destiny Bond","|","|turn|8","|","|move|p2a: Silica|Encore|p1a: Froslass","|-start|p1a: Froslass|Encore","|move|p1a: Froslass|Destiny Bond|p1a: Froslass","|-singlemove|p1a: Froslass|Destiny Bond","|","|turn|9","|","|switch|p2a: Scrafty|Scrafty, F|334/334","|-damage|p2a: Scrafty|293/334|[from] Spikes","|move|p1a: Froslass|Destiny Bond|p1a: Froslass","|-singlemove|p1a: Froslass|Destiny Bond","|","|-heal|p2a: Scrafty|313/334|[from] item: Leftovers","|turn|10","|","|move|p2a: Scrafty|Bulk Up|p2a: Scrafty","|-boost|p2a: Scrafty|atk|1","|-boost|p2a: Scrafty|def|1","|move|p1a: Froslass|Destiny Bond|p1a: Froslass","|-singlemove|p1a: Froslass|Destiny Bond","|","|-heal|p2a: Scrafty|333/334|[from] item: Leftovers","|-end|p1a: Froslass|Encore","|turn|11","|","|move|p2a: Scrafty|Bulk Up|p2a: Scrafty","|-boost|p2a: Scrafty|atk|1","|-boost|p2a: Scrafty|def|1","|move|p1a: Froslass|Taunt|p2a: Scrafty","|-start|p2a: Scrafty|move: Taunt","|","|-heal|p2a: Scrafty|334/334|[from] item: Leftovers","|turn|12","|","|move|p2a: Scrafty|Crunch|p1a: Froslass","|-supereffective|p1a: Froslass","|-damage|p1a: Froslass|0 fnt","|faint|p1a: Froslass","|","|","|switch|p1a: Avalugg|Avalugg, F|394/394","|-damage|p1a: Avalugg|345/394|[from] Spikes","|turn|13","|","|move|p2a: Scrafty|High Jump Kick|p1a: Avalugg","|-supereffective|p1a: Avalugg","|-damage|p1a: Avalugg|81/394","|move|p1a: Avalugg|Avalanche|p2a: Scrafty","|-damage|p2a: Scrafty|258/334","|","|-heal|p2a: Scrafty|278/334|[from] item: Leftovers","|-heal|p1a: Avalugg|105/394|[from] item: Leftovers","|turn|14","|","|move|p2a: Scrafty|High Jump Kick|p1a: Avalugg","|-supereffective|p1a: Avalugg","|-damage|p1a: Avalugg|0 fnt","|faint|p1a: Avalugg","|","|-heal|p2a: Scrafty|298/334|[from] item: Leftovers","|-end|p2a: Scrafty|move: Taunt","|","|switch|p1a: Kyurem-Black|Kyurem-Black|405/405","|-damage|p1a: Kyurem-Black|355/405|[from] Spikes","|-ability|p1a: Kyurem-Black|Teravolt","|turn|15","|","|move|p1a: Kyurem-Black|Outrage|p2a: Scrafty","|-damage|p2a: Scrafty|187/334","|move|p2a: Scrafty|High Jump Kick|p1a: Kyurem-Black","|-supereffective|p1a: Kyurem-Black","|-damage|p1a: Kyurem-Black|0 fnt","|faint|p1a: Kyurem-Black","|","|-heal|p2a: Scrafty|207/334|[from] item: Leftovers","|","|switch|p1a: Mamoswine|Mamoswine, F|424/424","|-damage|p1a: Mamoswine|371/424|[from] Spikes","|turn|16","|","|move|p1a: Mamoswine|Curse|p1a: Mamoswine","|-unboost|p1a: Mamoswine|spe|1","|-boost|p1a: Mamoswine|atk|1","|-boost|p1a: Mamoswine|def|1","|move|p2a: Scrafty|High Jump Kick|p1a: Mamoswine","|-supereffective|p1a: Mamoswine","|-damage|p1a: Mamoswine|45/424","|","|-heal|p2a: Scrafty|227/334|[from] item: Leftovers","|turn|17","|","|move|p1a: Mamoswine|Ice Shard|p2a: Scrafty","|-damage|p2a: Scrafty|175/334","|-damage|p1a: Mamoswine|3/424|[from] item: Life Orb","|move|p2a: Scrafty|Crunch|p1a: Mamoswine","|-damage|p1a: Mamoswine|0 fnt","|faint|p1a: Mamoswine","|","|-heal|p2a: Scrafty|195/334|[from] item: Leftovers","|","|switch|p1a: Abomasnow|Abomasnow, F|321/321","|-damage|p1a: Abomasnow|281/321|[from] Spikes","|-weather|Hail","|turn|18","|","|move|p1a: Abomasnow|Blizzard|p2a: Scrafty","|-damage|p2a: Scrafty|81/334","|move|p2a: Scrafty|High Jump Kick|p1a: Abomasnow|[miss]","|-miss|p2a: Scrafty|p1a: Abomasnow","|-damage|p2a: Scrafty|0 fnt|[from] highjumpkick","|faint|p2a: Scrafty","|","|-weather|Hail|[upkeep]","|","|switch|p2a: Asuna|Malamar, F|376/376","|-damage|p2a: Asuna|329/376|[from] Spikes","|turn|19","|","|move|p1a: Abomasnow|Blizzard|p2a: Asuna","|-damage|p2a: Asuna|107/376","|move|p2a: Asuna|Superpower|p1a: Abomasnow","|-supereffective|p1a: Abomasnow","|-damage|p1a: Abomasnow|0 fnt","|-boost|p2a: Asuna|atk|1","|-boost|p2a: Asuna|def|1","|faint|p1a: Abomasnow","|","|-weather|Hail|[upkeep]","|-damage|p2a: Asuna|84/376|[from] hail","|-heal|p2a: Asuna|107/376|[from] item: Leftovers","|","|switch|p1a: Regice|Regice|364/364","|-damage|p1a: Regice|319/364|[from] Spikes","|turn|20","|","|move|p1a: Regice|Ice Beam|p2a: Asuna","|-damage|p2a: Asuna|0 fnt","|faint|p2a: Asuna","|","|-weather|Hail|[upkeep]","|","|switch|p2a: Sinon|Sharpedo, M|281/281","|-damage|p2a: Sinon|246/281|[from] Spikes","|turn|21","|","|detailschange|p2a: Sinon|Sharpedo-Mega, M","|-mega|p2a: Sinon|Sharpedo|Sharpedonite","|move|p2a: Sinon|Crunch|p1a: Regice","|-damage|p1a: Regice|64/364","|move|p1a: Regice|Thunderbolt|p2a: Sinon","|-supereffective|p2a: Sinon","|-damage|p2a: Sinon|46/281","|","|-weather|Hail|[upkeep]","|-damage|p2a: Sinon|29/281|[from] hail","|turn|22","|","|move|p2a: Sinon|Crunch|p1a: Regice","|-damage|p1a: Regice|0 fnt","|faint|p1a: Regice","|","|win|ddedd"],"p1rating":{"entryid":"790045","serverid":"eos","formatid":"monotype","userid":"coloniolmustang","username":"Coloniol Mustang","w":"4","l":3,"t":"0","gxe":53.8,"r":"1506.5678551039","rd":"106.29891332807","sigma":"0","rptime":"1441270800","rpr":1530.0004472152,"rprd":95.160679405158,"rpsigma":"0","acre":1075.6441209051,"lacre":1075.6441209051,"oldacre":"1108.186556225"},"p2rating":{"entryid":806764,"formatid":"monotype","userid":"ddedd","username":"ddedd","r":1500,"rd":130,"sigma":0,"rpr":1541.678268069,"rprd":122.52940295657,"rpsigma":0,"rptime":1441270800,"w":1,"l":0,"t":0,"gxe":55.2,"acre":1052.0678965119,"lacre":1052.0678965119,"oldacre":1000},"endType":"normal"}