{"seed":[20832,46010,50730,60934],"turns":18,"p1":"Xerosere","p2":"Apex✦Quilluminati","p1team":[{"name":"Victini","species":"Victini","item":"choicescarf","ability":"Victory Star","moves":["boltstrike","vcreate","uturn","hiddenpowerwater"],"nature":"Hasty","evs":{"hp":0,"atk":252,"def":0,"spa":4,"spd":0,"spe":252},"ivs":{"hp":31,"atk":30,"def":30,"spa":30,"spd":31,"spe":31}},{"name":"Chandelure","species":"Chandelure","item":"choicescarf","ability":"Infiltrator","moves":["darkpulse","energyball","flamethrower","nightshade"],"nature":"Timid","evs":{"hp":0,"atk":0,"def":0,"spa":252,"spd":4,"spe":252},"ivs":{"hp":31,"atk":31,"def":31,"spa":31,"spd":31,"spe":31}},{"name":"Infernape","species":"Infernape","item":"quickclaw","ability":"Iron Fist","moves":["blazekick","stealthrock","closecombat","machpunch"],"nature":"Jolly","evs":{"hp":0,"atk":252,"def":0,"spa":0,"spd":4,"spe":252},"ivs":{"hp":31,"atk":31,"def":31,"spa":31,"spd":31,"spe":31}},{"name":"Volcarona","species":"Volcarona","item":"flameplate","ability":"Swarm","moves":["bugbuzz","fierydance","quiverdance","hurricane"],"nature":"Modest","evs":{"hp":0,"atk":0,"def":0,"spa":252,"spd":4,"spe":252},"ivs":{"hp":31,"atk":31,"def":31,"spa":31,"spd":31,"spe":31}},{"name":"Moltres","species":"Moltres","item":"choicescarf","ability":"Pressure","moves":["ancientpower","flamethrower","hurricane"],"nature":"","evs":{"hp":0,"atk":0,"def":0,"spa":0,"spd":0,"spe":0},"ivs":{"hp":31,"atk":31,"def":31,"spa":31,"spd":31,"spe":31}},{"name":"Entei","species":"Entei","item":"lifeorb","ability":"Pressure","moves":["doubleedge","sacredfire","stoneedge","hiddenpowerwater"],"nature":"Naive","evs":{"hp":0,"atk":252,"def":0,"spa":4,"spd":0,"spe":252},"ivs":{"hp":31,"atk":30,"def":30,"spa":30,"spd":31,"spe":31}}],"p2team":[{"name":"Allen Iverson","species":"diancie","item":"diancite","ability":"Clear Body","moves":["protect","moonblast","earthpower","diamondstorm"],"nature":"Hasty","evs":{"hp":0,"atk":120,"def":0,"spa":128,"spd":8,"spe":252},"ivs":{"hp":31,"atk":31,"def":31,"spa":31,"spd":31,"spe":31}},{"name":"Michael Jordan","species":"terrakion","item":"choicescarf","ability":"Justified","moves":["closecombat","ironhead","earthquake","stoneedge"],"nature":"Jolly","evs":{"hp":0,"atk":252,"def":0,"spa":0,"spd":4,"spe":252},"shiny":true,"ivs":{"hp":31,"atk":31,"def":31,"spa":31,"spd":31,"spe":31}},{"name":"Wilt Chamberlain","species":"shuckle","item":"redcard","ability":"Sturdy","moves":["stickyweb","knockoff","stealthrock","toxic"],"nature":"Impish","evs":{"hp":252,"atk":0,"def":84,"spa":0,"spd":172,"spe":0},"ivs":{"hp":31,"atk":31,"def":31,"spa":31,"spd":31,"spe":31}},{"name":"Aerodactyl","species":"Aerodactyl","item":"focussash","ability":"Rock Head","moves":["honeclaws","aerialace","stoneedge","aquatail"],"nature":"Jolly","evs":{"hp":4,"atk":252,"def":0,"spa":0,"spd":0,"spe":252},"ivs":{"hp":31,"atk":31,"def":31,"spa":31,"spd":31,"spe":31}},{"name":"Omastar","species":"Omastar","item":"focussash","ability":"Shell Armor","moves":["shellsmash","scald","icebeam","earthpower"],"nature":"Modest","evs":{"hp":4,"atk":0,"def":0,"spa":252,"spd":0,"spe":252},"ivs":{"hp":31,"atk":31,"def":31,"spa":31,"spd":31,"spe":31}},{"name":"Tyranitar","species":"Tyranitar","item":"assaultvest","ability":"Sand Stream","moves":["fireblast","crunch","stoneedge","earthquake"],"nature":"Naughty","evs":{"hp":248,"atk":252,"def":0,"spa":8,"spd":0,"spe":0},"ivs":{"hp":31,"atk":31,"def":31,"spa":31,"spd":31,"spe":31}}],"log":["|player|p1|Xerosere|290","|player|p2|Apex✦Quilluminati|80","|gametype|singles","|gen|6","|tier|Monotype","|rated","|rule|Baton Pass Clause: Limit one Baton Passer, can't pass Spe and other stats simultaneously","|rule|Swagger Clause: Swagger is banned","|rule|Same Type Clause: Pokémon in a team must share a type","|clearpoke","|poke|p1|Victini","|poke|p1|Chandelure, M","|poke|p1|Infernape, M","|poke|p1|Volcarona, M","|poke|p1|Moltres","|poke|p1|Entei","|poke|p2|Diancie","|poke|p2|Terrakion, shiny","|poke|p2|Shuckle, M","|poke|p2|Aerodactyl, F","|poke|p2|Omastar, M","|poke|p2|Tyranitar, M","|rule|Sleep Clause Mod: Limit one foe put to sleep","|rule|Species Clause: Limit one of each Pokémon","|rule|OHKO Clause: OHKO moves are banned","|rule|Moody Clause: Moody is banned","|rule|Evasion Moves Clause: Evasion moves are banned","|rule|Endless Battle Clause: Forcing endless battles is banned","|rule|HP Percentage Mod: HP is shown in percentages","|teampreview","|","|start","|switch|p1a: Infernape|Infernape, M|293/293","|switch|p2a: Wilt Chamberlain|Shuckle, M|244/244","|turn|1","|-activate|p1a: Infernape|item: Quick Claw","|","|move|p1a: Infernape|Stealth Rock|p2a: Wilt Chamberlain","|-sidestart|p2: Apex✦Quilluminati|move: Stealth Rock","|move|p2a: Wilt Chamberlain|Stealth Rock|p1a: Infernape","|-sidestart|p1: Xerosere|move: Stealth Rock","|","|turn|2","|","|move|p1a: Infernape|Blaze Kick|p2a: Wilt Chamberlain","|-damage|p2a: Wilt Chamberlain|193/244","|-enditem|p2a: Wilt Chamberlain|Red Card|[of] p1a: Infernape","|drag|p1a: Victini|Victini|341/341","|-damage|p1a: Victini|256/341|[from] Stealth Rock","|move|p2a: Wilt Chamberlain|Sticky Web|p1a: Victini","|-sidestart|p1: Xerosere|move: Sticky Web","|","|turn|3","|","|move|p1a: Victini|Hidden Power|p2a: Wilt Chamberlain","|-supereffective|p2a: Wilt Chamberlain","|-damage|p2a: Wilt Chamberlain|149/244","|move|p2a: Wilt Chamberlain|Knock Off|p1a: Victini","|-supereffective|p1a: Victini","|-damage|p1a: Victini|214/341","|-enditem|p1a: Victini|Choice Scarf|[from] move: Knock Off|[of] p2a: Wilt Chamberlain","|","|turn|4","|","|move|p1a: Victini|V-create|p2a: Wilt Chamberlain","|-damage|p2a: Wilt Chamberlain|40/244","|-unboost|p1a: Victini|spe|1","|-unboost|p1a: Victini|def|1","|-unboost|p1a: Victini|spd|1","|move|p2a: Wilt Chamberlain|Toxic|p1a: Victini","|-status|p1a: Victini|tox","|","|-damage|p1a: Victini|193/341 tox|[from] psn","|turn|5","|","|move|p1a: Victini|Bolt Strike|p2a: Wilt Chamberlain","|-damage|p2a: Wilt Chamberlain|0 fnt","|faint|p2a: Wilt Chamberlain","|","|-damage|p1a: Victini|151/341 tox|[from] psn","|","|switch|p2a: Allen Iverson|Diancie|241/241","|-damage|p2a: Allen Iverson|211/241|[from] Stealth Rock","|turn|6","|","|detailschange|p2a: Allen Iverson|Diancie-Mega","|-mega|p2a: Allen Iverson|Diancie|Diancite","|move|p2a: Allen Iverson|Protect|p2a: Allen Iverson","|-singleturn|p2a: Allen Iverson|Protect","|move|p1a: Victini|Bolt Strike|p2a: Allen Iverson","|-activate|p2a: Allen Iverson|Protect","|","|-damage|p1a: Victini|88/341 tox|[from] psn","|turn|7","|","|move|p2a: Allen Iverson|Diamond Storm|p1a: Victini","|-supereffective|p1a: Victini","|-damage|p1a: Victini|0 fnt","|faint|p1a: Victini","|","|","|switch|p1a: Chandelure|Chandelure, M|261/261","|-activate|p1a: Chandelure|move: Sticky Web","|-unboost|p1a: Chandelure|spe|1","|-damage|p1a: Chandelure|196/261|[from] Stealth Rock","|turn|8","|","|move|p2a: Allen Iverson|Diamond Storm|p1a: Chandelure","|-miss|p2a: Allen Iverson|p1a: Chandelure","|move|p1a: Chandelure|Energy Ball|p2a: Allen Iverson","|-supereffective|p2a: Allen Iverson","|-damage|p2a: Allen Iverson|0 fnt","|faint|p2a: Allen Iverson","|","|","|switch|p2a: Tyranitar|Tyranitar, M|403/403","|-damage|p2a: Tyranitar|353/403|[from] Stealth Rock","|-weather|Sandstorm","|turn|9","|","|move|p1a: Chandelure|Energy Ball|p2a: Tyranitar","|-supereffective|p2a: Tyranitar","|-damage|p2a: Tyranitar|237/403","|move|p2a: Tyranitar|Stone Edge|p1a: Chandelure|[miss]","|-miss|p2a: Tyranitar|p1a: Chandelure","|","|-weather|Sandstorm|[upkeep]","|-damage|p1a: Chandelure|180/261|[from] sandstorm","|turn|10","|","|move|p1a: Chandelure|Energy Ball|p2a: Tyranitar","|-supereffective|p2a: Tyranitar","|-damage|p2a: Tyranitar|125/403","|move|p2a: Tyranitar|Crunch|p1a: Chandelure","|-supereffective|p1a: Chandelure","|-damage|p1a: Chandelure|0 fnt","|faint|p1a: Chandelure","|","|-weather|Sandstorm|[upkeep]","|","|switch|p1a: Infernape|Infernape, M|293/293","|-activate|p1a: Infernape|move: Sticky Web","|-unboost|p1a: Infernape|spe|1","|-damage|p1a: Infernape|257/293|[from] Stealth Rock","|turn|11","|-activate|p1a: Infernape|item: Quick Claw","|","|move|p1a: Infernape|Mach Punch|p2a: Tyranitar","|-supereffective|p2a: Tyranitar","|-damage|p2a: Tyranitar|0 fnt","|faint|p2a: Tyranitar","|","|-weather|Sandstorm|[upkeep]","|-damage|p1a: Infernape|239/293|[from] sandstorm","|","|switch|p2a: Omastar|Omastar, M|282/282","|-damage|p2a: Omastar|247/282|[from] Stealth Rock","|turn|12","|-activate|p1a: Infernape|item: Quick Claw","|","|move|p1a: Infernape|Close Combat|p2a: Omastar","|-supereffective|p2a: Omastar","|-damage|p2a: Omastar|0 fnt","|-unboost|p1a: Infernape|def|1","|-unboost|p1a: Infernape|spd|1","|faint|p2a: Omastar","|","|-weather|Sandstorm|[upkeep]","|-damage|p1a: Infernape|221/293|[from] sandstorm","|","|switch|p2a: Aerodactyl|Aerodactyl, F|302/302","|-damage|p2a: Aerodactyl|227/302|[from] Stealth Rock","|turn|13","|","|move|p2a: Aerodactyl|Aerial Ace|p1a: Infernape","|-supereffective|p1a: Infernape","|-damage|p1a: Infernape|0 fnt","|faint|p1a: Infernape","|","|-weather|none","|","|switch|p1a: Moltres|Moltres|321/321","|-damage|p1a: Moltres|161/321|[from] Stealth Rock","|-ability|p1a: Moltres|Pressure","|turn|14","|","|move|p2a: Aerodactyl|Stone Edge|p1a: Moltres|[miss]","|-miss|p2a: Aerodactyl|p1a: Moltres","|move|p1a: Moltres|Ancient Power|p2a: Aerodactyl","|-supereffective|p2a: Aerodactyl","|-damage|p2a: Aerodactyl|87/302","|","|turn|15","|","|move|p2a: Aerodactyl|Stone Edge|p1a: Moltres","|-supereffective|p1a: Moltres","|-damage|p1a: Moltres|0 fnt","|faint|p1a: Moltres","|","|","|switch|p1a: Entei|Entei|371/371","|-damage|p1a: Entei|279/371|[from] Stealth Rock","|-activate|p1a: Entei|move: Sticky Web","|-unboost|p1a: Entei|spe|1","|-ability|p1a: Entei|Pressure","|turn|16","|","|move|p2a: Aerodactyl|Stone Edge|p1a: Entei|[miss]","|-miss|p2a: Aerodactyl|p1a: Entei","|move|p1a: Entei|Stone Edge|p2a: Aerodactyl","|-supereffective|p2a: Aerodactyl","|-damage|p2a: Aerodactyl|0 fnt","|-damage|p1a: Entei|242/371|[from] item: Life Orb","|faint|p2a: Aerodactyl","|","|","|switch|p2a: Michael Jordan|Terrakion, shiny|323/323","|-damage|p2a: Michael Jordan|303/323|[from] Stealth Rock","|turn|17","|","|move|p2a: Michael Jordan|Stone Edge|p1a: Entei","|-supereffective|p1a: Entei","|-damage|p1a: Entei|0 fnt","|faint|p1a: Entei","|","|","|switch|p1a: Volcarona|Volcarona, M|311/311","|-damage|p1a: Volcarona|156/311|[from] Stealth Rock","|-activate|p1a: Volcarona|move: Sticky Web","|-unboost|p1a: Volcarona|spe|1","|turn|18","|","|move|p2a: Michael Jordan|Stone Edge|p1a: Volcarona","|-supereffective|p1a: Volcarona","|-damage|p1a: Volcarona|0 fnt","|faint|p1a: Volcarona","|","|win|Apex✦Quilluminati"],"p1rating":{"entryid":820379,"formatid":"monotype","userid":"xerosere","username":"Xerosere","r":1500,"rd":130,"sigma":0,"rpr":1450.4411784653,"rprd":122.38645178086,"rpsigma":0,"rptime":1441270800,"w":0,"l":1,"t":0,"gxe":43.8,"acre":1000,"lacre":1000,"oldacre":1000},"p2rating":{"entryid":"777566","serverid":"eos","formatid":"monotype","userid":"apexquilluminati","username":"Apex✦Quilluminati","w":12,"l":"13","t":"0","gxe":48.1,"r":"1434.6538432407","rd":"74.261728971237","sigma":"0","rptime":"1441270800","rpr":1485.624420985,"rprd":63.971931417114,"rpsigma":"0","acre":1136.0241442133,"lacre":1136.0241442133,"oldacre":"1119.2853378351"},"endType":"normal"}