{"seed":[29460,13699,48057,32516],"turns":26,"p1":"Carnie KeySein","p2":"SL Centurion","p1team":[{"name":"Hawlucha","species":"Hawlucha","item":"sitrusberry","ability":"Unburden","moves":["roost","swordsdance","highjumpkick","acrobatics"],"nature":"Jolly","evs":{"hp":12,"atk":252,"def":0,"spa":0,"spd":0,"spe":244},"ivs":{"hp":31,"atk":31,"def":31,"spa":31,"spd":31,"spe":31}},{"name":"Gliscor","species":"Gliscor","item":"toxicorb","ability":"Poison Heal","moves":["substitute","protect","earthquake","toxic"],"nature":"Jolly","evs":{"hp":252,"atk":0,"def":4,"spa":0,"spd":0,"spe":252},"ivs":{"hp":31,"atk":31,"def":31,"spa":31,"spd":31,"spe":31}},{"name":"Gyarados","species":"Gyarados","item":"gyaradosite","ability":"Intimidate","moves":["dragondance","waterfall","substitute","taunt"],"nature":"Jolly","evs":{"hp":4,"atk":252,"def":0,"spa":0,"spd":0,"spe":252},"ivs":{"hp":31,"atk":30,"def":31,"spa":30,"spd":31,"spe":30}},{"name":"Landorus","species":"Landorus","item":"lifeorb","ability":"Sheer Force","moves":["earthpower","knockoff","rockslide","hiddenpowerice"],"nature":"Rash","evs":{"hp":0,"atk":4,"def":0,"spa":252,"spd":0,"spe":252},"ivs":{"hp":31,"atk":30,"def":30,"spa":31,"spd":31,"spe":31}},{"name":"Togekiss","species":"Togekiss","item":"lumberry","ability":"Serene Grace","moves":["thunderwave","airslash","roost","defog"],"nature":"Calm","evs":{"hp":252,"atk":0,"def":0,"spa":0,"spd":160,"spe":96},"ivs":{"hp":31,"atk":31,"def":31,"spa":31,"spd":31,"spe":31}},{"name":"Salamence","species":"Salamence","item":"choicescarf","ability":"Moxie","moves":["outrage","earthquake","crunch","brickbreak"],"nature":"Jolly","evs":{"hp":0,"atk":252,"def":0,"spa":0,"spd":4,"spe":252},"ivs":{"hp":31,"atk":31,"def":31,"spa":31,"spd":31,"spe":31}}],"p2team":[{"name":"Skuntank","species":"Skuntank","item":"blacksludge","ability":"Aftermath","moves":["suckerpunch","explosion","crunch","poisonjab"],"nature":"Adamant","evs":{"hp":252,"atk":252,"def":0,"spa":0,"spd":4,"spe":0},"ivs":{"hp":31,"atk":31,"def":31,"spa":31,"spd":31,"spe":31}},{"name":"Gengar","species":"Gengar","item":"choicescarf","ability":"Levitate","moves":["clearsmog","dazzlinggleam","shadowball","psychic"],"nature":"Timid","evs":{"hp":0,"atk":0,"def":0,"spa":252,"spd":4,"spe":252},"ivs":{"hp":31,"atk":31,"def":31,"spa":31,"spd":31,"spe":31}},{"name":"Scolipede","species":"Scolipede","item":"airballoon","ability":"Speed Boost","moves":["protect","megahorn","batonpass","poisonjab"],"nature":"Adamant","evs":{"hp":0,"atk":252,"def":0,"spa":0,"spd":4,"spe":252},"ivs":{"hp":31,"atk":31,"def":31,"spa":31,"spd":31,"spe":31}},{"name":"Muk","species":"Muk","item":"assaultvest","ability":"Poison Touch","moves":["poweruppunch","shadowsneak","firepunch","poisonjab"],"nature":"Adamant","evs":{"hp":248,"atk":252,"def":0,"spa":0,"spd":8,"spe":0},"ivs":{"hp":31,"atk":31,"def":31,"spa":31,"spd":31,"spe":31}},{"name":"Weezing","species":"Weezing","item":"blacksludge","ability":"Levitate","moves":["willowisp","toxicspikes","fireblast","sludgebomb"],"nature":"Calm","evs":{"hp":248,"atk":0,"def":0,"spa":8,"spd":252,"spe":0},"ivs":{"hp":31,"atk":31,"def":31,"spa":31,"spd":31,"spe":31}},{"name":"Venusaur","species":"Venusaur","item":"venusaurite","ability":"Chlorophyll","moves":["synthesis","swordsdance","sleeppowder","seedbomb"],"nature":"Adamant","evs":{"hp":0,"atk":252,"def":0,"spa":0,"spd":4,"spe":252},"ivs":{"hp":31,"atk":31,"def":31,"spa":31,"spd":31,"spe":31}}],"log":["|player|p1|Carnie KeySein|164","|player|p2|SL Centurion|257","|gametype|singles","|gen|6","|tier|Monotype","|rated","|rule|Baton Pass Clause: Limit one Baton Passer, can't pass Spe and other stats simultaneously","|rule|Swagger Clause: Swagger is banned","|rule|Same Type Clause: Pokémon in a team must share a type","|clearpoke","|poke|p1|Hawlucha, M","|poke|p1|Gliscor, F","|poke|p1|Gyarados, M","|poke|p1|Landorus, M","|poke|p1|Togekiss, F","|poke|p1|Salamence, F","|poke|p2|Skuntank, M","|poke|p2|Gengar, F","|poke|p2|Scolipede, M","|poke|p2|Muk, F","|poke|p2|Weezing, F","|poke|p2|Venusaur, M","|rule|Sleep Clause Mod: Limit one foe put to sleep","|rule|Species Clause: Limit one of each Pokémon","|rule|OHKO Clause: OHKO moves are banned","|rule|Moody Clause: Moody is banned","|rule|Evasion Moves Clause: Evasion moves are banned","|rule|Endless Battle Clause: Forcing endless battles is banned","|rule|HP Percentage Mod: HP is shown in percentages","|teampreview","|","|start","|switch|p1a: Landorus|Landorus, M|319/319","|switch|p2a: Weezing|Weezing, F|333/333","|turn|1","|","|switch|p2a: Skuntank|Skuntank, M|410/410","|move|p1a: Landorus|Knock Off|p2a: Skuntank","|-crit|p2a: Skuntank","|-resisted|p2a: Skuntank","|-damage|p2a: Skuntank|283/410","|-enditem|p2a: Skuntank|Black Sludge|[from] move: Knock Off|[of] p1a: Landorus","|-damage|p1a: Landorus|288/319|[from] item: Life Orb","|","|turn|2","|","|move|p1a: Landorus|Earth Power|p2a: Skuntank","|-supereffective|p2a: Skuntank","|-damage|p2a: Skuntank|0 fnt","|faint|p2a: Skuntank","|","|","|switch|p2a: Venusaur|Venusaur, M|301/301","|turn|3","|","|detailschange|p2a: Venusaur|Venusaur-Mega, M","|-mega|p2a: Venusaur|Venusaur|Venusaurite","|move|p1a: Landorus|Earth Power|p2a: Venusaur","|-damage|p2a: Venusaur|51/301","|move|p2a: Venusaur|Sleep Powder|p1a: Landorus","|-status|p1a: Landorus|slp","|","|turn|4","|","|cant|p1a: Landorus|slp","|move|p2a: Venusaur|Swords Dance|p2a: Venusaur","|-boost|p2a: Venusaur|atk|2","|","|turn|5","|","|cant|p1a: Landorus|slp","|move|p2a: Venusaur|Seed Bomb|p1a: Landorus","|-damage|p1a: Landorus|9/319 slp","|","|turn|6","|","|-curestatus|p1a: Landorus|slp","|move|p1a: Landorus|Earth Power|p2a: Venusaur","|-damage|p2a: Venusaur|0 fnt","|faint|p2a: Venusaur","|","|","|switch|p2a: Muk|Muk, F|413/413","|turn|7","|","|move|p2a: Muk|Shadow Sneak|p1a: Landorus","|-damage|p1a: Landorus|0 fnt","|faint|p1a: Landorus","|","|","|switch|p1a: Salamence|Salamence, F|331/331","|turn|8","|","|move|p1a: Salamence|Earthquake|p2a: Muk","|-supereffective|p2a: Muk","|-damage|p2a: Muk|121/413","|move|p2a: Muk|Power-Up Punch|p1a: Salamence","|-resisted|p1a: Salamence","|-damage|p1a: Salamence|305/331","|-boost|p2a: Muk|atk|1","|","|turn|9","|","|move|p2a: Muk|Shadow Sneak|p1a: Salamence","|-damage|p1a: Salamence|222/331","|move|p1a: Salamence|Earthquake|p2a: Muk","|-crit|p2a: Muk","|-supereffective|p2a: Muk","|-damage|p2a: Muk|0 fnt","|faint|p2a: Muk","|-boost|p1a: Salamence|atk|1|[from] ability: Moxie","|","|","|switch|p2a: Gengar|Gengar, F|261/261","|turn|10","|","|move|p2a: Gengar|Dazzling Gleam|p1a: Salamence","|-supereffective|p1a: Salamence","|-damage|p1a: Salamence|8/331","|move|p1a: Salamence|Earthquake|p2a: Gengar","|-immune|p2a: Gengar|[msg]","|","|turn|11","|","|switch|p1a: Gyarados|Gyarados, M|332/332","|-ability|p1a: Gyarados|Intimidate","|-unboost|p2a: Gengar|atk|1","|move|p2a: Gengar|Dazzling Gleam|p1a: Gyarados","|-damage|p1a: Gyarados|236/332","|","|turn|12","|","|switch|p2a: Weezing|Weezing, F|333/333","|move|p1a: Gyarados|Substitute|p1a: Gyarados","|-start|p1a: Gyarados|Substitute","|-damage|p1a: Gyarados|153/332","|","|turn|13","|","|detailschange|p1a: Gyarados|Gyarados-Mega, M","|-mega|p1a: Gyarados|Gyarados|Gyaradosite","|-ability|p1a: Gyarados|Mold Breaker","|move|p1a: Gyarados|Dragon Dance|p1a: Gyarados","|-boost|p1a: Gyarados|atk|1","|-boost|p1a: Gyarados|spe|1","|move|p2a: Weezing|Sludge Bomb|p1a: Gyarados","|-activate|p1a: Gyarados|Substitute|[damage]","|","|turn|14","|","|move|p1a: Gyarados|Waterfall|p2a: Weezing","|-crit|p2a: Weezing","|-damage|p2a: Weezing|39/333","|cant|p2a: Weezing|flinch","|","|-heal|p2a: Weezing|59/333|[from] item: Black Sludge","|turn|15","|","|move|p1a: Gyarados|Waterfall|p2a: Weezing","|-damage|p2a: Weezing|0 fnt","|faint|p2a: Weezing","|","|","|switch|p2a: Scolipede|Scolipede, M|261/261","|-item|p2a: Scolipede|Air Balloon","|turn|16","|","|move|p2a: Scolipede|Protect|p2a: Scolipede","|-singleturn|p2a: Scolipede|Protect","|move|p1a: Gyarados|Waterfall|p2a: Scolipede","|-activate|p2a: Scolipede|Protect","|","|-boost|p2a: Scolipede|spe|1|[from] ability: Speed Boost","|turn|17","|","|move|p2a: Scolipede|Megahorn|p1a: Gyarados","|-supereffective|p1a: Gyarados","|-end|p1a: Gyarados|Substitute","|move|p1a: Gyarados|Taunt|p2a: Scolipede","|-start|p2a: Scolipede|move: Taunt","|","|-boost|p2a: Scolipede|spe|1|[from] ability: Speed Boost","|turn|18","|","|move|p2a: Scolipede|Megahorn|p1a: Gyarados","|-supereffective|p1a: Gyarados","|-damage|p1a: Gyarados|0 fnt","|faint|p1a: Gyarados","|","|-boost|p2a: Scolipede|spe|1|[from] ability: Speed Boost","|","|switch|p1a: Salamence|Salamence, F|8/331","|turn|19","|","|move|p2a: Scolipede|Poison Jab|p1a: Salamence","|-damage|p1a: Salamence|0 fnt","|faint|p1a: Salamence","|","|-boost|p2a: Scolipede|spe|1|[from] ability: Speed Boost","|","|switch|p1a: Togekiss|Togekiss, F|374/374","|turn|20","|","|move|p2a: Scolipede|Poison Jab|p1a: Togekiss","|-supereffective|p1a: Togekiss","|-damage|p1a: Togekiss|104/374","|-status|p1a: Togekiss|psn","|-enditem|p1a: Togekiss|Lum Berry|[eat]","|-curestatus|p1a: Togekiss|psn","|move|p1a: Togekiss|Thunder Wave|p2a: Scolipede","|-status|p2a: Scolipede|par","|","|-end|p2a: Scolipede|move: Taunt","|-boost|p2a: Scolipede|spe|1|[from] ability: Speed Boost","|turn|21","|","|cant|p2a: Scolipede|par","|move|p1a: Togekiss|Air Slash|p2a: Scolipede","|-supereffective|p2a: Scolipede","|-damage|p2a: Scolipede|7/261 par","|-enditem|p2a: Scolipede|Air Balloon","|","|-boost|p2a: Scolipede|spe|1|[from] ability: Speed Boost","|turn|22","|","|cant|p2a: Scolipede|par","|move|p1a: Togekiss|Air Slash|p2a: Scolipede","|-supereffective|p2a: Scolipede","|-damage|p2a: Scolipede|0 fnt","|faint|p2a: Scolipede","|","|","|switch|p2a: Gengar|Gengar, F|261/261","|turn|23","|","|move|p2a: Gengar|Shadow Ball|p1a: Togekiss","|-damage|p1a: Togekiss|1/374","|move|p1a: Togekiss|Thunder Wave|p2a: Gengar","|-status|p2a: Gengar|par","|","|turn|24","|","|move|p1a: Togekiss|Air Slash|p2a: Gengar","|-damage|p2a: Gengar|134/261 par","|move|p2a: Gengar|Shadow Ball|p1a: Togekiss","|-damage|p1a: Togekiss|0 fnt","|faint|p1a: Togekiss","|","|","|switch|p1a: Hawlucha|Hawlucha, M|300/300","|turn|25","|","|move|p1a: Hawlucha|Acrobatics|p2a: Gengar","|-damage|p2a: Gengar|20/261 par","|move|p2a: Gengar|Shadow Ball|p1a: Hawlucha","|-damage|p1a: Hawlucha|107/300","|-enditem|p1a: Hawlucha|Sitrus Berry|[eat]","|-heal|p1a: Hawlucha|182/300|[from] item: Sitrus Berry","|","|turn|26","|","|move|p1a: Hawlucha|Acrobatics|p2a: Gengar","|-damage|p2a: Gengar|0 fnt","|faint|p2a: Gengar","|","|win|Carnie KeySein"],"p1rating":{"entryid":"787247","serverid":"eos","formatid":"monotype","userid":"carniekeysein","username":"Carnie KeySein","w":9,"l":"8","t":"0","gxe":53,"r":"1523.4884859227","rd":"89.635850194284","sigma":"0","rptime":"1441270800","rpr":1522.9443388816,"rprd":73.638041138946,"rpsigma":"0","acre":1100.7590704149,"lacre":1100.7590704149,"oldacre":"1073.0055073661"},"p2rating":{"entryid":"680906","serverid":"eos","formatid":"monotype","userid":"slcenturion","username":"SL Centurion","w":"5","l":9,"t":"0","gxe":41.6,"r":"1427.5088705453","rd":"81.801241692786","sigma":"0","rptime":"1441270800","rpr":1434.3500059296,"rprd":78.226717461296,"rpsigma":"0","acre":1039.7051565128,"lacre":1039.7051565128,"oldacre":"1057.4993815388"},"endType":"normal"}