{"seed":[2419,37122,33380,19538],"turns":28,"p1":"Alliance - Mxy","p2":"V Photon","p1team":[{"name":"Beedrill","species":"Beedrill","item":"beedrillite","ability":"Swarm","moves":["uturn","poisonjab","knockoff","protect"],"nature":"Jolly","evs":{"hp":0,"atk":252,"def":0,"spa":0,"spd":4,"spe":252},"ivs":{"hp":31,"atk":31,"def":31,"spa":31,"spd":31,"spe":31}},{"name":"Nidoking","species":"Nidoking","item":"lifeorb","ability":"Sheer Force","moves":["earthpower","flamethrower","icebeam","rockslide"],"nature":"Naive","evs":{"hp":0,"atk":4,"def":0,"spa":252,"spd":0,"spe":252},"ivs":{"hp":31,"atk":31,"def":31,"spa":31,"spd":31,"spe":31}},{"name":"Skuntank","species":"Skuntank","item":"blackglasses","ability":"Aftermath","moves":["suckerpunch","pursuit","foulplay","defog"],"nature":"Adamant","evs":{"hp":0,"atk":252,"def":4,"spa":0,"spd":0,"spe":252},"ivs":{"hp":31,"atk":31,"def":31,"spa":31,"spd":31,"spe":31}},{"name":"Weezing","species":"Weezing","item":"blacksludge","ability":"Levitate","moves":["shadowball","fireblast","willowisp","painsplit"],"nature":"Bold","evs":{"hp":248,"atk":0,"def":252,"spa":0,"spd":8,"spe":0},"ivs":{"hp":31,"atk":31,"def":31,"spa":31,"spd":31,"spe":31}},{"name":"Dragalge","species":"Dragalge","item":"leftovers","ability":"Adaptability","moves":["dracometeor","sludgewave","focusblast","toxicspikes"],"nature":"Modest","evs":{"hp":228,"atk":0,"def":0,"spa":252,"spd":0,"spe":28},"ivs":{"hp":31,"atk":31,"def":31,"spa":31,"spd":31,"spe":31}},{"name":"Gengar","species":"Gengar","item":"choicescarf","ability":"Levitate","moves":["shadowball","hex","sludgewave","focusblast"],"nature":"Timid","evs":{"hp":0,"atk":0,"def":0,"spa":252,"spd":4,"spe":252},"ivs":{"hp":31,"atk":31,"def":31,"spa":31,"spd":31,"spe":31}}],"p2team":[{"name":"Stun","species":"venusaur","item":"venusaurite","ability":"Overgrow","moves":["sludgebomb","synthesis","hiddenpowerfire","gigadrain"],"nature":"Quiet","evs":{"hp":68,"atk":0,"def":128,"spa":104,"spd":208,"spe":0},"ivs":{"hp":31,"atk":30,"def":31,"spa":30,"spd":31,"spe":30}},{"name":"Myth","species":"ferrothorn","item":"rockyhelmet","ability":"Iron Barbs","moves":["stealthrock","leechseed","gyroball","toxic"],"nature":"Relaxed","evs":{"hp":252,"atk":0,"def":88,"spa":0,"spd":168,"spe":0},"ivs":{"hp":31,"atk":31,"def":31,"spa":31,"spd":31,"spe":31}},{"name":"Viper","species":"whimsicott","item":"choicespecs","ability":"Infiltrator","moves":["moonblast","shadowball","psychic","hiddenpowerfire"],"nature":"Timid","evs":{"hp":0,"atk":0,"def":0,"spa":252,"spd":4,"spe":252},"ivs":{"hp":31,"atk":30,"def":31,"spa":30,"spd":31,"spe":30}},{"name":"Kray","species":"roserade","item":"choicescarf","ability":"Technician","moves":["extrasensory","hiddenpowerice","energyball","dazzlinggleam"],"nature":"Timid","evs":{"hp":0,"atk":0,"def":0,"spa":252,"spd":4,"spe":252},"ivs":{"hp":31,"atk":30,"def":30,"spa":31,"spd":31,"spe":31}},{"name":"Neo","species":"shiftry","item":"lifeorb","ability":"Chlorophyll","moves":["knockoff","suckerpunch","rockslide","swordsdance"],"nature":"Adamant","evs":{"hp":0,"atk":252,"def":0,"spa":0,"spd":4,"spe":252},"ivs":{"hp":31,"atk":31,"def":31,"spa":31,"spd":31,"spe":31}},{"name":"Sam","species":"breloom","item":"toxicorb","ability":"Poison Heal","moves":["swordsdance","drainpunch","seedbomb","machpunch"],"nature":"Jolly","evs":{"hp":12,"atk":244,"def":0,"spa":0,"spd":0,"spe":252},"ivs":{"hp":31,"atk":31,"def":31,"spa":31,"spd":31,"spe":31}}],"log":["|player|p1|Alliance - Mxy|270","|player|p2|V Photon|266","|gametype|singles","|gen|6","|tier|Monotype","|rated","|rule|Baton Pass Clause: Limit one Baton Passer, can't pass Spe and other stats simultaneously","|rule|Swagger Clause: Swagger is banned","|rule|Same Type Clause: Pokémon in a team must share a type","|clearpoke","|poke|p1|Beedrill, F","|poke|p1|Nidoking, M","|poke|p1|Skuntank, M","|poke|p1|Weezing, F","|poke|p1|Dragalge, M","|poke|p1|Gengar, M","|poke|p2|Venusaur, F","|poke|p2|Ferrothorn, F","|poke|p2|Whimsicott, F","|poke|p2|Roserade, M","|poke|p2|Shiftry, M","|poke|p2|Breloom, M","|rule|Sleep Clause Mod: Limit one foe put to sleep","|rule|Species Clause: Limit one of each Pokémon","|rule|OHKO Clause: OHKO moves are banned","|rule|Moody Clause: Moody is banned","|rule|Evasion Moves Clause: Evasion moves are banned","|rule|Endless Battle Clause: Forcing endless battles is banned","|rule|HP Percentage Mod: HP is shown in percentages","|teampreview","|","|start","|switch|p1a: Nidoking|Nidoking, M|303/303","|switch|p2a: Myth|Ferrothorn, F|352/352","|turn|1","|","|switch|p2a: Sam|Breloom, M|264/264","|move|p1a: Nidoking|Flamethrower|p2a: Sam","|-supereffective|p2a: Sam","|-damage|p2a: Sam|0 fnt","|faint|p2a: Sam","|","|","|switch|p2a: Stun|Venusaur, F|318/318","|turn|2","|","|detailschange|p2a: Stun|Venusaur-Mega, F","|-mega|p2a: Stun|Venusaur|Venusaurite","|move|p1a: Nidoking|Flamethrower|p2a: Stun","|-supereffective|p2a: Stun","|-damage|p2a: Stun|222/318","|move|p2a: Stun|Giga Drain|p1a: Nidoking","|-damage|p1a: Nidoking|122/303","|-heal|p2a: Stun|313/318|[from] drain|[of] p1a: Nidoking","|","|turn|3","|","|switch|p1a: Dragalge|Dragalge, M|328/328","|move|p2a: Stun|Giga Drain|p1a: Dragalge","|-resisted|p1a: Dragalge","|-damage|p1a: Dragalge|303/328","|-heal|p2a: Stun|318/318|[from] drain|[of] p1a: Dragalge","|","|-heal|p1a: Dragalge|323/328|[from] item: Leftovers","|turn|4","|","|switch|p2a: Myth|Ferrothorn, F|352/352","|move|p1a: Dragalge|Toxic Spikes|p2a: Myth","|-sidestart|p2: V Photon|move: Toxic Spikes","|","|-heal|p1a: Dragalge|328/328|[from] item: Leftovers","|turn|5","|","|move|p1a: Dragalge|Focus Blast|p2a: Myth|[miss]","|-miss|p1a: Dragalge|p2a: Myth","|move|p2a: Myth|Stealth Rock|p1a: Dragalge","|-sidestart|p1: Alliance - Mxy|move: Stealth Rock","|","|turn|6","|","|move|p1a: Dragalge|Toxic Spikes|p2a: Myth","|-sidestart|p2: V Photon|move: Toxic Spikes","|move|p2a: Myth|Leech Seed|p1a: Dragalge","|-start|p1a: Dragalge|move: Leech Seed","|","|-damage|p1a: Dragalge|287/328|[from] Leech Seed|[of] p2a: Myth","|turn|7","|","|switch|p2a: Kray|Roserade, M|261/261","|-sideend|p2: V Photon|move: Toxic Spikes|[of] p2a: Kray","|move|p1a: Dragalge|Sludge Wave|p2a: Kray","|-damage|p2a: Kray|49/261","|","|-heal|p1a: Dragalge|307/328|[from] item: Leftovers","|-damage|p1a: Dragalge|266/328|[from] Leech Seed|[of] p2a: Kray","|-heal|p2a: Kray|90/261|[silent]","|turn|8","|","|move|p2a: Kray|Extrasensory|p1a: Dragalge","|-supereffective|p1a: Dragalge","|-damage|p1a: Dragalge|120/328","|move|p1a: Dragalge|Focus Blast|p2a: Kray","|-resisted|p2a: Kray","|-damage|p2a: Kray|29/261","|","|-heal|p1a: Dragalge|140/328|[from] item: Leftovers","|-damage|p1a: Dragalge|99/328|[from] Leech Seed|[of] p2a: Kray","|-heal|p2a: Kray|70/261|[silent]","|turn|9","|","|switch|p1a: Skuntank|Skuntank, M|347/347","|-damage|p1a: Skuntank|304/347|[from] Stealth Rock","|move|p2a: Kray|Extrasensory|p1a: Skuntank","|-immune|p1a: Skuntank|[msg]","|","|turn|10","|","|move|p1a: Skuntank|Pursuit|p2a: Kray|[from]Pursuit","|-damage|p2a: Kray|0 fnt","|faint|p2a: Kray","|","|","|switch|p2a: Viper|Whimsicott, F|261/261","|turn|11","|","|move|p2a: Viper|Psychic|p1a: Skuntank","|-immune|p1a: Skuntank|[msg]","|move|p1a: Skuntank|Defog|p2a: Viper","|-unboost|p2a: Viper|evasion|1","|-sideend|p1: Alliance - Mxy|Stealth Rock|[from] move: Defog|[of] p1a: Skuntank","|","|turn|12","|","|switch|p2a: Myth|Ferrothorn, F|352/352","|switch|p1a: Beedrill|Beedrill, F|271/271","|","|turn|13","|","|detailschange|p1a: Beedrill|Beedrill-Mega, F","|-mega|p1a: Beedrill|Beedrill|Beedrillite","|move|p1a: Beedrill|Knock Off|p2a: Myth","|-damage|p2a: Myth|270/352","|-damage|p1a: Beedrill|238/271|[from] ability: Iron Barbs|[of] p2a: Myth","|-damage|p1a: Beedrill|193/271|[from] item: Rocky Helmet|[of] p2a: Myth","|-enditem|p2a: Myth|Rocky Helmet|[from] move: Knock Off|[of] p1a: Beedrill","|move|p2a: Myth|Leech Seed|p1a: Beedrill","|-start|p1a: Beedrill|move: Leech Seed","|","|-damage|p1a: Beedrill|160/271|[from] Leech Seed|[of] p2a: Myth","|-heal|p2a: Myth|303/352|[silent]","|turn|14","|","|move|p1a: Beedrill|U-turn|p2a: Myth","|-damage|p2a: Myth|185/352","|-damage|p1a: Beedrill|127/271|[from] ability: Iron Barbs|[of] p2a: Myth","|","|switch|p1a: Nidoking|Nidoking, M|122/303","|move|p2a: Myth|Stealth Rock|p1a: Nidoking","|-sidestart|p1: Alliance - Mxy|move: Stealth Rock","|","|turn|15","|","|switch|p2a: Stun|Venusaur-Mega, F|318/318","|move|p1a: Nidoking|Flamethrower|p2a: Stun","|-supereffective|p2a: Stun","|-damage|p2a: Stun|211/318","|","|turn|16","|","|move|p1a: Nidoking|Earth Power|p2a: Stun","|-damage|p2a: Stun|51/318","|move|p2a: Stun|Synthesis|p2a: Stun","|-heal|p2a: Stun|210/318","|","|turn|17","|","|move|p1a: Nidoking|Earth Power|p2a: Stun","|-damage|p2a: Stun|76/318","|move|p2a: Stun|Giga Drain|p1a: Nidoking","|-damage|p1a: Nidoking|0 fnt","|-heal|p2a: Stun|137/318|[from] drain|[of] p1a: Nidoking","|faint|p1a: Nidoking","|","|","|switch|p1a: Beedrill|Beedrill-Mega, F|127/271","|-damage|p1a: Beedrill|60/271|[from] Stealth Rock","|turn|18","|","|switch|p2a: Myth|Ferrothorn, F|185/352","|move|p1a: Beedrill|Poison Jab|p2a: Myth","|-immune|p2a: Myth|[msg]","|","|turn|19","|","|move|p1a: Beedrill|U-turn|p2a: Myth","|-damage|p2a: Myth|55/352","|-damage|p1a: Beedrill|27/271|[from] ability: Iron Barbs|[of] p2a: Myth","|","|switch|p1a: Weezing|Weezing, F|333/333","|-damage|p1a: Weezing|292/333|[from] Stealth Rock","|move|p2a: Myth|Leech Seed|p1a: Weezing","|-start|p1a: Weezing|move: Leech Seed","|","|-heal|p1a: Weezing|312/333|[from] item: Black Sludge","|-damage|p1a: Weezing|271/333|[from] Leech Seed|[of] p2a: Myth","|-heal|p2a: Myth|96/352|[silent]","|turn|20","|","|move|p1a: Weezing|Fire Blast|p2a: Myth","|-supereffective|p2a: Myth","|-damage|p2a: Myth|0 fnt","|faint|p2a: Myth","|","|-heal|p1a: Weezing|291/333|[from] item: Black Sludge","|","|switch|p2a: Stun|Venusaur-Mega, F|137/318","|turn|21","|","|move|p2a: Stun|Synthesis|p2a: Stun","|-heal|p2a: Stun|296/318","|move|p1a: Weezing|Will-O-Wisp|p2a: Stun","|-status|p2a: Stun|brn","|","|-heal|p1a: Weezing|311/333|[from] item: Black Sludge","|-damage|p1a: Weezing|270/333|[from] Leech Seed|[of] p2a: Stun","|-heal|p2a: Stun|318/318 brn|[silent]","|-damage|p2a: Stun|279/318 brn|[from] brn","|turn|22","|","|switch|p1a: Dragalge|Dragalge, M|99/328","|-damage|p1a: Dragalge|58/328|[from] Stealth Rock","|move|p2a: Stun|Giga Drain|p1a: Dragalge","|-resisted|p1a: Dragalge","|-damage|p1a: Dragalge|30/328","|-heal|p2a: Stun|293/318 brn|[from] drain|[of] p1a: Dragalge","|","|-heal|p1a: Dragalge|50/328|[from] item: Leftovers","|-damage|p2a: Stun|254/318 brn|[from] brn","|turn|23","|","|move|p2a: Stun|Sludge Bomb|p1a: Dragalge","|-resisted|p1a: Dragalge","|-damage|p1a: Dragalge|0 fnt","|faint|p1a: Dragalge","|","|-damage|p2a: Stun|215/318 brn|[from] brn","|","|switch|p1a: Gengar|Gengar, M|261/261","|-damage|p1a: Gengar|229/261|[from] Stealth Rock","|turn|24","|","|move|p1a: Gengar|Hex|p2a: Stun","|-damage|p2a: Stun|53/318 brn","|move|p2a: Stun|Sludge Bomb|p1a: Gengar","|-resisted|p1a: Gengar","|-damage|p1a: Gengar|186/261","|","|-damage|p2a: Stun|14/318 brn|[from] brn","|turn|25","|","|move|p1a: Gengar|Hex|p2a: Stun","|-damage|p2a: Stun|0 fnt","|faint|p2a: Stun","|","|","|switch|p2a: Neo|Shiftry, M|321/321","|turn|26","|","|switch|p1a: Skuntank|Skuntank, M|304/347","|-damage|p1a: Skuntank|261/347|[from] Stealth Rock","|move|p2a: Neo|Swords Dance|p2a: Neo","|-boost|p2a: Neo|atk|2","|","|turn|27","|","|move|p1a: Skuntank|Foul Play|p2a: Neo","|-resisted|p2a: Neo","|-damage|p2a: Neo|52/321","|move|p2a: Neo|Knock Off|p1a: Skuntank","|-resisted|p1a: Skuntank","|-damage|p1a: Skuntank|0 fnt","|-damage|p2a: Neo|0 fnt|[from] ability: Aftermath|[of] p1a: Skuntank","|faint|p2a: Neo","|faint|p1a: Skuntank","|","|","|switch|p2a: Viper|Whimsicott, F|261/261","|switch|p1a: Gengar|Gengar, M|186/261","|-damage|p1a: Gengar|154/261|[from] Stealth Rock","|turn|28","|","|move|p1a: Gengar|Sludge Wave|p2a: Viper","|-supereffective|p2a: Viper","|-damage|p2a: Viper|0 fnt","|faint|p2a: Viper","|","|win|Alliance - Mxy"],"p1rating":{"entryid":"127788","serverid":"eos","formatid":"monotype","userid":"alliancemxy","username":"Alliance - Mxy","w":39,"l":"20","t":"0","gxe":63.8,"r":"1593.5038635177","rd":"48.849763561854","sigma":"0","rptime":"1441270800","rpr":1607.6492588828,"rprd":47.603996375004,"rpsigma":"0","acre":1220.2585014121,"lacre":1220.2585014121,"oldacre":"1197.7749435039"},"p2rating":{"entryid":"24749","serverid":"eos","formatid":"monotype","userid":"vphoton","username":"V Photon - ⓈⓁⒺⒺⓅ","w":"22","l":22,"t":"0","gxe":51,"r":"1522.7188899137","rd":"54.64951508735","sigma":"0","rptime":"1441270800","rpr":1507.6004780934,"rprd":52.402976441202,"rpsigma":"0","acre":1140.2004891202,"lacre":1140.2004891202,"oldacre":"1162.6840470284"},"endType":"normal"}