{"seed":[48450,11552,11749,62298],"turns":33,"p1":"dreamchaser mmg","p2":"Apex Salamence","p1team":[{"name":"Diancie","species":"Diancie","item":"diancite","ability":"Clear Body","moves":["calmmind","diamondstorm","hiddenpowerfire","moonblast"],"nature":"","ivs":{"hp":31,"atk":30,"def":31,"spa":30,"spd":31,"spe":30},"evs":{"hp":0,"atk":0,"def":0,"spa":0,"spd":0,"spe":0}},{"name":"Azumarill","species":"Azumarill","item":"starfberry","ability":"Huge Power","moves":["aquajet","icepunch","playrough","waterfall"],"nature":"Adamant","evs":{"hp":0,"atk":252,"def":248,"spa":0,"spd":8,"spe":0},"ivs":{"hp":31,"atk":31,"def":31,"spa":31,"spd":31,"spe":31}},{"name":"Clefable","species":"Clefable","item":"pixieplate","ability":"Unaware","moves":["calmmind","wish","moonblast","fireblast"],"nature":"Bold","evs":{"hp":0,"atk":0,"def":252,"spa":8,"spd":248,"spe":0},"ivs":{"hp":31,"atk":31,"def":31,"spa":31,"spd":31,"spe":31}},{"name":"Sylveon","species":"Sylveon","item":"leftovers","ability":"Pixilate","moves":["healbell","hypervoice","toxic","wish"],"nature":"Calm","evs":{"hp":132,"atk":0,"def":0,"spa":124,"spd":252,"spe":0},"ivs":{"hp":31,"atk":31,"def":31,"spa":31,"spd":31,"spe":31}},{"name":"Gardevoir","species":"Gardevoir","item":"brightpowder","ability":"Trace","moves":["psychic","moonblast","focusblast","thunderwave"],"nature":"Modest","evs":{"hp":180,"atk":0,"def":0,"spa":216,"spd":8,"spe":104},"ivs":{"hp":31,"atk":31,"def":31,"spa":31,"spd":31,"spe":31}},{"name":"Klefki","species":"Klefki","item":"rockyhelmet","ability":"Prankster","moves":["thunderwave","spikes","attract","hiddenpowerfire"],"nature":"Bold","evs":{"hp":228,"atk":0,"def":252,"spa":0,"spd":28,"spe":0},"gender":"F","ivs":{"hp":31,"atk":30,"def":31,"spa":30,"spd":31,"spe":30}}],"p2team":[{"name":"Typhoon","species":"gyarados","item":"gyaradosite","ability":"Intimidate","moves":["crunch","dragondance","earthquake","waterfall"],"nature":"Adamant","evs":{"hp":0,"atk":252,"def":0,"spa":0,"spd":4,"spe":252},"gender":"M","shiny":true,"ivs":{"hp":31,"atk":31,"def":31,"spa":31,"spd":31,"spe":31}},{"name":"Porunga","species":"dragonite","item":"weaknesspolicy","ability":"Multiscale","moves":["dragonclaw","dragondance","extremespeed","fly"],"nature":"Adamant","evs":{"hp":0,"atk":252,"def":0,"spa":0,"spd":4,"spe":252},"gender":"M","shiny":true,"ivs":{"hp":31,"atk":31,"def":31,"spa":31,"spd":31,"spe":31}},{"name":"Jupiter","species":"thundurus","item":"lifeorb","ability":"Prankster","moves":["nastyplot","thunderbolt","hiddenpowerice","thunderwave"],"nature":"Timid","evs":{"hp":0,"atk":0,"def":0,"spa":252,"spd":4,"spe":252},"ivs":{"hp":31,"atk":30,"def":30,"spa":31,"spd":31,"spe":31},"shiny":true},{"name":"Cherokee","species":"xatu","item":"leftovers","ability":"Magic Bounce","moves":["haze","heatwave","nightshade","roost"],"nature":"Calm","evs":{"hp":252,"atk":0,"def":0,"spa":4,"spd":252,"spe":0},"gender":"M","shiny":true,"ivs":{"hp":31,"atk":31,"def":31,"spa":31,"spd":31,"spe":31}},{"name":"DEATH","species":"togekiss","item":"leftovers","ability":"Serene Grace","moves":["airslash","thunderwave","nastyplot","wish"],"nature":"Calm","evs":{"hp":252,"atk":0,"def":0,"spa":4,"spd":252,"spe":0},"gender":"F","shiny":true,"ivs":{"hp":31,"atk":31,"def":31,"spa":31,"spd":31,"spe":31}},{"name":"Gliscor","species":"Gliscor","item":"toxicorb","ability":"Poison Heal","moves":["stealthrock","knockoff","protect","toxic"],"nature":"Impish","evs":{"hp":248,"atk":0,"def":188,"spa":0,"spd":0,"spe":72},"ivs":{"hp":31,"atk":31,"def":31,"spa":31,"spd":31,"spe":31}}],"log":["|player|p1|dreamchaser mmg|167","|player|p2|Apex Salamence|169","|gametype|singles","|gen|6","|tier|Monotype","|rated","|rule|Baton Pass Clause: Limit one Baton Passer, can't pass Spe and other stats simultaneously","|rule|Swagger Clause: Swagger is banned","|rule|Same Type Clause: Pokémon in a team must share a type","|clearpoke","|poke|p1|Diancie","|poke|p1|Azumarill, M","|poke|p1|Clefable, F","|poke|p1|Sylveon, F","|poke|p1|Gardevoir, M","|poke|p1|Klefki, F","|poke|p2|Gyarados, M, shiny","|poke|p2|Dragonite, M, shiny","|poke|p2|Thundurus, M, shiny","|poke|p2|Xatu, M, shiny","|poke|p2|Togekiss, F, shiny","|poke|p2|Gliscor, M","|rule|Sleep Clause Mod: Limit one foe put to sleep","|rule|Species Clause: Limit one of each Pokémon","|rule|OHKO Clause: OHKO moves are banned","|rule|Moody Clause: Moody is banned","|rule|Evasion Moves Clause: Evasion moves are banned","|rule|Endless Battle Clause: Forcing endless battles is banned","|rule|HP Percentage Mod: HP is shown in percentages","|teampreview","|","|start","|switch|p1a: Klefki|Klefki, F|312/312","|switch|p2a: Jupiter|Thundurus, M, shiny|299/299","|turn|1","|","|switch|p2a: Cherokee|Xatu, M, shiny|334/334","|move|p1a: Klefki|Attract|p2a: Cherokee","|move|p2a: Cherokee|Attract|p1a: Klefki|[from]Magic Bounce","|-start|p1a: Klefki|Attract","|","|turn|2","|","|move|p2a: Cherokee|Night Shade|p1a: Klefki","|-damage|p1a: Klefki|212/312","|-activate|p1a: Klefki|Attract|[of] p2a: Cherokee","|cant|p1a: Klefki|Attract","|","|turn|3","|","|switch|p1a: Clefable|Clefable, F|331/331","|move|p2a: Cherokee|Night Shade|p1a: Clefable","|-damage|p1a: Clefable|231/331","|","|turn|4","|","|move|p2a: Cherokee|Night Shade|p1a: Clefable","|-damage|p1a: Clefable|131/331","|move|p1a: Clefable|Calm Mind|p1a: Clefable","|-boost|p1a: Clefable|spa|1","|-boost|p1a: Clefable|spd|1","|","|turn|5","|","|move|p2a: Cherokee|Night Shade|p1a: Clefable","|-damage|p1a: Clefable|31/331","|move|p1a: Clefable|Wish|p1a: Clefable","|","|turn|6","|","|switch|p1a: Gardevoir|Gardevoir, M|322/322","|-ability|p1a: Gardevoir|Magic Bounce|[from] ability: Trace|[of] p2a: Cherokee","|move|p2a: Cherokee|Haze|p2a: Cherokee","|-clearallboost","|","|turn|7","|","|move|p2a: Cherokee|Night Shade|p1a: Gardevoir","|-damage|p1a: Gardevoir|222/322","|move|p1a: Gardevoir|Thunder Wave|p2a: Cherokee","|move|p2a: Cherokee|Thunder Wave|p1a: Gardevoir|[from]Magic Bounce","|-status|p1a: Gardevoir|par","|","|turn|8","|","|switch|p1a: Sylveon|Sylveon, F|364/364","|move|p2a: Cherokee|Night Shade|p1a: Sylveon","|-damage|p1a: Sylveon|264/364","|","|-heal|p1a: Sylveon|286/364|[from] item: Leftovers","|turn|9","|","|move|p2a: Cherokee|Night Shade|p1a: Sylveon","|-damage|p1a: Sylveon|186/364","|move|p1a: Sylveon|Hyper Voice|p2a: Cherokee","|-damage|p2a: Cherokee|184/334","|","|-heal|p2a: Cherokee|204/334|[from] item: Leftovers","|-heal|p1a: Sylveon|208/364|[from] item: Leftovers","|turn|10","|","|move|p2a: Cherokee|Night Shade|p1a: Sylveon","|-damage|p1a: Sylveon|108/364","|move|p1a: Sylveon|Wish|p1a: Sylveon","|","|-heal|p2a: Cherokee|224/334|[from] item: Leftovers","|-heal|p1a: Sylveon|130/364|[from] item: Leftovers","|turn|11","|","|move|p2a: Cherokee|Roost|p2a: Cherokee","|-heal|p2a: Cherokee|334/334","|move|p1a: Sylveon|Hyper Voice|p2a: Cherokee","|-damage|p2a: Cherokee|189/334","|","|-heal|p1a: Sylveon|312/364|[from] move: Wish|[wisher] Sylveon","|-heal|p2a: Cherokee|209/334|[from] item: Leftovers","|-heal|p1a: Sylveon|334/364|[from] item: Leftovers","|turn|12","|","|switch|p2a: Porunga|Dragonite, M, shiny|323/323","|move|p1a: Sylveon|Hyper Voice|p2a: Porunga","|-supereffective|p2a: Porunga","|-damage|p2a: Porunga|167/323","|-enditem|p2a: Porunga|Weakness Policy","|-boost|p2a: Porunga|atk|2|[from] item: Weakness Policy","|-boost|p2a: Porunga|spa|2|[from] item: Weakness Policy","|","|-heal|p1a: Sylveon|356/364|[from] item: Leftovers","|turn|13","|","|move|p2a: Porunga|Fly|p1a: Sylveon|[still]","|-prepare|p2a: Porunga|Fly|p1a: Sylveon","|move|p1a: Sylveon|Hyper Voice|p2a: Porunga","|-miss|p1a: Sylveon|p2a: Porunga","|","|-heal|p1a: Sylveon|364/364|[from] item: Leftovers","|turn|14","|","|move|p2a: Porunga|Fly|p1a: Sylveon|[from]lockedmove|[miss]","|-miss|p2a: Porunga|p1a: Sylveon","|move|p1a: Sylveon|Hyper Voice|p2a: Porunga","|-supereffective|p2a: Porunga","|-damage|p2a: Porunga|0 fnt","|faint|p2a: Porunga","|","|","|switch|p2a: Jupiter|Thundurus, M, shiny|299/299","|turn|15","|","|move|p2a: Jupiter|Thunder Wave|p1a: Sylveon","|-status|p1a: Sylveon|par","|move|p1a: Sylveon|Toxic|p2a: Jupiter","|-status|p2a: Jupiter|tox","|","|-damage|p2a: Jupiter|281/299 tox|[from] psn","|turn|16","|","|move|p2a: Jupiter|Nasty Plot|p2a: Jupiter","|-boost|p2a: Jupiter|spa|2","|move|p1a: Sylveon|Heal Bell|p1a: Sylveon","|-cureteam|p1a: Sylveon|[from] move: HealBell","|","|-damage|p2a: Jupiter|245/299 tox|[from] psn","|turn|17","|","|move|p2a: Jupiter|Thunderbolt|p1a: Sylveon","|-damage|p1a: Sylveon|114/364","|-status|p1a: Sylveon|par","|-damage|p2a: Jupiter|216/299 tox|[from] item: Life Orb","|move|p1a: Sylveon|Hyper Voice|p2a: Jupiter","|-crit|p2a: Jupiter","|-damage|p2a: Jupiter|0 fnt","|faint|p2a: Jupiter","|","|-heal|p1a: Sylveon|136/364 par|[from] item: Leftovers","|","|switch|p2a: Gliscor|Gliscor, M|353/353","|turn|18","|","|move|p2a: Gliscor|Stealth Rock|p1a: Sylveon","|-sidestart|p1: dreamchaser mmg|move: Stealth Rock","|move|p1a: Sylveon|Heal Bell|p1a: Sylveon","|-cureteam|p1a: Sylveon|[from] move: HealBell","|","|-heal|p1a: Sylveon|158/364|[from] item: Leftovers","|-status|p2a: Gliscor|tox|[from] item: Toxic Orb","|turn|19","|","|move|p2a: Gliscor|Knock Off|p1a: Sylveon","|-resisted|p1a: Sylveon","|-damage|p1a: Sylveon|111/364","|-enditem|p1a: Sylveon|Leftovers|[from] move: Knock Off|[of] p2a: Gliscor","|move|p1a: Sylveon|Hyper Voice|p2a: Gliscor","|-crit|p2a: Gliscor","|-damage|p2a: Gliscor|25/353 tox","|","|-heal|p2a: Gliscor|69/353 tox|[from] ability: Poison Heal","|turn|20","|","|move|p2a: Gliscor|Protect|p2a: Gliscor","|-singleturn|p2a: Gliscor|Protect","|move|p1a: Sylveon|Hyper Voice|p2a: Gliscor","|-activate|p2a: Gliscor|Protect","|","|-heal|p2a: Gliscor|113/353 tox|[from] ability: Poison Heal","|turn|21","|","|move|p2a: Gliscor|Toxic|p1a: Sylveon","|-status|p1a: Sylveon|tox","|move|p1a: Sylveon|Wish|p1a: Sylveon","|","|-heal|p2a: Gliscor|157/353 tox|[from] ability: Poison Heal","|-damage|p1a: Sylveon|89/364 tox|[from] psn","|turn|22","|","|move|p2a: Gliscor|Knock Off|p1a: Sylveon","|-resisted|p1a: Sylveon","|-damage|p1a: Sylveon|57/364 tox","|move|p1a: Sylveon|Heal Bell|p1a: Sylveon","|-cureteam|p1a: Sylveon|[from] move: HealBell","|","|-heal|p1a: Sylveon|239/364|[from] move: Wish|[wisher] Sylveon","|-heal|p2a: Gliscor|201/353 tox|[from] ability: Poison Heal","|turn|23","|","|move|p2a: Gliscor|Knock Off|p1a: Sylveon","|-resisted|p1a: Sylveon","|-damage|p1a: Sylveon|204/364","|move|p1a: Sylveon|Hyper Voice|p2a: Gliscor","|-damage|p2a: Gliscor|0 fnt","|faint|p2a: Gliscor","|","|","|switch|p2a: DEATH|Togekiss, F, shiny|374/374","|turn|24","|","|move|p2a: DEATH|Thunder Wave|p1a: Sylveon","|-status|p1a: Sylveon|par","|cant|p1a: Sylveon|par","|","|turn|25","|","|move|p2a: DEATH|Air Slash|p1a: Sylveon","|-damage|p1a: Sylveon|140/364 par","|cant|p1a: Sylveon|par","|","|turn|26","|","|switch|p1a: Gardevoir|Gardevoir, M|222/322","|-damage|p1a: Gardevoir|182/322|[from] Stealth Rock","|-ability|p1a: Gardevoir|Serene Grace|[from] ability: Trace|[of] p2a: DEATH","|move|p2a: DEATH|Air Slash|p1a: Gardevoir","|-damage|p1a: Gardevoir|86/322","|","|turn|27","|","|move|p1a: Gardevoir|Thunder Wave|p2a: DEATH","|-status|p2a: DEATH|par","|move|p2a: DEATH|Nasty Plot|p2a: DEATH","|-boost|p2a: DEATH|spa|2","|","|turn|28","|","|move|p1a: Gardevoir|Psychic|p2a: DEATH","|-damage|p2a: DEATH|263/374 par","|move|p2a: DEATH|Air Slash|p1a: Gardevoir","|-damage|p1a: Gardevoir|0 fnt","|faint|p1a: Gardevoir","|","|-heal|p2a: DEATH|286/374 par|[from] item: Leftovers","|","|switch|p1a: Diancie|Diancie|241/241","|-damage|p1a: Diancie|211/241|[from] Stealth Rock","|turn|29","|","|detailschange|p1a: Diancie|Diancie-Mega","|-mega|p1a: Diancie|Diancie|Diancite","|move|p1a: Diancie|Diamond Storm|p2a: DEATH","|-supereffective|p2a: DEATH","|-damage|p2a: DEATH|0 fnt","|-boost|p1a: Diancie|def|1","|faint|p2a: DEATH","|","|","|switch|p2a: Typhoon|Gyarados, M, shiny|331/331","|-ability|p2a: Typhoon|Intimidate","|-unboost|p1a: Diancie|atk|1","|turn|30","|","|detailschange|p2a: Typhoon|Gyarados-Mega, M, shiny","|-mega|p2a: Typhoon|Gyarados|Gyaradosite","|-ability|p2a: Typhoon|Mold Breaker","|move|p2a: Typhoon|Waterfall|p1a: Diancie","|-supereffective|p1a: Diancie","|-damage|p1a: Diancie|0 fnt","|faint|p1a: Diancie","|","|","|switch|p1a: Clefable|Clefable, F|31/331","|-damage|p1a: Clefable|0 fnt|[from] Stealth Rock","|faint|p1a: Clefable","|","|switch|p1a: Azumarill|Azumarill, M|341/341","|-damage|p1a: Azumarill|299/341|[from] Stealth Rock","|turn|31","|","|move|p2a: Typhoon|Dragon Dance|p2a: Typhoon","|-boost|p2a: Typhoon|atk|1","|-boost|p2a: Typhoon|spe|1","|move|p1a: Azumarill|Play Rough|p2a: Typhoon","|-supereffective|p2a: Typhoon","|-damage|p2a: Typhoon|0 fnt","|faint|p2a: Typhoon","|","|","|switch|p2a: Cherokee|Xatu, M, shiny|209/334","|turn|32","|","|move|p2a: Cherokee|Roost|p2a: Cherokee","|-heal|p2a: Cherokee|334/334","|move|p1a: Azumarill|Waterfall|p2a: Cherokee","|-damage|p2a: Cherokee|114/334","|","|-heal|p2a: Cherokee|134/334|[from] item: Leftovers","|turn|33","|","|move|p2a: Cherokee|Night Shade|p1a: Azumarill","|-damage|p1a: Azumarill|199/341","|move|p1a: Azumarill|Waterfall|p2a: Cherokee","|-damage|p2a: Cherokee|0 fnt","|faint|p2a: Cherokee","|","|win|dreamchaser mmg"],"p1rating":{"entryid":"817830","serverid":"eos","formatid":"monotype","userid":"dreamchasermmg","username":"dreamchaser mmg","w":3,"l":"6","t":"0","gxe":42.8,"r":"1500","rd":"130","sigma":"0","rptime":"1441270800","rpr":1443.3298974959,"rprd":88.982352243163,"rpsigma":"0","acre":1097.8148620327,"lacre":1097.8148620327,"oldacre":"1057.1316432969"},"p2rating":{"entryid":"1755","serverid":"eos","formatid":"monotype","userid":"apexsalamence","username":"Apex Salamence","w":"55","l":46,"t":"0","gxe":55,"r":"1542.1500273835","rd":"38.254097476229","sigma":"0","rptime":"1441270800","rpr":1537.6654383263,"rprd":36.63203012954,"rpsigma":"0","acre":1130.1744695292,"lacre":1130.1744695292,"oldacre":"1162.5343888731"},"endType":"normal"}