{"seed":[56702,1364,36502,41554],"turns":21,"p1":"Coloniol Mustang","p2":"Gym Ldr Mitsuka∆","p1team":[{"name":"Regice","species":"Regice","item":"weaknesspolicy","ability":"Clear Body","moves":["icebeam","chargebeam","flashcannon","rest"],"nature":"Modest","evs":{"hp":0,"atk":0,"def":0,"spa":252,"spd":0,"spe":0},"ivs":{"hp":31,"atk":31,"def":31,"spa":31,"spd":31,"spe":31}},{"name":"Articuno","species":"Articuno","item":"leftovers","ability":"Pressure","moves":["freezedry","roost","substitute","toxic"],"nature":"Bold","evs":{"hp":0,"atk":0,"def":132,"spa":0,"spd":124,"spe":252},"ivs":{"hp":31,"atk":31,"def":31,"spa":31,"spd":31,"spe":31}},{"name":"Weavile","species":"Weavile","item":"choiceband","ability":"Pressure","moves":["lowkick","aerialace","knockoff","iciclecrash"],"nature":"Jolly","evs":{"hp":4,"atk":252,"def":0,"spa":0,"spd":0,"spe":252},"ivs":{"hp":31,"atk":31,"def":31,"spa":31,"spd":31,"spe":31}},{"name":"Walrein","species":"Walrein","item":"chestoberry","ability":"Thick Fat","moves":["surf","icebeam","roar","rest"],"nature":"Modest","evs":{"hp":248,"atk":0,"def":0,"spa":252,"spd":8,"spe":0},"ivs":{"hp":31,"atk":31,"def":31,"spa":31,"spd":31,"spe":31}},{"name":"Froslass","species":"Froslass","item":"focussash","ability":"Cursed Body","moves":["spikes","shadowball","taunt","destinybond"],"nature":"Jolly","evs":{"hp":4,"atk":0,"def":0,"spa":252,"spd":0,"spe":252},"ivs":{"hp":31,"atk":31,"def":31,"spa":31,"spd":31,"spe":31}},{"name":"Cloyster","species":"Cloyster","item":"focussash","ability":"Skill Link","moves":["rockblast","iciclespear","shellsmash","razorshell"],"nature":"Adamant","evs":{"hp":0,"atk":252,"def":0,"spa":0,"spd":4,"spe":252},"ivs":{"hp":31,"atk":31,"def":31,"spa":31,"spd":31,"spe":31}}],"p2team":[{"name":"Venusaur","species":"Venusaur","item":"venusaurite","ability":"Chlorophyll","moves":["synthesis","gigadrain","sludgebomb","leechseed"],"nature":"Bold","evs":{"hp":252,"atk":0,"def":164,"spa":0,"spd":92,"spe":0},"ivs":{"hp":31,"atk":31,"def":31,"spa":31,"spd":31,"spe":31}},{"name":"Cradily","species":"Cradily","item":"leftovers","ability":"Storm Drain","moves":["recover","mirrorcoat","gigadrain","ancientpower"],"nature":"Calm","evs":{"hp":252,"atk":0,"def":40,"spa":0,"spd":216,"spe":0},"ivs":{"hp":31,"atk":31,"def":31,"spa":31,"spd":31,"spe":31}},{"name":"Ferrothorn","species":"Ferrothorn","item":"occaberry","ability":"Iron Barbs","moves":["stealthrock","gyroball","leechseed","knockoff"],"nature":"Relaxed","evs":{"hp":248,"atk":8,"def":252,"spa":0,"spd":0,"spe":0},"ivs":{"hp":31,"atk":31,"def":31,"spa":31,"spd":31,"spe":0}},{"name":"Breloom","species":"Breloom","item":"focussash","ability":"Technician","moves":["spore","machpunch","poweruppunch","rocktomb"],"nature":"Jolly","evs":{"hp":0,"atk":252,"def":0,"spa":0,"spd":4,"spe":252},"ivs":{"hp":31,"atk":31,"def":31,"spa":31,"spd":31,"spe":31}},{"name":"Victreebel","species":"Victreebel","item":"sitrusberry","ability":"Chlorophyll","moves":["stockpile","swordsdance","powerwhip","synthesis"],"nature":"Careful","evs":{"hp":216,"atk":0,"def":160,"spa":0,"spd":132,"spe":0},"ivs":{"hp":31,"atk":31,"def":31,"spa":31,"spd":31,"spe":31}},{"name":"Celebi","species":"Celebi","item":"choicescarf","ability":"Natural Cure","moves":["trick","hiddenpowerfire","gigadrain","psychic"],"nature":"Timid","evs":{"hp":4,"atk":0,"def":0,"spa":252,"spd":0,"spe":252},"ivs":{"hp":31,"atk":30,"def":31,"spa":30,"spd":31,"spe":30}}],"log":["|player|p1|Coloniol Mustang|124","|player|p2|Gym Ldr Mitsuka∆|265","|gametype|singles","|gen|6","|tier|Monotype","|rated","|rule|Baton Pass Clause: Limit one Baton Passer, can't pass Spe and other stats simultaneously","|rule|Swagger Clause: Swagger is banned","|rule|Same Type Clause: Pokémon in a team must share a type","|clearpoke","|poke|p1|Regice","|poke|p1|Articuno","|poke|p1|Weavile, M","|poke|p1|Walrein, F","|poke|p1|Froslass, F","|poke|p1|Cloyster, F","|poke|p2|Venusaur, M","|poke|p2|Cradily, F","|poke|p2|Ferrothorn, F","|poke|p2|Breloom, M","|poke|p2|Victreebel, F","|poke|p2|Celebi","|rule|Sleep Clause Mod: Limit one foe put to sleep","|rule|Species Clause: Limit one of each Pokémon","|rule|OHKO Clause: OHKO moves are banned","|rule|Moody Clause: Moody is banned","|rule|Evasion Moves Clause: Evasion moves are banned","|rule|Endless Battle Clause: Forcing endless battles is banned","|rule|HP Percentage Mod: HP is shown in percentages","|teampreview","|","|start","|switch|p1a: Froslass|Froslass, F|282/282","|switch|p2a: Ferrothorn|Ferrothorn, F|351/351","|turn|1","|","|move|p1a: Froslass|Spikes|p2a: Ferrothorn","|-sidestart|p2: Gym Ldr Mitsuka∆|Spikes","|move|p2a: Ferrothorn|Knock Off|p1a: Froslass","|-supereffective|p1a: Froslass","|-damage|p1a: Froslass|78/282","|-start|p2a: Ferrothorn|Disable|Knock Off","|-enditem|p1a: Froslass|Focus Sash|[from] move: Knock Off|[of] p2a: Ferrothorn","|","|turn|2","|","|move|p1a: Froslass|Spikes|p2a: Ferrothorn","|-sidestart|p2: Gym Ldr Mitsuka∆|Spikes","|move|p2a: Ferrothorn|Stealth Rock|p1a: Froslass","|-sidestart|p1: Coloniol Mustang|move: Stealth Rock","|","|turn|3","|","|move|p1a: Froslass|Taunt|p2a: Ferrothorn","|-start|p2a: Ferrothorn|move: Taunt","|cant|p2a: Ferrothorn|move: Taunt|Leech Seed","|","|turn|4","|","|switch|p2a: Cradily|Cradily, F|376/376","|-damage|p2a: Cradily|314/376|[from] Spikes","|move|p1a: Froslass|Destiny Bond|p1a: Froslass","|-singlemove|p1a: Froslass|Destiny Bond","|","|-heal|p2a: Cradily|337/376|[from] item: Leftovers","|turn|5","|","|move|p1a: Froslass|Taunt|p2a: Cradily","|-start|p2a: Cradily|move: Taunt","|move|p2a: Cradily|Ancient Power|p1a: Froslass","|-supereffective|p1a: Froslass","|-damage|p1a: Froslass|0 fnt","|faint|p1a: Froslass","|","|-heal|p2a: Cradily|360/376|[from] item: Leftovers","|","|switch|p1a: Weavile|Weavile, M|282/282","|-damage|p1a: Weavile|212/282|[from] Stealth Rock","|-ability|p1a: Weavile|Pressure","|turn|6","|","|move|p1a: Weavile|Low Kick|p2a: Cradily","|-supereffective|p2a: Cradily","|-damage|p2a: Cradily|108/376","|move|p2a: Cradily|Ancient Power|p1a: Weavile","|-supereffective|p1a: Weavile","|-damage|p1a: Weavile|80/282","|","|-heal|p2a: Cradily|131/376|[from] item: Leftovers","|turn|7","|","|switch|p2a: Ferrothorn|Ferrothorn, F|351/351","|-damage|p2a: Ferrothorn|293/351|[from] Spikes","|move|p1a: Weavile|Low Kick|p2a: Ferrothorn","|-supereffective|p2a: Ferrothorn","|-damage|p2a: Ferrothorn|85/351","|-damage|p1a: Weavile|45/282|[from] ability: Iron Barbs|[of] p2a: Ferrothorn","|","|turn|8","|","|move|p1a: Weavile|Low Kick|p2a: Ferrothorn","|-supereffective|p2a: Ferrothorn","|-damage|p2a: Ferrothorn|0 fnt","|-damage|p1a: Weavile|10/282|[from] ability: Iron Barbs|[of] p2a: Ferrothorn","|faint|p2a: Ferrothorn","|","|","|switch|p2a: Celebi|Celebi|342/342","|-damage|p2a: Celebi|285/342|[from] Spikes","|turn|9","|","|move|p2a: Celebi|Giga Drain|p1a: Weavile","|-damage|p1a: Weavile|0 fnt","|-heal|p2a: Celebi|290/342|[from] drain|[of] p1a: Weavile","|faint|p1a: Weavile","|","|","|switch|p1a: Regice|Regice|301/301","|-damage|p1a: Regice|226/301|[from] Stealth Rock","|turn|10","|","|move|p2a: Celebi|Giga Drain|p1a: Regice","|-damage|p1a: Regice|159/301","|-heal|p2a: Celebi|324/342|[from] drain|[of] p1a: Regice","|move|p1a: Regice|Ice Beam|p2a: Celebi","|-supereffective|p2a: Celebi","|-damage|p2a: Celebi|48/342","|","|turn|11","|","|move|p2a: Celebi|Giga Drain|p1a: Regice","|-damage|p1a: Regice|93/301","|-heal|p2a: Celebi|81/342|[from] drain|[of] p1a: Regice","|move|p1a: Regice|Ice Beam|p2a: Celebi","|-supereffective|p2a: Celebi","|-damage|p2a: Celebi|0 fnt","|faint|p2a: Celebi","|","|","|switch|p2a: Breloom|Breloom, M|261/261","|-damage|p2a: Breloom|218/261|[from] Spikes","|turn|12","|","|switch|p1a: Cloyster|Cloyster, F|241/241","|-damage|p1a: Cloyster|181/241|[from] Stealth Rock","|move|p2a: Breloom|Power-Up Punch|p1a: Cloyster","|-supereffective|p1a: Cloyster","|-damage|p1a: Cloyster|55/241","|-boost|p2a: Breloom|atk|1","|","|turn|13","|","|move|p2a: Breloom|Mach Punch|p1a: Cloyster","|-supereffective|p1a: Cloyster","|-damage|p1a: Cloyster|0 fnt","|faint|p1a: Cloyster","|","|","|switch|p1a: Walrein|Walrein, F|423/423","|-damage|p1a: Walrein|318/423|[from] Stealth Rock","|turn|14","|","|move|p2a: Breloom|Spore|p1a: Walrein","|-status|p1a: Walrein|slp","|-enditem|p1a: Walrein|Chesto Berry|[eat]","|-curestatus|p1a: Walrein|slp","|move|p1a: Walrein|Ice Beam|p2a: Breloom","|-supereffective|p2a: Breloom","|-damage|p2a: Breloom|0 fnt","|faint|p2a: Breloom","|","|","|switch|p2a: Venusaur|Venusaur, M|364/364","|-damage|p2a: Venusaur|304/364|[from] Spikes","|turn|15","|","|detailschange|p2a: Venusaur|Venusaur-Mega, M","|-mega|p2a: Venusaur|Venusaur|Venusaurite","|move|p2a: Venusaur|Giga Drain|p1a: Walrein","|-crit|p1a: Walrein","|-supereffective|p1a: Walrein","|-damage|p1a: Walrein|4/423","|-heal|p2a: Venusaur|364/364|[from] drain|[of] p1a: Walrein","|move|p1a: Walrein|Roar|p2a: Venusaur","|drag|p2a: Victreebel|Victreebel, F|355/355","|-damage|p2a: Victreebel|296/355|[from] Spikes","|","|turn|16","|","|move|p2a: Victreebel|Stockpile|p2a: Victreebel","|-start|p2a: Victreebel|stockpile1","|-boost|p2a: Victreebel|def|1","|-boost|p2a: Victreebel|spd|1","|move|p1a: Walrein|Rest|p1a: Walrein","|-status|p1a: Walrein|slp","|-heal|p1a: Walrein|423/423 slp|[silent]","|-status|p1a: Walrein|slp|[from] move: Rest","|","|turn|17","|","|move|p2a: Victreebel|Stockpile|p2a: Victreebel","|-start|p2a: Victreebel|stockpile2","|-boost|p2a: Victreebel|def|1","|-boost|p2a: Victreebel|spd|1","|cant|p1a: Walrein|slp","|","|turn|18","|","|move|p2a: Victreebel|Swords Dance|p2a: Victreebel","|-boost|p2a: Victreebel|atk|2","|cant|p1a: Walrein|slp","|","|turn|19","|","|move|p2a: Victreebel|Power Whip|p1a: Walrein","|-supereffective|p1a: Walrein","|-damage|p1a: Walrein|0 fnt","|faint|p1a: Walrein","|","|","|switch|p1a: Articuno|Articuno|321/321","|-damage|p1a: Articuno|161/321|[from] Stealth Rock","|-ability|p1a: Articuno|Pressure","|turn|20","|","|move|p1a: Articuno|Freeze-Dry|p2a: Victreebel","|-supereffective|p2a: Victreebel","|-damage|p2a: Victreebel|206/355","|move|p2a: Victreebel|Power Whip|p1a: Articuno","|-resisted|p1a: Articuno","|-damage|p1a: Articuno|50/321","|","|-heal|p1a: Articuno|70/321|[from] item: Leftovers","|turn|21","|","|move|p1a: Articuno|Freeze-Dry|p2a: Victreebel","|-supereffective|p2a: Victreebel","|-damage|p2a: Victreebel|116/355","|-enditem|p2a: Victreebel|Sitrus Berry|[eat]","|-heal|p2a: Victreebel|204/355|[from] item: Sitrus Berry","|move|p2a: Victreebel|Power Whip|p1a: Articuno","|-crit|p1a: Articuno","|-resisted|p1a: Articuno","|-damage|p1a: Articuno|0 fnt","|faint|p1a: Articuno","|","|","|win|Gym Ldr Mitsuka∆"],"p1rating":{"entryid":"790045","serverid":"eos","formatid":"monotype","userid":"coloniolmustang","username":"Coloniol Mustang","w":"7","l":9,"t":"0","gxe":47.6,"r":"1506.5678551039","rd":"106.29891332807","sigma":"0","rptime":"1441270800","rpr":1481.3600630387,"rprd":75.370804842035,"rpsigma":"0","acre":1029.1449809467,"lacre":1029.1449809467,"oldacre":"1033.7766707065"},"p2rating":{"entryid":"379503","serverid":"eos","formatid":"monotype","userid":"gymldrmitsuka","username":"Gym Ldr Mitsuka∆","w":47,"l":"21","t":"0","gxe":66.9,"r":"1625.4528464411","rd":"44.913629961581","sigma":"0","rptime":"1441270800","rpr":1632.9345787094,"rprd":43.525681069028,"rpsigma":"0","acre":1336.2542206802,"lacre":1336.2542206802,"oldacre":"1330.105892172"},"endType":"forfeit"}