{"seed":[55017,5681,15229,15245],"turns":38,"p1":"Marx-Bot","p2":"Apex Salamence","p1team":[{"name":"Transformer","species":"ditto","item":"choicescarf","ability":"Imposter","moves":["transform"],"nature":"Bold","evs":{"hp":248,"atk":0,"def":252,"spa":0,"spd":8,"spe":0},"ivs":{"hp":31,"atk":31,"def":31,"spa":31,"spd":31,"spe":31}},{"name":"Braviary","species":"Braviary","item":"lifeorb","ability":"Sheer Force","moves":["bravebird","rockslide","superpower","crushclaw"],"nature":"Jolly","evs":{"hp":0,"atk":252,"def":0,"spa":0,"spd":4,"spe":252},"ivs":{"hp":31,"atk":31,"def":31,"spa":31,"spd":31,"spe":31}},{"name":"Capuccino","species":"cinccino","item":"kingsrock","ability":"Skill Link","moves":["bulletseed","rockblast","tailslap","uturn"],"nature":"Jolly","evs":{"hp":0,"atk":252,"def":0,"spa":0,"spd":4,"spe":252},"ivs":{"hp":31,"atk":31,"def":31,"spa":31,"spd":31,"spe":31}},{"name":"Lady GaGa","species":"meloetta","item":"assaultvest","ability":"Serene Grace","moves":["chargebeam","hypervoice","psyshock","energyball"],"nature":"Modest","evs":{"hp":248,"atk":0,"def":0,"spa":252,"spd":8,"spe":0},"ivs":{"hp":31,"atk":31,"def":31,"spa":31,"spd":31,"spe":31}},{"name":"Bird Jesus","species":"pidgeot","item":"pidgeotite","ability":"Keen Eye","moves":["airslash","hurricane","heatwave","roost"],"nature":"Timid","evs":{"hp":0,"atk":0,"def":0,"spa":252,"spd":4,"spe":252},"ivs":{"hp":31,"atk":31,"def":31,"spa":31,"spd":31,"spe":31}},{"name":"Your Fat Friend","species":"snorlax","item":"leftovers","ability":"Thick Fat","moves":["heavyslam","bodyslam","rest","sleeptalk"],"nature":"Adamant","evs":{"hp":252,"atk":252,"def":0,"spa":0,"spd":4,"spe":0},"ivs":{"hp":31,"atk":31,"def":31,"spa":31,"spd":31,"spe":31}}],"p2team":[{"name":"Typhoon","species":"gyarados","item":"gyaradosite","ability":"Intimidate","moves":["crunch","dragondance","earthquake","waterfall"],"nature":"Adamant","evs":{"hp":0,"atk":252,"def":0,"spa":0,"spd":4,"spe":252},"gender":"M","shiny":true,"ivs":{"hp":31,"atk":31,"def":31,"spa":31,"spd":31,"spe":31}},{"name":"Porunga","species":"dragonite","item":"weaknesspolicy","ability":"Multiscale","moves":["dragonclaw","dragondance","extremespeed","fly"],"nature":"Adamant","evs":{"hp":0,"atk":252,"def":0,"spa":0,"spd":4,"spe":252},"gender":"M","shiny":true,"ivs":{"hp":31,"atk":31,"def":31,"spa":31,"spd":31,"spe":31}},{"name":"Jupiter","species":"thundurus","item":"lifeorb","ability":"Prankster","moves":["nastyplot","thunderbolt","hiddenpowerice","thunderwave"],"nature":"Timid","evs":{"hp":0,"atk":0,"def":0,"spa":252,"spd":4,"spe":252},"ivs":{"hp":31,"atk":30,"def":30,"spa":31,"spd":31,"spe":31},"shiny":true},{"name":"Cherokee","species":"xatu","item":"leftovers","ability":"Magic Bounce","moves":["haze","heatwave","nightshade","roost"],"nature":"Calm","evs":{"hp":252,"atk":0,"def":0,"spa":4,"spd":252,"spe":0},"gender":"M","shiny":true,"ivs":{"hp":31,"atk":31,"def":31,"spa":31,"spd":31,"spe":31}},{"name":"DEATH","species":"togekiss","item":"leftovers","ability":"Serene Grace","moves":["airslash","thunderwave","nastyplot","wish"],"nature":"Calm","evs":{"hp":252,"atk":0,"def":0,"spa":4,"spd":252,"spe":0},"gender":"F","shiny":true,"ivs":{"hp":31,"atk":31,"def":31,"spa":31,"spd":31,"spe":31}},{"name":"Gliscor","species":"Gliscor","item":"toxicorb","ability":"Poison Heal","moves":["stealthrock","knockoff","protect","toxic"],"nature":"Impish","evs":{"hp":248,"atk":0,"def":188,"spa":0,"spd":0,"spe":72},"ivs":{"hp":31,"atk":31,"def":31,"spa":31,"spd":31,"spe":31}}],"log":["|player|p1|Marx-Bot|167","|player|p2|Apex Salamence|266","|gametype|singles","|gen|6","|tier|Monotype","|rated","|rule|Baton Pass Clause: Limit one Baton Passer, can't pass Spe and other stats simultaneously","|rule|Swagger Clause: Swagger is banned","|rule|Same Type Clause: Pokémon in a team must share a type","|clearpoke","|poke|p1|Ditto","|poke|p1|Braviary, M","|poke|p1|Cinccino, F","|poke|p1|Meloetta","|poke|p1|Pidgeot, M","|poke|p1|Snorlax, F","|poke|p2|Gyarados, M, shiny","|poke|p2|Dragonite, M, shiny","|poke|p2|Thundurus, M, shiny","|poke|p2|Xatu, M, shiny","|poke|p2|Togekiss, F, shiny","|poke|p2|Gliscor, F","|rule|Sleep Clause Mod: Limit one foe put to sleep","|rule|Species Clause: Limit one of each Pokémon","|rule|OHKO Clause: OHKO moves are banned","|rule|Moody Clause: Moody is banned","|rule|Evasion Moves Clause: Evasion moves are banned","|rule|Endless Battle Clause: Forcing endless battles is banned","|rule|HP Percentage Mod: HP is shown in percentages","|teampreview","|","|start","|switch|p1a: Your Fat Friend|Snorlax, F|524/524","|switch|p2a: Jupiter|Thundurus, M, shiny|299/299","|turn|1","|","|move|p2a: Jupiter|Nasty Plot|p2a: Jupiter","|-boost|p2a: Jupiter|spa|2","|move|p1a: Your Fat Friend|Body Slam|p2a: Jupiter","|-crit|p2a: Jupiter","|-damage|p2a: Jupiter|0 fnt","|faint|p2a: Jupiter","|","|","|switch|p2a: Gliscor|Gliscor, F|353/353","|turn|2","|","|move|p2a: Gliscor|Stealth Rock|p1a: Your Fat Friend","|-sidestart|p1: Marx-Bot|move: Stealth Rock","|move|p1a: Your Fat Friend|Heavy Slam|p2a: Gliscor","|-damage|p2a: Gliscor|261/353","|","|-status|p2a: Gliscor|tox|[from] item: Toxic Orb","|turn|3","|","|move|p2a: Gliscor|Toxic|p1a: Your Fat Friend|[miss]","|-miss|p2a: Gliscor|p1a: Your Fat Friend","|move|p1a: Your Fat Friend|Heavy Slam|p2a: Gliscor","|-damage|p2a: Gliscor|173/353 tox","|","|-heal|p2a: Gliscor|217/353 tox|[from] ability: Poison Heal","|turn|4","|","|move|p2a: Gliscor|Toxic|p1a: Your Fat Friend","|-status|p1a: Your Fat Friend|tox","|move|p1a: Your Fat Friend|Body Slam|p2a: Gliscor","|-damage|p2a: Gliscor|123/353 tox","|","|-heal|p2a: Gliscor|167/353 tox|[from] ability: Poison Heal","|-damage|p1a: Your Fat Friend|492/524 tox|[from] psn","|turn|5","|","|move|p2a: Gliscor|Protect|p2a: Gliscor","|-singleturn|p2a: Gliscor|Protect","|move|p1a: Your Fat Friend|Body Slam|p2a: Gliscor","|-activate|p2a: Gliscor|Protect","|","|-heal|p1a: Your Fat Friend|524/524 tox|[from] item: Leftovers","|-heal|p2a: Gliscor|211/353 tox|[from] ability: Poison Heal","|-damage|p1a: Your Fat Friend|460/524 tox|[from] psn","|turn|6","|","|move|p2a: Gliscor|Knock Off|p1a: Your Fat Friend","|-damage|p1a: Your Fat Friend|360/524 tox","|-enditem|p1a: Your Fat Friend|Leftovers|[from] move: Knock Off|[of] p2a: Gliscor","|move|p1a: Your Fat Friend|Heavy Slam|p2a: Gliscor","|-damage|p2a: Gliscor|123/353 tox","|","|-heal|p2a: Gliscor|167/353 tox|[from] ability: Poison Heal","|-damage|p1a: Your Fat Friend|264/524 tox|[from] psn","|turn|7","|","|move|p2a: Gliscor|Protect|p2a: Gliscor","|-singleturn|p2a: Gliscor|Protect","|move|p1a: Your Fat Friend|Rest|p1a: Your Fat Friend","|-status|p1a: Your Fat Friend|slp","|-heal|p1a: Your Fat Friend|524/524 slp|[silent]","|-status|p1a: Your Fat Friend|slp|[from] move: Rest","|","|-heal|p2a: Gliscor|211/353 tox|[from] ability: Poison Heal","|turn|8","|","|move|p2a: Gliscor|Knock Off|p1a: Your Fat Friend","|-crit|p1a: Your Fat Friend","|-damage|p1a: Your Fat Friend|426/524 slp","|cant|p1a: Your Fat Friend|slp","|move|p1a: Your Fat Friend|Sleep Talk|p1a: Your Fat Friend","|move|p1a: Your Fat Friend|Body Slam|p2a: Gliscor|[from]Sleep Talk","|-damage|p2a: Gliscor|121/353 tox","|","|-heal|p2a: Gliscor|165/353 tox|[from] ability: Poison Heal","|turn|9","|","|move|p2a: Gliscor|Protect|p2a: Gliscor","|-singleturn|p2a: Gliscor|Protect","|cant|p1a: Your Fat Friend|slp","|move|p1a: Your Fat Friend|Sleep Talk|p1a: Your Fat Friend","|move|p1a: Your Fat Friend|Heavy Slam|p2a: Gliscor|[from]Sleep Talk","|-activate|p2a: Gliscor|Protect","|","|-heal|p2a: Gliscor|209/353 tox|[from] ability: Poison Heal","|turn|10","|","|move|p2a: Gliscor|Knock Off|p1a: Your Fat Friend","|-damage|p1a: Your Fat Friend|354/524 slp","|-curestatus|p1a: Your Fat Friend|slp","|move|p1a: Your Fat Friend|Heavy Slam|p2a: Gliscor","|-damage|p2a: Gliscor|114/353 tox","|","|-heal|p2a: Gliscor|158/353 tox|[from] ability: Poison Heal","|turn|11","|","|move|p2a: Gliscor|Toxic|p1a: Your Fat Friend|[miss]","|-miss|p2a: Gliscor|p1a: Your Fat Friend","|move|p1a: Your Fat Friend|Heavy Slam|p2a: Gliscor","|-damage|p2a: Gliscor|64/353 tox","|","|-heal|p2a: Gliscor|108/353 tox|[from] ability: Poison Heal","|turn|12","|","|switch|p1a: Capuccino|Cinccino, F|291/291","|-damage|p1a: Capuccino|255/291|[from] Stealth Rock","|move|p2a: Gliscor|Toxic|p1a: Capuccino","|-status|p1a: Capuccino|tox","|","|-damage|p1a: Capuccino|237/291 tox|[from] psn","|-heal|p2a: Gliscor|152/353 tox|[from] ability: Poison Heal","|turn|13","|","|move|p2a: Gliscor|Protect|p2a: Gliscor","|-singleturn|p2a: Gliscor|Protect","|move|p1a: Capuccino|Bullet Seed|p2a: Gliscor","|-activate|p2a: Gliscor|Protect","|","|-damage|p1a: Capuccino|201/291 tox|[from] psn","|-heal|p2a: Gliscor|196/353 tox|[from] ability: Poison Heal","|turn|14","|","|move|p1a: Capuccino|Bullet Seed|p2a: Gliscor","|-damage|p2a: Gliscor|179/353 tox","|-damage|p2a: Gliscor|163/353 tox","|-damage|p2a: Gliscor|146/353 tox","|-damage|p2a: Gliscor|130/353 tox","|-damage|p2a: Gliscor|115/353 tox","|-hitcount|p2a: Gliscor|5","|cant|p2a: Gliscor|flinch","|","|-damage|p1a: Capuccino|147/291 tox|[from] psn","|-heal|p2a: Gliscor|159/353 tox|[from] ability: Poison Heal","|turn|15","|","|switch|p1a: Lady GaGa|Meloetta|403/403","|-damage|p1a: Lady GaGa|353/403|[from] Stealth Rock","|move|p2a: Gliscor|Protect|p2a: Gliscor","|-fail|p2a: Gliscor","|","|-heal|p2a: Gliscor|203/353 tox|[from] ability: Poison Heal","|turn|16","|","|move|p2a: Gliscor|Knock Off|p1a: Lady GaGa","|-supereffective|p1a: Lady GaGa","|-damage|p1a: Lady GaGa|183/403","|-enditem|p1a: Lady GaGa|Assault Vest|[from] move: Knock Off|[of] p2a: Gliscor","|move|p1a: Lady GaGa|Energy Ball|p2a: Gliscor","|-damage|p2a: Gliscor|63/353 tox","|","|-heal|p2a: Gliscor|107/353 tox|[from] ability: Poison Heal","|turn|17","|","|move|p2a: Gliscor|Protect|p2a: Gliscor","|-singleturn|p2a: Gliscor|Protect","|move|p1a: Lady GaGa|Energy Ball|p2a: Gliscor","|-activate|p2a: Gliscor|Protect","|","|-heal|p2a: Gliscor|151/353 tox|[from] ability: Poison Heal","|turn|18","|","|move|p2a: Gliscor|Toxic|p1a: Lady GaGa","|-status|p1a: Lady GaGa|tox","|move|p1a: Lady GaGa|Psyshock|p2a: Gliscor","|-damage|p2a: Gliscor|45/353 tox","|","|-heal|p2a: Gliscor|89/353 tox|[from] ability: Poison Heal","|-damage|p1a: Lady GaGa|158/403 tox|[from] psn","|turn|19","|","|move|p2a: Gliscor|Protect|p2a: Gliscor","|-singleturn|p2a: Gliscor|Protect","|move|p1a: Lady GaGa|Energy Ball|p2a: Gliscor","|-activate|p2a: Gliscor|Protect","|","|-heal|p2a: Gliscor|133/353 tox|[from] ability: Poison Heal","|-damage|p1a: Lady GaGa|108/403 tox|[from] psn","|turn|20","|","|move|p2a: Gliscor|Knock Off|p1a: Lady GaGa","|-supereffective|p1a: Lady GaGa","|-damage|p1a: Lady GaGa|0 fnt","|faint|p1a: Lady GaGa","|","|-heal|p2a: Gliscor|177/353 tox|[from] ability: Poison Heal","|","|switch|p1a: Braviary|Braviary, M|341/341","|-damage|p1a: Braviary|256/341|[from] Stealth Rock","|turn|21","|","|move|p2a: Gliscor|Protect|p2a: Gliscor","|-singleturn|p2a: Gliscor|Protect","|move|p1a: Braviary|Brave Bird|p2a: Gliscor","|-activate|p2a: Gliscor|Protect","|","|-heal|p2a: Gliscor|221/353 tox|[from] ability: Poison Heal","|turn|22","|","|move|p1a: Braviary|Brave Bird|p2a: Gliscor","|-damage|p2a: Gliscor|48/353 tox","|-damage|p1a: Braviary|199/341|[from] recoil|[of] p2a: Gliscor","|-damage|p1a: Braviary|165/341|[from] item: Life Orb","|move|p2a: Gliscor|Toxic|p1a: Braviary|[miss]","|-miss|p2a: Gliscor|p1a: Braviary","|","|-heal|p2a: Gliscor|92/353 tox|[from] ability: Poison Heal","|turn|23","|","|move|p2a: Gliscor|Protect|p2a: Gliscor","|-singleturn|p2a: Gliscor|Protect","|move|p1a: Braviary|Brave Bird|p2a: Gliscor","|-activate|p2a: Gliscor|Protect","|","|-heal|p2a: Gliscor|136/353 tox|[from] ability: Poison Heal","|turn|24","|","|move|p1a: Braviary|Brave Bird|p2a: Gliscor","|-damage|p2a: Gliscor|0 fnt","|-damage|p1a: Braviary|120/341|[from] recoil|[of] p2a: Gliscor","|-damage|p1a: Braviary|86/341|[from] item: Life Orb","|faint|p2a: Gliscor","|","|","|switch|p2a: Porunga|Dragonite, M, shiny|323/323","|turn|25","|","|move|p1a: Braviary|Rock Slide|p2a: Porunga","|-supereffective|p2a: Porunga","|-damage|p2a: Porunga|175/323","|-enditem|p2a: Porunga|Weakness Policy","|-boost|p2a: Porunga|atk|2|[from] item: Weakness Policy","|-boost|p2a: Porunga|spa|2|[from] item: Weakness Policy","|move|p2a: Porunga|Dragon Claw|p1a: Braviary","|-damage|p1a: Braviary|0 fnt","|faint|p1a: Braviary","|","|","|switch|p1a: Transformer|Ditto|299/299","|-damage|p1a: Transformer|262/299|[from] Stealth Rock","|-transform|p1a: Transformer|p2a: Porunga","|turn|26","|","|move|p1a: Transformer|Extreme Speed|p2a: Porunga","|-crit|p2a: Porunga","|-damage|p2a: Porunga|0 fnt","|faint|p2a: Porunga","|","|","|switch|p2a: DEATH|Togekiss, F, shiny|374/374","|turn|27","|","|move|p1a: Transformer|Extreme Speed|p2a: DEATH","|-damage|p2a: DEATH|138/374","|move|p2a: DEATH|Thunder Wave|p1a: Transformer","|-status|p1a: Transformer|par","|","|-heal|p2a: DEATH|161/374|[from] item: Leftovers","|turn|28","|","|move|p1a: Transformer|Extreme Speed|p2a: DEATH","|-damage|p2a: DEATH|0 fnt","|faint|p2a: DEATH","|","|","|switch|p2a: Cherokee|Xatu, M, shiny|334/334","|turn|29","|","|move|p1a: Transformer|Extreme Speed|p2a: Cherokee","|-damage|p2a: Cherokee|72/334","|move|p2a: Cherokee|Haze|p2a: Cherokee","|-clearallboost","|","|-heal|p2a: Cherokee|92/334|[from] item: Leftovers","|turn|30","|","|cant|p1a: Transformer|par","|move|p2a: Cherokee|Roost|p2a: Cherokee","|-heal|p2a: Cherokee|259/334","|","|-heal|p2a: Cherokee|279/334|[from] item: Leftovers","|turn|31","|","|cant|p1a: Transformer|par","|move|p2a: Cherokee|Night Shade|p1a: Transformer","|-damage|p1a: Transformer|162/299 par","|","|-heal|p2a: Cherokee|299/334|[from] item: Leftovers","|turn|32","|","|move|p1a: Transformer|Extreme Speed|p2a: Cherokee","|-damage|p2a: Cherokee|151/334","|move|p2a: Cherokee|Night Shade|p1a: Transformer","|-damage|p1a: Transformer|62/299 par","|","|-heal|p2a: Cherokee|171/334|[from] item: Leftovers","|turn|33","|","|switch|p1a: Your Fat Friend|Snorlax, F|354/524","|-damage|p1a: Your Fat Friend|289/524|[from] Stealth Rock","|move|p2a: Cherokee|Night Shade|p1a: Your Fat Friend","|-immune|p1a: Your Fat Friend|[msg]","|","|-heal|p2a: Cherokee|191/334|[from] item: Leftovers","|turn|34","|","|move|p2a: Cherokee|Heat Wave|p1a: Your Fat Friend","|-damage|p1a: Your Fat Friend|253/524","|move|p1a: Your Fat Friend|Body Slam|p2a: Cherokee","|-damage|p2a: Cherokee|0 fnt","|faint|p2a: Cherokee","|","|","|switch|p2a: Typhoon|Gyarados, M, shiny|331/331","|-ability|p2a: Typhoon|Intimidate","|-unboost|p1a: Your Fat Friend|atk|1","|turn|35","|","|detailschange|p2a: Typhoon|Gyarados-Mega, M, shiny","|-mega|p2a: Typhoon|Gyarados|Gyaradosite","|-ability|p2a: Typhoon|Mold Breaker","|move|p2a: Typhoon|Waterfall|p1a: Your Fat Friend","|-damage|p1a: Your Fat Friend|1/524","|move|p1a: Your Fat Friend|Body Slam|p2a: Typhoon","|-damage|p2a: Typhoon|231/331","|","|turn|36","|","|move|p2a: Typhoon|Crunch|p1a: Your Fat Friend","|-damage|p1a: Your Fat Friend|0 fnt","|faint|p1a: Your Fat Friend","|","|","|switch|p1a: Capuccino|Cinccino, F|147/291 tox","|-damage|p1a: Capuccino|111/291 tox|[from] Stealth Rock","|turn|37","|","|move|p1a: Capuccino|Bullet Seed|p2a: Typhoon","|-supereffective|p2a: Typhoon","|-damage|p2a: Typhoon|187/331","|-supereffective|p2a: Typhoon","|-damage|p2a: Typhoon|143/331","|-supereffective|p2a: Typhoon","|-damage|p2a: Typhoon|95/331","|-supereffective|p2a: Typhoon","|-damage|p2a: Typhoon|49/331","|-supereffective|p2a: Typhoon","|-damage|p2a: Typhoon|3/331","|-hitcount|p2a: Typhoon|5","|cant|p2a: Typhoon|flinch","|","|-damage|p1a: Capuccino|93/291 tox|[from] psn","|turn|38","|","|move|p1a: Capuccino|U-turn|p2a: Typhoon","|-supereffective|p2a: Typhoon","|-damage|p2a: Typhoon|0 fnt","|faint|p2a: Typhoon","|","|win|Marx-Bot"],"p1rating":{"entryid":"79213","serverid":"eos","formatid":"monotype","userid":"marxbot","username":"Marx-Bot","w":20,"l":"22","t":"0","gxe":48.1,"r":"1468.2021780198","rd":"53.529458743101","sigma":"0","rptime":"1441270800","rpr":1485.2169123371,"rprd":52.417833630121,"rpsigma":"0","acre":1128.0589426073,"lacre":1128.0589426073,"oldacre":"1098.7609960477"},"p2rating":{"entryid":"1755","serverid":"eos","formatid":"monotype","userid":"apexsalamence","username":"Apex Salamence","w":"51","l":43,"t":"0","gxe":55.4,"r":"1542.1500273835","rd":"38.254097476229","sigma":"0","rptime":"1441270800","rpr":1541.0066133934,"rprd":37.831527546759,"rpsigma":"0","acre":1126.9173493226,"lacre":1126.9173493226,"oldacre":"1155.9991014473"},"endType":"normal"}