{"seed":[6885,63413,5652,11941],"turns":20,"p1":"Sovereign♕KingJJ","p2":"Apex✦Quilluminati","p1team":[{"name":"Ugly Duckling","species":"porygon2","item":"eviolite","ability":"Download","moves":["psyshock","magiccoat","toxic","recover"],"nature":"Calm","evs":{"hp":248,"atk":0,"def":0,"spa":8,"spd":252,"spe":0},"shiny":true,"ivs":{"hp":31,"atk":31,"def":31,"spa":31,"spd":31,"spe":31}},{"name":"Leggos","species":"porygonz","item":"focussash","ability":"Download","moves":["chargebeam","shadowball","thunderwave","triattack"],"nature":"Modest","evs":{"hp":248,"atk":0,"def":0,"spa":252,"spd":8,"spe":0},"shiny":true,"ivs":{"hp":31,"atk":31,"def":31,"spa":31,"spd":31,"spe":31}},{"name":"mia khalifa","species":"lopunny","item":"lopunnite","ability":"Cute Charm","moves":["icepunch","fakeout","return","highjumpkick"],"nature":"Jolly","evs":{"hp":0,"atk":252,"def":0,"spa":0,"spd":4,"spe":252},"gender":"F","shiny":true,"ivs":{"hp":31,"atk":31,"def":31,"spa":31,"spd":31,"spe":31}},{"name":"Chansey","species":"Chansey","item":"eviolite","ability":"Serene Grace","moves":["aromatherapy","seismictoss","softboiled","toxic"],"nature":"Bold","evs":{"hp":248,"atk":0,"def":252,"spa":0,"spd":8,"spe":0},"shiny":true,"ivs":{"hp":31,"atk":31,"def":31,"spa":31,"spd":31,"spe":31}},{"name":"Raper the Raptor","species":"staraptor","item":"choicescarf","ability":"Reckless","moves":["closecombat","bravebird","uturn","doubleedge"],"nature":"Jolly","evs":{"hp":0,"atk":252,"def":0,"spa":0,"spd":4,"spe":252},"gender":"M","shiny":true,"ivs":{"hp":31,"atk":31,"def":31,"spa":31,"spd":31,"spe":31}},{"name":"Meloetta","species":"Meloetta","item":"choicescarf","ability":"Serene Grace","moves":["substitute","psychic","hypervoice","shadowball"],"nature":"Timid","evs":{"hp":0,"atk":0,"def":0,"spa":252,"spd":4,"spe":252},"ivs":{"hp":31,"atk":31,"def":31,"spa":31,"spd":31,"spe":31}}],"p2team":[{"name":"Allen Iverson","species":"diancie","item":"diancite","ability":"Clear Body","moves":["protect","moonblast","earthpower","diamondstorm"],"nature":"Hasty","evs":{"hp":0,"atk":120,"def":0,"spa":128,"spd":8,"spe":252},"ivs":{"hp":31,"atk":31,"def":31,"spa":31,"spd":31,"spe":31}},{"name":"Michael Jordan","species":"terrakion","item":"choicescarf","ability":"Justified","moves":["closecombat","ironhead","earthquake","stoneedge"],"nature":"Jolly","evs":{"hp":0,"atk":252,"def":0,"spa":0,"spd":4,"spe":252},"shiny":true,"ivs":{"hp":31,"atk":31,"def":31,"spa":31,"spd":31,"spe":31}},{"name":"Wilt Chamberlain","species":"shuckle","item":"redcard","ability":"Sturdy","moves":["stickyweb","knockoff","stealthrock","toxic"],"nature":"Impish","evs":{"hp":252,"atk":0,"def":84,"spa":0,"spd":172,"spe":0},"ivs":{"hp":31,"atk":31,"def":31,"spa":31,"spd":31,"spe":31}},{"name":"Aerodactyl","species":"Aerodactyl","item":"focussash","ability":"Rock Head","moves":["honeclaws","aerialace","stoneedge","aquatail"],"nature":"Jolly","evs":{"hp":4,"atk":252,"def":0,"spa":0,"spd":0,"spe":252},"ivs":{"hp":31,"atk":31,"def":31,"spa":31,"spd":31,"spe":31}},{"name":"Omastar","species":"Omastar","item":"focussash","ability":"Shell Armor","moves":["shellsmash","scald","icebeam","earthpower"],"nature":"Modest","evs":{"hp":4,"atk":0,"def":0,"spa":252,"spd":0,"spe":252},"ivs":{"hp":31,"atk":31,"def":31,"spa":31,"spd":31,"spe":31}},{"name":"Tyranitar","species":"Tyranitar","item":"assaultvest","ability":"Sand Stream","moves":["fireblast","crunch","stoneedge","earthquake"],"nature":"Naughty","evs":{"hp":248,"atk":252,"def":0,"spa":8,"spd":0,"spe":0},"ivs":{"hp":31,"atk":31,"def":31,"spa":31,"spd":31,"spe":31}}],"log":["|player|p1|Sovereign♕KingJJ|269","|player|p2|Apex✦Quilluminati|80","|gametype|singles","|gen|6","|tier|Monotype","|rated","|rule|Baton Pass Clause: Limit one Baton Passer, can't pass Spe and other stats simultaneously","|rule|Swagger Clause: Swagger is banned","|rule|Same Type Clause: Pokémon in a team must share a type","|clearpoke","|poke|p1|Porygon2, shiny","|poke|p1|Porygon-Z, shiny","|poke|p1|Lopunny, F, shiny","|poke|p1|Chansey, F, shiny","|poke|p1|Staraptor, M, shiny","|poke|p1|Meloetta","|poke|p2|Diancie","|poke|p2|Terrakion, shiny","|poke|p2|Shuckle, M","|poke|p2|Aerodactyl, F","|poke|p2|Omastar, F","|poke|p2|Tyranitar, F","|rule|Sleep Clause Mod: Limit one foe put to sleep","|rule|Species Clause: Limit one of each Pokémon","|rule|OHKO Clause: OHKO moves are banned","|rule|Moody Clause: Moody is banned","|rule|Evasion Moves Clause: Evasion moves are banned","|rule|Endless Battle Clause: Forcing endless battles is banned","|rule|HP Percentage Mod: HP is shown in percentages","|teampreview","|","|start","|switch|p1a: mia khalifa|Lopunny, F, shiny|271/271","|switch|p2a: Wilt Chamberlain|Shuckle, M|244/244","|turn|1","|","|detailschange|p1a: mia khalifa|Lopunny-Mega, F, shiny","|-mega|p1a: mia khalifa|Lopunny|Lopunnite","|move|p1a: mia khalifa|Fake Out|p2a: Wilt Chamberlain","|-resisted|p2a: Wilt Chamberlain","|-damage|p2a: Wilt Chamberlain|227/244","|-enditem|p2a: Wilt Chamberlain|Red Card|[of] p1a: mia khalifa","|drag|p1a: Chansey|Chansey, F, shiny|703/703","|cant|p2a: Wilt Chamberlain|flinch","|","|turn|2","|","|move|p1a: Chansey|Seismic Toss|p2a: Wilt Chamberlain","|-damage|p2a: Wilt Chamberlain|127/244","|move|p2a: Wilt Chamberlain|Sticky Web|p1a: Chansey","|-sidestart|p1: Sovereign♕KingJJ|move: Sticky Web","|","|turn|3","|","|move|p1a: Chansey|Toxic|p2a: Wilt Chamberlain|[miss]","|-miss|p1a: Chansey|p2a: Wilt Chamberlain","|move|p2a: Wilt Chamberlain|Knock Off|p1a: Chansey","|-damage|p1a: Chansey|678/703","|-enditem|p1a: Chansey|Eviolite|[from] move: Knock Off|[of] p2a: Wilt Chamberlain","|","|turn|4","|","|move|p1a: Chansey|Toxic|p2a: Wilt Chamberlain","|-status|p2a: Wilt Chamberlain|tox","|move|p2a: Wilt Chamberlain|Toxic|p1a: Chansey","|-status|p1a: Chansey|tox","|","|-damage|p1a: Chansey|635/703 tox|[from] psn","|-damage|p2a: Wilt Chamberlain|112/244 tox|[from] psn","|turn|5","|","|move|p1a: Chansey|Aromatherapy|p1a: Chansey","|-cureteam|p1a: Chansey|[from] move: Aromatherapy","|move|p2a: Wilt Chamberlain|Stealth Rock|p1a: Chansey","|-sidestart|p1: Sovereign♕KingJJ|move: Stealth Rock","|","|-damage|p2a: Wilt Chamberlain|82/244 tox|[from] psn","|turn|6","|","|move|p1a: Chansey|Seismic Toss|p2a: Wilt Chamberlain","|-damage|p2a: Wilt Chamberlain|0 fnt","|faint|p2a: Wilt Chamberlain","|","|","|switch|p2a: Michael Jordan|Terrakion, shiny|323/323","|turn|7","|","|move|p2a: Michael Jordan|Close Combat|p1a: Chansey","|-supereffective|p1a: Chansey","|-damage|p1a: Chansey|0 fnt","|-unboost|p2a: Michael Jordan|def|1","|-unboost|p2a: Michael Jordan|spd|1","|faint|p1a: Chansey","|","|","|switch|p1a: mia khalifa|Lopunny-Mega, F, shiny|271/271","|-damage|p1a: mia khalifa|255/271|[from] Stealth Rock","|-activate|p1a: mia khalifa|move: Sticky Web","|-unboost|p1a: mia khalifa|spe|1","|turn|8","|","|switch|p2a: Allen Iverson|Diancie|241/241","|move|p1a: mia khalifa|High Jump Kick|p2a: Allen Iverson","|-damage|p2a: Allen Iverson|57/241","|","|turn|9","|","|detailschange|p2a: Allen Iverson|Diancie-Mega","|-mega|p2a: Allen Iverson|Diancie|Diancite","|move|p2a: Allen Iverson|Protect|p2a: Allen Iverson","|-singleturn|p2a: Allen Iverson|Protect","|move|p1a: mia khalifa|Return|p2a: Allen Iverson","|-activate|p2a: Allen Iverson|Protect","|","|turn|10","|","|move|p2a: Allen Iverson|Moonblast|p1a: mia khalifa","|-supereffective|p1a: mia khalifa","|-damage|p1a: mia khalifa|0 fnt","|faint|p1a: mia khalifa","|","|","|switch|p1a: Raper the Raptor|Staraptor, M, shiny|311/311","|-damage|p1a: Raper the Raptor|234/311|[from] Stealth Rock","|turn|11","|","|move|p1a: Raper the Raptor|Close Combat|p2a: Allen Iverson","|-damage|p2a: Allen Iverson|0 fnt","|-unboost|p1a: Raper the Raptor|def|1","|-unboost|p1a: Raper the Raptor|spd|1","|faint|p2a: Allen Iverson","|","|","|switch|p2a: Aerodactyl|Aerodactyl, F|302/302","|turn|12","|","|move|p1a: Raper the Raptor|Close Combat|p2a: Aerodactyl","|-crit|p2a: Aerodactyl","|-damage|p2a: Aerodactyl|8/302","|-unboost|p1a: Raper the Raptor|def|1","|-unboost|p1a: Raper the Raptor|spd|1","|move|p2a: Aerodactyl|Hone Claws|p2a: Aerodactyl","|-boost|p2a: Aerodactyl|atk|1","|-boost|p2a: Aerodactyl|accuracy|1","|","|turn|13","|","|move|p1a: Raper the Raptor|Close Combat|p2a: Aerodactyl","|-damage|p2a: Aerodactyl|0 fnt","|-unboost|p1a: Raper the Raptor|def|1","|-unboost|p1a: Raper the Raptor|spd|1","|faint|p2a: Aerodactyl","|","|","|switch|p2a: Michael Jordan|Terrakion, shiny|323/323","|turn|14","|","|move|p2a: Michael Jordan|Close Combat|p1a: Raper the Raptor","|-damage|p1a: Raper the Raptor|0 fnt","|-unboost|p2a: Michael Jordan|def|1","|-unboost|p2a: Michael Jordan|spd|1","|faint|p1a: Raper the Raptor","|","|","|switch|p1a: Meloetta|Meloetta|341/341","|-damage|p1a: Meloetta|299/341|[from] Stealth Rock","|-activate|p1a: Meloetta|move: Sticky Web","|-unboost|p1a: Meloetta|spe|1","|turn|15","|","|switch|p2a: Omastar|Omastar, F|282/282","|move|p1a: Meloetta|Psychic|p2a: Omastar","|-damage|p2a: Omastar|59/282","|-unboost|p2a: Omastar|spd|1","|","|turn|16","|","|move|p1a: Meloetta|Psychic|p2a: Omastar","|-damage|p2a: Omastar|0 fnt","|faint|p2a: Omastar","|","|","|switch|p2a: Tyranitar|Tyranitar, F|403/403","|-weather|Sandstorm","|turn|17","|","|switch|p1a: Leggos|Porygon-Z, shiny|373/373","|-activate|p1a: Leggos|move: Sticky Web","|-unboost|p1a: Leggos|spe|1","|-damage|p1a: Leggos|327/373|[from] Stealth Rock","|-boost|p1a: Leggos|spa|1|[from] ability: Download","|move|p2a: Tyranitar|Crunch|p1a: Leggos","|-crit|p1a: Leggos","|-damage|p1a: Leggos|8/373","|","|-weather|Sandstorm|[upkeep]","|-damage|p1a: Leggos|0 fnt|[from] sandstorm","|faint|p1a: Leggos","|","|switch|p1a: Ugly Duckling|Porygon2, shiny|373/373","|-activate|p1a: Ugly Duckling|move: Sticky Web","|-unboost|p1a: Ugly Duckling|spe|1","|-damage|p1a: Ugly Duckling|327/373|[from] Stealth Rock","|-boost|p1a: Ugly Duckling|spa|1|[from] ability: Download","|turn|18","|","|move|p2a: Tyranitar|Crunch|p1a: Ugly Duckling","|-damage|p1a: Ugly Duckling|201/373","|move|p1a: Ugly Duckling|Toxic|p2a: Tyranitar","|-status|p2a: Tyranitar|tox","|","|-weather|Sandstorm|[upkeep]","|-damage|p1a: Ugly Duckling|178/373|[from] sandstorm","|-damage|p2a: Tyranitar|378/403 tox|[from] psn","|turn|19","|","|move|p2a: Tyranitar|Stone Edge|p1a: Ugly Duckling","|-crit|p1a: Ugly Duckling","|-damage|p1a: Ugly Duckling|0 fnt","|faint|p1a: Ugly Duckling","|","|-weather|Sandstorm|[upkeep]","|-damage|p2a: Tyranitar|328/403 tox|[from] psn","|","|switch|p1a: Meloetta|Meloetta|299/341","|-damage|p1a: Meloetta|257/341|[from] Stealth Rock","|-activate|p1a: Meloetta|move: Sticky Web","|-unboost|p1a: Meloetta|spe|1","|turn|20","|","|move|p1a: Meloetta|Hyper Voice|p2a: Tyranitar","|-resisted|p2a: Tyranitar","|-damage|p2a: Tyranitar|289/403 tox","|move|p2a: Tyranitar|Crunch|p1a: Meloetta","|-supereffective|p1a: Meloetta","|-damage|p1a: Meloetta|0 fnt","|faint|p1a: Meloetta","|","|win|Apex✦Quilluminati"],"p1rating":{"entryid":"452185","serverid":"eos","formatid":"monotype","userid":"sovereignkingjj","username":"Sovereign♕KingJJ","w":"4","l":13,"t":"0","gxe":32.2,"r":"1321.9404224915","rd":"97.164624216348","sigma":"0","rptime":"1441270800","rpr":1356.4139607907,"rprd":77.571615982974,"rpsigma":"0","acre":1054.099570994,"lacre":1054.099570994,"oldacre":"1071.9691984077"},"p2rating":{"entryid":"777566","serverid":"eos","formatid":"monotype","userid":"apexquilluminati","username":"Apex✦Quilluminati","w":8,"l":"10","t":"0","gxe":45.3,"r":"1434.6538432407","rd":"74.261728971237","sigma":"0","rptime":"1441270800","rpr":1463.4412924167,"rprd":71.492108248201,"rpsigma":"0","acre":1142.6598537609,"lacre":1142.6598537609,"oldacre":"1121.1771643139"},"endType":"normal"}