{"seed":[56659,9255,49533,1393],"turns":36,"p1":"greenpigaphant","p2":"Alliance - Rai","p1team":[{"name":"Registeel","species":"Registeel","item":"leftovers","ability":"Clear Body","moves":["counter","ironhead","thunderwave","icepunch"],"nature":"Adamant","evs":{"hp":252,"atk":252,"def":0,"spa":0,"spd":4,"spe":0},"ivs":{"hp":31,"atk":31,"def":31,"spa":31,"spd":31,"spe":31}},{"name":"Steel that win!","species":"steelix","item":"steelixite","ability":"Sheer Force","moves":["earthquake","curse","gyroball","icefang"],"nature":"","ivs":{"hp":31,"atk":31,"def":31,"spa":31,"spd":31,"spe":0},"shiny":true,"evs":{"hp":0,"atk":0,"def":0,"spa":0,"spd":0,"spe":0}},{"name":"Metagross","species":"Metagross","item":"leftovers","ability":"Clear Body","moves":["bulletpunch","earthquake","zenheadbutt","brickbreak"],"nature":"Adamant","evs":{"hp":252,"atk":252,"def":0,"spa":0,"spd":4,"spe":0},"ivs":{"hp":31,"atk":31,"def":31,"spa":31,"spd":31,"spe":31}},{"name":"Empoleon","species":"Empoleon","item":"leftovers","ability":"Defiant","moves":["stealthrock","knockoff","icebeam","scald"],"nature":"Impish","evs":{"hp":252,"atk":4,"def":252,"spa":0,"spd":0,"spe":0},"ivs":{"hp":31,"atk":31,"def":31,"spa":31,"spd":31,"spe":31}},{"name":"Doublade","species":"Doublade","item":"eviolite","ability":"No Guard","moves":["swordsdance","shadowsneak","ironhead","sacredsword"],"nature":"Adamant","evs":{"hp":248,"atk":252,"def":0,"spa":0,"spd":8,"spe":0},"ivs":{"hp":31,"atk":31,"def":31,"spa":31,"spd":31,"spe":31}},{"name":"Scizor","species":"Scizor","item":"choiceband","ability":"Technician","moves":["bulletpunch","aerialace","pursuit","quickattack"],"nature":"Adamant","evs":{"hp":248,"atk":252,"def":0,"spa":0,"spd":8,"spe":0},"ivs":{"hp":31,"atk":31,"def":31,"spa":31,"spd":31,"spe":31}}],"p2team":[{"name":"Pinsir","species":"Pinsir","item":"pinsirite","ability":"Moxie","moves":["quickattack","return","closecombat","earthquake"],"nature":"Adamant","evs":{"hp":0,"atk":252,"def":0,"spa":0,"spd":8,"spe":248},"ivs":{"hp":31,"atk":31,"def":31,"spa":31,"spd":31,"spe":31}},{"name":"Scyther","species":"Scyther","item":"eviolite","ability":"Technician","moves":["quickattack","aerialace","roost","defog"],"nature":"Adamant","evs":{"hp":248,"atk":188,"def":0,"spa":0,"spd":8,"spe":64},"ivs":{"hp":31,"atk":31,"def":31,"spa":31,"spd":31,"spe":31}},{"name":"Scizor","species":"Scizor","item":"leftovers","ability":"Technician","moves":["bulletpunch","bugbite","swordsdance","superpower"],"nature":"Adamant","evs":{"hp":252,"atk":252,"def":0,"spa":0,"spd":4,"spe":0},"ivs":{"hp":31,"atk":31,"def":31,"spa":31,"spd":31,"spe":31}},{"name":"Venomoth","species":"Venomoth","item":"focussash","ability":"Tinted Lens","moves":["quiverdance","bugbuzz","psychic","sludgebomb"],"nature":"Modest","evs":{"hp":0,"atk":0,"def":0,"spa":252,"spd":4,"spe":252},"ivs":{"hp":31,"atk":31,"def":31,"spa":31,"spd":31,"spe":31}},{"name":"Galvantula","species":"Galvantula","item":"choicespecs","ability":"Compound Eyes","moves":["thunder","voltswitch","gigadrain","bugbuzz"],"nature":"Timid","evs":{"hp":0,"atk":0,"def":0,"spa":252,"spd":4,"spe":252},"ivs":{"hp":31,"atk":31,"def":31,"spa":31,"spd":31,"spe":31}},{"name":"Accelgor","species":"Accelgor","item":"focussash","ability":"Unburden","moves":["bugbuzz","spikes","toxic","encore"],"nature":"Modest","evs":{"hp":248,"atk":0,"def":0,"spa":8,"spd":0,"spe":252},"ivs":{"hp":31,"atk":31,"def":31,"spa":31,"spd":31,"spe":31}}],"log":["|player|p1|greenpigaphant|1","|player|p2|Alliance - Rai|99","|gametype|singles","|gen|6","|tier|Monotype","|rated","|rule|Baton Pass Clause: Limit one Baton Passer, can't pass Spe and other stats simultaneously","|rule|Swagger Clause: Swagger is banned","|rule|Same Type Clause: Pokémon in a team must share a type","|clearpoke","|poke|p1|Registeel","|poke|p1|Steelix, F, shiny","|poke|p1|Metagross","|poke|p1|Empoleon, F","|poke|p1|Doublade, F","|poke|p1|Scizor, F","|poke|p2|Pinsir, M","|poke|p2|Scyther, F","|poke|p2|Scizor, M","|poke|p2|Venomoth, M","|poke|p2|Galvantula, M","|poke|p2|Accelgor, M","|rule|Sleep Clause Mod: Limit one foe put to sleep","|rule|Species Clause: Limit one of each Pokémon","|rule|OHKO Clause: OHKO moves are banned","|rule|Moody Clause: Moody is banned","|rule|Evasion Moves Clause: Evasion moves are banned","|rule|Endless Battle Clause: Forcing endless battles is banned","|rule|HP Percentage Mod: HP is shown in percentages","|teampreview","|","|start","|switch|p1a: Empoleon|Empoleon, F|372/372","|switch|p2a: Galvantula|Galvantula, M|281/281","|turn|1","|","|move|p2a: Galvantula|Volt Switch|p1a: Empoleon","|-supereffective|p1a: Empoleon","|-damage|p1a: Empoleon|48/372","|","|switch|p2a: Pinsir|Pinsir, M|271/271","|move|p1a: Empoleon|Stealth Rock|p2a: Pinsir","|-sidestart|p2: Alliance - Rai|move: Stealth Rock","|","|-heal|p1a: Empoleon|71/372|[from] item: Leftovers","|turn|2","|","|switch|p1a: Doublade|Doublade, F|321/321","|move|p2a: Pinsir|Earthquake|p1a: Doublade","|-supereffective|p1a: Doublade","|-damage|p1a: Doublade|201/321","|","|turn|3","|","|detailschange|p2a: Pinsir|Pinsir-Mega, M","|-mega|p2a: Pinsir|Pinsir|Pinsirite","|move|p2a: Pinsir|Earthquake|p1a: Doublade","|-crit|p1a: Doublade","|-supereffective|p1a: Doublade","|-damage|p1a: Doublade|0 fnt","|faint|p1a: Doublade","|","|","|switch|p1a: Scizor|Scizor, F|343/343","|turn|4","|","|move|p1a: Scizor|Bullet Punch|p2a: Pinsir","|-damage|p2a: Pinsir|118/271","|move|p2a: Pinsir|Return|p1a: Scizor","|-damage|p1a: Scizor|27/343","|","|turn|5","|","|move|p2a: Pinsir|Quick Attack|p1a: Scizor","|-damage|p1a: Scizor|0 fnt","|faint|p1a: Scizor","|","|","|switch|p1a: Registeel|Registeel|364/364","|turn|6","|","|move|p2a: Pinsir|Close Combat|p1a: Registeel","|-supereffective|p1a: Registeel","|-damage|p1a: Registeel|120/364","|-unboost|p2a: Pinsir|def|1","|-unboost|p2a: Pinsir|spd|1","|move|p1a: Registeel|Counter|p2a: Pinsir","|-damage|p2a: Pinsir|0 fnt","|faint|p2a: Pinsir","|","|-heal|p1a: Registeel|142/364|[from] item: Leftovers","|","|switch|p2a: Accelgor|Accelgor, M|363/363","|-damage|p2a: Accelgor|273/363|[from] Stealth Rock","|turn|7","|","|move|p2a: Accelgor|Encore|p1a: Registeel","|-start|p1a: Registeel|Encore","|move|p1a: Registeel|Counter|p2a: Accelgor","|-fail|p2a: Accelgor","|","|-heal|p1a: Registeel|164/364|[from] item: Leftovers","|turn|8","|","|switch|p1a: Metagross|Metagross|364/364","|move|p2a: Accelgor|Spikes|p1a: Metagross","|-sidestart|p1: greenpigaphant|Spikes","|","|turn|9","|","|move|p2a: Accelgor|Spikes|p1a: Metagross","|-sidestart|p1: greenpigaphant|Spikes","|move|p1a: Metagross|Zen Headbutt|p2a: Accelgor|[miss]","|-miss|p1a: Metagross|p2a: Accelgor","|","|turn|10","|","|move|p2a: Accelgor|Spikes|p1a: Metagross","|-sidestart|p1: greenpigaphant|Spikes","|move|p1a: Metagross|Zen Headbutt|p2a: Accelgor","|-damage|p2a: Accelgor|0 fnt","|faint|p2a: Accelgor","|","|","|switch|p2a: Galvantula|Galvantula, M|281/281","|-damage|p2a: Galvantula|211/281|[from] Stealth Rock","|turn|11","|","|move|p2a: Galvantula|Thunder|p1a: Metagross","|-damage|p1a: Metagross|88/364","|move|p1a: Metagross|Earthquake|p2a: Galvantula","|-damage|p2a: Galvantula|11/281","|","|-heal|p1a: Metagross|110/364|[from] item: Leftovers","|turn|12","|","|move|p1a: Metagross|Bullet Punch|p2a: Galvantula","|-resisted|p2a: Galvantula","|-damage|p2a: Galvantula|0 fnt","|faint|p2a: Galvantula","|","|-heal|p1a: Metagross|132/364|[from] item: Leftovers","|","|switch|p2a: Scyther|Scyther, F|343/343","|-damage|p2a: Scyther|172/343|[from] Stealth Rock","|turn|13","|","|move|p1a: Metagross|Bullet Punch|p2a: Scyther","|-damage|p2a: Scyther|111/343","|move|p2a: Scyther|Roost|p2a: Scyther","|-heal|p2a: Scyther|283/343","|","|-heal|p1a: Metagross|154/364|[from] item: Leftovers","|turn|14","|","|move|p2a: Scyther|Defog|p1a: Metagross","|-fail|p1a: Metagross|unboost|[from] ability: Clear Body|[of] p1a: Metagross","|-sideend|p1: greenpigaphant|Spikes|[from] move: Defog|[of] p1a: Metagross","|-sideend|p2: Alliance - Rai|Stealth Rock|[from] move: Defog|[of] p2a: Scyther","|move|p1a: Metagross|Zen Headbutt|p2a: Scyther","|-damage|p2a: Scyther|148/343","|","|-heal|p1a: Metagross|176/364|[from] item: Leftovers","|turn|15","|","|move|p1a: Metagross|Bullet Punch|p2a: Scyther","|-damage|p2a: Scyther|84/343","|move|p2a: Scyther|Roost|p2a: Scyther","|-heal|p2a: Scyther|256/343","|","|-heal|p1a: Metagross|198/364|[from] item: Leftovers","|turn|16","|","|move|p2a: Scyther|Roost|p2a: Scyther","|-heal|p2a: Scyther|343/343","|move|p1a: Metagross|Zen Headbutt|p2a: Scyther|[miss]","|-miss|p1a: Metagross|p2a: Scyther","|","|-heal|p1a: Metagross|220/364|[from] item: Leftovers","|turn|17","|","|switch|p2a: Scizor|Scizor, M|344/344","|switch|p1a: Steel that win!|Steelix, F, shiny|291/291","|","|turn|18","|","|detailschange|p1a: Steel that win!|Steelix-Mega, F, shiny","|-mega|p1a: Steel that win!|Steelix|Steelixite","|move|p2a: Scizor|Swords Dance|p2a: Scizor","|-boost|p2a: Scizor|atk|2","|move|p1a: Steel that win!|Curse|p1a: Steel that win!","|-unboost|p1a: Steel that win!|spe|1","|-boost|p1a: Steel that win!|atk|1","|-boost|p1a: Steel that win!|def|1","|","|turn|19","|","|move|p2a: Scizor|Swords Dance|p2a: Scizor","|-boost|p2a: Scizor|atk|2","|move|p1a: Steel that win!|Earthquake|p2a: Scizor","|-damage|p2a: Scizor|116/344","|","|-heal|p2a: Scizor|137/344|[from] item: Leftovers","|turn|20","|","|move|p2a: Scizor|Superpower|p1a: Steel that win!","|-supereffective|p1a: Steel that win!","|-damage|p1a: Steel that win!|0 fnt","|-unboost|p2a: Scizor|atk|1","|-unboost|p2a: Scizor|def|1","|faint|p1a: Steel that win!","|","|-heal|p2a: Scizor|158/344|[from] item: Leftovers","|","|switch|p1a: Empoleon|Empoleon, F|71/372","|turn|21","|","|move|p2a: Scizor|Bullet Punch|p1a: Empoleon","|-resisted|p1a: Empoleon","|-damage|p1a: Empoleon|19/372","|move|p1a: Empoleon|Knock Off|p2a: Scizor","|-damage|p2a: Scizor|48/344","|-enditem|p2a: Scizor|Leftovers|[from] move: Knock Off|[of] p1a: Empoleon","|","|-heal|p1a: Empoleon|42/372|[from] item: Leftovers","|turn|22","|","|move|p2a: Scizor|Bullet Punch|p1a: Empoleon","|-resisted|p1a: Empoleon","|-damage|p1a: Empoleon|0 fnt","|faint|p1a: Empoleon","|","|","|switch|p1a: Metagross|Metagross|220/364","|turn|23","|","|move|p1a: Metagross|Bullet Punch|p2a: Scizor","|-resisted|p2a: Scizor","|-damage|p2a: Scizor|0 fnt","|faint|p2a: Scizor","|","|-heal|p1a: Metagross|242/364|[from] item: Leftovers","|","|switch|p2a: Venomoth|Venomoth, M|281/281","|turn|24","|","|move|p1a: Metagross|Bullet Punch|p2a: Venomoth","|-damage|p2a: Venomoth|161/281","|move|p2a: Venomoth|Bug Buzz|p1a: Metagross","|-crit|p1a: Metagross","|-damage|p1a: Metagross|19/364","|","|-heal|p1a: Metagross|41/364|[from] item: Leftovers","|turn|25","|","|switch|p2a: Scyther|Scyther, F|343/343","|move|p1a: Metagross|Bullet Punch|p2a: Scyther","|-damage|p2a: Scyther|279/343","|","|-heal|p1a: Metagross|63/364|[from] item: Leftovers","|turn|26","|","|move|p2a: Scyther|Aerial Ace|p1a: Metagross","|-resisted|p1a: Metagross","|-damage|p1a: Metagross|3/364","|move|p1a: Metagross|Zen Headbutt|p2a: Scyther","|-damage|p2a: Scyther|153/343","|","|-heal|p1a: Metagross|25/364|[from] item: Leftovers","|turn|27","|","|move|p1a: Metagross|Bullet Punch|p2a: Scyther","|-damage|p2a: Scyther|81/343","|move|p2a: Scyther|Aerial Ace|p1a: Metagross","|-resisted|p1a: Metagross","|-damage|p1a: Metagross|0 fnt","|faint|p1a: Metagross","|","|","|switch|p1a: Registeel|Registeel|164/364","|turn|28","|","|move|p2a: Scyther|Roost|p2a: Scyther","|-heal|p2a: Scyther|253/343","|move|p1a: Registeel|Ice Punch|p2a: Scyther","|-damage|p2a: Scyther|202/343","|","|-heal|p1a: Registeel|186/364|[from] item: Leftovers","|turn|29","|","|move|p2a: Scyther|Roost|p2a: Scyther","|-heal|p2a: Scyther|343/343","|move|p1a: Registeel|Thunder Wave|p2a: Scyther","|-status|p2a: Scyther|par","|","|-heal|p1a: Registeel|208/364|[from] item: Leftovers","|turn|30","|","|move|p1a: Registeel|Ice Punch|p2a: Scyther","|-supereffective|p2a: Scyther","|-damage|p2a: Scyther|229/343 par","|move|p2a: Scyther|Aerial Ace|p1a: Registeel","|-resisted|p1a: Registeel","|-damage|p1a: Registeel|154/364","|","|-heal|p1a: Registeel|176/364|[from] item: Leftovers","|turn|31","|","|move|p2a: Scyther|Aerial Ace|p1a: Registeel","|-resisted|p1a: Registeel","|-damage|p1a: Registeel|127/364","|move|p1a: Registeel|Counter|p2a: Scyther","|-damage|p2a: Scyther|131/343 par","|","|-heal|p1a: Registeel|149/364|[from] item: Leftovers","|turn|32","|","|move|p1a: Registeel|Iron Head|p2a: Scyther","|-crit|p2a: Scyther","|-damage|p2a: Scyther|10/343 par","|cant|p2a: Scyther|flinch","|","|-heal|p1a: Registeel|171/364|[from] item: Leftovers","|turn|33","|","|move|p1a: Registeel|Iron Head|p2a: Scyther","|-damage|p2a: Scyther|0 fnt","|faint|p2a: Scyther","|","|-heal|p1a: Registeel|193/364|[from] item: Leftovers","|","|switch|p2a: Venomoth|Venomoth, M|161/281","|turn|34","|","|move|p2a: Venomoth|Bug Buzz|p1a: Registeel","|-resisted|p1a: Registeel","|-damage|p1a: Registeel|105/364","|move|p1a: Registeel|Thunder Wave|p2a: Venomoth","|-status|p2a: Venomoth|par","|","|-heal|p1a: Registeel|127/364|[from] item: Leftovers","|turn|35","|","|move|p1a: Registeel|Ice Punch|p2a: Venomoth","|-damage|p2a: Venomoth|65/281 par","|move|p2a: Venomoth|Bug Buzz|p1a: Registeel","|-resisted|p1a: Registeel","|-damage|p1a: Registeel|29/364","|","|-heal|p1a: Registeel|51/364|[from] item: Leftovers","|turn|36","|","|move|p1a: Registeel|Iron Head|p2a: Venomoth","|-damage|p2a: Venomoth|0 fnt","|faint|p2a: Venomoth","|","|win|greenpigaphant"],"p1rating":{"entryid":813270,"formatid":"monotype","userid":"greenpigaphant","username":"greenpigaphant","r":1500,"rd":130,"sigma":0,"rpr":1544.3693461414,"rprd":122.80850767193,"rpsigma":0,"rptime":1441270800,"w":1,"l":0,"t":0,"gxe":55.5,"acre":1052.5751268489,"lacre":1052.5751268489,"oldacre":1000},"p2rating":{"entryid":"758729","serverid":"eos","formatid":"monotype","userid":"alliancerai","username":"Alliance - Rai","w":"3","l":1,"t":"0","gxe":57.3,"r":"1536.0352574226","rd":"122.28372883121","sigma":"0","rptime":"1441270800","rpr":1558.1592581818,"rprd":106.39777730056,"rpsigma":"0","acre":1080.1948263958,"lacre":1080.1948263958,"oldacre":"1113.0542806764"},"endType":"normal"}