{"seed":[63563,3647,9242,59347],"turns":25,"p1":"Apex✦Reborn","p2":"GTX♅Zygosity","p1team":[{"name":"HardNope","species":"scizor","item":"choiceband","ability":"Technician","moves":["bulletpunch","uturn","aerialace","pursuit"],"nature":"Adamant","evs":{"hp":156,"atk":252,"def":100,"spa":0,"spd":0,"spe":0},"ivs":{"hp":31,"atk":31,"def":31,"spa":31,"spd":31,"spe":31}},{"name":"BuggyNope","species":"volcarona","item":"leftovers","ability":"Flame Body","moves":["fierydance","roost","bugbuzz","quiverdance"],"nature":"Timid","evs":{"hp":56,"atk":0,"def":176,"spa":220,"spd":8,"spe":48},"ivs":{"hp":31,"atk":31,"def":31,"spa":30,"spd":30,"spe":31}},{"name":"SpikyNope","species":"pinsir","item":"pinsirite","ability":"Moxie","moves":["earthquake","stoneedge","frustration","quickattack"],"nature":"Adamant","evs":{"hp":84,"atk":252,"def":0,"spa":0,"spd":0,"spe":172},"happiness":0,"ivs":{"hp":31,"atk":31,"def":31,"spa":31,"spd":31,"spe":31}},{"name":"HeraclesNope","species":"heracross","item":"assaultvest","ability":"Guts","moves":["closecombat","rockslide","knockoff","megahorn"],"nature":"Adamant","evs":{"hp":124,"atk":132,"def":0,"spa":0,"spd":252,"spe":0},"ivs":{"hp":31,"atk":31,"def":31,"spa":31,"spd":31,"spe":31}},{"name":"YellowNope","species":"galvantula","item":"focussash","ability":"Compound Eyes","moves":["stickyweb","thunder","thunderwave","bugbuzz"],"nature":"Timid","evs":{"hp":0,"atk":0,"def":0,"spa":252,"spd":4,"spe":252},"ivs":{"hp":31,"atk":31,"def":31,"spa":31,"spd":31,"spe":31}},{"name":"Ninjask","species":"Ninjask","item":"leftovers","ability":"Speed Boost","moves":["protect","substitute","batonpass","secretpower"],"nature":"Bold","evs":{"hp":252,"atk":0,"def":172,"spa":0,"spd":4,"spe":80},"ivs":{"hp":31,"atk":31,"def":31,"spa":31,"spd":31,"spe":31}}],"p2team":[{"name":"Doublade","species":"Doublade","item":"eviolite","ability":"No Guard","moves":["flashcannon","ironhead","shadowsneak","pursuit"],"nature":"Naughty","evs":{"hp":248,"atk":252,"def":0,"spa":8,"spd":0,"spe":0},"ivs":{"hp":31,"atk":31,"def":31,"spa":31,"spd":31,"spe":31}},{"name":"Forretress","species":"Forretress","item":"lightclay","ability":"Sturdy","moves":["drillrun","explosion","lightscreen","rapidspin"],"nature":"Adamant","evs":{"hp":248,"atk":252,"def":0,"spa":0,"spd":8,"spe":0},"ivs":{"hp":31,"atk":31,"def":31,"spa":31,"spd":31,"spe":31}},{"name":"Jirachi","species":"Jirachi","item":"choicescarf","ability":"Serene Grace","moves":["ironhead","hiddenpowerwater","shadowball","thunderpunch"],"nature":"Hasty","evs":{"hp":0,"atk":252,"def":0,"spa":4,"spd":0,"spe":252},"ivs":{"hp":31,"atk":30,"def":30,"spa":30,"spd":31,"spe":31}},{"name":"Magnezone","species":"Magnezone","item":"choicespecs","ability":"Sturdy","moves":["thunderbolt","voltswitch","flashcannon","hiddenpowergrass"],"nature":"","ivs":{"hp":31,"atk":30,"def":31,"spa":30,"spd":31,"spe":31},"evs":{"hp":0,"atk":0,"def":0,"spa":0,"spd":0,"spe":0}},{"name":"Skarmory","species":"Skarmory","item":"rockyhelmet","ability":"Sturdy","moves":["airslash","stealthrock","spikes","roost"],"nature":"Bold","evs":{"hp":248,"atk":0,"def":236,"spa":0,"spd":0,"spe":24},"ivs":{"hp":31,"atk":31,"def":31,"spa":31,"spd":31,"spe":31}},{"name":"Scizor","species":"Scizor","item":"scizorite","ability":"Technician","moves":["acrobatics","bulletpunch","hiddenpowerwater","uturn"],"nature":"Naughty","evs":{"hp":0,"atk":252,"def":0,"spa":8,"spd":0,"spe":248},"ivs":{"hp":31,"atk":30,"def":30,"spa":30,"spd":31,"spe":31}}],"log":["|player|p1|Apex✦Reborn|142","|player|p2|GTX♅Zygosity|218","|gametype|singles","|gen|6","|tier|Monotype","|rated","|rule|Baton Pass Clause: Limit one Baton Passer, can't pass Spe and other stats simultaneously","|rule|Swagger Clause: Swagger is banned","|rule|Same Type Clause: Pokémon in a team must share a type","|clearpoke","|poke|p1|Scizor, M","|poke|p1|Volcarona, F","|poke|p1|Pinsir, F","|poke|p1|Heracross, F","|poke|p1|Galvantula, M","|poke|p1|Ninjask, F","|poke|p2|Doublade, M","|poke|p2|Forretress, M","|poke|p2|Jirachi","|poke|p2|Magnezone","|poke|p2|Skarmory, M","|poke|p2|Scizor, F","|rule|Sleep Clause Mod: Limit one foe put to sleep","|rule|Species Clause: Limit one of each Pokémon","|rule|OHKO Clause: OHKO moves are banned","|rule|Moody Clause: Moody is banned","|rule|Evasion Moves Clause: Evasion moves are banned","|rule|Endless Battle Clause: Forcing endless battles is banned","|rule|HP Percentage Mod: HP is shown in percentages","|teampreview","|","|start","|switch|p1a: YellowNope|Galvantula, M|281/281","|switch|p2a: Skarmory|Skarmory, M|333/333","|turn|1","|","|move|p1a: YellowNope|Thunder Wave|p2a: Skarmory","|-status|p2a: Skarmory|par","|move|p2a: Skarmory|Stealth Rock|p1a: YellowNope","|-sidestart|p1: Apex✦Reborn|move: Stealth Rock","|","|turn|2","|","|move|p1a: YellowNope|Sticky Web|p2a: Skarmory","|-sidestart|p2: GTX♅Zygosity|move: Sticky Web","|move|p2a: Skarmory|Spikes|p1a: YellowNope","|-sidestart|p1: Apex✦Reborn|Spikes","|","|turn|3","|","|move|p1a: YellowNope|Thunder|p2a: Skarmory","|-supereffective|p2a: Skarmory","|-ability|p2a: Skarmory|Sturdy","|-damage|p2a: Skarmory|1/333 par","|move|p2a: Skarmory|Spikes|p1a: YellowNope","|-sidestart|p1: Apex✦Reborn|Spikes","|","|turn|4","|","|move|p1a: YellowNope|Bug Buzz|p2a: Skarmory","|-resisted|p2a: Skarmory","|-damage|p2a: Skarmory|0 fnt","|faint|p2a: Skarmory","|","|","|switch|p2a: Jirachi|Jirachi|341/341","|-activate|p2a: Jirachi|move: Sticky Web","|-unboost|p2a: Jirachi|spe|1","|turn|5","|","|move|p1a: YellowNope|Thunder Wave|p2a: Jirachi","|-status|p2a: Jirachi|par","|move|p2a: Jirachi|Shadow Ball|p1a: YellowNope","|-damage|p1a: YellowNope|182/281","|","|turn|6","|","|move|p1a: YellowNope|Thunder|p2a: Jirachi","|-damage|p2a: Jirachi|170/341 par","|move|p2a: Jirachi|Shadow Ball|p1a: YellowNope","|-damage|p1a: YellowNope|82/281","|","|turn|7","|","|move|p1a: YellowNope|Thunder|p2a: Jirachi","|-damage|p2a: Jirachi|22/341 par","|move|p2a: Jirachi|Shadow Ball|p1a: YellowNope","|-damage|p1a: YellowNope|0 fnt","|faint|p1a: YellowNope","|","|","|switch|p1a: Ninjask|Ninjask, F|326/326","|-damage|p1a: Ninjask|163/326|[from] Stealth Rock","|turn|8","|","|move|p1a: Ninjask|Protect|p1a: Ninjask","|-singleturn|p1a: Ninjask|Protect","|move|p2a: Jirachi|Shadow Ball|p1a: Ninjask","|-activate|p1a: Ninjask|Protect","|","|-heal|p1a: Ninjask|183/326|[from] item: Leftovers","|-boost|p1a: Ninjask|spe|1|[from] ability: Speed Boost","|turn|9","|","|move|p1a: Ninjask|Substitute|p1a: Ninjask","|-start|p1a: Ninjask|Substitute","|-damage|p1a: Ninjask|102/326","|move|p2a: Jirachi|Shadow Ball|p1a: Ninjask","|-crit|p1a: Ninjask","|-end|p1a: Ninjask|Substitute","|","|-heal|p1a: Ninjask|122/326|[from] item: Leftovers","|-boost|p1a: Ninjask|spe|1|[from] ability: Speed Boost","|turn|10","|","|move|p1a: Ninjask|Protect|p1a: Ninjask","|-singleturn|p1a: Ninjask|Protect","|move|p2a: Jirachi|Shadow Ball|p1a: Ninjask","|-activate|p1a: Ninjask|Protect","|","|-heal|p1a: Ninjask|142/326|[from] item: Leftovers","|-boost|p1a: Ninjask|spe|1|[from] ability: Speed Boost","|turn|11","|","|switch|p2a: Scizor|Scizor, F|281/281","|-activate|p2a: Scizor|move: Sticky Web","|-unboost|p2a: Scizor|spe|1","|move|p1a: Ninjask|Baton Pass|p1a: Ninjask","|","|switch|p1a: BuggyNope|Volcarona, F|325/325","|-damage|p1a: BuggyNope|163/325|[from] Stealth Rock","|-damage|p1a: BuggyNope|109/325|[from] Spikes","|","|-heal|p1a: BuggyNope|129/325|[from] item: Leftovers","|turn|12","|","|move|p2a: Scizor|Bullet Punch|p1a: BuggyNope","|-resisted|p1a: BuggyNope","|-damage|p1a: BuggyNope|57/325","|move|p1a: BuggyNope|Roost|p1a: BuggyNope","|-heal|p1a: BuggyNope|220/325","|","|-heal|p1a: BuggyNope|240/325|[from] item: Leftovers","|turn|13","|","|detailschange|p2a: Scizor|Scizor-Mega, F","|-mega|p2a: Scizor|Scizor|Scizorite","|move|p1a: BuggyNope|Quiver Dance|p1a: BuggyNope","|-boost|p1a: BuggyNope|spa|1","|-boost|p1a: BuggyNope|spd|1","|-boost|p1a: BuggyNope|spe|1","|move|p2a: Scizor|Hidden Power|p1a: BuggyNope","|-supereffective|p1a: BuggyNope","|-damage|p1a: BuggyNope|172/325","|","|-heal|p1a: BuggyNope|192/325|[from] item: Leftovers","|turn|14","|","|move|p2a: Scizor|Bullet Punch|p1a: BuggyNope","|-resisted|p1a: BuggyNope","|-damage|p1a: BuggyNope|119/325","|move|p1a: BuggyNope|Quiver Dance|p1a: BuggyNope","|-boost|p1a: BuggyNope|spa|1","|-boost|p1a: BuggyNope|spd|1","|-boost|p1a: BuggyNope|spe|1","|","|-heal|p1a: BuggyNope|139/325|[from] item: Leftovers","|turn|15","|","|move|p2a: Scizor|Bullet Punch|p1a: BuggyNope","|-resisted|p1a: BuggyNope","|-damage|p1a: BuggyNope|64/325","|move|p1a: BuggyNope|Roost|p1a: BuggyNope","|-heal|p1a: BuggyNope|227/325","|","|-heal|p1a: BuggyNope|247/325|[from] item: Leftovers","|turn|16","|","|move|p1a: BuggyNope|Fiery Dance|p2a: Scizor","|-supereffective|p2a: Scizor","|-damage|p2a: Scizor|0 fnt","|faint|p2a: Scizor","|","|-heal|p1a: BuggyNope|267/325|[from] item: Leftovers","|","|switch|p2a: Magnezone|Magnezone|281/281","|-activate|p2a: Magnezone|move: Sticky Web","|-unboost|p2a: Magnezone|spe|1","|turn|17","|","|move|p1a: BuggyNope|Fiery Dance|p2a: Magnezone","|-supereffective|p2a: Magnezone","|-ability|p2a: Magnezone|Sturdy","|-damage|p2a: Magnezone|1/281","|move|p2a: Magnezone|Thunderbolt|p1a: BuggyNope","|-damage|p1a: BuggyNope|164/325","|","|-heal|p1a: BuggyNope|184/325|[from] item: Leftovers","|turn|18","|","|move|p1a: BuggyNope|Fiery Dance|p2a: Magnezone","|-supereffective|p2a: Magnezone","|-damage|p2a: Magnezone|0 fnt","|faint|p2a: Magnezone","|","|-heal|p1a: BuggyNope|204/325|[from] item: Leftovers","|","|switch|p2a: Jirachi|Jirachi|22/341 par","|-activate|p2a: Jirachi|move: Sticky Web","|-unboost|p2a: Jirachi|spe|1","|turn|19","|","|move|p1a: BuggyNope|Fiery Dance|p2a: Jirachi","|-supereffective|p2a: Jirachi","|-damage|p2a: Jirachi|0 fnt","|faint|p2a: Jirachi","|","|-heal|p1a: BuggyNope|224/325|[from] item: Leftovers","|","|switch|p2a: Forretress|Forretress, M|353/353","|-activate|p2a: Forretress|move: Sticky Web","|-unboost|p2a: Forretress|spe|1","|turn|20","|","|move|p1a: BuggyNope|Fiery Dance|p2a: Forretress","|-supereffective|p2a: Forretress","|-ability|p2a: Forretress|Sturdy","|-damage|p2a: Forretress|1/353","|move|p2a: Forretress|Explosion|p1a: BuggyNope","|-damage|p1a: BuggyNope|0 fnt","|faint|p2a: Forretress","|faint|p1a: BuggyNope","|","|","|switch|p1a: SpikyNope|Pinsir, F|292/292","|switch|p2a: Doublade|Doublade, M|321/321","|-damage|p1a: SpikyNope|219/292|[from] Stealth Rock","|-damage|p1a: SpikyNope|171/292|[from] Spikes","|-activate|p2a: Doublade|move: Sticky Web","|-unboost|p2a: Doublade|spe|1","|turn|21","|","|detailschange|p1a: SpikyNope|Pinsir-Mega, F","|-mega|p1a: SpikyNope|Pinsir|Pinsirite","|move|p1a: SpikyNope|Earthquake|p2a: Doublade","|-supereffective|p2a: Doublade","|-damage|p2a: Doublade|187/321","|move|p2a: Doublade|Iron Head|p1a: SpikyNope","|-damage|p1a: SpikyNope|54/292","|","|turn|22","|","|move|p2a: Doublade|Shadow Sneak|p1a: SpikyNope","|-damage|p1a: SpikyNope|0 fnt","|faint|p1a: SpikyNope","|","|","|switch|p1a: Ninjask|Ninjask, F|142/326","|-damage|p1a: Ninjask|0 fnt|[from] Stealth Rock","|faint|p1a: Ninjask","|","|switch|p1a: HeraclesNope|Heracross, F|332/332","|-damage|p1a: HeraclesNope|277/332|[from] Spikes","|-damage|p1a: HeraclesNope|236/332|[from] Stealth Rock","|turn|23","|","|move|p1a: HeraclesNope|Knock Off|p2a: Doublade","|-supereffective|p2a: Doublade","|-damage|p2a: Doublade|89/321","|-enditem|p2a: Doublade|Eviolite|[from] move: Knock Off|[of] p1a: HeraclesNope","|move|p2a: Doublade|Iron Head|p1a: HeraclesNope","|-damage|p1a: HeraclesNope|68/332","|","|turn|24","|","|move|p2a: Doublade|Shadow Sneak|p1a: HeraclesNope","|-damage|p1a: HeraclesNope|0 fnt","|faint|p1a: HeraclesNope","|","|","|switch|p1a: HardNope|Scizor, M|320/320","|-damage|p1a: HardNope|267/320|[from] Spikes","|-damage|p1a: HardNope|227/320|[from] Stealth Rock","|turn|25","|","|move|p1a: HardNope|Pursuit|p2a: Doublade","|-crit|p2a: Doublade","|-supereffective|p2a: Doublade","|-damage|p2a: Doublade|0 fnt","|faint|p2a: Doublade","|","|win|Apex✦Reborn"],"p1rating":{"entryid":"473409","serverid":"eos","formatid":"monotype","userid":"apexreborn","username":"Apex✦Reborn","w":16,"l":"13","t":"0","gxe":56.3,"r":"1534.9395784642","rd":"64.659723413869","sigma":"0","rptime":"1441270800","rpr":1548.0517090211,"rprd":62.104268771395,"rpsigma":"0","acre":1226.7508603645,"lacre":1226.7508603645,"oldacre":"1215.5353359786"},"p2rating":{"entryid":797435,"formatid":"monotype","userid":"gtxzygosity","username":"GTX♅Zygosity","r":1500,"rd":130,"sigma":0,"rpr":1462.0755531442,"rprd":122.12898337386,"rpsigma":0,"rptime":1441270800,"w":0,"l":1,"t":0,"gxe":45.3,"acre":1000,"lacre":1000,"oldacre":1000},"endType":"normal"}