{"seed":[28958,20491,32949,3558],"turns":23,"p1":"Alliance - Elite","p2":"Carnie KeySein","p1team":[{"name":"Hawlucha","species":"Hawlucha","item":"powerherb","ability":"Unburden","moves":["swordsdance","skyattack","acrobatics","highjumpkick"],"nature":"Jolly","evs":{"hp":0,"atk":252,"def":0,"spa":0,"spd":4,"spe":252},"gender":"M","ivs":{"hp":31,"atk":31,"def":31,"spa":31,"spd":31,"spe":31}},{"name":"Terrakion","species":"Terrakion","item":"choicescarf","ability":"Justified","moves":["stoneedge","xscissor","ironhead","closecombat"],"nature":"Jolly","evs":{"hp":0,"atk":252,"def":4,"spa":0,"spd":0,"spe":252},"ivs":{"hp":31,"atk":31,"def":31,"spa":31,"spd":31,"spe":31}},{"name":"Cobalion","species":"Cobalion","item":"leftovers","ability":"Justified","moves":["closecombat","voltswitch","ironhead","stealthrock"],"nature":"Jolly","evs":{"hp":144,"atk":112,"def":0,"spa":0,"spd":0,"spe":252},"ivs":{"hp":31,"atk":31,"def":31,"spa":31,"spd":31,"spe":31}},{"name":"Keldeo","species":"Keldeo","item":"leftovers","ability":"Justified","moves":["substitute","scald","secretsword","calmmind"],"nature":"Timid","evs":{"hp":0,"atk":0,"def":0,"spa":252,"spd":4,"spe":252},"ivs":{"hp":31,"atk":0,"def":31,"spa":31,"spd":31,"spe":31}},{"name":"Gallade","species":"Gallade","item":"galladite","ability":"Justified","moves":["swordsdance","drainpunch","icepunch","zenheadbutt"],"nature":"Jolly","evs":{"hp":4,"atk":252,"def":0,"spa":0,"spd":0,"spe":252},"ivs":{"hp":31,"atk":31,"def":31,"spa":31,"spd":31,"spe":31}},{"name":"Conkeldurr","species":"Conkeldurr","item":"assaultvest","ability":"Guts","moves":["drainpunch","poisonjab","icepunch","machpunch"],"nature":"Adamant","evs":{"hp":4,"atk":252,"def":0,"spa":0,"spd":252,"spe":0},"gender":"M","ivs":{"hp":31,"atk":31,"def":31,"spa":31,"spd":31,"spe":31}}],"p2team":[{"name":"Hawlucha","species":"Hawlucha","item":"sitrusberry","ability":"Unburden","moves":["roost","swordsdance","highjumpkick","acrobatics"],"nature":"Jolly","evs":{"hp":12,"atk":252,"def":0,"spa":0,"spd":0,"spe":244},"ivs":{"hp":31,"atk":31,"def":31,"spa":31,"spd":31,"spe":31}},{"name":"Gliscor","species":"Gliscor","item":"toxicorb","ability":"Poison Heal","moves":["substitute","protect","earthquake","toxic"],"nature":"Jolly","evs":{"hp":252,"atk":0,"def":4,"spa":0,"spd":0,"spe":252},"ivs":{"hp":31,"atk":31,"def":31,"spa":31,"spd":31,"spe":31}},{"name":"Gyarados","species":"Gyarados","item":"gyaradosite","ability":"Intimidate","moves":["dragondance","waterfall","substitute","taunt"],"nature":"Jolly","evs":{"hp":4,"atk":252,"def":0,"spa":0,"spd":0,"spe":252},"ivs":{"hp":31,"atk":30,"def":31,"spa":30,"spd":31,"spe":30}},{"name":"Landorus","species":"Landorus","item":"lifeorb","ability":"Sheer Force","moves":["earthpower","knockoff","rockslide","hiddenpowerice"],"nature":"Rash","evs":{"hp":0,"atk":4,"def":0,"spa":252,"spd":0,"spe":252},"ivs":{"hp":31,"atk":30,"def":30,"spa":31,"spd":31,"spe":31}},{"name":"Togekiss","species":"Togekiss","item":"lumberry","ability":"Serene Grace","moves":["thunderwave","airslash","roost","defog"],"nature":"Calm","evs":{"hp":252,"atk":0,"def":0,"spa":0,"spd":160,"spe":96},"ivs":{"hp":31,"atk":31,"def":31,"spa":31,"spd":31,"spe":31}},{"name":"Salamence","species":"Salamence","item":"choicescarf","ability":"Moxie","moves":["outrage","earthquake","crunch","brickbreak"],"nature":"Jolly","evs":{"hp":0,"atk":252,"def":0,"spa":0,"spd":4,"spe":252},"ivs":{"hp":31,"atk":31,"def":31,"spa":31,"spd":31,"spe":31}}],"log":["|player|p1|Alliance - Elite|92","|player|p2|Carnie KeySein|164","|gametype|singles","|gen|6","|tier|Monotype","|rated","|rule|Baton Pass Clause: Limit one Baton Passer, can't pass Spe and other stats simultaneously","|rule|Swagger Clause: Swagger is banned","|rule|Same Type Clause: Pokémon in a team must share a type","|clearpoke","|poke|p1|Hawlucha, M","|poke|p1|Terrakion","|poke|p1|Cobalion","|poke|p1|Keldeo","|poke|p1|Gallade, M","|poke|p1|Conkeldurr, M","|poke|p2|Hawlucha, M","|poke|p2|Gliscor, M","|poke|p2|Gyarados, F","|poke|p2|Landorus, M","|poke|p2|Togekiss, F","|poke|p2|Salamence, F","|rule|Sleep Clause Mod: Limit one foe put to sleep","|rule|Species Clause: Limit one of each Pokémon","|rule|OHKO Clause: OHKO moves are banned","|rule|Moody Clause: Moody is banned","|rule|Evasion Moves Clause: Evasion moves are banned","|rule|Endless Battle Clause: Forcing endless battles is banned","|rule|HP Percentage Mod: HP is shown in percentages","|teampreview","|","|start","|switch|p1a: Conkeldurr|Conkeldurr, M|352/352","|switch|p2a: Gyarados|Gyarados, F|332/332","|-ability|p2a: Gyarados|Intimidate","|-unboost|p1a: Conkeldurr|atk|1","|turn|1","|","|detailschange|p2a: Gyarados|Gyarados-Mega, F","|-mega|p2a: Gyarados|Gyarados|Gyaradosite","|-ability|p2a: Gyarados|Mold Breaker","|move|p2a: Gyarados|Dragon Dance|p2a: Gyarados","|-boost|p2a: Gyarados|atk|1","|-boost|p2a: Gyarados|spe|1","|move|p1a: Conkeldurr|Drain Punch|p2a: Gyarados","|-supereffective|p2a: Gyarados","|-damage|p2a: Gyarados|138/332","|","|turn|2","|","|move|p2a: Gyarados|Waterfall|p1a: Conkeldurr","|-damage|p1a: Conkeldurr|97/352","|move|p1a: Conkeldurr|Drain Punch|p2a: Gyarados","|-supereffective|p2a: Gyarados","|-damage|p2a: Gyarados|0 fnt","|-heal|p1a: Conkeldurr|166/352|[from] drain|[of] p2a: Gyarados","|faint|p2a: Gyarados","|","|","|switch|p2a: Hawlucha|Hawlucha, M|300/300","|turn|3","|","|move|p2a: Hawlucha|Acrobatics|p1a: Conkeldurr","|-supereffective|p1a: Conkeldurr","|-damage|p1a: Conkeldurr|16/352","|move|p1a: Conkeldurr|Ice Punch|p2a: Hawlucha","|-supereffective|p2a: Hawlucha","|-damage|p2a: Hawlucha|130/300","|-enditem|p2a: Hawlucha|Sitrus Berry|[eat]","|-heal|p2a: Hawlucha|205/300|[from] item: Sitrus Berry","|","|turn|4","|","|move|p1a: Conkeldurr|Mach Punch|p2a: Hawlucha","|-resisted|p2a: Hawlucha","|-damage|p2a: Hawlucha|172/300","|move|p2a: Hawlucha|Acrobatics|p1a: Conkeldurr","|-supereffective|p1a: Conkeldurr","|-damage|p1a: Conkeldurr|0 fnt","|faint|p1a: Conkeldurr","|","|","|switch|p1a: Cobalion|Cobalion|359/359","|turn|5","|","|move|p2a: Hawlucha|Swords Dance|p2a: Hawlucha","|-boost|p2a: Hawlucha|atk|2","|move|p1a: Cobalion|Volt Switch|p2a: Hawlucha","|-supereffective|p2a: Hawlucha","|-damage|p2a: Hawlucha|30/300","|","|switch|p1a: Terrakion|Terrakion|323/323","|","|turn|6","|","|move|p2a: Hawlucha|Roost|p2a: Hawlucha","|-heal|p2a: Hawlucha|180/300","|move|p1a: Terrakion|Stone Edge|p2a: Hawlucha|[miss]","|-miss|p1a: Terrakion|p2a: Hawlucha","|","|turn|7","|","|move|p2a: Hawlucha|Acrobatics|p1a: Terrakion","|-damage|p1a: Terrakion|0 fnt","|faint|p1a: Terrakion","|","|","|switch|p1a: Cobalion|Cobalion|359/359","|turn|8","|","|move|p2a: Hawlucha|Acrobatics|p1a: Cobalion","|-damage|p1a: Cobalion|131/359","|move|p1a: Cobalion|Volt Switch|p2a: Hawlucha","|-crit|p2a: Hawlucha","|-supereffective|p2a: Hawlucha","|-damage|p2a: Hawlucha|0 fnt","|faint|p2a: Hawlucha","|","|switch|p1a: Keldeo|Keldeo|323/323","|","|","|switch|p2a: Salamence|Salamence, F|331/331","|turn|9","|","|move|p2a: Salamence|Outrage|p1a: Keldeo","|-damage|p1a: Keldeo|68/323","|move|p1a: Keldeo|Scald|p2a: Salamence","|-resisted|p2a: Salamence","|-damage|p2a: Salamence|245/331","|","|-heal|p1a: Keldeo|88/323|[from] item: Leftovers","|turn|10","|","|switch|p1a: Cobalion|Cobalion|131/359","|move|p2a: Salamence|Outrage|p1a: Cobalion|[from]lockedmove","|-resisted|p1a: Cobalion","|-damage|p1a: Cobalion|44/359","|","|-heal|p1a: Cobalion|66/359|[from] item: Leftovers","|turn|11","|","|move|p2a: Salamence|Outrage|p1a: Cobalion|[from]lockedmove","|-resisted|p1a: Cobalion","|-damage|p1a: Cobalion|0 fnt","|-start|p2a: Salamence|confusion|[fatigue]","|faint|p1a: Cobalion","|-boost|p2a: Salamence|atk|1|[from] ability: Moxie","|","|","|switch|p1a: Gallade|Gallade, M|278/278","|turn|12","|","|detailschange|p1a: Gallade|Gallade-Mega, M","|-mega|p1a: Gallade|Gallade|Galladite","|-activate|p2a: Salamence|confusion","|-damage|p2a: Salamence|162/331|[from] confusion","|move|p1a: Gallade|Ice Punch|p2a: Salamence","|-supereffective|p2a: Salamence","|-damage|p2a: Salamence|0 fnt","|faint|p2a: Salamence","|","|","|switch|p2a: Gliscor|Gliscor, M|354/354","|turn|13","|","|move|p1a: Gallade|Ice Punch|p2a: Gliscor","|-supereffective|p2a: Gliscor","|-damage|p2a: Gliscor|0 fnt","|faint|p2a: Gliscor","|","|","|switch|p2a: Landorus|Landorus, M|319/319","|turn|14","|","|move|p1a: Gallade|Ice Punch|p2a: Landorus","|-supereffective|p2a: Landorus","|-damage|p2a: Landorus|0 fnt","|faint|p2a: Landorus","|","|","|switch|p2a: Togekiss|Togekiss, F|374/374","|turn|15","|","|move|p1a: Gallade|Ice Punch|p2a: Togekiss","|-supereffective|p2a: Togekiss","|-damage|p2a: Togekiss|136/374","|move|p2a: Togekiss|Thunder Wave|p1a: Gallade","|-status|p1a: Gallade|par","|","|turn|16","|","|move|p2a: Togekiss|Roost|p2a: Togekiss","|-heal|p2a: Togekiss|323/374","|move|p1a: Gallade|Ice Punch|p2a: Togekiss","|-damage|p2a: Togekiss|218/374","|-status|p2a: Togekiss|frz","|-enditem|p2a: Togekiss|Lum Berry|[eat]","|-curestatus|p2a: Togekiss|frz","|","|turn|17","|","|move|p2a: Togekiss|Air Slash|p1a: Gallade","|-supereffective|p1a: Gallade","|-damage|p1a: Gallade|110/278 par","|move|p1a: Gallade|Zen Headbutt|p2a: Togekiss","|-damage|p2a: Togekiss|50/374","|","|turn|18","|","|move|p2a: Togekiss|Roost|p2a: Togekiss","|-heal|p2a: Togekiss|237/374","|cant|p1a: Gallade|par","|","|turn|19","|","|move|p2a: Togekiss|Air Slash|p1a: Gallade","|-supereffective|p1a: Gallade","|-damage|p1a: Gallade|0 fnt","|faint|p1a: Gallade","|","|","|switch|p1a: Keldeo|Keldeo|88/323","|turn|20","|","|move|p1a: Keldeo|Scald|p2a: Togekiss","|-damage|p2a: Togekiss|129/374","|move|p2a: Togekiss|Air Slash|p1a: Keldeo","|-supereffective|p1a: Keldeo","|-damage|p1a: Keldeo|0 fnt","|faint|p1a: Keldeo","|","|","|switch|p1a: Hawlucha|Hawlucha, M|297/297","|turn|21","|","|move|p1a: Hawlucha|Sky Attack|p2a: Togekiss|[still]|[miss]","|-prepare|p1a: Hawlucha|Sky Attack|p2a: Togekiss","|-enditem|p1a: Hawlucha|Power Herb","|-anim|p1a: Hawlucha|Sky Attack|p2a: Togekiss","|-miss|p1a: Hawlucha|p2a: Togekiss","|move|p2a: Togekiss|Thunder Wave|p1a: Hawlucha","|-status|p1a: Hawlucha|par","|","|turn|22","|","|move|p2a: Togekiss|Roost|p2a: Togekiss","|-heal|p2a: Togekiss|316/374","|move|p1a: Hawlucha|Acrobatics|p2a: Togekiss","|-damage|p2a: Togekiss|168/374","|","|turn|23","|","|move|p2a: Togekiss|Air Slash|p1a: Hawlucha","|-supereffective|p1a: Hawlucha","|-damage|p1a: Hawlucha|0 fnt","|faint|p1a: Hawlucha","|","|win|Carnie KeySein"],"p1rating":{"entryid":"364566","serverid":"eos","formatid":"monotype","userid":"allianceelite","username":"Alliance - Elite","w":"14","l":7,"t":"0","gxe":62.1,"r":"1630.4619793654","rd":"72.894700382113","sigma":"0","rptime":"1441270800","rpr":1594.7122072544,"rprd":70.262408028554,"rpsigma":"0","acre":1157.6523919361,"lacre":1157.6523919361,"oldacre":"1191.3227628696"},"p2rating":{"entryid":"787247","serverid":"eos","formatid":"monotype","userid":"carniekeysein","username":"Carnie KeySein","w":6,"l":"5","t":"0","gxe":53.7,"r":"1523.4884859227","rd":"89.635850194284","sigma":"0","rptime":"1441270800","rpr":1529.0105403448,"rprd":84.794498163417,"rpsigma":"0","acre":1106.2312112374,"lacre":1106.2312112374,"oldacre":"1065.6141303976"},"endType":"normal"}