{"seed":[37199,12755,36471,2555],"turns":35,"p1":"Chaos Abra","p2":"V Photon","p1team":[{"name":"Lopunny","species":"Lopunny","item":"lopunnite","ability":"Limber","moves":["fakeout","poweruppunch","highjumpkick","return"],"nature":"Jolly","evs":{"hp":0,"atk":252,"def":0,"spa":0,"spd":4,"spe":252},"ivs":{"hp":31,"atk":31,"def":31,"spa":31,"spd":31,"spe":31}},{"name":"Chansey","species":"Chansey","item":"eviolite","ability":"Natural Cure","moves":["seismictoss","wish","healbell","toxic"],"nature":"Bold","evs":{"hp":248,"atk":0,"def":252,"spa":8,"spd":0,"spe":0},"ivs":{"hp":31,"atk":31,"def":31,"spa":31,"spd":31,"spe":31}},{"name":"Diggersby","species":"Diggersby","item":"focussash","ability":"Huge Power","moves":["return","earthquake","quickattack","swordsdance"],"nature":"Jolly","evs":{"hp":4,"atk":252,"def":0,"spa":0,"spd":0,"spe":252},"ivs":{"hp":31,"atk":31,"def":31,"spa":31,"spd":31,"spe":31}},{"name":"Heliolisk","species":"Heliolisk","item":"choicespecs","ability":"Dry Skin","moves":["thunderbolt","voltswitch","hiddenpowerice","hypervoice"],"nature":"Timid","evs":{"hp":0,"atk":0,"def":0,"spa":252,"spd":4,"spe":252},"ivs":{"hp":31,"atk":30,"def":30,"spa":31,"spd":31,"spe":31}},{"name":"Porygon2","species":"Porygon2","item":"eviolite","ability":"Trace","moves":["triattack","icebeam","thunderwave","recover"],"nature":"Bold","evs":{"hp":252,"atk":0,"def":128,"spa":4,"spd":124,"spe":0},"ivs":{"hp":31,"atk":31,"def":31,"spa":31,"spd":31,"spe":31}},{"name":"Staraptor","species":"Staraptor","item":"leftovers","ability":"Intimidate","moves":["return","defog","roost","featherdance"],"nature":"Impish","evs":{"hp":252,"atk":4,"def":252,"spa":0,"spd":0,"spe":0},"ivs":{"hp":31,"atk":31,"def":31,"spa":31,"spd":31,"spe":31}}],"p2team":[{"name":"Stun","species":"venusaur","item":"venusaurite","ability":"Overgrow","moves":["sludgebomb","synthesis","hiddenpowerfire","gigadrain"],"nature":"Quiet","evs":{"hp":68,"atk":0,"def":128,"spa":104,"spd":208,"spe":0},"ivs":{"hp":31,"atk":30,"def":31,"spa":30,"spd":31,"spe":30}},{"name":"Myth","species":"ferrothorn","item":"rockyhelmet","ability":"Iron Barbs","moves":["stealthrock","leechseed","gyroball","toxic"],"nature":"Relaxed","evs":{"hp":252,"atk":0,"def":88,"spa":0,"spd":168,"spe":0},"ivs":{"hp":31,"atk":31,"def":31,"spa":31,"spd":31,"spe":31}},{"name":"Viper","species":"whimsicott","item":"choicespecs","ability":"Infiltrator","moves":["moonblast","shadowball","psychic","hiddenpowerfire"],"nature":"Timid","evs":{"hp":0,"atk":0,"def":0,"spa":252,"spd":4,"spe":252},"ivs":{"hp":31,"atk":30,"def":31,"spa":30,"spd":31,"spe":30}},{"name":"Kray","species":"roserade","item":"choicescarf","ability":"Technician","moves":["extrasensory","hiddenpowerice","energyball","dazzlinggleam"],"nature":"Timid","evs":{"hp":0,"atk":0,"def":0,"spa":252,"spd":4,"spe":252},"ivs":{"hp":31,"atk":30,"def":30,"spa":31,"spd":31,"spe":31}},{"name":"Neo","species":"shiftry","item":"lifeorb","ability":"Chlorophyll","moves":["knockoff","suckerpunch","rockslide","swordsdance"],"nature":"Adamant","evs":{"hp":0,"atk":252,"def":0,"spa":0,"spd":4,"spe":252},"ivs":{"hp":31,"atk":31,"def":31,"spa":31,"spd":31,"spe":31}},{"name":"Sam","species":"breloom","item":"toxicorb","ability":"Poison Heal","moves":["swordsdance","drainpunch","seedbomb","machpunch"],"nature":"Jolly","evs":{"hp":12,"atk":244,"def":0,"spa":0,"spd":0,"spe":252},"ivs":{"hp":31,"atk":31,"def":31,"spa":31,"spd":31,"spe":31}}],"log":["|player|p1|Chaos Abra|101","|player|p2|V Photon|266","|gametype|singles","|gen|6","|tier|Monotype","|rated","|rule|Baton Pass Clause: Limit one Baton Passer, can't pass Spe and other stats simultaneously","|rule|Swagger Clause: Swagger is banned","|rule|Same Type Clause: Pokémon in a team must share a type","|clearpoke","|poke|p1|Lopunny, F","|poke|p1|Chansey, F","|poke|p1|Diggersby, M","|poke|p1|Heliolisk, M","|poke|p1|Porygon2","|poke|p1|Staraptor, F","|poke|p2|Venusaur, F","|poke|p2|Ferrothorn, M","|poke|p2|Whimsicott, F","|poke|p2|Roserade, M","|poke|p2|Shiftry, M","|poke|p2|Breloom, F","|rule|Sleep Clause Mod: Limit one foe put to sleep","|rule|Species Clause: Limit one of each Pokémon","|rule|OHKO Clause: OHKO moves are banned","|rule|Moody Clause: Moody is banned","|rule|Evasion Moves Clause: Evasion moves are banned","|rule|Endless Battle Clause: Forcing endless battles is banned","|rule|HP Percentage Mod: HP is shown in percentages","|teampreview","|","|start","|switch|p1a: Heliolisk|Heliolisk, M|265/265","|switch|p2a: Sam|Breloom, F|264/264","|turn|1","|","|move|p1a: Heliolisk|Volt Switch|p2a: Sam","|-resisted|p2a: Sam","|-damage|p2a: Sam|140/264","|","|switch|p1a: Staraptor|Staraptor, F|374/374","|-ability|p1a: Staraptor|Intimidate","|-unboost|p2a: Sam|atk|1","|move|p2a: Sam|Drain Punch|p1a: Staraptor","|-damage|p1a: Staraptor|290/374","|-heal|p2a: Sam|182/264|[from] drain|[of] p1a: Staraptor","|","|-heal|p1a: Staraptor|313/374|[from] item: Leftovers","|-status|p2a: Sam|tox|[from] item: Toxic Orb","|turn|2","|","|switch|p2a: Myth|Ferrothorn, M|352/352","|move|p1a: Staraptor|Return|p2a: Myth","|-resisted|p2a: Myth","|-damage|p2a: Myth|309/352","|-damage|p1a: Staraptor|267/374|[from] ability: Iron Barbs|[of] p2a: Myth","|-damage|p1a: Staraptor|205/374|[from] item: Rocky Helmet|[of] p2a: Myth","|","|-heal|p1a: Staraptor|228/374|[from] item: Leftovers","|turn|3","|","|switch|p1a: Diggersby|Diggersby, M|312/312","|move|p2a: Myth|Leech Seed|p1a: Diggersby","|-start|p1a: Diggersby|move: Leech Seed","|","|-damage|p1a: Diggersby|273/312|[from] Leech Seed|[of] p2a: Myth","|-heal|p2a: Myth|348/352|[silent]","|turn|4","|","|switch|p2a: Viper|Whimsicott, F|261/261","|move|p1a: Diggersby|Swords Dance|p1a: Diggersby","|-boost|p1a: Diggersby|atk|2","|","|-damage|p1a: Diggersby|234/312|[from] Leech Seed|[of] p2a: Viper","|turn|5","|","|move|p1a: Diggersby|Quick Attack|p2a: Viper","|-damage|p2a: Viper|72/261","|move|p2a: Viper|Moonblast|p1a: Diggersby","|-damage|p1a: Diggersby|0 fnt","|faint|p1a: Diggersby","|","|","|switch|p1a: Heliolisk|Heliolisk, M|265/265","|turn|6","|","|move|p2a: Viper|Moonblast|p1a: Heliolisk","|-damage|p1a: Heliolisk|76/265","|move|p1a: Heliolisk|Volt Switch|p2a: Viper","|-resisted|p2a: Viper","|-damage|p2a: Viper|0 fnt","|faint|p2a: Viper","|","|switch|p1a: Lopunny|Lopunny, F|271/271","|","|","|switch|p2a: Stun|Venusaur, F|318/318","|turn|7","|","|detailschange|p1a: Lopunny|Lopunny-Mega, F","|-mega|p1a: Lopunny|Lopunny|Lopunnite","|detailschange|p2a: Stun|Venusaur-Mega, F","|-mega|p2a: Stun|Venusaur|Venusaurite","|move|p1a: Lopunny|Fake Out|p2a: Stun","|-damage|p2a: Stun|266/318","|cant|p2a: Stun|flinch","|","|turn|8","|","|switch|p1a: Porygon2|Porygon2|374/374","|-ability|p1a: Porygon2|Thick Fat|[from] ability: Trace|[of] p2a: Stun","|move|p2a: Stun|Giga Drain|p1a: Porygon2","|-damage|p1a: Porygon2|292/374","|-heal|p2a: Stun|307/318|[from] drain|[of] p1a: Porygon2","|","|turn|9","|","|switch|p2a: Myth|Ferrothorn, M|348/352","|move|p1a: Porygon2|Thunder Wave|p2a: Myth","|-status|p2a: Myth|par","|","|turn|10","|","|switch|p1a: Lopunny|Lopunny-Mega, F|271/271","|move|p2a: Myth|Leech Seed|p1a: Lopunny|[miss]","|-miss|p2a: Myth|p1a: Lopunny","|","|turn|11","|","|switch|p2a: Kray|Roserade, M|261/261","|move|p1a: Lopunny|Power-Up Punch|p2a: Kray","|-resisted|p2a: Kray","|-damage|p2a: Kray|208/261","|-boost|p1a: Lopunny|atk|1","|","|turn|12","|","|move|p2a: Kray|Dazzling Gleam|p1a: Lopunny","|-supereffective|p1a: Lopunny","|-damage|p1a: Lopunny|95/271","|move|p1a: Lopunny|Return|p2a: Kray","|-crit|p2a: Kray","|-damage|p2a: Kray|0 fnt","|faint|p2a: Kray","|","|","|switch|p2a: Sam|Breloom, F|182/264 tox","|turn|13","|","|switch|p1a: Staraptor|Staraptor, F|228/374","|-ability|p1a: Staraptor|Intimidate","|-unboost|p2a: Sam|atk|1","|move|p2a: Sam|Mach Punch|p1a: Staraptor","|-damage|p1a: Staraptor|185/374","|","|-heal|p1a: Staraptor|208/374|[from] item: Leftovers","|-heal|p2a: Sam|215/264 tox|[from] ability: Poison Heal","|turn|14","|","|switch|p1a: Lopunny|Lopunny-Mega, F|95/271","|move|p2a: Sam|Swords Dance|p2a: Sam","|-boost|p2a: Sam|atk|2","|","|-heal|p2a: Sam|248/264 tox|[from] ability: Poison Heal","|turn|15","|","|move|p1a: Lopunny|Fake Out|p2a: Sam","|-damage|p2a: Sam|166/264 tox","|cant|p2a: Sam|flinch","|","|-heal|p2a: Sam|199/264 tox|[from] ability: Poison Heal","|turn|16","|","|switch|p1a: Staraptor|Staraptor, F|208/374","|-ability|p1a: Staraptor|Intimidate","|-unboost|p2a: Sam|atk|1","|move|p2a: Sam|Mach Punch|p1a: Staraptor","|-damage|p1a: Staraptor|142/374","|","|-heal|p1a: Staraptor|165/374|[from] item: Leftovers","|-heal|p2a: Sam|232/264 tox|[from] ability: Poison Heal","|turn|17","|","|move|p2a: Sam|Drain Punch|p1a: Staraptor","|-damage|p1a: Staraptor|50/374","|-heal|p2a: Sam|264/264 tox|[from] drain|[of] p1a: Staraptor","|move|p1a: Staraptor|Return|p2a: Sam","|-damage|p2a: Sam|108/264 tox","|","|-heal|p1a: Staraptor|73/374|[from] item: Leftovers","|-heal|p2a: Sam|141/264 tox|[from] ability: Poison Heal","|turn|18","|","|move|p2a: Sam|Drain Punch|p1a: Staraptor","|-damage|p1a: Staraptor|0 fnt","|-heal|p2a: Sam|178/264 tox|[from] drain|[of] p1a: Staraptor","|faint|p1a: Staraptor","|","|-heal|p2a: Sam|211/264 tox|[from] ability: Poison Heal","|","|switch|p1a: Porygon2|Porygon2|292/374","|-ability|p1a: Porygon2|Poison Heal|[from] ability: Trace|[of] p2a: Sam","|turn|19","|","|move|p2a: Sam|Swords Dance|p2a: Sam","|-boost|p2a: Sam|atk|2","|move|p1a: Porygon2|Ice Beam|p2a: Sam","|-supereffective|p2a: Sam","|-damage|p2a: Sam|0 fnt","|faint|p2a: Sam","|","|","|switch|p2a: Neo|Shiftry, M|321/321","|turn|20","|","|move|p2a: Neo|Knock Off|p1a: Porygon2","|-damage|p1a: Porygon2|171/374","|-enditem|p1a: Porygon2|Eviolite|[from] move: Knock Off|[of] p2a: Neo","|-damage|p2a: Neo|289/321|[from] item: Life Orb","|move|p1a: Porygon2|Thunder Wave|p2a: Neo","|-status|p2a: Neo|par","|","|turn|21","|","|move|p2a: Neo|Sucker Punch|p1a: Porygon2","|-damage|p1a: Porygon2|10/374","|-damage|p2a: Neo|257/321 par|[from] item: Life Orb","|move|p1a: Porygon2|Ice Beam|p2a: Neo","|-supereffective|p2a: Neo","|-damage|p2a: Neo|41/321 par","|","|turn|22","|","|switch|p2a: Stun|Venusaur-Mega, F|307/318","|move|p1a: Porygon2|Recover|p1a: Porygon2","|-heal|p1a: Porygon2|197/374","|","|turn|23","|","|move|p2a: Stun|Sludge Bomb|p1a: Porygon2","|-damage|p1a: Porygon2|49/374","|move|p1a: Porygon2|Thunder Wave|p2a: Stun","|-status|p2a: Stun|par","|","|turn|24","|","|move|p1a: Porygon2|Recover|p1a: Porygon2","|-heal|p1a: Porygon2|236/374","|cant|p2a: Stun|par","|","|turn|25","|","|move|p1a: Porygon2|Ice Beam|p2a: Stun","|-supereffective|p2a: Stun","|-damage|p2a: Stun|251/318 par","|cant|p2a: Stun|par","|","|turn|26","|","|move|p1a: Porygon2|Tri Attack|p2a: Stun","|-damage|p2a: Stun|176/318 par","|move|p2a: Stun|Giga Drain|p1a: Porygon2","|-damage|p1a: Porygon2|130/374","|-heal|p2a: Stun|229/318 par|[from] drain|[of] p1a: Porygon2","|","|turn|27","|","|move|p1a: Porygon2|Tri Attack|p2a: Stun","|-damage|p2a: Stun|162/318 par","|move|p2a: Stun|Giga Drain|p1a: Porygon2","|-damage|p1a: Porygon2|22/374","|-heal|p2a: Stun|216/318 par|[from] drain|[of] p1a: Porygon2","|","|turn|28","|","|move|p1a: Porygon2|Tri Attack|p2a: Stun","|-damage|p2a: Stun|150/318 par","|cant|p2a: Stun|par","|","|turn|29","|","|move|p1a: Porygon2|Tri Attack|p2a: Stun","|-damage|p2a: Stun|83/318 par","|move|p2a: Stun|Giga Drain|p1a: Porygon2","|-damage|p1a: Porygon2|0 fnt","|-heal|p2a: Stun|94/318 par|[from] drain|[of] p1a: Porygon2","|faint|p1a: Porygon2","|","|","|switch|p1a: Heliolisk|Heliolisk, M|76/265","|turn|30","|","|move|p1a: Heliolisk|Hyper Voice|p2a: Stun","|-damage|p2a: Stun|0 fnt","|faint|p2a: Stun","|","|","|switch|p2a: Neo|Shiftry, M|41/321 par","|turn|31","|","|switch|p1a: Chansey|Chansey, F|703/703","|move|p2a: Neo|Knock Off|p1a: Chansey","|-damage|p1a: Chansey|429/703","|-enditem|p1a: Chansey|Eviolite|[from] move: Knock Off|[of] p2a: Neo","|-damage|p2a: Neo|9/321 par|[from] item: Life Orb","|","|turn|32","|","|switch|p2a: Myth|Ferrothorn, M|348/352 par","|move|p1a: Chansey|Wish|p1a: Chansey","|","|turn|33","|","|move|p1a: Chansey|Seismic Toss|p2a: Myth","|-damage|p2a: Myth|248/352 par","|-damage|p1a: Chansey|342/703|[from] ability: Iron Barbs|[of] p2a: Myth","|-damage|p1a: Chansey|225/703|[from] item: Rocky Helmet|[of] p2a: Myth","|move|p2a: Myth|Gyro Ball|p1a: Chansey","|-damage|p1a: Chansey|0 fnt","|faint|p1a: Chansey","|","|","|switch|p1a: Lopunny|Lopunny-Mega, F|95/271","|turn|34","|","|move|p1a: Lopunny|High Jump Kick|p2a: Myth","|-supereffective|p2a: Myth","|-damage|p2a: Myth|0 fnt","|-damage|p1a: Lopunny|62/271|[from] ability: Iron Barbs|[of] p2a: Myth","|-damage|p1a: Lopunny|17/271|[from] item: Rocky Helmet|[of] p2a: Myth","|faint|p2a: Myth","|","|","|switch|p2a: Neo|Shiftry, M|9/321 par","|turn|35","|","|move|p2a: Neo|Sucker Punch|p1a: Lopunny","|-resisted|p1a: Lopunny","|-damage|p1a: Lopunny|0 fnt","|-damage|p2a: Neo|0 fnt|[from] item: Life Orb","|faint|p1a: Lopunny","|faint|p2a: Neo","|","|win|Chaos Abra"],"p1rating":{"entryid":"428364","serverid":"eos","formatid":"monotype","userid":"chaosabra","username":"Chaos Abra","w":1,"l":"2","t":"0","gxe":46.8,"r":"1430.0940151105","rd":117.70128573234,"sigma":"0","rptime":1441270800,"rpr":1474.8160025101,"rprd":112.01686021028,"rpsigma":"0","acre":1060.8392534889,"lacre":1060.8392534889,"oldacre":"1000"},"p2rating":{"entryid":"24749","serverid":"eos","formatid":"monotype","userid":"vphoton","username":"V Photon - ⓈⓁⒺⒺⓅ","w":"22","l":21,"t":"0","gxe":51.8,"r":"1522.7188899137","rd":"54.64951508735","sigma":"0","rptime":"1441270800","rpr":1513.6662433418,"rprd":52.971184560106,"rpsigma":"0","acre":1162.6840470284,"lacre":1162.6840470284,"oldacre":"1200.7085804589"},"endType":"normal"}