{"seed":[41309,4954,30744,11901],"turns":34,"p1":"Apex Hurricane","p2":"Imp Donut","p1team":[{"name":"Empoleon","species":"Empoleon","item":"leftovers","ability":"Torrent","moves":["scald","roar","stealthrock","defog"],"nature":"Calm","evs":{"hp":252,"atk":0,"def":0,"spa":0,"spd":252,"spe":4},"ivs":{"hp":31,"atk":0,"def":31,"spa":31,"spd":31,"spe":31}},{"name":"Skarmory","species":"Skarmory","item":"leftovers","ability":"Sturdy","moves":["spikes","roost","bravebird","whirlwind"],"nature":"Impish","evs":{"hp":248,"atk":0,"def":252,"spa":0,"spd":0,"spe":8},"ivs":{"hp":31,"atk":31,"def":31,"spa":31,"spd":31,"spe":31}},{"name":"Heatran","species":"Heatran","item":"airballoon","ability":"Flash Fire","moves":["fireblast","stoneedge","earthpower","flashcannon"],"nature":"Mild","evs":{"hp":184,"atk":8,"def":0,"spa":252,"spd":0,"spe":64},"ivs":{"hp":31,"atk":0,"def":31,"spa":31,"spd":31,"spe":31}},{"name":"Scizor","species":"Scizor","item":"scizorite","ability":"Light Metal","moves":["swordsdance","roost","bulletpunch","knockoff"],"nature":"Impish","evs":{"hp":248,"atk":44,"def":16,"spa":0,"spd":200,"spe":0},"ivs":{"hp":31,"atk":31,"def":31,"spa":31,"spd":31,"spe":31}},{"name":"Magnezone","species":"Magnezone","item":"choicescarf","ability":"Magnet Pull","moves":["thunderbolt","voltswitch","hiddenpowerfire","flashcannon"],"nature":"Timid","evs":{"hp":0,"atk":0,"def":0,"spa":252,"spd":4,"spe":252},"ivs":{"hp":31,"atk":0,"def":31,"spa":30,"spd":31,"spe":30}},{"name":"Excadrill","species":"Excadrill","item":"choicescarf","ability":"Mold Breaker","moves":["earthquake","rapidspin","rockslide","ironhead"],"nature":"Jolly","evs":{"hp":0,"atk":252,"def":0,"spa":0,"spd":4,"spe":252},"ivs":{"hp":31,"atk":31,"def":31,"spa":31,"spd":31,"spe":31}}],"p2team":[{"name":"Excadrill","species":"Excadrill","item":"choicescarf","ability":"Mold Breaker","moves":["brickbreak","earthquake","ironhead","rockslide"],"nature":"Jolly","evs":{"hp":0,"atk":252,"def":0,"spa":0,"spd":4,"spe":252},"ivs":{"hp":31,"atk":31,"def":31,"spa":31,"spd":31,"spe":31}},{"name":"Empoleon","species":"Empoleon","item":"leftovers","ability":"Torrent","moves":["icebeam","knockoff","scald","hiddenpowergrass"],"nature":"Calm","evs":{"hp":196,"atk":0,"def":84,"spa":52,"spd":176,"spe":0},"ivs":{"hp":31,"atk":0,"def":31,"spa":30,"spd":31,"spe":31}},{"name":"Heatran","species":"Heatran","item":"airballoon","ability":"Flash Fire","moves":["ancientpower","earthpower","lavaplume","hiddenpowergrass"],"nature":"Modest","evs":{"hp":232,"atk":0,"def":0,"spa":252,"spd":0,"spe":24},"ivs":{"hp":31,"atk":30,"def":31,"spa":30,"spd":31,"spe":31}},{"name":"Ferrothorn","species":"Ferrothorn","item":"leftovers","ability":"Iron Barbs","moves":["leechseed","powerwhip","protect","ironhead"],"nature":"Impish","evs":{"hp":252,"atk":4,"def":252,"spa":0,"spd":0,"spe":0},"ivs":{"hp":31,"atk":31,"def":31,"spa":31,"spd":31,"spe":31}},{"name":"Skarmory","species":"Skarmory","item":"rockyhelmet","ability":"Sturdy","moves":["bravebird","stealthrock","roost","whirlwind"],"nature":"Impish","evs":{"hp":248,"atk":0,"def":236,"spa":0,"spd":0,"spe":24},"ivs":{"hp":31,"atk":31,"def":31,"spa":31,"spd":31,"spe":31}},{"name":"Doublade","species":"Doublade","item":"eviolite","ability":"No Guard","moves":["ironhead","sacredsword","shadowsneak","swordsdance"],"nature":"Adamant","evs":{"hp":248,"atk":252,"def":0,"spa":0,"spd":8,"spe":0},"ivs":{"hp":31,"atk":31,"def":31,"spa":31,"spd":31,"spe":31}}],"log":["|player|p1|Apex Hurricane|290","|player|p2|Imp Donut|170","|gametype|singles","|gen|6","|tier|Monotype","|rated","|rule|Baton Pass Clause: Limit one Baton Passer, can't pass Spe and other stats simultaneously","|rule|Swagger Clause: Swagger is banned","|rule|Same Type Clause: Pokémon in a team must share a type","|clearpoke","|poke|p1|Empoleon, M","|poke|p1|Skarmory, M","|poke|p1|Heatran, M","|poke|p1|Scizor, F","|poke|p1|Magnezone","|poke|p1|Excadrill, M","|poke|p2|Excadrill, F","|poke|p2|Empoleon, M","|poke|p2|Heatran, M","|poke|p2|Ferrothorn, F","|poke|p2|Skarmory, M","|poke|p2|Doublade, M","|rule|Sleep Clause Mod: Limit one foe put to sleep","|rule|Species Clause: Limit one of each Pokémon","|rule|OHKO Clause: OHKO moves are banned","|rule|Moody Clause: Moody is banned","|rule|Evasion Moves Clause: Evasion moves are banned","|rule|Endless Battle Clause: Forcing endless battles is banned","|rule|HP Percentage Mod: HP is shown in percentages","|teampreview","|","|start","|switch|p1a: Heatran|Heatran, M|369/369","|switch|p2a: Heatran|Heatran, M|381/381","|-item|p1a: Heatran|Air Balloon","|-item|p2a: Heatran|Air Balloon","|turn|1","|","|move|p1a: Heatran|Stone Edge|p2a: Heatran","|-damage|p2a: Heatran|321/381","|-enditem|p2a: Heatran|Air Balloon","|move|p2a: Heatran|Ancient Power|p1a: Heatran","|-damage|p1a: Heatran|291/369","|-enditem|p1a: Heatran|Air Balloon","|","|turn|2","|","|switch|p2a: Empoleon|Empoleon, M|358/358","|move|p1a: Heatran|Earth Power|p2a: Empoleon","|-supereffective|p2a: Empoleon","|-damage|p2a: Empoleon|166/358","|","|-heal|p2a: Empoleon|188/358|[from] item: Leftovers","|turn|3","|","|switch|p1a: Empoleon|Empoleon, M|372/372","|move|p2a: Empoleon|Scald|p1a: Empoleon","|-resisted|p1a: Empoleon","|-damage|p1a: Empoleon|333/372","|","|-heal|p1a: Empoleon|356/372|[from] item: Leftovers","|-heal|p2a: Empoleon|210/358|[from] item: Leftovers","|turn|4","|","|move|p1a: Empoleon|Stealth Rock|p2a: Empoleon","|-sidestart|p2: Imp Donut|move: Stealth Rock","|move|p2a: Empoleon|Knock Off|p1a: Empoleon","|-damage|p1a: Empoleon|294/372","|-enditem|p1a: Empoleon|Leftovers|[from] move: Knock Off|[of] p2a: Empoleon","|","|-heal|p2a: Empoleon|232/358|[from] item: Leftovers","|turn|5","|","|move|p1a: Empoleon|Scald|p2a: Empoleon","|-resisted|p2a: Empoleon","|-damage|p2a: Empoleon|190/358","|-status|p2a: Empoleon|brn","|move|p2a: Empoleon|Scald|p1a: Empoleon","|-resisted|p1a: Empoleon","|-damage|p1a: Empoleon|255/372","|-status|p1a: Empoleon|brn","|","|-heal|p2a: Empoleon|212/358 brn|[from] item: Leftovers","|-damage|p1a: Empoleon|209/372 brn|[from] brn","|-damage|p2a: Empoleon|168/358 brn|[from] brn","|turn|6","|","|move|p2a: Empoleon|Hidden Power|p1a: Empoleon","|-crit|p1a: Empoleon","|-damage|p1a: Empoleon|151/372 brn","|move|p1a: Empoleon|Roar|p2a: Empoleon","|drag|p2a: Heatran|Heatran, M|321/381","|-damage|p2a: Heatran|274/381|[from] Stealth Rock","|","|-damage|p1a: Empoleon|105/372 brn|[from] brn","|turn|7","|","|move|p2a: Heatran|Earth Power|p1a: Empoleon","|-supereffective|p1a: Empoleon","|-damage|p1a: Empoleon|0 fnt","|faint|p1a: Empoleon","|","|","|switch|p1a: Heatran|Heatran, M|291/369","|turn|8","|","|switch|p2a: Empoleon|Empoleon, M|168/358 brn","|-damage|p2a: Empoleon|146/358 brn|[from] Stealth Rock","|move|p1a: Heatran|Earth Power|p2a: Empoleon","|-supereffective|p2a: Empoleon","|-damage|p2a: Empoleon|0 fnt","|faint|p2a: Empoleon","|","|","|switch|p2a: Excadrill|Excadrill, F|361/361","|-damage|p2a: Excadrill|350/361|[from] Stealth Rock","|-ability|p2a: Excadrill|Mold Breaker","|turn|9","|","|switch|p2a: Heatran|Heatran, M|274/381","|-damage|p2a: Heatran|227/381|[from] Stealth Rock","|switch|p1a: Skarmory|Skarmory, M|333/333","|","|turn|10","|","|move|p2a: Heatran|Ancient Power|p1a: Skarmory","|-damage|p1a: Skarmory|233/333","|move|p1a: Skarmory|Spikes|p2a: Heatran","|-sidestart|p2: Imp Donut|Spikes","|","|-heal|p1a: Skarmory|253/333|[from] item: Leftovers","|turn|11","|","|switch|p1a: Heatran|Heatran, M|291/369","|move|p2a: Heatran|Earth Power|p1a: Heatran","|-supereffective|p1a: Heatran","|-damage|p1a: Heatran|0 fnt","|faint|p1a: Heatran","|","|","|switch|p1a: Magnezone|Magnezone|281/281","|turn|12","|","|move|p1a: Magnezone|Volt Switch|p2a: Heatran","|-damage|p2a: Heatran|101/381","|","|switch|p1a: Skarmory|Skarmory, M|253/333","|move|p2a: Heatran|Earth Power|p1a: Skarmory","|-immune|p1a: Skarmory|[msg]","|","|-heal|p1a: Skarmory|273/333|[from] item: Leftovers","|turn|13","|","|move|p2a: Heatran|Lava Plume|p1a: Skarmory","|-supereffective|p1a: Skarmory","|-damage|p1a: Skarmory|0 fnt","|faint|p1a: Skarmory","|","|","|switch|p1a: Magnezone|Magnezone|281/281","|turn|14","|","|move|p1a: Magnezone|Volt Switch|p2a: Heatran","|-damage|p2a: Heatran|0 fnt","|faint|p2a: Heatran","|","|switch|p1a: Scizor|Scizor, F|343/343","|","|","|switch|p2a: Ferrothorn|Ferrothorn, F|352/352","|-damage|p2a: Ferrothorn|308/352|[from] Spikes","|-damage|p2a: Ferrothorn|286/352|[from] Stealth Rock","|turn|15","|","|switch|p1a: Magnezone|Magnezone|281/281","|move|p2a: Ferrothorn|Leech Seed|p1a: Magnezone","|-start|p1a: Magnezone|move: Leech Seed","|","|-heal|p2a: Ferrothorn|308/352|[from] item: Leftovers","|-damage|p1a: Magnezone|246/281|[from] Leech Seed|[of] p2a: Ferrothorn","|-heal|p2a: Ferrothorn|343/352|[silent]","|turn|16","|","|move|p2a: Ferrothorn|Protect|p2a: Ferrothorn","|-singleturn|p2a: Ferrothorn|Protect","|move|p1a: Magnezone|Hidden Power|p2a: Ferrothorn","|-activate|p2a: Ferrothorn|Protect","|","|-heal|p2a: Ferrothorn|352/352|[from] item: Leftovers","|-damage|p1a: Magnezone|211/281|[from] Leech Seed|[of] p2a: Ferrothorn","|turn|17","|","|move|p1a: Magnezone|Hidden Power|p2a: Ferrothorn","|-supereffective|p2a: Ferrothorn","|-damage|p2a: Ferrothorn|88/352","|move|p2a: Ferrothorn|Power Whip|p1a: Magnezone","|-resisted|p1a: Magnezone","|-damage|p1a: Magnezone|151/281","|","|-heal|p2a: Ferrothorn|110/352|[from] item: Leftovers","|-damage|p1a: Magnezone|116/281|[from] Leech Seed|[of] p2a: Ferrothorn","|-heal|p2a: Ferrothorn|145/352|[silent]","|turn|18","|","|move|p2a: Ferrothorn|Protect|p2a: Ferrothorn","|-singleturn|p2a: Ferrothorn|Protect","|move|p1a: Magnezone|Hidden Power|p2a: Ferrothorn","|-activate|p2a: Ferrothorn|Protect","|","|-heal|p2a: Ferrothorn|167/352|[from] item: Leftovers","|-damage|p1a: Magnezone|81/281|[from] Leech Seed|[of] p2a: Ferrothorn","|-heal|p2a: Ferrothorn|202/352|[silent]","|turn|19","|","|move|p2a: Ferrothorn|Protect|p2a: Ferrothorn","|-fail|p2a: Ferrothorn","|move|p1a: Magnezone|Hidden Power|p2a: Ferrothorn","|-supereffective|p2a: Ferrothorn","|-damage|p2a: Ferrothorn|0 fnt","|faint|p2a: Ferrothorn","|","|","|switch|p2a: Excadrill|Excadrill, F|350/361","|-damage|p2a: Excadrill|305/361|[from] Spikes","|-damage|p2a: Excadrill|294/361|[from] Stealth Rock","|-ability|p2a: Excadrill|Mold Breaker","|turn|20","|","|switch|p1a: Excadrill|Excadrill, M|361/361","|-ability|p1a: Excadrill|Mold Breaker","|move|p2a: Excadrill|Earthquake|p1a: Excadrill","|-supereffective|p1a: Excadrill","|-damage|p1a: Excadrill|0 fnt","|faint|p1a: Excadrill","|","|","|switch|p1a: Scizor|Scizor, F|343/343","|turn|21","|","|switch|p2a: Skarmory|Skarmory, M|333/333","|-damage|p2a: Skarmory|292/333|[from] Stealth Rock","|detailschange|p1a: Scizor|Scizor-Mega, F","|-mega|p1a: Scizor|Scizor|Scizorite","|move|p1a: Scizor|Knock Off|p2a: Skarmory","|-damage|p2a: Skarmory|230/333","|-damage|p1a: Scizor|286/343|[from] item: Rocky Helmet|[of] p2a: Skarmory","|-enditem|p2a: Skarmory|Rocky Helmet|[from] move: Knock Off|[of] p1a: Scizor","|","|turn|22","|","|switch|p1a: Magnezone|Magnezone|81/281","|switch|p2a: Excadrill|Excadrill, F|294/361","|-damage|p2a: Excadrill|249/361|[from] Spikes","|-damage|p2a: Excadrill|238/361|[from] Stealth Rock","|-ability|p2a: Excadrill|Mold Breaker","|","|turn|23","|","|move|p2a: Excadrill|Earthquake|p1a: Magnezone","|-supereffective|p1a: Magnezone","|-damage|p1a: Magnezone|0 fnt","|faint|p1a: Magnezone","|","|","|switch|p1a: Scizor|Scizor-Mega, F|286/343","|turn|24","|","|move|p2a: Excadrill|Earthquake|p1a: Scizor","|-damage|p1a: Scizor|165/343","|move|p1a: Scizor|Knock Off|p2a: Excadrill","|-damage|p2a: Excadrill|65/361","|-enditem|p2a: Excadrill|Choice Scarf|[from] move: Knock Off|[of] p1a: Scizor","|","|turn|25","|","|move|p2a: Excadrill|Earthquake|p1a: Scizor","|-damage|p1a: Scizor|33/343","|move|p1a: Scizor|Roost|p1a: Scizor","|-heal|p1a: Scizor|205/343","|","|turn|26","|","|move|p1a: Scizor|Bullet Punch|p2a: Excadrill","|-resisted|p2a: Excadrill","|-damage|p2a: Excadrill|0 fnt","|faint|p2a: Excadrill","|","|","|switch|p2a: Skarmory|Skarmory, M|230/333","|-damage|p2a: Skarmory|189/333|[from] Stealth Rock","|turn|27","|","|move|p1a: Scizor|Swords Dance|p1a: Scizor","|-boost|p1a: Scizor|atk|2","|move|p2a: Skarmory|Roost|p2a: Skarmory","|-heal|p2a: Skarmory|333/333","|","|turn|28","|","|move|p1a: Scizor|Swords Dance|p1a: Scizor","|-boost|p1a: Scizor|atk|2","|move|p2a: Skarmory|Brave Bird|p1a: Scizor","|-crit|p1a: Scizor","|-damage|p1a: Scizor|85/343","|-damage|p2a: Skarmory|293/333|[from] recoil|[of] p1a: Scizor","|","|turn|29","|","|move|p1a: Scizor|Roost|p1a: Scizor","|-heal|p1a: Scizor|257/343","|move|p2a: Skarmory|Brave Bird|p1a: Scizor","|-damage|p1a: Scizor|173/343","|-damage|p2a: Skarmory|265/333|[from] recoil|[of] p1a: Scizor","|","|turn|30","|","|move|p1a: Scizor|Roost|p1a: Scizor","|-heal|p1a: Scizor|343/343","|move|p2a: Skarmory|Roost|p2a: Skarmory","|-heal|p2a: Skarmory|333/333","|","|turn|31","|","|move|p1a: Scizor|Swords Dance|p1a: Scizor","|-boost|p1a: Scizor|atk|2","|move|p2a: Skarmory|Brave Bird|p1a: Scizor","|-damage|p1a: Scizor|261/343","|-damage|p2a: Skarmory|306/333|[from] recoil|[of] p1a: Scizor","|","|turn|32","|","|move|p1a: Scizor|Knock Off|p2a: Skarmory","|-damage|p2a: Skarmory|129/333","|move|p2a: Skarmory|Brave Bird|p1a: Scizor","|-damage|p1a: Scizor|176/343","|-damage|p2a: Skarmory|101/333|[from] recoil|[of] p1a: Scizor","|","|turn|33","|","|move|p1a: Scizor|Knock Off|p2a: Skarmory","|-damage|p2a: Skarmory|0 fnt","|faint|p2a: Skarmory","|","|","|switch|p2a: Doublade|Doublade, M|321/321","|-damage|p2a: Doublade|281/321|[from] Spikes","|-damage|p2a: Doublade|261/321|[from] Stealth Rock","|turn|34","|","|move|p1a: Scizor|Knock Off|p2a: Doublade","|-supereffective|p2a: Doublade","|-damage|p2a: Doublade|0 fnt","|-enditem|p2a: Doublade|Eviolite|[from] move: Knock Off|[of] p1a: Scizor","|faint|p2a: Doublade","|","|win|Apex Hurricane"],"p1rating":{"entryid":"777147","serverid":"eos","formatid":"monotype","userid":"apexhurricane","username":"Apex Hurricane","w":4,"l":"1","t":"0","gxe":63.2,"r":"1506.2533511708","rd":"116.71628887384","sigma":"0","rptime":"1441270800","rpr":1606.401215535,"rprd":102.90972454081,"rpsigma":"0","acre":1131.5465646873,"lacre":1131.5465646873,"oldacre":"1099.1140552879"},"p2rating":{"entryid":"659054","serverid":"eos","formatid":"monotype","userid":"impdonut","username":"Imp Donut","w":"12","l":6,"t":"0","gxe":62.2,"r":"1614.476095346","rd":"74.92478422535","sigma":"0","rptime":"1441270800","rpr":1595.725547087,"rprd":73.55491716247,"rpsigma":"0","acre":1170.75282274,"lacre":1170.75282274,"oldacre":"1203.0138432562"},"endType":"normal"}