{"seed":[49719,55628,40946,62792],"turns":30,"p1":"Apex✦Quilluminati","p2":"hypershaymin","p1team":[{"name":"Allen Iverson","species":"diancie","item":"diancite","ability":"Clear Body","moves":["protect","moonblast","earthpower","diamondstorm"],"nature":"Hasty","evs":{"hp":0,"atk":120,"def":0,"spa":128,"spd":8,"spe":252},"ivs":{"hp":31,"atk":31,"def":31,"spa":31,"spd":31,"spe":31}},{"name":"Michael Jordan","species":"terrakion","item":"choicescarf","ability":"Justified","moves":["closecombat","ironhead","earthquake","stoneedge"],"nature":"Jolly","evs":{"hp":0,"atk":252,"def":0,"spa":0,"spd":4,"spe":252},"shiny":true,"ivs":{"hp":31,"atk":31,"def":31,"spa":31,"spd":31,"spe":31}},{"name":"Wilt Chamberlain","species":"shuckle","item":"redcard","ability":"Sturdy","moves":["stickyweb","knockoff","stealthrock","toxic"],"nature":"Impish","evs":{"hp":252,"atk":0,"def":84,"spa":0,"spd":172,"spe":0},"ivs":{"hp":31,"atk":31,"def":31,"spa":31,"spd":31,"spe":31}},{"name":"Aerodactyl","species":"Aerodactyl","item":"focussash","ability":"Rock Head","moves":["honeclaws","aerialace","stoneedge","aquatail"],"nature":"Jolly","evs":{"hp":4,"atk":252,"def":0,"spa":0,"spd":0,"spe":252},"ivs":{"hp":31,"atk":31,"def":31,"spa":31,"spd":31,"spe":31}},{"name":"Omastar","species":"Omastar","item":"focussash","ability":"Shell Armor","moves":["shellsmash","scald","icebeam","earthpower"],"nature":"Modest","evs":{"hp":4,"atk":0,"def":0,"spa":252,"spd":0,"spe":252},"ivs":{"hp":31,"atk":31,"def":31,"spa":31,"spd":31,"spe":31}},{"name":"Tyranitar","species":"Tyranitar","item":"assaultvest","ability":"Sand Stream","moves":["fireblast","crunch","stoneedge","earthquake"],"nature":"Naughty","evs":{"hp":248,"atk":252,"def":0,"spa":8,"spd":0,"spe":0},"ivs":{"hp":31,"atk":31,"def":31,"spa":31,"spd":31,"spe":31}}],"p2team":[{"name":"Hades","species":"sableye","item":"sablenite","ability":"Prankster","moves":["willowisp","recover","calmmind","snarl"],"nature":"Bold","evs":{"hp":244,"atk":0,"def":252,"spa":0,"spd":12,"spe":0},"shiny":true,"ivs":{"hp":31,"atk":31,"def":31,"spa":31,"spd":31,"spe":31}},{"name":"Athena","species":"aegislash","item":"leftovers","ability":"Stance Change","moves":["kingsshield","shadowball","substitute","toxic"],"nature":"Calm","evs":{"hp":252,"atk":0,"def":220,"spa":0,"spd":32,"spe":4},"ivs":{"hp":31,"atk":0,"def":31,"spa":31,"spd":31,"spe":0},"shiny":true},{"name":"Demeter","species":"trevenant","item":"lumberry","ability":"Harvest","moves":["rest","leechseed","hornleech","substitute"],"nature":"Impish","evs":{"hp":252,"atk":0,"def":252,"spa":0,"spd":4,"spe":0},"ivs":{"hp":31,"atk":31,"def":31,"spa":31,"spd":31,"spe":31}},{"name":"Poseidon","species":"jellicent","item":"leftovers","ability":"Cursed Body","moves":["recover","toxic","acidarmor","scald"],"nature":"Calm","evs":{"hp":244,"atk":0,"def":0,"spa":12,"spd":252,"spe":0},"gender":"M","shiny":true,"ivs":{"hp":31,"atk":31,"def":31,"spa":31,"spd":31,"spe":31}},{"name":"Ares","species":"gengar","item":"focussash","ability":"Levitate","moves":["focusblast","shadowball","sludgewave","destinybond"],"nature":"Timid","evs":{"hp":0,"atk":0,"def":0,"spa":252,"spd":4,"spe":252},"ivs":{"hp":31,"atk":31,"def":31,"spa":31,"spd":31,"spe":31}},{"name":"Circe","species":"misdreavus","item":"eviolite","ability":"Levitate","moves":["hex","willowisp","healbell","painsplit"],"nature":"","evs":{"hp":228,"atk":0,"def":252,"spa":0,"spd":12,"spe":16},"shiny":true,"ivs":{"hp":31,"atk":31,"def":31,"spa":31,"spd":31,"spe":31}}],"log":["|player|p1|Apex✦Quilluminati|80","|player|p2|hypershaymin|hypershaymin.gif","|gametype|singles","|gen|6","|tier|Monotype","|rated","|rule|Baton Pass Clause: Limit one Baton Passer, can't pass Spe and other stats simultaneously","|rule|Swagger Clause: Swagger is banned","|rule|Same Type Clause: Pokémon in a team must share a type","|clearpoke","|poke|p1|Diancie","|poke|p1|Terrakion, shiny","|poke|p1|Shuckle, M","|poke|p1|Aerodactyl, M","|poke|p1|Omastar, M","|poke|p1|Tyranitar, M","|poke|p2|Sableye, M, shiny","|poke|p2|Aegislash, F, shiny","|poke|p2|Trevenant, M","|poke|p2|Jellicent, M, shiny","|poke|p2|Gengar, M","|poke|p2|Misdreavus, M, shiny","|rule|Sleep Clause Mod: Limit one foe put to sleep","|rule|Species Clause: Limit one of each Pokémon","|rule|OHKO Clause: OHKO moves are banned","|rule|Moody Clause: Moody is banned","|rule|Evasion Moves Clause: Evasion moves are banned","|rule|Endless Battle Clause: Forcing endless battles is banned","|rule|HP Percentage Mod: HP is shown in percentages","|teampreview","|","|start","|switch|p1a: Wilt Chamberlain|Shuckle, M|244/244","|switch|p2a: Hades|Sableye, M, shiny|302/302","|turn|1","|","|switch|p1a: Allen Iverson|Diancie|241/241","|detailschange|p2a: Hades|Sableye-Mega, M, shiny","|-mega|p2a: Hades|Sableye|Sablenite","|move|p2a: Hades|Calm Mind|p2a: Hades","|-boost|p2a: Hades|spa|1","|-boost|p2a: Hades|spd|1","|","|turn|2","|","|switch|p2a: Poseidon|Jellicent, M, shiny|402/402","|detailschange|p1a: Allen Iverson|Diancie-Mega","|-mega|p1a: Allen Iverson|Diancie|Diancite","|move|p1a: Allen Iverson|Moonblast|p2a: Poseidon","|-damage|p2a: Poseidon|267/402","|","|-heal|p2a: Poseidon|292/402|[from] item: Leftovers","|turn|3","|","|switch|p1a: Wilt Chamberlain|Shuckle, M|244/244","|move|p2a: Poseidon|Scald|p1a: Wilt Chamberlain","|-supereffective|p1a: Wilt Chamberlain","|-damage|p1a: Wilt Chamberlain|172/244","|-status|p1a: Wilt Chamberlain|brn","|-enditem|p1a: Wilt Chamberlain|Red Card|[of] p2a: Poseidon","|drag|p2a: Demeter|Trevenant, M|374/374","|","|-damage|p1a: Wilt Chamberlain|142/244 brn|[from] brn","|turn|4","|","|switch|p2a: Hades|Sableye-Mega, M, shiny|302/302","|switch|p1a: Allen Iverson|Diancie-Mega|241/241","|","|turn|5","|","|switch|p2a: Athena|Aegislash, F, shiny|324/324","|move|p1a: Allen Iverson|Moonblast|p2a: Athena","|-crit|p2a: Athena","|-resisted|p2a: Athena","|-damage|p2a: Athena|240/324","|-unboost|p2a: Athena|spa|1","|","|-heal|p2a: Athena|260/324|[from] item: Leftovers","|turn|6","|","|switch|p2a: Ares|Gengar, M|261/261","|move|p1a: Allen Iverson|Protect|p1a: Allen Iverson","|-fail|p1a: Allen Iverson","|","|turn|7","|","|move|p1a: Allen Iverson|Protect|p1a: Allen Iverson","|-singleturn|p1a: Allen Iverson|Protect","|move|p2a: Ares|Sludge Wave|p1a: Allen Iverson","|-activate|p1a: Allen Iverson|Protect","|","|turn|8","|","|move|p2a: Ares|Sludge Wave|p1a: Allen Iverson","|-damage|p1a: Allen Iverson|90/241","|move|p1a: Allen Iverson|Diamond Storm|p2a: Ares","|-crit|p2a: Ares","|-enditem|p2a: Ares|Focus Sash","|-damage|p2a: Ares|1/261","|","|turn|9","|","|switch|p1a: Tyranitar|Tyranitar, M|403/403","|-weather|Sandstorm","|move|p2a: Ares|Focus Blast|p1a: Tyranitar","|-supereffective|p1a: Tyranitar","|-damage|p1a: Tyranitar|119/403","|","|-weather|Sandstorm|[upkeep]","|-damage|p2a: Ares|0 fnt|[from] sandstorm","|faint|p2a: Ares","|","|switch|p2a: Demeter|Trevenant, M|374/374","|turn|10","|","|move|p1a: Tyranitar|Crunch|p2a: Demeter","|-supereffective|p2a: Demeter","|-damage|p2a: Demeter|114/374","|move|p2a: Demeter|Horn Leech|p1a: Tyranitar","|-supereffective|p1a: Tyranitar","|-damage|p1a: Tyranitar|0 fnt","|-heal|p2a: Demeter|174/374|[from] drain|[of] p1a: Tyranitar","|faint|p1a: Tyranitar","|","|-weather|Sandstorm|[upkeep]","|-damage|p2a: Demeter|151/374|[from] sandstorm","|","|switch|p1a: Allen Iverson|Diancie-Mega|90/241","|turn|11","|","|switch|p2a: Circe|Misdreavus, M, shiny|318/318","|move|p1a: Allen Iverson|Moonblast|p2a: Circe","|-damage|p2a: Circe|179/318","|","|-weather|Sandstorm|[upkeep]","|-damage|p2a: Circe|160/318|[from] sandstorm","|turn|12","|","|move|p1a: Allen Iverson|Diamond Storm|p2a: Circe","|-damage|p2a: Circe|24/318","|-boost|p1a: Allen Iverson|def|1","|move|p2a: Circe|Hex|p1a: Allen Iverson","|-damage|p1a: Allen Iverson|50/241","|","|-weather|Sandstorm|[upkeep]","|-damage|p2a: Circe|5/318|[from] sandstorm","|turn|13","|","|move|p1a: Allen Iverson|Moonblast|p2a: Circe","|-damage|p2a: Circe|0 fnt","|faint|p2a: Circe","|","|-weather|none","|","|switch|p2a: Athena|Aegislash, F, shiny|260/324","|turn|14","|","|move|p1a: Allen Iverson|Earth Power|p2a: Athena","|-supereffective|p2a: Athena","|-damage|p2a: Athena|120/324","|-formechange|p2a: Athena|Aegislash-Blade","|move|p2a: Athena|Shadow Ball|p1a: Allen Iverson","|-damage|p1a: Allen Iverson|0 fnt","|faint|p1a: Allen Iverson","|","|-heal|p2a: Athena|140/324|[from] item: Leftovers","|","|switch|p1a: Michael Jordan|Terrakion, shiny|323/323","|turn|15","|","|-formechange|p2a: Athena|Aegislash","|move|p2a: Athena|King's Shield|p2a: Athena","|-singleturn|p2a: Athena|Protect","|move|p1a: Michael Jordan|Earthquake|p2a: Athena","|-activate|p2a: Athena|Protect","|","|-heal|p2a: Athena|160/324|[from] item: Leftovers","|turn|16","|","|switch|p2a: Hades|Sableye-Mega, M, shiny|302/302","|move|p1a: Michael Jordan|Earthquake|p2a: Hades","|-damage|p2a: Hades|222/302","|","|turn|17","|","|switch|p1a: Omastar|Omastar, M|282/282","|move|p2a: Hades|Calm Mind|p2a: Hades","|-boost|p2a: Hades|spa|1","|-boost|p2a: Hades|spd|1","|","|turn|18","|","|move|p1a: Omastar|Shell Smash|p1a: Omastar","|-unboost|p1a: Omastar|def|1","|-unboost|p1a: Omastar|spd|1","|-boost|p1a: Omastar|atk|2","|-boost|p1a: Omastar|spa|2","|-boost|p1a: Omastar|spe|2","|move|p2a: Hades|Snarl|p1a: Omastar","|-damage|p1a: Omastar|123/282","|-unboost|p1a: Omastar|spa|1","|","|turn|19","|","|move|p1a: Omastar|Scald|p2a: Hades","|-damage|p2a: Hades|84/302","|move|p2a: Hades|Snarl|p1a: Omastar","|-damage|p1a: Omastar|0 fnt","|faint|p1a: Omastar","|","|","|switch|p1a: Aerodactyl|Aerodactyl, M|302/302","|turn|20","|","|move|p1a: Aerodactyl|Hone Claws|p1a: Aerodactyl","|-boost|p1a: Aerodactyl|atk|1","|-boost|p1a: Aerodactyl|accuracy|1","|move|p2a: Hades|Recover|p2a: Hades","|-heal|p2a: Hades|235/302","|","|turn|21","|","|move|p1a: Aerodactyl|Stone Edge|p2a: Hades","|-damage|p2a: Hades|96/302","|move|p2a: Hades|Will-O-Wisp|p1a: Aerodactyl","|-status|p1a: Aerodactyl|brn","|","|-damage|p1a: Aerodactyl|265/302 brn|[from] brn","|turn|22","|","|move|p1a: Aerodactyl|Stone Edge|p2a: Hades","|-crit|p2a: Hades","|-damage|p2a: Hades|0 fnt","|faint|p2a: Hades","|","|-damage|p1a: Aerodactyl|228/302 brn|[from] brn","|","|switch|p2a: Poseidon|Jellicent, M, shiny|292/402","|turn|23","|","|move|p1a: Aerodactyl|Stone Edge|p2a: Poseidon","|-damage|p2a: Poseidon|151/402","|move|p2a: Poseidon|Acid Armor|p2a: Poseidon","|-boost|p2a: Poseidon|def|2","|","|-heal|p2a: Poseidon|176/402|[from] item: Leftovers","|-damage|p1a: Aerodactyl|191/302 brn|[from] brn","|turn|24","|","|switch|p1a: Wilt Chamberlain|Shuckle, M|142/244 brn","|move|p2a: Poseidon|Recover|p2a: Poseidon","|-heal|p2a: Poseidon|377/402","|","|-heal|p2a: Poseidon|402/402|[from] item: Leftovers","|-damage|p1a: Wilt Chamberlain|112/244 brn|[from] brn","|turn|25","|","|move|p2a: Poseidon|Scald|p1a: Wilt Chamberlain","|-supereffective|p1a: Wilt Chamberlain","|-damage|p1a: Wilt Chamberlain|34/244 brn","|move|p1a: Wilt Chamberlain|Knock Off|p2a: Poseidon","|-supereffective|p2a: Poseidon","|-damage|p2a: Poseidon|389/402","|-start|p1a: Wilt Chamberlain|Disable|Knock Off","|-enditem|p2a: Poseidon|Leftovers|[from] move: Knock Off|[of] p1a: Wilt Chamberlain","|","|-damage|p1a: Wilt Chamberlain|4/244 brn|[from] brn","|turn|26","|","|move|p2a: Poseidon|Acid Armor|p2a: Poseidon","|-boost|p2a: Poseidon|def|2","|move|p1a: Wilt Chamberlain|Toxic|p2a: Poseidon|[miss]","|-miss|p1a: Wilt Chamberlain|p2a: Poseidon","|","|-damage|p1a: Wilt Chamberlain|0 fnt|[from] brn","|faint|p1a: Wilt Chamberlain","|","|switch|p1a: Aerodactyl|Aerodactyl, M|191/302 brn","|turn|27","|","|move|p1a: Aerodactyl|Hone Claws|p1a: Aerodactyl","|-boost|p1a: Aerodactyl|atk|1","|-boost|p1a: Aerodactyl|accuracy|1","|move|p2a: Poseidon|Acid Armor|p2a: Poseidon","|-boost|p2a: Poseidon|def|2","|","|-damage|p1a: Aerodactyl|154/302 brn|[from] brn","|turn|28","|","|move|p1a: Aerodactyl|Hone Claws|p1a: Aerodactyl","|-boost|p1a: Aerodactyl|atk|1","|-boost|p1a: Aerodactyl|accuracy|1","|move|p2a: Poseidon|Scald|p1a: Aerodactyl","|-supereffective|p1a: Aerodactyl","|-damage|p1a: Aerodactyl|0 fnt","|faint|p1a: Aerodactyl","|","|","|switch|p1a: Michael Jordan|Terrakion, shiny|323/323","|turn|29","|","|move|p1a: Michael Jordan|Stone Edge|p2a: Poseidon","|-damage|p2a: Poseidon|331/402","|move|p2a: Poseidon|Scald|p1a: Michael Jordan","|-supereffective|p1a: Michael Jordan","|-damage|p1a: Michael Jordan|141/323","|","|turn|30","|","|move|p1a: Michael Jordan|Stone Edge|p2a: Poseidon|[miss]","|-miss|p1a: Michael Jordan|p2a: Poseidon","|move|p2a: Poseidon|Scald|p1a: Michael Jordan","|-supereffective|p1a: Michael Jordan","|-damage|p1a: Michael Jordan|0 fnt","|faint|p1a: Michael Jordan","|","|win|hypershaymin"],"p1rating":{"entryid":"777566","serverid":"eos","formatid":"monotype","userid":"apexquilluminati","username":"Apex✦Quilluminati","w":"15","l":14,"t":"0","gxe":51.6,"r":"1434.6538432407","rd":"74.261728971237","sigma":"0","rptime":"1441270800","rpr":1512.5417986067,"rprd":60.57435801166,"rpsigma":"0","acre":1174.9466558439,"lacre":1174.9466558439,"oldacre":"1207.03886571"},"p2rating":{"entryid":"67995","serverid":"eos","formatid":"monotype","userid":"hypershaymin","username":"hypershaymin","w":7,"l":"3","t":"0","gxe":59,"r":"1555.5641320417","rd":"92.493212734344","sigma":"0","rptime":"1441270800","rpr":1570.795699281,"rprd":89.837715165779,"rpsigma":"0","acre":1137.7880245897,"lacre":1137.7880245897,"oldacre":"1105.6958147236"},"endType":"normal"}