{"seed":[63846,60547,14380,48798],"turns":27,"p1":"Alliance - Rai","p2":"InfernalxCrown","p1team":[{"name":"Avalugg","species":"Avalugg","item":"leftovers","ability":"Sturdy","moves":["avalanche","rapidspin","toxic","roar"],"nature":"Impish","evs":{"hp":252,"atk":4,"def":252,"spa":0,"spd":0,"spe":0},"ivs":{"hp":31,"atk":31,"def":31,"spa":31,"spd":31,"spe":31}},{"name":"Regice","species":"Regice","item":"leftovers","ability":"Clear Body","moves":["blizzard","flashcannon","thunderwave","thunderbolt"],"nature":"Calm","evs":{"hp":196,"atk":0,"def":0,"spa":60,"spd":252,"spe":0},"ivs":{"hp":31,"atk":31,"def":31,"spa":31,"spd":31,"spe":31}},{"name":"Abomasnow","species":"Abomasnow","item":"abomasite","ability":"Snow Warning","moves":["gigadrain","blizzard","focusblast","synthesis"],"nature":"Modest","evs":{"hp":248,"atk":0,"def":0,"spa":252,"spd":8,"spe":0},"ivs":{"hp":31,"atk":31,"def":31,"spa":31,"spd":31,"spe":31}},{"name":"Mamoswine","species":"Mamoswine","item":"focussash","ability":"Thick Fat","moves":["stealthrock","iceshard","earthquake","stoneedge"],"nature":"Adamant","evs":{"hp":248,"atk":252,"def":0,"spa":0,"spd":8,"spe":0},"ivs":{"hp":31,"atk":31,"def":31,"spa":31,"spd":31,"spe":31}},{"name":"Weavile","species":"Weavile","item":"lifeorb","ability":"Pressure","moves":["iceshard","icepunch","knockoff","fakeout"],"nature":"Jolly","evs":{"hp":0,"atk":252,"def":0,"spa":0,"spd":4,"spe":252},"ivs":{"hp":31,"atk":31,"def":31,"spa":31,"spd":31,"spe":31}},{"name":"Kyurem-Black","species":"Kyurem-Black","item":"choicescarf","ability":"Teravolt","moves":["dragonclaw","fusionbolt","zenheadbutt","ironhead"],"nature":"Jolly","evs":{"hp":4,"atk":252,"def":0,"spa":0,"spd":0,"spe":252},"ivs":{"hp":31,"atk":31,"def":31,"spa":31,"spd":31,"spe":31}}],"p2team":[{"name":"Aegislash","species":"Aegislash","item":"weaknesspolicy","ability":"Stance Change","moves":["shadowball","shadowsneak","kingsshield","sacredsword"],"nature":"Brave","evs":{"hp":252,"atk":76,"def":0,"spa":176,"spd":4,"spe":0},"ivs":{"hp":31,"atk":31,"def":31,"spa":31,"spd":31,"spe":0},"shiny":true},{"name":"Sableye","species":"Sableye","item":"leftovers","ability":"Prankster","moves":["willowisp","recover","taunt","knockoff"],"nature":"Careful","evs":{"hp":252,"atk":0,"def":84,"spa":0,"spd":168,"spe":4},"ivs":{"hp":31,"atk":0,"def":31,"spa":31,"spd":31,"spe":31}},{"name":"Golurk","species":"Golurk","item":"focussash","ability":"No Guard","moves":["stealthrock","curse","dynamicpunch","stoneedge"],"nature":"Adamant","evs":{"hp":4,"atk":252,"def":0,"spa":0,"spd":0,"spe":252},"shiny":true,"ivs":{"hp":31,"atk":31,"def":31,"spa":31,"spd":31,"spe":31}},{"name":"Jellicent","species":"Jellicent","item":"leftovers","ability":"Cursed Body","moves":["acidarmor","toxic","recover","scald"],"nature":"Calm","evs":{"hp":252,"atk":0,"def":4,"spa":0,"spd":252,"spe":0},"gender":"M","ivs":{"hp":31,"atk":0,"def":31,"spa":31,"spd":31,"spe":31}},{"name":"Chandelure","species":"Chandelure","item":"choicescarf","ability":"Infiltrator","moves":["flamethrower","shadowball","energyball","trick"],"nature":"Timid","evs":{"hp":0,"atk":0,"def":4,"spa":252,"spd":0,"spe":252},"ivs":{"hp":31,"atk":0,"def":31,"spa":31,"spd":31,"spe":31},"shiny":true},{"name":"Gengar","species":"Gengar","item":"choicespecs","ability":"Levitate","moves":["dazzlinggleam","shadowball","thunderbolt","sludgewave"],"nature":"Timid","evs":{"hp":4,"atk":0,"def":0,"spa":252,"spd":0,"spe":252},"ivs":{"hp":31,"atk":0,"def":31,"spa":31,"spd":31,"spe":31}}],"log":["|player|p1|Alliance - Rai|99","|player|p2|InfernalxCrown|infernalxcrown.png","|gametype|singles","|gen|6","|tier|Monotype","|rated","|rule|Baton Pass Clause: Limit one Baton Passer, can't pass Spe and other stats simultaneously","|rule|Swagger Clause: Swagger is banned","|rule|Same Type Clause: Pokémon in a team must share a type","|clearpoke","|poke|p1|Avalugg, M","|poke|p1|Regice","|poke|p1|Abomasnow, M","|poke|p1|Mamoswine, M","|poke|p1|Weavile, M","|poke|p1|Kyurem-Black","|poke|p2|Aegislash, M, shiny","|poke|p2|Sableye, M","|poke|p2|Golurk, shiny","|poke|p2|Jellicent, M","|poke|p2|Chandelure, F, shiny","|poke|p2|Gengar, M","|rule|Sleep Clause Mod: Limit one foe put to sleep","|rule|Species Clause: Limit one of each Pokémon","|rule|OHKO Clause: OHKO moves are banned","|rule|Moody Clause: Moody is banned","|rule|Evasion Moves Clause: Evasion moves are banned","|rule|Endless Battle Clause: Forcing endless battles is banned","|rule|HP Percentage Mod: HP is shown in percentages","|teampreview","|","|start","|switch|p1a: Abomasnow|Abomasnow, M|383/383","|switch|p2a: Golurk|Golurk, shiny|320/320","|-weather|Hail","|turn|1","|","|detailschange|p1a: Abomasnow|Abomasnow-Mega, M","|-mega|p1a: Abomasnow|Abomasnow|Abomasite","|move|p2a: Golurk|Dynamic Punch|p1a: Abomasnow","|-supereffective|p1a: Abomasnow","|-damage|p1a: Abomasnow|123/383","|-start|p1a: Abomasnow|confusion","|-activate|p1a: Abomasnow|confusion","|-damage|p1a: Abomasnow|88/383|[from] confusion","|","|-weather|Hail|[upkeep]","|-damage|p2a: Golurk|300/320|[from] hail","|turn|2","|","|switch|p1a: Avalugg|Avalugg, M|394/394","|move|p2a: Golurk|Stealth Rock|p1a: Avalugg","|-sidestart|p1: Alliance - Rai|move: Stealth Rock","|","|-weather|Hail|[upkeep]","|-damage|p2a: Golurk|280/320|[from] hail","|turn|3","|","|move|p2a: Golurk|Dynamic Punch|p1a: Avalugg","|-supereffective|p1a: Avalugg","|-damage|p1a: Avalugg|280/394","|-start|p1a: Avalugg|confusion","|-activate|p1a: Avalugg|confusion","|move|p1a: Avalugg|Avalanche|p2a: Golurk","|-supereffective|p2a: Golurk","|-damage|p2a: Golurk|0 fnt","|faint|p2a: Golurk","|","|-weather|Hail|[upkeep]","|-heal|p1a: Avalugg|304/394|[from] item: Leftovers","|","|switch|p2a: Chandelure|Chandelure, F, shiny|261/261","|turn|4","|","|switch|p1a: Kyurem-Black|Kyurem-Black|392/392","|-damage|p1a: Kyurem-Black|294/392|[from] Stealth Rock","|-ability|p1a: Kyurem-Black|Teravolt","|move|p2a: Chandelure|Flamethrower|p1a: Kyurem-Black","|-damage|p1a: Kyurem-Black|101/392","|","|-weather|Hail|[upkeep]","|-damage|p2a: Chandelure|245/261|[from] hail","|turn|5","|","|switch|p2a: Aegislash|Aegislash, M, shiny|324/324","|move|p1a: Kyurem-Black|Fusion Bolt|p2a: Aegislash","|-damage|p2a: Aegislash|221/324","|","|-weather|none","|turn|6","|","|move|p1a: Kyurem-Black|Fusion Bolt|p2a: Aegislash","|-damage|p2a: Aegislash|119/324","|-formechange|p2a: Aegislash|Aegislash-Blade","|move|p2a: Aegislash|Sacred Sword|p1a: Kyurem-Black","|-supereffective|p1a: Kyurem-Black","|-damage|p1a: Kyurem-Black|0 fnt","|faint|p1a: Kyurem-Black","|","|","|switch|p1a: Mamoswine|Mamoswine, M|423/423","|-damage|p1a: Mamoswine|371/423|[from] Stealth Rock","|turn|7","|","|-formechange|p2a: Aegislash|Aegislash","|move|p2a: Aegislash|King's Shield|p2a: Aegislash","|-singleturn|p2a: Aegislash|Protect","|move|p1a: Mamoswine|Stealth Rock|p2a: Aegislash","|-sidestart|p2: InfernalxCrown|move: Stealth Rock","|","|turn|8","|","|-formechange|p2a: Aegislash|Aegislash-Blade","|move|p2a: Aegislash|Shadow Sneak|p1a: Mamoswine","|-damage|p1a: Mamoswine|281/423","|move|p1a: Mamoswine|Earthquake|p2a: Aegislash","|-supereffective|p2a: Aegislash","|-damage|p2a: Aegislash|0 fnt","|faint|p2a: Aegislash","|","|","|switch|p2a: Chandelure|Chandelure, F, shiny|245/261","|-damage|p2a: Chandelure|180/261|[from] Stealth Rock","|turn|9","|","|move|p2a: Chandelure|Flamethrower|p1a: Mamoswine","|-supereffective|p1a: Mamoswine","|-damage|p1a: Mamoswine|29/423","|move|p1a: Mamoswine|Earthquake|p2a: Chandelure","|-supereffective|p2a: Chandelure","|-damage|p2a: Chandelure|0 fnt","|faint|p2a: Chandelure","|","|","|switch|p2a: Gengar|Gengar, M|262/262","|-damage|p2a: Gengar|230/262|[from] Stealth Rock","|turn|10","|","|move|p1a: Mamoswine|Ice Shard|p2a: Gengar","|-damage|p2a: Gengar|116/262","|move|p2a: Gengar|Sludge Wave|p1a: Mamoswine","|-resisted|p1a: Mamoswine","|-damage|p1a: Mamoswine|0 fnt","|faint|p1a: Mamoswine","|","|","|switch|p1a: Regice|Regice|350/350","|-damage|p1a: Regice|263/350|[from] Stealth Rock","|turn|11","|","|move|p2a: Gengar|Sludge Wave|p1a: Regice","|-damage|p1a: Regice|157/350","|move|p1a: Regice|Thunder Wave|p2a: Gengar","|-status|p2a: Gengar|par","|","|-heal|p1a: Regice|178/350|[from] item: Leftovers","|turn|12","|","|move|p1a: Regice|Blizzard|p2a: Gengar","|-damage|p2a: Gengar|0 fnt","|faint|p2a: Gengar","|","|-heal|p1a: Regice|199/350|[from] item: Leftovers","|","|switch|p2a: Sableye|Sableye, M|304/304","|-damage|p2a: Sableye|266/304|[from] Stealth Rock","|turn|13","|","|move|p2a: Sableye|Taunt|p1a: Regice","|-start|p1a: Regice|move: Taunt","|move|p1a: Regice|Blizzard|p2a: Sableye","|-miss|p1a: Regice|p2a: Sableye","|","|-heal|p2a: Sableye|285/304|[from] item: Leftovers","|-heal|p1a: Regice|220/350|[from] item: Leftovers","|turn|14","|","|move|p2a: Sableye|Knock Off|p1a: Regice","|-damage|p1a: Regice|148/350","|-enditem|p1a: Regice|Leftovers|[from] move: Knock Off|[of] p2a: Sableye","|move|p1a: Regice|Blizzard|p2a: Sableye","|-miss|p1a: Regice|p2a: Sableye","|","|-heal|p2a: Sableye|304/304|[from] item: Leftovers","|turn|15","|","|move|p2a: Sableye|Will-O-Wisp|p1a: Regice|[miss]","|-miss|p2a: Sableye|p1a: Regice","|move|p1a: Regice|Blizzard|p2a: Sableye","|-damage|p2a: Sableye|174/304","|","|-heal|p2a: Sableye|193/304|[from] item: Leftovers","|-end|p1a: Regice|move: Taunt","|turn|16","|","|switch|p1a: Abomasnow|Abomasnow-Mega, M|88/383","|-damage|p1a: Abomasnow|0 fnt|[from] Stealth Rock","|faint|p1a: Abomasnow","|move|p2a: Sableye|Knock Off|p1: Abomasnow|[notarget]","|-notarget","|","|-heal|p2a: Sableye|212/304|[from] item: Leftovers","|","|switch|p1a: Regice|Regice|148/350","|-damage|p1a: Regice|61/350|[from] Stealth Rock","|turn|17","|","|move|p2a: Sableye|Taunt|p1a: Regice","|-start|p1a: Regice|move: Taunt","|move|p1a: Regice|Blizzard|p2a: Sableye","|-miss|p1a: Regice|p2a: Sableye","|","|-heal|p2a: Sableye|231/304|[from] item: Leftovers","|turn|18","|","|move|p2a: Sableye|Will-O-Wisp|p1a: Regice","|-status|p1a: Regice|brn","|move|p1a: Regice|Blizzard|p2a: Sableye","|-miss|p1a: Regice|p2a: Sableye","|","|-heal|p2a: Sableye|250/304|[from] item: Leftovers","|-damage|p1a: Regice|18/350 brn|[from] brn","|turn|19","|","|move|p2a: Sableye|Knock Off|p1a: Regice","|-crit|p1a: Regice","|-damage|p1a: Regice|0 fnt","|faint|p1a: Regice","|","|-heal|p2a: Sableye|269/304|[from] item: Leftovers","|","|switch|p1a: Avalugg|Avalugg, M|304/394","|-damage|p1a: Avalugg|206/394|[from] Stealth Rock","|turn|20","|","|move|p2a: Sableye|Will-O-Wisp|p1a: Avalugg","|-status|p1a: Avalugg|brn","|move|p1a: Avalugg|Toxic|p2a: Sableye|[miss]","|-miss|p1a: Avalugg|p2a: Sableye","|","|-heal|p2a: Sableye|288/304|[from] item: Leftovers","|-heal|p1a: Avalugg|230/394 brn|[from] item: Leftovers","|-damage|p1a: Avalugg|181/394 brn|[from] brn","|turn|21","|","|move|p2a: Sableye|Taunt|p1a: Avalugg","|-start|p1a: Avalugg|move: Taunt","|cant|p1a: Avalugg|move: Taunt|Toxic","|","|-heal|p2a: Sableye|304/304|[from] item: Leftovers","|-heal|p1a: Avalugg|205/394 brn|[from] item: Leftovers","|-damage|p1a: Avalugg|156/394 brn|[from] brn","|turn|22","|","|move|p2a: Sableye|Knock Off|p1a: Avalugg","|-damage|p1a: Avalugg|122/394 brn","|-enditem|p1a: Avalugg|Leftovers|[from] move: Knock Off|[of] p2a: Sableye","|move|p1a: Avalugg|Avalanche|p2a: Sableye","|-damage|p2a: Sableye|216/304","|","|-heal|p2a: Sableye|235/304|[from] item: Leftovers","|-damage|p1a: Avalugg|73/394 brn|[from] brn","|turn|23","|","|move|p2a: Sableye|Knock Off|p1a: Avalugg","|-damage|p1a: Avalugg|51/394 brn","|move|p1a: Avalugg|Avalanche|p2a: Sableye","|-damage|p2a: Sableye|138/304","|","|-heal|p2a: Sableye|157/304|[from] item: Leftovers","|-damage|p1a: Avalugg|2/394 brn|[from] brn","|-end|p1a: Avalugg|move: Taunt","|turn|24","|","|move|p2a: Sableye|Recover|p2a: Sableye","|-heal|p2a: Sableye|304/304","|move|p1a: Avalugg|Toxic|p2a: Sableye","|-status|p2a: Sableye|tox","|","|-damage|p2a: Sableye|285/304 tox|[from] psn","|-damage|p1a: Avalugg|0 fnt|[from] brn","|faint|p1a: Avalugg","|","|switch|p1a: Weavile|Weavile, M|281/281","|-damage|p1a: Weavile|211/281|[from] Stealth Rock","|-ability|p1a: Weavile|Pressure","|turn|25","|","|move|p2a: Sableye|Taunt|p1a: Weavile","|-start|p1a: Weavile|move: Taunt","|move|p1a: Weavile|Knock Off|p2a: Sableye","|-damage|p2a: Sableye|47/304 tox","|-enditem|p2a: Sableye|Leftovers|[from] move: Knock Off|[of] p1a: Weavile","|-damage|p1a: Weavile|183/281|[from] item: Life Orb","|","|-damage|p2a: Sableye|9/304 tox|[from] psn","|turn|26","|","|move|p1a: Weavile|Ice Shard|p2a: Sableye","|-damage|p2a: Sableye|0 fnt","|-damage|p1a: Weavile|155/281|[from] item: Life Orb","|faint|p2a: Sableye","|","|","|switch|p2a: Jellicent|Jellicent, M|404/404","|-damage|p2a: Jellicent|354/404|[from] Stealth Rock","|turn|27","|","|move|p1a: Weavile|Knock Off|p2a: Jellicent","|-supereffective|p2a: Jellicent","|-damage|p2a: Jellicent|0 fnt","|-start|p1a: Weavile|Disable|Knock Off","|-enditem|p2a: Jellicent|Leftovers|[from] move: Knock Off|[of] p1a: Weavile","|-damage|p1a: Weavile|127/281|[from] item: Life Orb","|faint|p2a: Jellicent","|","|win|Alliance - Rai"],"p1rating":{"entryid":"758729","serverid":"eos","formatid":"monotype","userid":"alliancerai","username":"Alliance - Rai","w":3,"l":"0","t":"0","gxe":61.9,"r":"1536.0352574226","rd":"122.28372883121","sigma":"0","rptime":"1441270800","rpr":1595.9131487615,"rprd":110.89164808841,"rpsigma":"0","acre":1113.0542806764,"lacre":1113.0542806764,"oldacre":"1083.6109488503"},"p2rating":{"entryid":"412860","serverid":"eos","formatid":"monotype","userid":"infernalxcrown","username":"InfernalxCrown","w":"5","l":5,"t":"0","gxe":51.6,"r":"1536.1268964858","rd":"96.503220493426","sigma":"0","rptime":"1441270800","rpr":1512.1568402034,"rprd":88.05129262373,"rpsigma":"0","acre":1081.963817918,"lacre":1081.963817918,"oldacre":"1108.771076547"},"endType":"normal"}