{"seed":[38020,64642,58538,4305],"turns":18,"p1":"Xerosere","p2":"Emg GL Bit","p1team":[{"name":"Victini","species":"Victini","item":"choicescarf","ability":"Victory Star","moves":["boltstrike","vcreate","uturn","hiddenpowerwater"],"nature":"Hasty","evs":{"hp":0,"atk":252,"def":0,"spa":4,"spd":0,"spe":252},"ivs":{"hp":31,"atk":30,"def":30,"spa":30,"spd":31,"spe":31}},{"name":"Chandelure","species":"Chandelure","item":"choicescarf","ability":"Infiltrator","moves":["darkpulse","energyball","flamethrower","nightshade"],"nature":"Timid","evs":{"hp":0,"atk":0,"def":0,"spa":252,"spd":4,"spe":252},"ivs":{"hp":31,"atk":31,"def":31,"spa":31,"spd":31,"spe":31}},{"name":"Infernape","species":"Infernape","item":"quickclaw","ability":"Iron Fist","moves":["blazekick","stealthrock","closecombat","machpunch"],"nature":"Jolly","evs":{"hp":0,"atk":252,"def":0,"spa":0,"spd":4,"spe":252},"ivs":{"hp":31,"atk":31,"def":31,"spa":31,"spd":31,"spe":31}},{"name":"Volcarona","species":"Volcarona","item":"flameplate","ability":"Swarm","moves":["bugbuzz","fierydance","quiverdance","hurricane"],"nature":"Modest","evs":{"hp":0,"atk":0,"def":0,"spa":252,"spd":4,"spe":252},"ivs":{"hp":31,"atk":31,"def":31,"spa":31,"spd":31,"spe":31}},{"name":"Moltres","species":"Moltres","item":"choicescarf","ability":"Pressure","moves":["ancientpower","flamethrower","hurricane"],"nature":"","evs":{"hp":0,"atk":0,"def":0,"spa":0,"spd":0,"spe":0},"ivs":{"hp":31,"atk":31,"def":31,"spa":31,"spd":31,"spe":31}},{"name":"Entei","species":"Entei","item":"lifeorb","ability":"Pressure","moves":["doubleedge","sacredfire","stoneedge","hiddenpowerwater"],"nature":"Naive","evs":{"hp":0,"atk":252,"def":0,"spa":4,"spd":0,"spe":252},"ivs":{"hp":31,"atk":30,"def":30,"spa":30,"spd":31,"spe":31}}],"p2team":[{"name":"Tyranitar","species":"Tyranitar","item":"tyranitarite","ability":"Sand Stream","moves":["stoneedge","icepunch","earthquake","dragondance"],"nature":"Jolly","evs":{"hp":4,"atk":252,"def":0,"spa":0,"spd":0,"spe":252},"ivs":{"hp":31,"atk":31,"def":31,"spa":31,"spd":31,"spe":31}},{"name":"Last Thing You See","species":"terrakion","item":"choiceband","ability":"Justified","moves":["stoneedge","closecombat","earthquake","quickattack"],"nature":"Jolly","evs":{"hp":0,"atk":252,"def":4,"spa":0,"spd":0,"spe":252},"shiny":true,"ivs":{"hp":31,"atk":31,"def":31,"spa":31,"spd":31,"spe":31}},{"name":"Blown Back","species":"cradily","item":"leftovers","ability":"Storm Drain","moves":["seedbomb","earthquake","recover","curse"],"nature":"Careful","evs":{"hp":252,"atk":4,"def":0,"spa":0,"spd":252,"spe":0},"gender":"F","ivs":{"hp":31,"atk":31,"def":31,"spa":31,"spd":31,"spe":31}},{"name":"Unkillable","species":"rhyperior","item":"weaknesspolicy","ability":"Solid Rock","moves":["earthquake","stoneedge","firepunch","icepunch"],"nature":"Impish","evs":{"hp":252,"atk":4,"def":252,"spa":0,"spd":0,"spe":0},"gender":"M","shiny":true,"ivs":{"hp":31,"atk":31,"def":31,"spa":31,"spd":31,"spe":31}},{"name":"Omastar","species":"Omastar","item":"focussash","ability":"Weak Armor","moves":["hydropump","icebeam","hiddenpowergrass","shellsmash"],"nature":"Timid","evs":{"hp":0,"atk":0,"def":0,"spa":252,"spd":4,"spe":252},"ivs":{"hp":31,"atk":30,"def":31,"spa":30,"spd":31,"spe":31}},{"name":"Mah Boy","species":"shuckle","item":"mentalherb","ability":"Sturdy","moves":["stickyweb","stealthrock","encore","knockoff"],"nature":"Impish","evs":{"hp":252,"atk":0,"def":156,"spa":0,"spd":100,"spe":0},"gender":"M","shiny":true,"ivs":{"hp":31,"atk":31,"def":31,"spa":31,"spd":31,"spe":31}}],"log":["|player|p1|Xerosere|290","|player|p2|Emg GL Bit|154","|gametype|singles","|gen|6","|tier|Monotype","|rated","|rule|Baton Pass Clause: Limit one Baton Passer, can't pass Spe and other stats simultaneously","|rule|Swagger Clause: Swagger is banned","|rule|Same Type Clause: Pokémon in a team must share a type","|clearpoke","|poke|p1|Victini","|poke|p1|Chandelure, F","|poke|p1|Infernape, M","|poke|p1|Volcarona, F","|poke|p1|Moltres","|poke|p1|Entei","|poke|p2|Tyranitar, F","|poke|p2|Terrakion, shiny","|poke|p2|Cradily, F","|poke|p2|Rhyperior, M, shiny","|poke|p2|Omastar, M","|poke|p2|Shuckle, M, shiny","|rule|Sleep Clause Mod: Limit one foe put to sleep","|rule|Species Clause: Limit one of each Pokémon","|rule|OHKO Clause: OHKO moves are banned","|rule|Moody Clause: Moody is banned","|rule|Evasion Moves Clause: Evasion moves are banned","|rule|Endless Battle Clause: Forcing endless battles is banned","|rule|HP Percentage Mod: HP is shown in percentages","|teampreview","|","|start","|switch|p1a: Infernape|Infernape, M|293/293","|switch|p2a: Mah Boy|Shuckle, M, shiny|244/244","|turn|1","|-activate|p1a: Infernape|item: Quick Claw","|","|move|p1a: Infernape|Stealth Rock|p2a: Mah Boy","|-sidestart|p2: Emg GL Bit|move: Stealth Rock","|move|p2a: Mah Boy|Stealth Rock|p1a: Infernape","|-sidestart|p1: Xerosere|move: Stealth Rock","|","|turn|2","|-activate|p1a: Infernape|item: Quick Claw","|","|move|p1a: Infernape|Blaze Kick|p2a: Mah Boy","|-damage|p2a: Mah Boy|192/244","|move|p2a: Mah Boy|Sticky Web|p1a: Infernape","|-sidestart|p1: Xerosere|move: Sticky Web","|","|turn|3","|","|move|p1a: Infernape|Mach Punch|p2a: Mah Boy","|-damage|p2a: Mah Boy|162/244","|move|p2a: Mah Boy|Knock Off|p1a: Infernape","|-resisted|p1a: Infernape","|-damage|p1a: Infernape|281/293","|-enditem|p1a: Infernape|Quick Claw|[from] move: Knock Off|[of] p2a: Mah Boy","|","|turn|4","|","|move|p1a: Infernape|Close Combat|p2a: Mah Boy","|-damage|p2a: Mah Boy|87/244","|-unboost|p1a: Infernape|def|1","|-unboost|p1a: Infernape|spd|1","|move|p2a: Mah Boy|Encore|p1a: Infernape","|-start|p1a: Infernape|Encore","|","|turn|5","|","|move|p1a: Infernape|Close Combat|p2a: Mah Boy","|-crit|p2a: Mah Boy","|-damage|p2a: Mah Boy|0 fnt","|-unboost|p1a: Infernape|def|1","|-unboost|p1a: Infernape|spd|1","|faint|p2a: Mah Boy","|","|","|switch|p2a: Unkillable|Rhyperior, M, shiny|434/434","|-damage|p2a: Unkillable|407/434|[from] Stealth Rock","|turn|6","|","|move|p1a: Infernape|Close Combat|p2a: Unkillable","|-supereffective|p2a: Unkillable","|-damage|p2a: Unkillable|254/434","|-enditem|p2a: Unkillable|Weakness Policy","|-boost|p2a: Unkillable|atk|2|[from] item: Weakness Policy","|-boost|p2a: Unkillable|spa|2|[from] item: Weakness Policy","|-unboost|p1a: Infernape|def|1","|-unboost|p1a: Infernape|spd|1","|move|p2a: Unkillable|Earthquake|p1a: Infernape","|-supereffective|p1a: Infernape","|-damage|p1a: Infernape|0 fnt","|faint|p1a: Infernape","|","|","|switch|p1a: Chandelure|Chandelure, F|261/261","|-damage|p1a: Chandelure|196/261|[from] Stealth Rock","|-activate|p1a: Chandelure|move: Sticky Web","|-unboost|p1a: Chandelure|spe|1","|turn|7","|","|switch|p2a: Tyranitar|Tyranitar, F|342/342","|-damage|p2a: Tyranitar|300/342|[from] Stealth Rock","|-weather|Sandstorm","|move|p1a: Chandelure|Energy Ball|p2a: Tyranitar","|-supereffective|p2a: Tyranitar","|-damage|p2a: Tyranitar|146/342","|","|-weather|Sandstorm|[upkeep]","|-damage|p1a: Chandelure|180/261|[from] sandstorm","|turn|8","|","|switch|p2a: Blown Back|Cradily, F|376/376","|-damage|p2a: Blown Back|329/376|[from] Stealth Rock","|move|p1a: Chandelure|Energy Ball|p2a: Blown Back","|-damage|p2a: Blown Back|280/376","|","|-weather|Sandstorm|[upkeep]","|-damage|p1a: Chandelure|164/261|[from] sandstorm","|-heal|p2a: Blown Back|303/376|[from] item: Leftovers","|turn|9","|","|switch|p1a: Entei|Entei|371/371","|-activate|p1a: Entei|move: Sticky Web","|-unboost|p1a: Entei|spe|1","|-damage|p1a: Entei|279/371|[from] Stealth Rock","|-ability|p1a: Entei|Pressure","|move|p2a: Blown Back|Earthquake|p1a: Entei","|-supereffective|p1a: Entei","|-damage|p1a: Entei|113/371","|","|-weather|Sandstorm|[upkeep]","|-damage|p1a: Entei|90/371|[from] sandstorm","|-heal|p2a: Blown Back|326/376|[from] item: Leftovers","|turn|10","|","|switch|p2a: Unkillable|Rhyperior, M, shiny|254/434","|-damage|p2a: Unkillable|227/434|[from] Stealth Rock","|move|p1a: Entei|Sacred Fire|p2a: Unkillable","|-resisted|p2a: Unkillable","|-damage|p2a: Unkillable|158/434","|-status|p2a: Unkillable|brn","|-damage|p1a: Entei|53/371|[from] item: Life Orb","|","|-weather|Sandstorm|[upkeep]","|-damage|p1a: Entei|30/371|[from] sandstorm","|-damage|p2a: Unkillable|104/434 brn|[from] brn","|turn|11","|","|move|p1a: Entei|Hidden Power|p2a: Unkillable","|-supereffective|p2a: Unkillable","|-damage|p2a: Unkillable|0 fnt","|-damage|p1a: Entei|0 fnt|[from] item: Life Orb","|faint|p2a: Unkillable","|faint|p1a: Entei","|","|-weather|none","|","|switch|p2a: Last Thing You See|Terrakion, shiny|323/323","|switch|p1a: Volcarona|Volcarona, F|311/311","|-damage|p2a: Last Thing You See|303/323|[from] Stealth Rock","|-damage|p1a: Volcarona|156/311|[from] Stealth Rock","|-activate|p1a: Volcarona|move: Sticky Web","|-unboost|p1a: Volcarona|spe|1","|turn|12","|","|move|p2a: Last Thing You See|Stone Edge|p1a: Volcarona","|-supereffective|p1a: Volcarona","|-damage|p1a: Volcarona|0 fnt","|faint|p1a: Volcarona","|","|","|switch|p1a: Victini|Victini|341/341","|-damage|p1a: Victini|256/341|[from] Stealth Rock","|-activate|p1a: Victini|move: Sticky Web","|-unboost|p1a: Victini|spe|1","|turn|13","|","|switch|p2a: Tyranitar|Tyranitar, F|146/342","|-damage|p2a: Tyranitar|104/342|[from] Stealth Rock","|-weather|Sandstorm","|move|p1a: Victini|Bolt Strike|p2a: Tyranitar|[miss]","|-miss|p1a: Victini|p2a: Tyranitar","|","|-weather|Sandstorm|[upkeep]","|-damage|p1a: Victini|235/341|[from] sandstorm","|turn|14","|","|detailschange|p2a: Tyranitar|Tyranitar-Mega, F","|-mega|p2a: Tyranitar|Tyranitar|Tyranitarite","|move|p1a: Victini|Bolt Strike|p2a: Tyranitar","|-crit|p2a: Tyranitar","|-damage|p2a: Tyranitar|0 fnt","|faint|p2a: Tyranitar","|","|-weather|Sandstorm|[upkeep]","|-damage|p1a: Victini|214/341|[from] sandstorm","|","|switch|p2a: Last Thing You See|Terrakion, shiny|303/323","|-damage|p2a: Last Thing You See|283/323|[from] Stealth Rock","|turn|15","|","|move|p2a: Last Thing You See|Stone Edge|p1a: Victini","|-crit|p1a: Victini","|-supereffective|p1a: Victini","|-damage|p1a: Victini|0 fnt","|faint|p1a: Victini","|","|-weather|Sandstorm|[upkeep]","|","|switch|p1a: Moltres|Moltres|321/321","|-damage|p1a: Moltres|161/321|[from] Stealth Rock","|-ability|p1a: Moltres|Pressure","|turn|16","|","|move|p2a: Last Thing You See|Stone Edge|p1a: Moltres","|-supereffective|p1a: Moltres","|-damage|p1a: Moltres|0 fnt","|faint|p1a: Moltres","|","|-weather|Sandstorm|[upkeep]","|","|switch|p1a: Chandelure|Chandelure, F|164/261","|-damage|p1a: Chandelure|99/261|[from] Stealth Rock","|-activate|p1a: Chandelure|move: Sticky Web","|-unboost|p1a: Chandelure|spe|1","|turn|17","|","|switch|p2a: Omastar|Omastar, M|281/281","|-damage|p2a: Omastar|246/281|[from] Stealth Rock","|move|p1a: Chandelure|Energy Ball|p2a: Omastar","|-supereffective|p2a: Omastar","|-damage|p2a: Omastar|0 fnt","|faint|p2a: Omastar","|","|-weather|none","|","|switch|p2a: Last Thing You See|Terrakion, shiny|283/323","|-damage|p2a: Last Thing You See|263/323|[from] Stealth Rock","|turn|18","|","|move|p2a: Last Thing You See|Earthquake|p1a: Chandelure","|-supereffective|p1a: Chandelure","|-damage|p1a: Chandelure|0 fnt","|faint|p1a: Chandelure","|","|win|Emg GL Bit"],"p1rating":{"entryid":"820379","serverid":"eos","formatid":"monotype","userid":"xerosere","username":"Xerosere","w":"0","l":2,"t":"0","gxe":40,"r":"1500","rd":"130","sigma":"0","rptime":"1441270800","rpr":1419.160296224,"rprd":116.37210972644,"rpsigma":"0","acre":1000,"lacre":1000,"oldacre":"1000"},"p2rating":{"entryid":"820046","serverid":"eos","formatid":"monotype","userid":"emgglbit","username":"Emg GL Bit","w":2,"l":"1","t":"0","gxe":53.6,"r":"1500","rd":"130","sigma":"0","rptime":"1441270800","rpr":1528.3520487767,"rprd":111.16536313225,"rpsigma":"0","acre":1083.1187219067,"lacre":1083.1187219067,"oldacre":"1056.7234382187"},"endType":"normal"}