{"seed":[45181,43284,52681,59213],"turns":21,"p1":"Coloniol Mustang","p2":"Carnie KeySein","p1team":[{"name":"Cobalion","species":"Cobalion","item":"leftovers","ability":"Justified","moves":["reflect","thunderwave","stealthrock","ironhead"],"nature":"Jolly","evs":{"hp":4,"atk":0,"def":252,"spa":0,"spd":0,"spe":252},"ivs":{"hp":31,"atk":31,"def":31,"spa":31,"spd":31,"spe":31}},{"name":"Medicham","species":"Medicham","item":"medichamite","ability":"Pure Power","moves":["highjumpkick","bulletpunch","icepunch","fakeout"],"nature":"Jolly","evs":{"hp":4,"atk":252,"def":0,"spa":0,"spd":0,"spe":252},"ivs":{"hp":31,"atk":31,"def":31,"spa":31,"spd":31,"spe":31}},{"name":"Keldeo","species":"Keldeo","item":"leftovers","ability":"Justified","moves":["scald","secretsword","calmmind","icywind"],"nature":"Modest","evs":{"hp":24,"atk":0,"def":0,"spa":232,"spd":0,"spe":252},"ivs":{"hp":31,"atk":31,"def":31,"spa":31,"spd":31,"spe":31}},{"name":"Heracross","species":"Heracross","item":"choicescarf","ability":"Moxie","moves":["closecombat","megahorn","knockoff","rockblast"],"nature":"Adamant","evs":{"hp":4,"atk":252,"def":0,"spa":0,"spd":0,"spe":252},"ivs":{"hp":31,"atk":31,"def":31,"spa":31,"spd":31,"spe":31}},{"name":"Hawlucha","species":"Hawlucha","item":"powerherb","ability":"Unburden","moves":["acrobatics","skyattack","highjumpkick","swordsdance"],"nature":"Adamant","evs":{"hp":4,"atk":252,"def":0,"spa":0,"spd":0,"spe":252},"ivs":{"hp":31,"atk":30,"def":30,"spa":31,"spd":30,"spe":31}},{"name":"Breloom","species":"Breloom","item":"focussash","ability":"Technician","moves":["swordsdance","rocktomb","spore","machpunch"],"nature":"Jolly","evs":{"hp":4,"atk":252,"def":0,"spa":0,"spd":0,"spe":252},"ivs":{"hp":31,"atk":31,"def":31,"spa":31,"spd":31,"spe":31}}],"p2team":[{"name":"Hawlucha","species":"Hawlucha","item":"sitrusberry","ability":"Unburden","moves":["roost","swordsdance","highjumpkick","acrobatics"],"nature":"Jolly","evs":{"hp":12,"atk":252,"def":0,"spa":0,"spd":0,"spe":244},"ivs":{"hp":31,"atk":31,"def":31,"spa":31,"spd":31,"spe":31}},{"name":"Gliscor","species":"Gliscor","item":"toxicorb","ability":"Poison Heal","moves":["substitute","protect","earthquake","toxic"],"nature":"Jolly","evs":{"hp":252,"atk":0,"def":4,"spa":0,"spd":0,"spe":252},"ivs":{"hp":31,"atk":31,"def":31,"spa":31,"spd":31,"spe":31}},{"name":"Gyarados","species":"Gyarados","item":"gyaradosite","ability":"Intimidate","moves":["dragondance","waterfall","substitute","taunt"],"nature":"Jolly","evs":{"hp":4,"atk":252,"def":0,"spa":0,"spd":0,"spe":252},"ivs":{"hp":31,"atk":30,"def":31,"spa":30,"spd":31,"spe":30}},{"name":"Landorus","species":"Landorus","item":"lifeorb","ability":"Sheer Force","moves":["earthpower","knockoff","rockslide","hiddenpowerice"],"nature":"Rash","evs":{"hp":0,"atk":4,"def":0,"spa":252,"spd":0,"spe":252},"ivs":{"hp":31,"atk":30,"def":30,"spa":31,"spd":31,"spe":31}},{"name":"Togekiss","species":"Togekiss","item":"lumberry","ability":"Serene Grace","moves":["thunderwave","airslash","roost","defog"],"nature":"Calm","evs":{"hp":252,"atk":0,"def":0,"spa":0,"spd":160,"spe":96},"ivs":{"hp":31,"atk":31,"def":31,"spa":31,"spd":31,"spe":31}},{"name":"Salamence","species":"Salamence","item":"choicescarf","ability":"Moxie","moves":["outrage","earthquake","crunch","brickbreak"],"nature":"Jolly","evs":{"hp":0,"atk":252,"def":0,"spa":0,"spd":4,"spe":252},"ivs":{"hp":31,"atk":31,"def":31,"spa":31,"spd":31,"spe":31}}],"log":["|player|p1|Coloniol Mustang|124","|player|p2|Carnie KeySein|164","|gametype|singles","|gen|6","|tier|Monotype","|rated","|rule|Baton Pass Clause: Limit one Baton Passer, can't pass Spe and other stats simultaneously","|rule|Swagger Clause: Swagger is banned","|rule|Same Type Clause: Pokémon in a team must share a type","|clearpoke","|poke|p1|Cobalion","|poke|p1|Medicham, M","|poke|p1|Keldeo","|poke|p1|Heracross, F","|poke|p1|Hawlucha, M","|poke|p1|Breloom, M","|poke|p2|Hawlucha, M","|poke|p2|Gliscor, M","|poke|p2|Gyarados, F","|poke|p2|Landorus, M","|poke|p2|Togekiss, M","|poke|p2|Salamence, M","|rule|Sleep Clause Mod: Limit one foe put to sleep","|rule|Species Clause: Limit one of each Pokémon","|rule|OHKO Clause: OHKO moves are banned","|rule|Moody Clause: Moody is banned","|rule|Evasion Moves Clause: Evasion moves are banned","|rule|Endless Battle Clause: Forcing endless battles is banned","|rule|HP Percentage Mod: HP is shown in percentages","|teampreview","|","|start","|switch|p1a: Hawlucha|Hawlucha, M|298/298","|switch|p2a: Hawlucha|Hawlucha, M|300/300","|turn|1","|","|move|p2a: Hawlucha|Swords Dance|p2a: Hawlucha","|-boost|p2a: Hawlucha|atk|2","|move|p1a: Hawlucha|Acrobatics|p2a: Hawlucha","|-supereffective|p2a: Hawlucha","|-damage|p2a: Hawlucha|88/300","|-enditem|p2a: Hawlucha|Sitrus Berry|[eat]","|-heal|p2a: Hawlucha|163/300|[from] item: Sitrus Berry","|","|turn|2","|","|move|p2a: Hawlucha|Acrobatics|p1a: Hawlucha","|-supereffective|p1a: Hawlucha","|-damage|p1a: Hawlucha|0 fnt","|faint|p1a: Hawlucha","|","|","|switch|p1a: Cobalion|Cobalion|324/324","|turn|3","|","|move|p2a: Hawlucha|Acrobatics|p1a: Cobalion","|-damage|p1a: Cobalion|120/324","|move|p1a: Cobalion|Reflect|p1a: Cobalion","|-sidestart|p1: Coloniol Mustang|Reflect","|","|-heal|p1a: Cobalion|140/324|[from] item: Leftovers","|turn|4","|","|move|p2a: Hawlucha|Acrobatics|p1a: Cobalion","|-damage|p1a: Cobalion|47/324","|move|p1a: Cobalion|Thunder Wave|p2a: Hawlucha","|-status|p2a: Hawlucha|par","|","|-heal|p1a: Cobalion|67/324|[from] item: Leftovers","|turn|5","|","|move|p1a: Cobalion|Iron Head|p2a: Hawlucha","|-damage|p2a: Hawlucha|60/300 par","|cant|p2a: Hawlucha|par","|","|-heal|p1a: Cobalion|87/324|[from] item: Leftovers","|turn|6","|","|move|p1a: Cobalion|Iron Head|p2a: Hawlucha","|-damage|p2a: Hawlucha|0 fnt","|faint|p2a: Hawlucha","|","|-heal|p1a: Cobalion|107/324|[from] item: Leftovers","|","|switch|p2a: Salamence|Salamence, M|331/331","|turn|7","|","|move|p2a: Salamence|Outrage|p1a: Cobalion","|-resisted|p1a: Cobalion","|-damage|p1a: Cobalion|68/324","|move|p1a: Cobalion|Thunder Wave|p2a: Salamence","|-status|p2a: Salamence|par","|","|-heal|p1a: Cobalion|88/324|[from] item: Leftovers","|-sideend|p1: Coloniol Mustang|Reflect","|turn|8","|","|move|p1a: Cobalion|Reflect|p1a: Cobalion","|-sidestart|p1: Coloniol Mustang|Reflect","|move|p2a: Salamence|Outrage|p1a: Cobalion|[from]lockedmove","|-resisted|p1a: Cobalion","|-damage|p1a: Cobalion|53/324","|-start|p2a: Salamence|confusion|[fatigue]","|","|-heal|p1a: Cobalion|73/324|[from] item: Leftovers","|turn|9","|","|switch|p2a: Gliscor|Gliscor, M|354/354","|move|p1a: Cobalion|Stealth Rock|p2a: Gliscor","|-sidestart|p2: Carnie KeySein|move: Stealth Rock","|","|-heal|p1a: Cobalion|93/324|[from] item: Leftovers","|-status|p2a: Gliscor|tox|[from] item: Toxic Orb","|turn|10","|","|switch|p1a: Keldeo|Keldeo|329/329","|move|p2a: Gliscor|Toxic|p1a: Keldeo","|-status|p1a: Keldeo|tox","|","|-damage|p1a: Keldeo|309/329 tox|[from] psn","|turn|11","|","|switch|p2a: Gyarados|Gyarados, F|332/332","|-damage|p2a: Gyarados|249/332|[from] Stealth Rock","|-ability|p2a: Gyarados|Intimidate","|-unboost|p1a: Keldeo|atk|1","|move|p1a: Keldeo|Calm Mind|p1a: Keldeo","|-boost|p1a: Keldeo|spa|1","|-boost|p1a: Keldeo|spd|1","|","|-heal|p1a: Keldeo|329/329 tox|[from] item: Leftovers","|-damage|p1a: Keldeo|289/329 tox|[from] psn","|turn|12","|","|detailschange|p2a: Gyarados|Gyarados-Mega, F","|-mega|p2a: Gyarados|Gyarados|Gyaradosite","|-ability|p2a: Gyarados|Mold Breaker","|move|p1a: Keldeo|Secret Sword|p2a: Gyarados","|-crit|p2a: Gyarados","|-supereffective|p2a: Gyarados","|-damage|p2a: Gyarados|0 fnt","|faint|p2a: Gyarados","|","|-heal|p1a: Keldeo|309/329 tox|[from] item: Leftovers","|-damage|p1a: Keldeo|249/329 tox|[from] psn","|-sideend|p1: Coloniol Mustang|Reflect","|","|switch|p2a: Landorus|Landorus, M|319/319","|-damage|p2a: Landorus|280/319|[from] Stealth Rock","|turn|13","|","|move|p1a: Keldeo|Icy Wind|p2a: Landorus","|-supereffective|p2a: Landorus","|-damage|p2a: Landorus|0 fnt","|faint|p2a: Landorus","|","|-heal|p1a: Keldeo|269/329 tox|[from] item: Leftovers","|-damage|p1a: Keldeo|189/329 tox|[from] psn","|","|switch|p2a: Salamence|Salamence, M|331/331 par","|-damage|p2a: Salamence|249/331 par|[from] Stealth Rock","|turn|14","|","|move|p1a: Keldeo|Icy Wind|p2a: Salamence","|-supereffective|p2a: Salamence","|-damage|p2a: Salamence|0 fnt","|faint|p2a: Salamence","|","|-heal|p1a: Keldeo|209/329 tox|[from] item: Leftovers","|-damage|p1a: Keldeo|109/329 tox|[from] psn","|","|switch|p2a: Togekiss|Togekiss, M|374/374","|-damage|p2a: Togekiss|281/374|[from] Stealth Rock","|turn|15","|","|move|p1a: Keldeo|Icy Wind|p2a: Togekiss","|-crit|p2a: Togekiss","|-supereffective|p2a: Togekiss","|-damage|p2a: Togekiss|47/374","|-unboost|p2a: Togekiss|spe|1","|move|p2a: Togekiss|Air Slash|p1a: Keldeo","|-supereffective|p1a: Keldeo","|-damage|p1a: Keldeo|0 fnt","|faint|p1a: Keldeo","|","|","|switch|p1a: Heracross|Heracross, F|302/302","|turn|16","|","|move|p1a: Heracross|Rock Blast|p2a: Togekiss","|-crit|p2a: Togekiss","|-supereffective|p2a: Togekiss","|-damage|p2a: Togekiss|0 fnt","|-hitcount|p2a: Togekiss|1","|faint|p2a: Togekiss","|-boost|p1a: Heracross|atk|1|[from] ability: Moxie","|","|","|switch|p2a: Gliscor|Gliscor, M|354/354 tox","|-damage|p2a: Gliscor|310/354 tox|[from] Stealth Rock","|turn|17","|","|move|p1a: Heracross|Rock Blast|p2a: Gliscor","|-damage|p2a: Gliscor|270/354 tox","|-damage|p2a: Gliscor|231/354 tox","|-damage|p2a: Gliscor|189/354 tox","|-hitcount|p2a: Gliscor|3","|move|p2a: Gliscor|Toxic|p1a: Heracross","|-status|p1a: Heracross|tox","|","|-damage|p1a: Heracross|284/302 tox|[from] psn","|-heal|p2a: Gliscor|233/354 tox|[from] ability: Poison Heal","|turn|18","|","|move|p2a: Gliscor|Protect|p2a: Gliscor","|-singleturn|p2a: Gliscor|Protect","|move|p1a: Heracross|Rock Blast|p2a: Gliscor","|-activate|p2a: Gliscor|Protect","|","|-damage|p1a: Heracross|248/302 tox|[from] psn","|-heal|p2a: Gliscor|277/354 tox|[from] ability: Poison Heal","|turn|19","|","|move|p1a: Heracross|Rock Blast|p2a: Gliscor","|-damage|p2a: Gliscor|238/354 tox","|-damage|p2a: Gliscor|200/354 tox","|-damage|p2a: Gliscor|163/354 tox","|-hitcount|p2a: Gliscor|3","|move|p2a: Gliscor|Earthquake|p1a: Heracross","|-resisted|p1a: Heracross","|-damage|p1a: Heracross|182/302 tox","|","|-damage|p1a: Heracross|128/302 tox|[from] psn","|-heal|p2a: Gliscor|207/354 tox|[from] ability: Poison Heal","|turn|20","|","|move|p1a: Heracross|Rock Blast|p2a: Gliscor","|-damage|p2a: Gliscor|168/354 tox","|-damage|p2a: Gliscor|131/354 tox","|-damage|p2a: Gliscor|93/354 tox","|-damage|p2a: Gliscor|55/354 tox","|-damage|p2a: Gliscor|17/354 tox","|-hitcount|p2a: Gliscor|5","|move|p2a: Gliscor|Earthquake|p1a: Heracross","|-resisted|p1a: Heracross","|-damage|p1a: Heracross|59/302 tox","|","|-damage|p1a: Heracross|0 fnt|[from] psn","|-heal|p2a: Gliscor|61/354 tox|[from] ability: Poison Heal","|faint|p1a: Heracross","|","|switch|p1a: Medicham|Medicham, M|262/262","|turn|21","|","|win|Coloniol Mustang"],"p1rating":{"entryid":"790045","serverid":"eos","formatid":"monotype","userid":"coloniolmustang","username":"Coloniol Mustang","w":11,"l":"10","t":"0","gxe":52.5,"r":"1506.5678551039","rd":"106.29891332807","sigma":"0","rptime":"1441270800","rpr":1519.0599779886,"rprd":68.745366298339,"rpsigma":"0","acre":1134.5928733437,"lacre":1134.5928733437,"oldacre":"1110.6086904654"},"p2rating":{"entryid":"787247","serverid":"eos","formatid":"monotype","userid":"carniekeysein","username":"Carnie KeySein","w":"8","l":8,"t":"0","gxe":51.5,"r":"1523.4884859227","rd":"89.635850194284","sigma":"0","rptime":"1441270800","rpr":1511.3057307443,"rprd":75.125765094751,"rpsigma":"0","acre":1073.0055073661,"lacre":1073.0055073661,"oldacre":"1096.4836728429"},"endType":"forfeit"}