{"seed":[48629,10654,52181,23119],"turns":22,"p1":"Alliance - Elite","p2":"V Photon","p1team":[{"name":"Hawlucha","species":"Hawlucha","item":"powerherb","ability":"Unburden","moves":["swordsdance","skyattack","acrobatics","highjumpkick"],"nature":"Jolly","evs":{"hp":0,"atk":252,"def":0,"spa":0,"spd":4,"spe":252},"gender":"M","ivs":{"hp":31,"atk":31,"def":31,"spa":31,"spd":31,"spe":31}},{"name":"Terrakion","species":"Terrakion","item":"choicescarf","ability":"Justified","moves":["stoneedge","xscissor","ironhead","closecombat"],"nature":"Jolly","evs":{"hp":0,"atk":252,"def":4,"spa":0,"spd":0,"spe":252},"ivs":{"hp":31,"atk":31,"def":31,"spa":31,"spd":31,"spe":31}},{"name":"Cobalion","species":"Cobalion","item":"leftovers","ability":"Justified","moves":["closecombat","voltswitch","ironhead","stealthrock"],"nature":"Jolly","evs":{"hp":144,"atk":112,"def":0,"spa":0,"spd":0,"spe":252},"ivs":{"hp":31,"atk":31,"def":31,"spa":31,"spd":31,"spe":31}},{"name":"Keldeo","species":"Keldeo","item":"leftovers","ability":"Justified","moves":["substitute","scald","secretsword","calmmind"],"nature":"Timid","evs":{"hp":0,"atk":0,"def":0,"spa":252,"spd":4,"spe":252},"ivs":{"hp":31,"atk":0,"def":31,"spa":31,"spd":31,"spe":31}},{"name":"Gallade","species":"Gallade","item":"galladite","ability":"Justified","moves":["swordsdance","drainpunch","icepunch","zenheadbutt"],"nature":"Jolly","evs":{"hp":4,"atk":252,"def":0,"spa":0,"spd":0,"spe":252},"ivs":{"hp":31,"atk":31,"def":31,"spa":31,"spd":31,"spe":31}},{"name":"Conkeldurr","species":"Conkeldurr","item":"assaultvest","ability":"Guts","moves":["drainpunch","poisonjab","icepunch","machpunch"],"nature":"Adamant","evs":{"hp":4,"atk":252,"def":0,"spa":0,"spd":252,"spe":0},"gender":"M","ivs":{"hp":31,"atk":31,"def":31,"spa":31,"spd":31,"spe":31}}],"p2team":[{"name":"Stun","species":"venusaur","item":"venusaurite","ability":"Overgrow","moves":["sludgebomb","synthesis","hiddenpowerfire","gigadrain"],"nature":"Quiet","evs":{"hp":68,"atk":0,"def":128,"spa":104,"spd":208,"spe":0},"ivs":{"hp":31,"atk":30,"def":31,"spa":30,"spd":31,"spe":30}},{"name":"Myth","species":"ferrothorn","item":"rockyhelmet","ability":"Iron Barbs","moves":["stealthrock","leechseed","gyroball","toxic"],"nature":"Relaxed","evs":{"hp":252,"atk":0,"def":88,"spa":0,"spd":168,"spe":0},"ivs":{"hp":31,"atk":31,"def":31,"spa":31,"spd":31,"spe":31}},{"name":"Viper","species":"whimsicott","item":"choicescarf","ability":"Infiltrator","moves":["moonblast","shadowball","psychic","hiddenpowerfire"],"nature":"Modest","evs":{"hp":0,"atk":0,"def":0,"spa":252,"spd":4,"spe":252},"ivs":{"hp":31,"atk":30,"def":31,"spa":30,"spd":31,"spe":30}},{"name":"Celebi","species":"Celebi","item":"weaknesspolicy","ability":"Natural Cure","moves":["calmmind","batonpass","psychic","earthpower"],"nature":"Timid","evs":{"hp":0,"atk":0,"def":0,"spa":252,"spd":4,"spe":252},"ivs":{"hp":31,"atk":31,"def":31,"spa":31,"spd":31,"spe":31}},{"name":"Neo","species":"shiftry","item":"lifeorb","ability":"Chlorophyll","moves":["knockoff","suckerpunch","rockslide","swordsdance"],"nature":"Adamant","evs":{"hp":0,"atk":252,"def":0,"spa":0,"spd":4,"spe":252},"ivs":{"hp":31,"atk":31,"def":31,"spa":31,"spd":31,"spe":31}},{"name":"Sam","species":"breloom","item":"toxicorb","ability":"Poison Heal","moves":["swordsdance","drainpunch","seedbomb","machpunch"],"nature":"Jolly","evs":{"hp":12,"atk":244,"def":0,"spa":0,"spd":0,"spe":252},"ivs":{"hp":31,"atk":31,"def":31,"spa":31,"spd":31,"spe":31}}],"log":["|player|p1|Alliance - Elite|92","|player|p2|V Photon|266","|gametype|singles","|gen|6","|tier|Monotype","|rated","|rule|Baton Pass Clause: Limit one Baton Passer, can't pass Spe and other stats simultaneously","|rule|Swagger Clause: Swagger is banned","|rule|Same Type Clause: Pokémon in a team must share a type","|clearpoke","|poke|p1|Hawlucha, M","|poke|p1|Terrakion","|poke|p1|Cobalion","|poke|p1|Keldeo","|poke|p1|Gallade, M","|poke|p1|Conkeldurr, M","|poke|p2|Venusaur, M","|poke|p2|Ferrothorn, M","|poke|p2|Whimsicott, M","|poke|p2|Celebi","|poke|p2|Shiftry, M","|poke|p2|Breloom, M","|rule|Sleep Clause Mod: Limit one foe put to sleep","|rule|Species Clause: Limit one of each Pokémon","|rule|OHKO Clause: OHKO moves are banned","|rule|Moody Clause: Moody is banned","|rule|Evasion Moves Clause: Evasion moves are banned","|rule|Endless Battle Clause: Forcing endless battles is banned","|rule|HP Percentage Mod: HP is shown in percentages","|teampreview","|","|start","|switch|p1a: Keldeo|Keldeo|323/323","|switch|p2a: Celebi|Celebi|341/341","|turn|1","|","|move|p1a: Keldeo|Substitute|p1a: Keldeo","|-start|p1a: Keldeo|Substitute","|-damage|p1a: Keldeo|243/323","|move|p2a: Celebi|Calm Mind|p2a: Celebi","|-boost|p2a: Celebi|spa|1","|-boost|p2a: Celebi|spd|1","|","|-heal|p1a: Keldeo|263/323|[from] item: Leftovers","|turn|2","|","|move|p1a: Keldeo|Scald|p2a: Celebi","|-resisted|p2a: Celebi","|-damage|p2a: Celebi|295/341","|move|p2a: Celebi|Calm Mind|p2a: Celebi","|-boost|p2a: Celebi|spa|1","|-boost|p2a: Celebi|spd|1","|","|-heal|p1a: Keldeo|283/323|[from] item: Leftovers","|turn|3","|","|switch|p1a: Terrakion|Terrakion|323/323","|move|p2a: Celebi|Psychic|p1a: Terrakion","|-supereffective|p1a: Terrakion","|-damage|p1a: Terrakion|0 fnt","|faint|p1a: Terrakion","|","|","|switch|p1a: Hawlucha|Hawlucha, M|297/297","|turn|4","|","|move|p1a: Hawlucha|Sky Attack|p2a: Celebi|[still]","|-prepare|p1a: Hawlucha|Sky Attack|p2a: Celebi","|-enditem|p1a: Hawlucha|Power Herb","|-anim|p1a: Hawlucha|Sky Attack|p2a: Celebi","|-crit|p2a: Celebi","|-supereffective|p2a: Celebi","|-damage|p2a: Celebi|0 fnt","|faint|p2a: Celebi","|","|","|switch|p2a: Myth|Ferrothorn, M|352/352","|turn|5","|","|move|p1a: Hawlucha|Swords Dance|p1a: Hawlucha","|-boost|p1a: Hawlucha|atk|2","|move|p2a: Myth|Gyro Ball|p1a: Hawlucha","|-damage|p1a: Hawlucha|101/297","|","|turn|6","|","|move|p1a: Hawlucha|High Jump Kick|p2a: Myth|[miss]","|-miss|p1a: Hawlucha|p2a: Myth","|-damage|p1a: Hawlucha|0 fnt|[from] highjumpkick","|faint|p1a: Hawlucha","|move|p2a: Myth|Gyro Ball|p1: Hawlucha|[notarget]","|-notarget","|","|","|switch|p1a: Gallade|Gallade, M|278/278","|turn|7","|","|switch|p2a: Neo|Shiftry, M|321/321","|detailschange|p1a: Gallade|Gallade-Mega, M","|-mega|p1a: Gallade|Gallade|Galladite","|move|p1a: Gallade|Swords Dance|p1a: Gallade","|-boost|p1a: Gallade|atk|2","|","|turn|8","|","|move|p2a: Neo|Sucker Punch|p1a: Gallade","|-damage|p1a: Gallade|114/278","|-damage|p2a: Neo|289/321|[from] item: Life Orb","|move|p1a: Gallade|Drain Punch|p2a: Neo","|-supereffective|p2a: Neo","|-damage|p2a: Neo|0 fnt","|-heal|p1a: Gallade|259/278|[from] drain|[of] p2a: Neo","|faint|p2a: Neo","|","|","|switch|p2a: Viper|Whimsicott, M|261/261","|turn|9","|","|switch|p1a: Conkeldurr|Conkeldurr, M|352/352","|move|p2a: Viper|Moonblast|p1a: Conkeldurr","|-supereffective|p1a: Conkeldurr","|-damage|p1a: Conkeldurr|166/352","|","|turn|10","|","|switch|p1a: Cobalion|Cobalion|359/359","|move|p2a: Viper|Moonblast|p1a: Cobalion","|-damage|p1a: Cobalion|179/359","|","|-heal|p1a: Cobalion|201/359|[from] item: Leftovers","|turn|11","|","|switch|p2a: Myth|Ferrothorn, M|352/352","|move|p1a: Cobalion|Volt Switch|p2a: Myth","|-resisted|p2a: Myth","|-damage|p2a: Myth|335/352","|","|switch|p1a: Conkeldurr|Conkeldurr, M|166/352","|","|turn|12","|","|move|p1a: Conkeldurr|Drain Punch|p2a: Myth","|-supereffective|p2a: Myth","|-damage|p2a: Myth|129/352","|-heal|p1a: Conkeldurr|269/352|[from] drain|[of] p2a: Myth","|-damage|p1a: Conkeldurr|225/352|[from] ability: Iron Barbs|[of] p2a: Myth","|-damage|p1a: Conkeldurr|167/352|[from] item: Rocky Helmet|[of] p2a: Myth","|move|p2a: Myth|Leech Seed|p1a: Conkeldurr","|-start|p1a: Conkeldurr|move: Leech Seed","|","|-damage|p1a: Conkeldurr|123/352|[from] Leech Seed|[of] p2a: Myth","|-heal|p2a: Myth|173/352|[silent]","|turn|13","|","|move|p1a: Conkeldurr|Poison Jab|p2a: Myth","|-immune|p2a: Myth|[msg]","|move|p2a: Myth|Stealth Rock|p1a: Conkeldurr","|-sidestart|p1: Alliance - Elite|move: Stealth Rock","|","|-damage|p1a: Conkeldurr|79/352|[from] Leech Seed|[of] p2a: Myth","|-heal|p2a: Myth|217/352|[silent]","|turn|14","|","|move|p1a: Conkeldurr|Drain Punch|p2a: Myth","|-supereffective|p2a: Myth","|-damage|p2a: Myth|5/352","|-heal|p1a: Conkeldurr|185/352|[from] drain|[of] p2a: Myth","|-damage|p1a: Conkeldurr|141/352|[from] ability: Iron Barbs|[of] p2a: Myth","|-damage|p1a: Conkeldurr|83/352|[from] item: Rocky Helmet|[of] p2a: Myth","|move|p2a: Myth|Gyro Ball|p1a: Conkeldurr","|-crit|p1a: Conkeldurr","|-damage|p1a: Conkeldurr|0 fnt","|faint|p1a: Conkeldurr","|","|","|switch|p1a: Keldeo|Keldeo|283/323","|-damage|p1a: Keldeo|263/323|[from] Stealth Rock","|turn|15","|","|switch|p2a: Viper|Whimsicott, M|261/261","|move|p1a: Keldeo|Substitute|p1a: Keldeo","|-start|p1a: Keldeo|Substitute","|-damage|p1a: Keldeo|183/323","|","|-heal|p1a: Keldeo|203/323|[from] item: Leftovers","|turn|16","|","|move|p2a: Viper|Moonblast|p1a: Keldeo","|-supereffective|p1a: Keldeo","|-damage|p1a: Keldeo|0 fnt","|faint|p1a: Keldeo","|","|","|switch|p1a: Cobalion|Cobalion|201/359","|-damage|p1a: Cobalion|190/359|[from] Stealth Rock","|turn|17","|","|switch|p2a: Sam|Breloom, M|264/264","|move|p1a: Cobalion|Iron Head|p2a: Sam","|-damage|p2a: Sam|153/264","|","|-heal|p1a: Cobalion|212/359|[from] item: Leftovers","|-status|p2a: Sam|tox|[from] item: Toxic Orb","|turn|18","|","|move|p1a: Cobalion|Iron Head|p2a: Sam","|-damage|p2a: Sam|26/264 tox","|move|p2a: Sam|Seed Bomb|p1a: Cobalion","|-crit|p1a: Cobalion","|-resisted|p1a: Cobalion","|-damage|p1a: Cobalion|128/359","|","|-heal|p1a: Cobalion|150/359|[from] item: Leftovers","|-heal|p2a: Sam|59/264 tox|[from] ability: Poison Heal","|turn|19","|","|move|p2a: Sam|Mach Punch|p1a: Cobalion","|-supereffective|p1a: Cobalion","|-damage|p1a: Cobalion|34/359","|move|p1a: Cobalion|Iron Head|p2a: Sam","|-damage|p2a: Sam|0 fnt","|faint|p2a: Sam","|","|-heal|p1a: Cobalion|56/359|[from] item: Leftovers","|","|switch|p2a: Viper|Whimsicott, M|261/261","|turn|20","|","|move|p2a: Viper|Moonblast|p1a: Cobalion","|-damage|p1a: Cobalion|0 fnt","|faint|p1a: Cobalion","|","|","|switch|p1a: Gallade|Gallade-Mega, M|259/278","|-damage|p1a: Gallade|242/278|[from] Stealth Rock","|turn|21","|","|move|p2a: Viper|Moonblast|p1a: Gallade","|-supereffective|p1a: Gallade","|-damage|p1a: Gallade|6/278","|move|p1a: Gallade|Ice Punch|p2a: Viper","|-supereffective|p2a: Viper","|-damage|p2a: Viper|27/261","|","|turn|22","|","|win|V Photon"],"p1rating":{"entryid":"364566","serverid":"eos","formatid":"monotype","userid":"allianceelite","username":"Alliance - Elite","w":"14","l":6,"t":"0","gxe":64.1,"r":"1630.4619793654","rd":"72.894700382113","sigma":"0","rptime":"1441270800","rpr":1611.6598365517,"rprd":71.514213207475,"rpsigma":"0","acre":1191.3227628696,"lacre":1191.3227628696,"oldacre":"1224.3452545418"},"p2rating":{"entryid":"24749","serverid":"eos","formatid":"monotype","userid":"vphoton","username":"V Photon - ⓈⓁⒺⒺⓅ","w":23,"l":"23","t":"0","gxe":51.3,"r":"1522.7188899137","rd":"54.64951508735","sigma":"0","rptime":"1441270800","rpr":1509.7798094309,"rprd":51.361401898733,"rpsigma":"0","acre":1141.7933913495,"lacre":1141.7933913495,"oldacre":"1108.7708996773"},"endType":"forfeit"}