{"seed":[16913,65288,60531,50094],"turns":20,"p1":"Apex✦Reborn","p2":"Imp Donut","p1team":[{"name":"HardNope","species":"scizor","item":"choiceband","ability":"Technician","moves":["bulletpunch","bugbite","aerialace","pursuit"],"nature":"Adamant","evs":{"hp":156,"atk":252,"def":100,"spa":0,"spd":0,"spe":0},"ivs":{"hp":31,"atk":31,"def":31,"spa":31,"spd":31,"spe":31}},{"name":"BuggyNope","species":"volcarona","item":"leftovers","ability":"Flame Body","moves":["fierydance","roost","bugbuzz","quiverdance"],"nature":"Timid","evs":{"hp":56,"atk":0,"def":176,"spa":220,"spd":8,"spe":48},"ivs":{"hp":31,"atk":31,"def":31,"spa":30,"spd":30,"spe":31}},{"name":"SpikyNope","species":"pinsir","item":"pinsirite","ability":"Moxie","moves":["earthquake","stoneedge","frustration","quickattack"],"nature":"Adamant","evs":{"hp":84,"atk":172,"def":0,"spa":0,"spd":0,"spe":252},"happiness":0,"ivs":{"hp":31,"atk":31,"def":31,"spa":31,"spd":31,"spe":31}},{"name":"HeraclesNope","species":"heracross","item":"assaultvest","ability":"Guts","moves":["closecombat","rockslide","knockoff","megahorn"],"nature":"Adamant","evs":{"hp":92,"atk":184,"def":0,"spa":0,"spd":232,"spe":0},"ivs":{"hp":31,"atk":31,"def":31,"spa":31,"spd":31,"spe":31}},{"name":"YellowNope","species":"galvantula","item":"focussash","ability":"Compound Eyes","moves":["stickyweb","thunder","thunderwave","bugbuzz"],"nature":"Timid","evs":{"hp":0,"atk":0,"def":0,"spa":252,"spd":4,"spe":252},"ivs":{"hp":31,"atk":31,"def":31,"spa":31,"spd":31,"spe":31}},{"name":"SpineyNope","species":"forretress","item":"custapberry","ability":"Sturdy","moves":["explosion","payback","endure","stealthrock"],"nature":"Adamant","evs":{"hp":152,"atk":220,"def":136,"spa":0,"spd":0,"spe":0},"ivs":{"hp":31,"atk":31,"def":31,"spa":31,"spd":31,"spe":31}}],"p2team":[{"name":"Mamoswine","species":"Mamoswine","item":"lifeorb","ability":"Thick Fat","moves":["earthquake","iceshard","superpower","rockslide"],"nature":"Jolly","evs":{"hp":0,"atk":252,"def":0,"spa":0,"spd":4,"spe":252},"ivs":{"hp":31,"atk":31,"def":31,"spa":31,"spd":31,"spe":31}},{"name":"Kyurem-Black","species":"Kyurem-Black","item":"choicescarf","ability":"Teravolt","moves":["fusionbolt","earthpower","icebeam","dragonclaw"],"nature":"Naive","evs":{"hp":0,"atk":252,"def":0,"spa":4,"spd":0,"spe":252},"ivs":{"hp":31,"atk":31,"def":31,"spa":31,"spd":31,"spe":31}},{"name":"Weavile","species":"Weavile","item":"focussash","ability":"Pressure","moves":["iceshard","icepunch","knockoff","lowkick"],"nature":"Jolly","evs":{"hp":0,"atk":252,"def":0,"spa":0,"spd":4,"spe":252},"ivs":{"hp":31,"atk":31,"def":31,"spa":31,"spd":31,"spe":31}},{"name":"Aurorus","species":"Aurorus","item":"assaultvest","ability":"Refrigerate","moves":["ancientpower","hypervoice","freezedry","hiddenpowerfire"],"nature":"Modest","evs":{"hp":248,"atk":0,"def":0,"spa":252,"spd":8,"spe":0},"ivs":{"hp":31,"atk":30,"def":31,"spa":30,"spd":31,"spe":30}},{"name":"Avalugg","species":"Avalugg","item":"leftovers","ability":"Sturdy","moves":["avalanche","rapidspin","toxic","earthquake"],"nature":"Impish","evs":{"hp":252,"atk":4,"def":252,"spa":0,"spd":0,"spe":0},"ivs":{"hp":31,"atk":31,"def":31,"spa":31,"spd":31,"spe":31}},{"name":"Jynx","species":"Jynx","item":"widelens","ability":"Dry Skin","moves":["energyball","focusblast","icebeam","psyshock"],"nature":"Timid","evs":{"hp":0,"atk":0,"def":0,"spa":252,"spd":4,"spe":252},"ivs":{"hp":31,"atk":31,"def":31,"spa":31,"spd":31,"spe":31}}],"log":["|player|p1|Apex✦Reborn|142","|player|p2|Imp Donut|101","|gametype|singles","|gen|6","|tier|Monotype","|rated","|rule|Baton Pass Clause: Limit one Baton Passer, can't pass Spe and other stats simultaneously","|rule|Swagger Clause: Swagger is banned","|rule|Same Type Clause: Pokémon in a team must share a type","|clearpoke","|poke|p1|Scizor, F","|poke|p1|Volcarona, F","|poke|p1|Pinsir, F","|poke|p1|Heracross, F","|poke|p1|Galvantula, F","|poke|p1|Forretress, F","|poke|p2|Mamoswine, F","|poke|p2|Kyurem-Black","|poke|p2|Weavile, M","|poke|p2|Aurorus, M","|poke|p2|Avalugg, F","|poke|p2|Jynx, F","|rule|Sleep Clause Mod: Limit one foe put to sleep","|rule|Species Clause: Limit one of each Pokémon","|rule|OHKO Clause: OHKO moves are banned","|rule|Moody Clause: Moody is banned","|rule|Evasion Moves Clause: Evasion moves are banned","|rule|Endless Battle Clause: Forcing endless battles is banned","|rule|HP Percentage Mod: HP is shown in percentages","|teampreview","|","|start","|switch|p1a: YellowNope|Galvantula, F|281/281","|switch|p2a: Mamoswine|Mamoswine, F|361/361","|turn|1","|","|move|p1a: YellowNope|Thunder Wave|p2a: Mamoswine","|-immune|p2a: Mamoswine|[msg]","|move|p2a: Mamoswine|Rock Slide|p1a: YellowNope","|-supereffective|p1a: YellowNope","|-enditem|p1a: YellowNope|Focus Sash","|-damage|p1a: YellowNope|1/281","|-damage|p2a: Mamoswine|325/361|[from] item: Life Orb","|","|turn|2","|","|move|p2a: Mamoswine|Ice Shard|p1a: YellowNope","|-damage|p1a: YellowNope|0 fnt","|-damage|p2a: Mamoswine|289/361|[from] item: Life Orb","|faint|p1a: YellowNope","|","|","|switch|p1a: SpineyNope|Forretress, F|329/329","|turn|3","|","|switch|p2a: Aurorus|Aurorus, M|449/449","|move|p1a: SpineyNope|Stealth Rock|p2a: Aurorus","|-sidestart|p2: Imp Donut|move: Stealth Rock","|","|turn|4","|","|move|p2a: Aurorus|Hidden Power|p1a: SpineyNope","|-supereffective|p1a: SpineyNope","|-ability|p1a: SpineyNope|Sturdy","|-damage|p1a: SpineyNope|1/329","|move|p1a: SpineyNope|Payback|p2a: Aurorus","|-damage|p2a: Aurorus|320/449","|","|turn|5","|-enditem|p1a: SpineyNope|Custap Berry|[eat]","|-activate|p1a: SpineyNope|Custap Berry","|","|move|p1a: SpineyNope|Explosion|p2a: Aurorus","|-resisted|p2a: Aurorus","|-damage|p2a: Aurorus|153/449","|faint|p1a: SpineyNope","|move|p2a: Aurorus|Ancient Power|p1: SpineyNope|[notarget]","|-notarget","|","|","|switch|p1a: BuggyNope|Volcarona, F|325/325","|turn|6","|","|move|p1a: BuggyNope|Quiver Dance|p1a: BuggyNope","|-boost|p1a: BuggyNope|spa|1","|-boost|p1a: BuggyNope|spd|1","|-boost|p1a: BuggyNope|spe|1","|move|p2a: Aurorus|Ancient Power|p1a: BuggyNope","|-supereffective|p1a: BuggyNope","|-damage|p1a: BuggyNope|93/325","|","|-heal|p1a: BuggyNope|113/325|[from] item: Leftovers","|turn|7","|","|move|p1a: BuggyNope|Fiery Dance|p2a: Aurorus","|-damage|p2a: Aurorus|0 fnt","|-boost|p1a: BuggyNope|spa|1","|faint|p2a: Aurorus","|","|-heal|p1a: BuggyNope|133/325|[from] item: Leftovers","|","|switch|p2a: Kyurem-Black|Kyurem-Black|391/391","|-damage|p2a: Kyurem-Black|294/391|[from] Stealth Rock","|-ability|p2a: Kyurem-Black|Teravolt","|turn|8","|","|move|p2a: Kyurem-Black|Dragon Claw|p1a: BuggyNope","|-damage|p1a: BuggyNope|0 fnt","|-status|p2a: Kyurem-Black|brn","|faint|p1a: BuggyNope","|","|-damage|p2a: Kyurem-Black|246/391 brn|[from] brn","|","|switch|p1a: SpikyNope|Pinsir, F|292/292","|turn|9","|","|switch|p2a: Avalugg|Avalugg, F|394/394","|-damage|p2a: Avalugg|296/394|[from] Stealth Rock","|detailschange|p1a: SpikyNope|Pinsir-Mega, F","|-mega|p1a: SpikyNope|Pinsir|Pinsirite","|move|p1a: SpikyNope|Quick Attack|p2a: Avalugg","|-damage|p2a: Avalugg|248/394","|","|-heal|p2a: Avalugg|272/394|[from] item: Leftovers","|turn|10","|","|move|p1a: SpikyNope|Stone Edge|p2a: Avalugg|[miss]","|-miss|p1a: SpikyNope|p2a: Avalugg","|move|p2a: Avalugg|Avalanche|p1a: SpikyNope","|-supereffective|p1a: SpikyNope","|-damage|p1a: SpikyNope|152/292","|","|-heal|p2a: Avalugg|296/394|[from] item: Leftovers","|turn|11","|","|move|p1a: SpikyNope|Stone Edge|p2a: Avalugg|[miss]","|-miss|p1a: SpikyNope|p2a: Avalugg","|move|p2a: Avalugg|Avalanche|p1a: SpikyNope","|-supereffective|p1a: SpikyNope","|-damage|p1a: SpikyNope|20/292","|","|-heal|p2a: Avalugg|320/394|[from] item: Leftovers","|turn|12","|","|move|p1a: SpikyNope|Stone Edge|p2a: Avalugg","|-supereffective|p2a: Avalugg","|-damage|p2a: Avalugg|200/394","|move|p2a: Avalugg|Avalanche|p1a: SpikyNope","|-supereffective|p1a: SpikyNope","|-damage|p1a: SpikyNope|0 fnt","|faint|p1a: SpikyNope","|","|-heal|p2a: Avalugg|224/394|[from] item: Leftovers","|","|switch|p1a: HardNope|Scizor, F|320/320","|turn|13","|","|move|p1a: HardNope|Bullet Punch|p2a: Avalugg","|-supereffective|p2a: Avalugg","|-damage|p2a: Avalugg|62/394","|move|p2a: Avalugg|Rapid Spin|p1a: HardNope","|-resisted|p1a: HardNope","|-damage|p1a: HardNope|311/320","|-sideend|p2: Imp Donut|Stealth Rock|[from] move: Rapid Spin|[of] p2a: Avalugg","|","|-heal|p2a: Avalugg|86/394|[from] item: Leftovers","|turn|14","|","|move|p1a: HardNope|Bullet Punch|p2a: Avalugg","|-supereffective|p2a: Avalugg","|-damage|p2a: Avalugg|0 fnt","|faint|p2a: Avalugg","|","|","|switch|p2a: Weavile|Weavile, M|281/281","|-ability|p2a: Weavile|Pressure","|turn|15","|","|switch|p1a: HeraclesNope|Heracross, F|324/324","|move|p2a: Weavile|Knock Off|p1a: HeraclesNope","|-resisted|p1a: HeraclesNope","|-damage|p1a: HeraclesNope|219/324","|-enditem|p1a: HeraclesNope|Assault Vest|[from] move: Knock Off|[of] p2a: Weavile","|","|turn|16","|","|move|p2a: Weavile|Ice Punch|p1a: HeraclesNope","|-damage|p1a: HeraclesNope|72/324","|-status|p1a: HeraclesNope|frz","|cant|p1a: HeraclesNope|frz","|","|turn|17","|","|move|p2a: Weavile|Ice Punch|p1a: HeraclesNope","|-damage|p1a: HeraclesNope|0 fnt","|faint|p1a: HeraclesNope","|","|","|switch|p1a: HardNope|Scizor, F|311/320","|turn|18","|","|move|p1a: HardNope|Bullet Punch|p2a: Weavile","|-supereffective|p2a: Weavile","|-enditem|p2a: Weavile|Focus Sash","|-damage|p2a: Weavile|1/281","|move|p2a: Weavile|Knock Off|p1a: HardNope","|-damage|p1a: HardNope|154/320","|-enditem|p1a: HardNope|Choice Band|[from] move: Knock Off|[of] p2a: Weavile","|","|turn|19","|","|move|p2a: Weavile|Ice Shard|p1a: HardNope","|-resisted|p1a: HardNope","|-damage|p1a: HardNope|121/320","|move|p1a: HardNope|Bullet Punch|p2a: Weavile","|-supereffective|p2a: Weavile","|-damage|p2a: Weavile|0 fnt","|faint|p2a: Weavile","|","|","|switch|p2a: Mamoswine|Mamoswine, F|289/361","|turn|20","|","|move|p1a: HardNope|Bullet Punch|p2a: Mamoswine","|-supereffective|p2a: Mamoswine","|-damage|p2a: Mamoswine|11/361","|move|p2a: Mamoswine|Earthquake|p1a: HardNope","|-damage|p1a: HardNope|0 fnt","|-damage|p2a: Mamoswine|0 fnt|[from] item: Life Orb","|faint|p1a: HardNope","|faint|p2a: Mamoswine","|","|win|Imp Donut"],"p1rating":{"entryid":"473409","serverid":"eos","formatid":"monotype","userid":"apexreborn","username":"Apex✦Reborn","w":"16","l":14,"t":"0","gxe":55.2,"r":"1534.9395784642","rd":"64.659723413869","sigma":"0","rptime":"1441270800","rpr":1539.4870857329,"rprd":61.229131170472,"rpsigma":"0","acre":1198.0959854243,"lacre":1198.0959854243,"oldacre":"1226.7508603645"},"p2rating":{"entryid":"659054","serverid":"eos","formatid":"monotype","userid":"impdonut","username":"Imp Donut","w":15,"l":"7","t":"0","gxe":63.7,"r":"1614.476095346","rd":"74.92478422535","sigma":"0","rptime":"1441270800","rpr":1607.4765790397,"rprd":68.667654686453,"rpsigma":"0","acre":1204.2458098115,"lacre":1204.2458098115,"oldacre":"1175.5909348713"},"endType":"normal"}