{"seed":[54210,20636,2599,49217],"turns":28,"p1":"Coloniol Mustang","p2":"Knight♕Mini-Tsuya","p1team":[{"name":"Regice","species":"Regice","item":"weaknesspolicy","ability":"Clear Body","moves":["icebeam","thunderbolt","flashcannon","rest"],"nature":"Calm","evs":{"hp":252,"atk":0,"def":0,"spa":0,"spd":252,"spe":0},"ivs":{"hp":31,"atk":31,"def":31,"spa":31,"spd":31,"spe":31}},{"name":"Mamoswine","species":"Mamoswine","item":"lifeorb","ability":"Thick Fat","moves":["curse","iceshard","avalanche","earthquake"],"nature":"Impish","evs":{"hp":252,"atk":0,"def":252,"spa":0,"spd":0,"spe":0},"ivs":{"hp":31,"atk":31,"def":31,"spa":31,"spd":31,"spe":31}},{"name":"Froslass","species":"Froslass","item":"focussash","ability":"Cursed Body","moves":["spikes","taunt","shadowball","destinybond"],"nature":"Timid","evs":{"hp":252,"atk":0,"def":0,"spa":0,"spd":0,"spe":252},"ivs":{"hp":31,"atk":31,"def":31,"spa":31,"spd":31,"spe":31}},{"name":"Avalugg","species":"Avalugg","item":"leftovers","ability":"Ice Body","moves":["earthquake","avalanche","recover","rapidspin"],"nature":"Relaxed","evs":{"hp":252,"atk":4,"def":252,"spa":0,"spd":0,"spe":0},"ivs":{"hp":31,"atk":31,"def":31,"spa":31,"spd":31,"spe":0}},{"name":"Abomasnow","species":"Abomasnow","item":"focussash","ability":"Snow Warning","moves":["iceshard","gigadrain","hiddenpowerfire","blizzard"],"nature":"Mild","evs":{"hp":0,"atk":28,"def":0,"spa":252,"spd":0,"spe":228},"ivs":{"hp":31,"atk":30,"def":31,"spa":30,"spd":31,"spe":30}},{"name":"Kyurem-Black","species":"Kyurem-Black","item":"leftovers","ability":"Teravolt","moves":["icebeam","outrage","fusionbolt","earthpower"],"nature":"Adamant","evs":{"hp":56,"atk":0,"def":0,"spa":252,"spd":0,"spe":200},"ivs":{"hp":31,"atk":31,"def":31,"spa":31,"spd":31,"spe":31}}],"p2team":[{"name":"Altair","species":"landorus","item":"lifeorb","ability":"Sheer Force","moves":["earthpower","sludgewave","focusblast","hiddenpowerice"],"nature":"Rash","evs":{"hp":4,"atk":0,"def":0,"spa":252,"spd":0,"spe":252},"ivs":{"hp":31,"atk":30,"def":30,"spa":31,"spd":31,"spe":31}},{"name":"Cynthiaisbae","species":"gastrodon","item":"leftovers","ability":"Storm Drain","moves":["scald","recover","toxic","earthpower"],"nature":"Calm","evs":{"hp":0,"atk":0,"def":4,"spa":0,"spd":252,"spe":0},"ivs":{"hp":31,"atk":31,"def":31,"spa":31,"spd":31,"spe":31}},{"name":"QueenNova","species":"hippowdon","item":"leftovers","ability":"Sand Stream","moves":["earthquake","stealthrock","slackoff","stoneedge"],"nature":"Impish","evs":{"hp":252,"atk":0,"def":144,"spa":0,"spd":112,"spe":0},"ivs":{"hp":31,"atk":31,"def":31,"spa":31,"spd":31,"spe":31}},{"name":"NotKaori","species":"excadrill","item":"lifeorb","ability":"Sand Rush","moves":["earthquake","ironhead","rockslide","swordsdance"],"nature":"Adamant","evs":{"hp":0,"atk":252,"def":4,"spa":0,"spd":0,"spe":252},"ivs":{"hp":31,"atk":31,"def":31,"spa":31,"spd":31,"spe":31}},{"name":"The Mafia","species":"nidoking","item":"choicescarf","ability":"Sheer Force","moves":["sludgewave","earthpower","thunderbolt","icebeam"],"nature":"Modest","evs":{"hp":0,"atk":0,"def":4,"spa":252,"spd":0,"spe":252},"ivs":{"hp":31,"atk":31,"def":31,"spa":31,"spd":31,"spe":31}},{"name":"Die in a rupt","species":"camerupt","item":"cameruptite","ability":"Solid Rock","moves":["fireblast","earthpower","ancientpower","willowisp"],"nature":"Modest","evs":{"hp":168,"atk":0,"def":0,"spa":252,"spd":0,"spe":88},"ivs":{"hp":31,"atk":31,"def":31,"spa":31,"spd":31,"spe":31}}],"log":["|player|p1|Coloniol Mustang|124","|player|p2|Knight♕Mini-Tsuya|89","|gametype|singles","|gen|6","|tier|Monotype","|rated","|rule|Baton Pass Clause: Limit one Baton Passer, can't pass Spe and other stats simultaneously","|rule|Swagger Clause: Swagger is banned","|rule|Same Type Clause: Pokémon in a team must share a type","|clearpoke","|poke|p1|Regice","|poke|p1|Mamoswine, F","|poke|p1|Froslass, F","|poke|p1|Avalugg, M","|poke|p1|Abomasnow, F","|poke|p1|Kyurem-Black","|poke|p2|Landorus, M","|poke|p2|Gastrodon, F","|poke|p2|Hippowdon, M","|poke|p2|Excadrill, M","|poke|p2|Nidoking, M","|poke|p2|Camerupt, F","|rule|Sleep Clause Mod: Limit one foe put to sleep","|rule|Species Clause: Limit one of each Pokémon","|rule|OHKO Clause: OHKO moves are banned","|rule|Moody Clause: Moody is banned","|rule|Evasion Moves Clause: Evasion moves are banned","|rule|Endless Battle Clause: Forcing endless battles is banned","|rule|HP Percentage Mod: HP is shown in percentages","|teampreview","|","|start","|switch|p1a: Froslass|Froslass, F|344/344","|switch|p2a: QueenNova|Hippowdon, M|420/420","|-weather|Sandstorm","|turn|1","|","|switch|p2a: NotKaori|Excadrill, M|361/361","|move|p1a: Froslass|Taunt|p2a: NotKaori","|-start|p2a: NotKaori|move: Taunt","|","|-weather|Sandstorm|[upkeep]","|-damage|p1a: Froslass|323/344|[from] sandstorm","|turn|2","|","|move|p2a: NotKaori|Iron Head|p1a: Froslass","|-supereffective|p1a: Froslass","|-damage|p1a: Froslass|0 fnt","|-damage|p2a: NotKaori|325/361|[from] item: Life Orb","|faint|p1a: Froslass","|","|-weather|Sandstorm|[upkeep]","|","|switch|p1a: Abomasnow|Abomasnow, F|321/321","|-weather|Hail","|turn|3","|","|move|p2a: NotKaori|Iron Head|p1a: Abomasnow","|-supereffective|p1a: Abomasnow","|-enditem|p1a: Abomasnow|Focus Sash","|-damage|p1a: Abomasnow|1/321","|-damage|p2a: NotKaori|289/361|[from] item: Life Orb","|cant|p1a: Abomasnow|flinch","|","|-weather|Hail|[upkeep]","|-damage|p2a: NotKaori|267/361|[from] hail","|-end|p2a: NotKaori|move: Taunt","|turn|4","|","|move|p1a: Abomasnow|Ice Shard|p2a: NotKaori","|-damage|p2a: NotKaori|194/361","|move|p2a: NotKaori|Iron Head|p1a: Abomasnow","|-supereffective|p1a: Abomasnow","|-damage|p1a: Abomasnow|0 fnt","|-damage|p2a: NotKaori|158/361|[from] item: Life Orb","|faint|p1a: Abomasnow","|","|-weather|Hail|[upkeep]","|-damage|p2a: NotKaori|136/361|[from] hail","|","|switch|p1a: Avalugg|Avalugg, M|394/394","|turn|5","|","|switch|p2a: The Mafia|Nidoking, M|303/303","|move|p1a: Avalugg|Avalanche|p2a: The Mafia","|-supereffective|p2a: The Mafia","|-damage|p2a: The Mafia|109/303","|","|-weather|Hail|[upkeep]","|-damage|p2a: The Mafia|91/303|[from] hail","|turn|6","|","|switch|p1a: Regice|Regice|364/364","|move|p2a: The Mafia|Earth Power|p1a: Regice","|-damage|p1a: Regice|291/364","|","|-weather|Hail|[upkeep]","|-damage|p2a: The Mafia|73/303|[from] hail","|turn|7","|","|switch|p2a: Die in a rupt|Camerupt, F|323/323","|move|p1a: Regice|Ice Beam|p2a: Die in a rupt","|-damage|p2a: Die in a rupt|199/323","|","|-weather|none","|turn|8","|","|detailschange|p2a: Die in a rupt|Camerupt-Mega, F","|-mega|p2a: Die in a rupt|Camerupt|Cameruptite","|move|p2a: Die in a rupt|Fire Blast|p1a: Regice|[miss]","|-miss|p2a: Die in a rupt|p1a: Regice","|move|p1a: Regice|Ice Beam|p2a: Die in a rupt","|-damage|p2a: Die in a rupt|99/323","|","|turn|9","|","|move|p1a: Regice|Ice Beam|p2a: Die in a rupt","|-damage|p2a: Die in a rupt|0 fnt","|faint|p2a: Die in a rupt","|","|","|switch|p2a: QueenNova|Hippowdon, M|420/420","|-weather|Sandstorm","|turn|10","|","|move|p1a: Regice|Ice Beam|p2a: QueenNova","|-supereffective|p2a: QueenNova","|-damage|p2a: QueenNova|166/420","|move|p2a: QueenNova|Stealth Rock|p1a: Regice","|-sidestart|p1: Coloniol Mustang|move: Stealth Rock","|","|-weather|Sandstorm|[upkeep]","|-damage|p1a: Regice|269/364|[from] sandstorm","|-heal|p2a: QueenNova|192/420|[from] item: Leftovers","|turn|11","|","|switch|p2a: Cynthiaisbae|Gastrodon, F|363/363","|move|p1a: Regice|Ice Beam|p2a: Cynthiaisbae","|-damage|p2a: Cynthiaisbae|270/363","|","|-weather|Sandstorm|[upkeep]","|-damage|p1a: Regice|247/364|[from] sandstorm","|-heal|p2a: Cynthiaisbae|292/363|[from] item: Leftovers","|turn|12","|","|move|p1a: Regice|Ice Beam|p2a: Cynthiaisbae","|-crit|p2a: Cynthiaisbae","|-damage|p2a: Cynthiaisbae|151/363","|move|p2a: Cynthiaisbae|Toxic|p1a: Regice","|-status|p1a: Regice|tox","|","|-weather|Sandstorm|[upkeep]","|-damage|p1a: Regice|225/364 tox|[from] sandstorm","|-heal|p2a: Cynthiaisbae|173/363|[from] item: Leftovers","|-damage|p1a: Regice|203/364 tox|[from] psn","|turn|13","|","|move|p1a: Regice|Ice Beam|p2a: Cynthiaisbae","|-damage|p2a: Cynthiaisbae|92/363","|move|p2a: Cynthiaisbae|Recover|p2a: Cynthiaisbae","|-heal|p2a: Cynthiaisbae|274/363","|","|-weather|Sandstorm|[upkeep]","|-damage|p1a: Regice|181/364 tox|[from] sandstorm","|-heal|p2a: Cynthiaisbae|296/363|[from] item: Leftovers","|-damage|p1a: Regice|137/364 tox|[from] psn","|turn|14","|","|move|p1a: Regice|Rest|p1a: Regice","|-status|p1a: Regice|slp","|-heal|p1a: Regice|364/364 slp|[silent]","|-status|p1a: Regice|slp|[from] move: Rest","|move|p2a: Cynthiaisbae|Recover|p2a: Cynthiaisbae","|-heal|p2a: Cynthiaisbae|363/363","|","|-weather|none","|turn|15","|","|switch|p2a: QueenNova|Hippowdon, M|192/420","|-weather|Sandstorm","|cant|p1a: Regice|slp","|","|-weather|Sandstorm|[upkeep]","|-damage|p1a: Regice|342/364 slp|[from] sandstorm","|-heal|p2a: QueenNova|218/420|[from] item: Leftovers","|turn|16","|","|switch|p2a: NotKaori|Excadrill, M|136/361","|cant|p1a: Regice|slp","|","|-weather|Sandstorm|[upkeep]","|-damage|p1a: Regice|320/364 slp|[from] sandstorm","|turn|17","|","|switch|p1a: Avalugg|Avalugg, M|394/394","|-damage|p1a: Avalugg|296/394|[from] Stealth Rock","|move|p2a: NotKaori|Iron Head|p1a: Avalugg","|-supereffective|p1a: Avalugg","|-damage|p1a: Avalugg|101/394","|-damage|p2a: NotKaori|100/361|[from] item: Life Orb","|","|-weather|Sandstorm|[upkeep]","|-damage|p1a: Avalugg|77/394|[from] sandstorm","|-heal|p1a: Avalugg|101/394|[from] item: Leftovers","|turn|18","|","|move|p2a: NotKaori|Iron Head|p1a: Avalugg","|-supereffective|p1a: Avalugg","|-damage|p1a: Avalugg|0 fnt","|-damage|p2a: NotKaori|64/361|[from] item: Life Orb","|faint|p1a: Avalugg","|","|-weather|Sandstorm|[upkeep]","|","|switch|p1a: Mamoswine|Mamoswine, F|424/424","|-damage|p1a: Mamoswine|371/424|[from] Stealth Rock","|turn|19","|","|move|p1a: Mamoswine|Ice Shard|p2a: NotKaori","|-damage|p2a: NotKaori|0 fnt","|-damage|p1a: Mamoswine|329/424|[from] item: Life Orb","|faint|p2a: NotKaori","|","|-weather|none","|","|switch|p2a: QueenNova|Hippowdon, M|218/420","|-weather|Sandstorm","|turn|20","|","|move|p2a: QueenNova|Slack Off|p2a: QueenNova","|-heal|p2a: QueenNova|420/420","|move|p1a: Mamoswine|Avalanche|p2a: QueenNova","|-supereffective|p2a: QueenNova","|-damage|p2a: QueenNova|264/420","|-damage|p1a: Mamoswine|287/424|[from] item: Life Orb","|","|-weather|Sandstorm|[upkeep]","|-heal|p2a: QueenNova|290/420|[from] item: Leftovers","|turn|21","|","|move|p1a: Mamoswine|Curse|p1a: Mamoswine","|-unboost|p1a: Mamoswine|spe|1","|-boost|p1a: Mamoswine|atk|1","|-boost|p1a: Mamoswine|def|1","|move|p2a: QueenNova|Stone Edge|p1a: Mamoswine","|-damage|p1a: Mamoswine|241/424","|","|-weather|Sandstorm|[upkeep]","|-heal|p2a: QueenNova|316/420|[from] item: Leftovers","|turn|22","|","|switch|p2a: Altair|Landorus, M|320/320","|move|p1a: Mamoswine|Avalanche|p2a: Altair","|-supereffective|p2a: Altair","|-damage|p2a: Altair|0 fnt","|-damage|p1a: Mamoswine|199/424|[from] item: Life Orb","|faint|p2a: Altair","|","|-weather|Sandstorm|[upkeep]","|","|switch|p2a: Cynthiaisbae|Gastrodon, F|363/363","|turn|23","|","|move|p1a: Mamoswine|Curse|p1a: Mamoswine","|-unboost|p1a: Mamoswine|spe|1","|-boost|p1a: Mamoswine|atk|1","|-boost|p1a: Mamoswine|def|1","|move|p2a: Cynthiaisbae|Toxic|p1a: Mamoswine","|-status|p1a: Mamoswine|tox","|","|-weather|Sandstorm|[upkeep]","|-damage|p1a: Mamoswine|173/424 tox|[from] psn","|turn|24","|","|move|p2a: Cynthiaisbae|Recover|p2a: Cynthiaisbae","|-fail|p2a: Cynthiaisbae","|move|p1a: Mamoswine|Avalanche|p2a: Cynthiaisbae","|-damage|p2a: Cynthiaisbae|65/363","|-damage|p1a: Mamoswine|131/424 tox|[from] item: Life Orb","|","|-weather|none","|-heal|p2a: Cynthiaisbae|87/363|[from] item: Leftovers","|-damage|p1a: Mamoswine|79/424 tox|[from] psn","|turn|25","|","|move|p1a: Mamoswine|Ice Shard|p2a: Cynthiaisbae","|-damage|p2a: Cynthiaisbae|0 fnt","|-damage|p1a: Mamoswine|37/424 tox|[from] item: Life Orb","|faint|p2a: Cynthiaisbae","|","|-damage|p1a: Mamoswine|0 fnt|[from] psn","|faint|p1a: Mamoswine","|","|switch|p2a: The Mafia|Nidoking, M|73/303","|switch|p1a: Regice|Regice|320/364 slp","|-damage|p1a: Regice|229/364 slp|[from] Stealth Rock","|turn|26","|","|switch|p2a: QueenNova|Hippowdon, M|316/420","|-weather|Sandstorm","|-curestatus|p1a: Regice|slp","|move|p1a: Regice|Ice Beam|p2a: QueenNova","|-supereffective|p2a: QueenNova","|-damage|p2a: QueenNova|64/420","|","|-weather|Sandstorm|[upkeep]","|-damage|p1a: Regice|207/364|[from] sandstorm","|-heal|p2a: QueenNova|90/420|[from] item: Leftovers","|turn|27","|","|move|p1a: Regice|Ice Beam|p2a: QueenNova","|-supereffective|p2a: QueenNova","|-damage|p2a: QueenNova|0 fnt","|faint|p2a: QueenNova","|","|-weather|Sandstorm|[upkeep]","|-damage|p1a: Regice|185/364|[from] sandstorm","|","|switch|p2a: The Mafia|Nidoking, M|73/303","|turn|28","|","|move|p2a: The Mafia|Earth Power|p1a: Regice","|-damage|p1a: Regice|109/364","|move|p1a: Regice|Ice Beam|p2a: The Mafia","|-supereffective|p2a: The Mafia","|-damage|p2a: The Mafia|0 fnt","|faint|p2a: The Mafia","|","|win|Coloniol Mustang"],"p1rating":{"entryid":"790045","serverid":"eos","formatid":"monotype","userid":"coloniolmustang","username":"Coloniol Mustang","w":4,"l":"2","t":"0","gxe":57.3,"r":"1506.5678551039","rd":"106.29891332807","sigma":"0","rptime":"1441270800","rpr":1557.7984807187,"rprd":98.364780216688,"rpsigma":"0","acre":1108.186556225,"lacre":1108.186556225,"oldacre":"1088.0405613645"},"p2rating":{"entryid":806627,"formatid":"monotype","userid":"knightminitsuya","username":"Knight♕Mini-Tsuya","r":1500,"rd":130,"sigma":0,"rpr":1459.7883836857,"rprd":122.52940295657,"rpsigma":0,"rptime":1441270800,"w":0,"l":1,"t":0,"gxe":45,"acre":1000,"lacre":1000,"oldacre":1000},"endType":"normal"}