{"seed":[5310,50285,44565,65465],"turns":28,"p1":"LightOfAKnowing","p2":"Marx-Bot","p1team":[{"name":"Heliolisk","species":"Heliolisk","item":"leftovers","ability":"Dry Skin","moves":["electricterrain","thunderbolt","hypervoice","grassknot"],"nature":"Timid","evs":{"hp":0,"atk":0,"def":0,"spa":252,"spd":4,"spe":252},"ivs":{"hp":31,"atk":31,"def":31,"spa":31,"spd":31,"spe":31}},{"name":"Magnezone","species":"Magnezone","item":"airballoon","ability":"Magnet Pull","moves":["electricterrain","magnetrise","flashcannon","discharge"],"nature":"Modest","evs":{"hp":248,"atk":0,"def":0,"spa":252,"spd":8,"spe":0},"ivs":{"hp":31,"atk":31,"def":31,"spa":31,"spd":31,"spe":31}},{"name":"Galvantula","species":"Galvantula","item":"focussash","ability":"Swarm","moves":["stickyweb","bugbuzz","voltswitch","suckerpunch"],"nature":"Hasty","evs":{"hp":0,"atk":4,"def":0,"spa":252,"spd":0,"spe":252},"ivs":{"hp":31,"atk":31,"def":31,"spa":31,"spd":31,"spe":31}},{"name":"Zapdos","species":"Zapdos","item":"leftovers","ability":"Pressure","moves":["defog","heatwave","discharge","roost"],"nature":"Modest","evs":{"hp":248,"atk":0,"def":0,"spa":252,"spd":8,"spe":0},"ivs":{"hp":31,"atk":31,"def":31,"spa":31,"spd":31,"spe":31}},{"name":"Electivire","species":"Electivire","item":"leftovers","ability":"Motor Drive","moves":["thunderpunch","brickbreak","earthquake","firepunch"],"nature":"Adamant","evs":{"hp":0,"atk":252,"def":0,"spa":0,"spd":4,"spe":252},"ivs":{"hp":31,"atk":31,"def":31,"spa":31,"spd":31,"spe":31}},{"name":"Ampharos","species":"Ampharos","item":"ampharosite","ability":"Static","moves":["cottonguard","electricterrain","thunderbolt","rest"],"nature":"Calm","evs":{"hp":248,"atk":0,"def":0,"spa":8,"spd":252,"spe":0},"ivs":{"hp":31,"atk":31,"def":31,"spa":31,"spd":31,"spe":31}}],"p2team":[{"name":"Scraggy","species":"Scraggy","item":"eviolite","ability":"Intimidate","moves":["detect","crunch","drainpunch","toxic"],"nature":"Careful","evs":{"hp":248,"atk":8,"def":0,"spa":0,"spd":252,"spe":0},"ivs":{"hp":31,"atk":31,"def":31,"spa":31,"spd":31,"spe":31}},{"name":"Sneasel","species":"Sneasel","item":"focussash","ability":"Pickpocket","moves":["swordsdance","icepunch","knockoff","lowkick"],"nature":"Jolly","evs":{"hp":0,"atk":252,"def":0,"spa":0,"spd":4,"spe":252},"ivs":{"hp":31,"atk":31,"def":31,"spa":31,"spd":31,"spe":31}},{"name":"Murkrow","species":"Murkrow","item":"eviolite","ability":"Prankster","moves":["darkpulse","thunderwave","roost","featherdance"],"nature":"Calm","evs":{"hp":248,"atk":0,"def":0,"spa":8,"spd":252,"spe":0},"ivs":{"hp":31,"atk":31,"def":31,"spa":31,"spd":31,"spe":31}},{"name":"Zweilous","species":"Zweilous","item":"eviolite","ability":"Hustle","moves":["crunch","dragontail","outrage","return"],"nature":"Adamant","evs":{"hp":248,"atk":252,"def":0,"spa":0,"spd":8,"spe":0},"ivs":{"hp":31,"atk":31,"def":31,"spa":31,"spd":31,"spe":31}},{"name":"Pawniard","species":"Pawniard","item":"focussash","ability":"Defiant","moves":["ironhead","swordsdance","suckerpunch","nightslash"],"nature":"Adamant","evs":{"hp":248,"atk":252,"def":0,"spa":0,"spd":8,"spe":0},"ivs":{"hp":31,"atk":31,"def":31,"spa":31,"spd":31,"spe":31}},{"name":"Purrloin","species":"Purrloin","item":"eviolite","ability":"Prankster","moves":["darkpulse","encore","thunderwave","charm"],"nature":"Calm","evs":{"hp":248,"atk":0,"def":0,"spa":8,"spd":252,"spe":0},"ivs":{"hp":31,"atk":31,"def":31,"spa":31,"spd":31,"spe":31}}],"log":["|player|p1|LightOfAKnowing|lightofaknowing.png","|player|p2|Marx-Bot|167","|gametype|singles","|gen|6","|tier|Monotype","|rated","|rule|Baton Pass Clause: Limit one Baton Passer, can't pass Spe and other stats simultaneously","|rule|Swagger Clause: Swagger is banned","|rule|Same Type Clause: Pokémon in a team must share a type","|clearpoke","|poke|p1|Heliolisk, M","|poke|p1|Magnezone","|poke|p1|Galvantula, M","|poke|p1|Zapdos","|poke|p1|Electivire, M","|poke|p1|Ampharos, F","|poke|p2|Scraggy, F","|poke|p2|Sneasel, F","|poke|p2|Murkrow, M","|poke|p2|Zweilous, M","|poke|p2|Pawniard, F","|poke|p2|Purrloin, F","|rule|Sleep Clause Mod: Limit one foe put to sleep","|rule|Species Clause: Limit one of each Pokémon","|rule|OHKO Clause: OHKO moves are banned","|rule|Moody Clause: Moody is banned","|rule|Evasion Moves Clause: Evasion moves are banned","|rule|Endless Battle Clause: Forcing endless battles is banned","|rule|HP Percentage Mod: HP is shown in percentages","|teampreview","|","|start","|switch|p1a: Galvantula|Galvantula, M|281/281","|switch|p2a: Scraggy|Scraggy, F|303/303","|-ability|p2a: Scraggy|Intimidate","|-unboost|p1a: Galvantula|atk|1","|turn|1","|","|move|p1a: Galvantula|Sticky Web|p2a: Scraggy","|-sidestart|p2: Marx-Bot|move: Sticky Web","|move|p2a: Scraggy|Toxic|p1a: Galvantula","|-status|p1a: Galvantula|tox","|","|-damage|p1a: Galvantula|264/281 tox|[from] psn","|turn|2","|","|move|p2a: Scraggy|Detect|p2a: Scraggy","|-singleturn|p2a: Scraggy|Protect","|move|p1a: Galvantula|Bug Buzz|p2a: Scraggy","|-activate|p2a: Scraggy|Protect","|","|-damage|p1a: Galvantula|230/281 tox|[from] psn","|turn|3","|","|move|p1a: Galvantula|Bug Buzz|p2a: Scraggy","|-damage|p2a: Scraggy|219/303","|move|p2a: Scraggy|Crunch|p1a: Galvantula","|-damage|p1a: Galvantula|103/281 tox","|","|-damage|p1a: Galvantula|52/281 tox|[from] psn","|turn|4","|","|move|p2a: Scraggy|Detect|p2a: Scraggy","|-singleturn|p2a: Scraggy|Protect","|move|p1a: Galvantula|Bug Buzz|p2a: Scraggy","|-activate|p2a: Scraggy|Protect","|","|-damage|p1a: Galvantula|0 fnt|[from] psn","|faint|p1a: Galvantula","|","|switch|p1a: Ampharos|Ampharos, F|383/383","|turn|5","|","|detailschange|p1a: Ampharos|Ampharos-Mega, F","|-mega|p1a: Ampharos|Ampharos|Ampharosite","|-ability|p1a: Ampharos|Mold Breaker","|move|p1a: Ampharos|Electric Terrain|p1a: Ampharos","|-fieldstart|move: Electric Terrain","|move|p2a: Scraggy|Toxic|p1a: Ampharos","|-status|p1a: Ampharos|tox","|","|-damage|p1a: Ampharos|360/383 tox|[from] psn","|turn|6","|","|move|p2a: Scraggy|Crunch|p1a: Ampharos","|-damage|p1a: Ampharos|288/383 tox","|move|p1a: Ampharos|Cotton Guard|p1a: Ampharos","|-boost|p1a: Ampharos|def|3","|","|-damage|p1a: Ampharos|242/383 tox|[from] psn","|turn|7","|","|move|p2a: Scraggy|Detect|p2a: Scraggy","|-singleturn|p2a: Scraggy|Protect","|move|p1a: Ampharos|Thunderbolt|p2a: Scraggy","|-activate|p2a: Scraggy|Protect","|","|-damage|p1a: Ampharos|173/383 tox|[from] psn","|turn|8","|","|move|p2a: Scraggy|Drain Punch|p1a: Ampharos","|-damage|p1a: Ampharos|146/383 tox","|-heal|p2a: Scraggy|233/303|[from] drain|[of] p1a: Ampharos","|move|p1a: Ampharos|Thunderbolt|p2a: Scraggy","|-damage|p2a: Scraggy|86/303","|","|-damage|p1a: Ampharos|54/383 tox|[from] psn","|turn|9","|","|move|p2a: Scraggy|Crunch|p1a: Ampharos","|-damage|p1a: Ampharos|24/383 tox","|move|p1a: Ampharos|Thunderbolt|p2a: Scraggy","|-damage|p2a: Scraggy|0 fnt","|faint|p2a: Scraggy","|","|-damage|p1a: Ampharos|0 fnt|[from] psn","|-fieldend|move: Electric Terrain","|faint|p1a: Ampharos","|","|switch|p1a: Heliolisk|Heliolisk, M|265/265","|switch|p2a: Pawniard|Pawniard, F|293/293","|-activate|p2a: Pawniard|move: Sticky Web","|-unboost|p2a: Pawniard|spe|1","|-boost|p2a: Pawniard|atk|2|[from] ability: Defiant","|turn|10","|","|move|p1a: Heliolisk|Electric Terrain|p1a: Heliolisk","|-fieldstart|move: Electric Terrain","|move|p2a: Pawniard|Night Slash|p1a: Heliolisk","|-damage|p1a: Heliolisk|0 fnt","|faint|p1a: Heliolisk","|","|","|switch|p1a: Zapdos|Zapdos|383/383","|-ability|p1a: Zapdos|Pressure","|turn|11","|","|move|p2a: Pawniard|Sucker Punch|p1a: Zapdos","|-damage|p1a: Zapdos|128/383","|move|p1a: Zapdos|Heat Wave|p2a: Pawniard","|-supereffective|p2a: Pawniard","|-enditem|p2a: Pawniard|Focus Sash","|-damage|p2a: Pawniard|1/293","|","|-heal|p1a: Zapdos|151/383|[from] item: Leftovers","|turn|12","|","|move|p2a: Pawniard|Sucker Punch|p1a: Zapdos","|-fail|p2a: Pawniard","|move|p1a: Zapdos|Roost|p1a: Zapdos","|-heal|p1a: Zapdos|343/383","|","|-heal|p1a: Zapdos|366/383|[from] item: Leftovers","|turn|13","|","|move|p2a: Pawniard|Sucker Punch|p1a: Zapdos","|-damage|p1a: Zapdos|90/383","|move|p1a: Zapdos|Heat Wave|p2a: Pawniard","|-supereffective|p2a: Pawniard","|-damage|p2a: Pawniard|0 fnt","|faint|p2a: Pawniard","|","|-heal|p1a: Zapdos|113/383|[from] item: Leftovers","|","|switch|p2a: Sneasel|Sneasel, F|251/251","|-activate|p2a: Sneasel|move: Sticky Web","|-unboost|p2a: Sneasel|spe|1","|turn|14","|","|move|p2a: Sneasel|Ice Punch|p1a: Zapdos","|-supereffective|p1a: Zapdos","|-damage|p1a: Zapdos|0 fnt","|faint|p1a: Zapdos","|","|-fieldend|move: Electric Terrain","|","|switch|p1a: Electivire|Electivire, M|291/291","|turn|15","|","|move|p1a: Electivire|Fire Punch|p2a: Sneasel","|-supereffective|p2a: Sneasel","|-enditem|p2a: Sneasel|Focus Sash","|-damage|p2a: Sneasel|1/251","|-item|p2a: Sneasel|Leftovers|[from] ability: Pickpocket|[of] p1a: Electivire","|move|p2a: Sneasel|Knock Off|p1a: Electivire","|-damage|p1a: Electivire|150/291","|","|-heal|p2a: Sneasel|16/251|[from] item: Leftovers","|turn|16","|","|move|p1a: Electivire|Fire Punch|p2a: Sneasel","|-supereffective|p2a: Sneasel","|-damage|p2a: Sneasel|0 fnt","|faint|p2a: Sneasel","|","|","|switch|p2a: Murkrow|Murkrow, M|323/323","|turn|17","|","|switch|p1a: Magnezone|Magnezone|343/343","|-item|p1a: Magnezone|Air Balloon","|move|p2a: Murkrow|Feather Dance|p1a: Magnezone","|-unboost|p1a: Magnezone|atk|2","|","|turn|18","|","|move|p2a: Murkrow|Dark Pulse|p1a: Magnezone","|-damage|p1a: Magnezone|244/343","|-enditem|p1a: Magnezone|Air Balloon","|cant|p1a: Magnezone|flinch","|","|turn|19","|","|move|p2a: Murkrow|Dark Pulse|p1a: Magnezone","|-damage|p1a: Magnezone|160/343","|move|p1a: Magnezone|Discharge|p2a: Murkrow","|-supereffective|p2a: Murkrow","|-damage|p2a: Murkrow|77/323","|-status|p2a: Murkrow|par","|","|turn|20","|","|move|p2a: Murkrow|Roost|p2a: Murkrow","|-heal|p2a: Murkrow|239/323 par","|move|p1a: Magnezone|Discharge|p2a: Murkrow","|-damage|p2a: Murkrow|125/323 par","|","|turn|21","|","|move|p2a: Murkrow|Roost|p2a: Murkrow","|-heal|p2a: Murkrow|287/323 par","|move|p1a: Magnezone|Electric Terrain|p1a: Magnezone","|-fieldstart|move: Electric Terrain","|","|turn|22","|","|move|p1a: Magnezone|Discharge|p2a: Murkrow","|-supereffective|p2a: Murkrow","|-damage|p2a: Murkrow|0 fnt","|faint|p2a: Murkrow","|","|","|switch|p2a: Zweilous|Zweilous, M|347/347","|-activate|p2a: Zweilous|move: Sticky Web","|-unboost|p2a: Zweilous|spe|1","|turn|23","|","|move|p1a: Magnezone|Flash Cannon|p2a: Zweilous","|-damage|p2a: Zweilous|206/347","|move|p2a: Zweilous|Dragon Tail|p1a: Magnezone|[miss]","|-miss|p2a: Zweilous|p1a: Magnezone","|","|turn|24","|","|move|p1a: Magnezone|Flash Cannon|p2a: Zweilous","|-damage|p2a: Zweilous|55/347","|move|p2a: Zweilous|Outrage|p1a: Magnezone","|-resisted|p1a: Magnezone","|-damage|p1a: Magnezone|46/343","|","|turn|25","|","|move|p1a: Magnezone|Flash Cannon|p2a: Zweilous","|-damage|p2a: Zweilous|0 fnt","|faint|p2a: Zweilous","|","|-fieldend|move: Electric Terrain","|","|switch|p2a: Purrloin|Purrloin, F|285/285","|-activate|p2a: Purrloin|move: Sticky Web","|-unboost|p2a: Purrloin|spe|1","|turn|26","|","|move|p1a: Magnezone|Discharge|p2a: Purrloin","|-damage|p2a: Purrloin|149/285","|move|p2a: Purrloin|Dark Pulse|p1a: Magnezone","|-damage|p1a: Magnezone|0 fnt","|faint|p1a: Magnezone","|","|","|switch|p1a: Electivire|Electivire, M|150/291","|turn|27","|","|move|p2a: Purrloin|Charm|p1a: Electivire","|-unboost|p1a: Electivire|atk|2","|move|p1a: Electivire|Brick Break|p2a: Purrloin","|-supereffective|p2a: Purrloin","|-damage|p2a: Purrloin|5/285","|","|turn|28","|","|move|p1a: Electivire|Brick Break|p2a: Purrloin","|-crit|p2a: Purrloin","|-supereffective|p2a: Purrloin","|-damage|p2a: Purrloin|0 fnt","|faint|p2a: Purrloin","|","|win|LightOfAKnowing"],"p1rating":{"entryid":"386","serverid":"eos","formatid":"monotype","userid":"lightofaknowing","username":"LightOfAKnowing","w":48,"l":"54","t":"0","gxe":49,"r":"1488.1483517776","rd":"39.943567980784","sigma":"0","rptime":"1441270800","rpr":1492.5819011653,"rprd":38.822244027533,"rpsigma":"0","acre":1181.1892020216,"lacre":1181.1892020216,"oldacre":"1159.0915208589"},"p2rating":{"entryid":"79213","serverid":"eos","formatid":"monotype","userid":"marxbot","username":"Marx-Bot","w":"22","l":25,"t":"0","gxe":47.2,"r":"1468.2021780198","rd":"53.529458743101","sigma":"0","rptime":"1441270800","rpr":1478.3604399166,"rprd":49.882016048133,"rpsigma":"0","acre":1096.4764020949,"lacre":1096.4764020949,"oldacre":"1118.5740832576"},"endType":"normal"}