{"seed":[34801,40701,36548,41112],"turns":45,"p1":"Apex✦Popcorn","p2":"Chief Sokka","p1team":[{"name":"Suicune","species":"Suicune","item":"leftovers","ability":"Pressure","moves":["calmmind","scald","rest","sleeptalk"],"nature":"Calm","evs":{"hp":4,"atk":0,"def":252,"spa":0,"spd":252,"spe":0},"shiny":true,"ivs":{"hp":31,"atk":31,"def":31,"spa":31,"spd":31,"spe":31}},{"name":"Cloyster","species":"Cloyster","item":"whiteherb","ability":"Skill Link","moves":["iciclespear","rockblast","shellsmash","rapidspin"],"nature":"Jolly","evs":{"hp":0,"atk":252,"def":0,"spa":0,"spd":4,"spe":252},"shiny":true,"ivs":{"hp":31,"atk":31,"def":31,"spa":31,"spd":31,"spe":31}},{"name":"Azumarill","species":"Azumarill","item":"sitrusberry","ability":"Huge Power","moves":["playrough","bellydrum","aquajet","knockoff"],"nature":"Jolly","evs":{"hp":4,"atk":252,"def":0,"spa":0,"spd":0,"spe":252},"ivs":{"hp":31,"atk":31,"def":31,"spa":31,"spd":31,"spe":31}},{"name":"Sharpedo","species":"Sharpedo","item":"sharpedonite","ability":"Speed Boost","moves":["protect","crunch","icefang","earthquake"],"nature":"Adamant","evs":{"hp":0,"atk":252,"def":0,"spa":0,"spd":4,"spe":252},"ivs":{"hp":31,"atk":31,"def":31,"spa":31,"spd":31,"spe":31}},{"name":"Floatzel","species":"Floatzel","item":"leftovers","ability":"Water Veil","moves":["substitute","bulkup","batonpass","taunt"],"nature":"Careful","evs":{"hp":252,"atk":0,"def":0,"spa":0,"spd":252,"spe":4},"ivs":{"hp":31,"atk":31,"def":31,"spa":31,"spd":31,"spe":31}},{"name":"Gastrodon","species":"Gastrodon","item":"focussash","ability":"Storm Drain","moves":["recover","toxic","clearsmog","earthpower"],"nature":"Calm","evs":{"hp":252,"atk":0,"def":0,"spa":4,"spd":252,"spe":0},"gender":"M","ivs":{"hp":31,"atk":31,"def":31,"spa":31,"spd":31,"spe":31}}],"p2team":[{"name":"Mew","species":"Mew","item":"leftovers","ability":"Synchronize","moves":["healbell","willowisp","knockoff","roost"],"nature":"Careful","evs":{"hp":252,"atk":4,"def":0,"spa":0,"spd":252,"spe":0},"ivs":{"hp":31,"atk":31,"def":31,"spa":31,"spd":31,"spe":31}},{"name":"Slowbro","species":"Slowbro","item":"leftovers","ability":"Regenerator","moves":["scald","slackoff","thunderwave","psyshock"],"nature":"Bold","evs":{"hp":252,"atk":0,"def":232,"spa":0,"spd":24,"spe":0},"ivs":{"hp":31,"atk":31,"def":31,"spa":31,"spd":31,"spe":31}},{"name":"Latias","species":"Latias","item":"leftovers","ability":"Levitate","moves":["thunderwave","defog","roost","psyshock"],"nature":"Timid","evs":{"hp":248,"atk":0,"def":68,"spa":0,"spd":0,"spe":192},"ivs":{"hp":31,"atk":31,"def":31,"spa":31,"spd":31,"spe":31}},{"name":"Medicham","species":"Medicham","item":"medichamite","ability":"Pure Power","moves":["fakeout","highjumpkick","psychocut","bulletpunch"],"nature":"Jolly","evs":{"hp":0,"atk":252,"def":0,"spa":0,"spd":4,"spe":252},"ivs":{"hp":31,"atk":31,"def":31,"spa":31,"spd":31,"spe":31}},{"name":"Metagross","species":"Metagross","item":"weaknesspolicy","ability":"Clear Body","moves":["agility","meteormash","earthquake","bulletpunch"],"nature":"Adamant","evs":{"hp":0,"atk":252,"def":0,"spa":0,"spd":4,"spe":252},"ivs":{"hp":31,"atk":31,"def":31,"spa":31,"spd":31,"spe":31}},{"name":"Alakazam","species":"Alakazam","item":"focussash","ability":"Magic Guard","moves":["thunderwave","psyshock","focusblast","foulplay"],"nature":"Timid","evs":{"hp":0,"atk":0,"def":0,"spa":252,"spd":4,"spe":252},"ivs":{"hp":31,"atk":31,"def":31,"spa":31,"spd":31,"spe":31}}],"log":["|player|p1|Apex✦Popcorn|213","|player|p2|Chief Sokka|chiefsokka.gif","|gametype|singles","|gen|6","|tier|Monotype","|rated","|rule|Baton Pass Clause: Limit one Baton Passer, can't pass Spe and other stats simultaneously","|rule|Swagger Clause: Swagger is banned","|rule|Same Type Clause: Pokémon in a team must share a type","|clearpoke","|poke|p1|Suicune, shiny","|poke|p1|Cloyster, M, shiny","|poke|p1|Azumarill, M","|poke|p1|Sharpedo, F","|poke|p1|Floatzel, F","|poke|p1|Gastrodon, M","|poke|p2|Mew","|poke|p2|Slowbro, M","|poke|p2|Latias, F","|poke|p2|Medicham, M","|poke|p2|Metagross","|poke|p2|Alakazam, M","|rule|Sleep Clause Mod: Limit one foe put to sleep","|rule|Species Clause: Limit one of each Pokémon","|rule|OHKO Clause: OHKO moves are banned","|rule|Moody Clause: Moody is banned","|rule|Evasion Moves Clause: Evasion moves are banned","|rule|Endless Battle Clause: Forcing endless battles is banned","|rule|HP Percentage Mod: HP is shown in percentages","|teampreview","|","|start","|switch|p1a: Floatzel|Floatzel, F|374/374","|switch|p2a: Mew|Mew|404/404","|turn|1","|","|move|p1a: Floatzel|Substitute|p1a: Floatzel","|-start|p1a: Floatzel|Substitute","|-damage|p1a: Floatzel|281/374","|move|p2a: Mew|Knock Off|p1a: Floatzel","|-end|p1a: Floatzel|Substitute","|","|-heal|p1a: Floatzel|304/374|[from] item: Leftovers","|turn|2","|","|move|p1a: Floatzel|Bulk Up|p1a: Floatzel","|-boost|p1a: Floatzel|atk|1","|-boost|p1a: Floatzel|def|1","|move|p2a: Mew|Knock Off|p1a: Floatzel","|-damage|p1a: Floatzel|222/374","|-enditem|p1a: Floatzel|Leftovers|[from] move: Knock Off|[of] p2a: Mew","|","|turn|3","|","|switch|p2a: Slowbro|Slowbro, M|394/394","|move|p1a: Floatzel|Bulk Up|p1a: Floatzel","|-boost|p1a: Floatzel|atk|1","|-boost|p1a: Floatzel|def|1","|","|turn|4","|","|move|p1a: Floatzel|Substitute|p1a: Floatzel","|-start|p1a: Floatzel|Substitute","|-damage|p1a: Floatzel|129/374","|move|p2a: Slowbro|Psyshock|p1a: Floatzel","|-activate|p1a: Floatzel|Substitute|[damage]","|","|turn|5","|","|move|p1a: Floatzel|Bulk Up|p1a: Floatzel","|-boost|p1a: Floatzel|atk|1","|-boost|p1a: Floatzel|def|1","|move|p2a: Slowbro|Psyshock|p1a: Floatzel","|-end|p1a: Floatzel|Substitute","|","|turn|6","|","|switch|p2a: Medicham|Medicham, M|261/261","|move|p1a: Floatzel|Baton Pass|p1a: Floatzel","|","|switch|p1a: Sharpedo|Sharpedo, F|281/281","|","|turn|7","|","|detailschange|p2a: Medicham|Medicham-Mega, M","|-mega|p2a: Medicham|Medicham|Medichamite","|move|p1a: Sharpedo|Protect|p1a: Sharpedo","|-singleturn|p1a: Sharpedo|Protect","|move|p2a: Medicham|Fake Out|p1a: Sharpedo","|-activate|p1a: Sharpedo|Protect","|","|-boost|p1a: Sharpedo|spe|1|[from] ability: Speed Boost","|turn|8","|","|move|p1a: Sharpedo|Crunch|p2a: Medicham","|-damage|p2a: Medicham|0 fnt","|faint|p2a: Medicham","|","|-boost|p1a: Sharpedo|spe|1|[from] ability: Speed Boost","|","|switch|p2a: Alakazam|Alakazam, M|251/251","|turn|9","|","|move|p1a: Sharpedo|Protect|p1a: Sharpedo","|-singleturn|p1a: Sharpedo|Protect","|move|p2a: Alakazam|Focus Blast|p1a: Sharpedo","|-activate|p1a: Sharpedo|Protect","|","|-boost|p1a: Sharpedo|spe|1|[from] ability: Speed Boost","|turn|10","|","|move|p1a: Sharpedo|Crunch|p2a: Alakazam","|-supereffective|p2a: Alakazam","|-enditem|p2a: Alakazam|Focus Sash","|-damage|p2a: Alakazam|1/251","|-unboost|p2a: Alakazam|def|1","|move|p2a: Alakazam|Focus Blast|p1a: Sharpedo","|-supereffective|p1a: Sharpedo","|-damage|p1a: Sharpedo|0 fnt","|faint|p1a: Sharpedo","|","|","|switch|p1a: Azumarill|Azumarill, M|342/342","|turn|11","|","|switch|p2a: Mew|Mew|404/404","|move|p1a: Azumarill|Belly Drum|p1a: Azumarill","|-damage|p1a: Azumarill|171/342","|-setboost|p1a: Azumarill|atk|6|[from] move: Belly Drum","|-enditem|p1a: Azumarill|Sitrus Berry|[eat]","|-heal|p1a: Azumarill|256/342|[from] item: Sitrus Berry","|","|turn|12","|","|move|p1a: Azumarill|Aqua Jet|p2a: Mew","|-damage|p2a: Mew|94/404","|move|p2a: Mew|Will-O-Wisp|p1a: Azumarill","|-status|p1a: Azumarill|brn","|","|-heal|p2a: Mew|119/404|[from] item: Leftovers","|-damage|p1a: Azumarill|214/342 brn|[from] brn","|turn|13","|","|switch|p2a: Slowbro|Slowbro, M|394/394","|move|p1a: Azumarill|Knock Off|p2a: Slowbro","|-supereffective|p2a: Slowbro","|-damage|p2a: Slowbro|25/394","|-enditem|p2a: Slowbro|Leftovers|[from] move: Knock Off|[of] p1a: Azumarill","|","|-damage|p1a: Azumarill|172/342 brn|[from] brn","|turn|14","|","|switch|p2a: Alakazam|Alakazam, M|1/251","|move|p1a: Azumarill|Aqua Jet|p2a: Alakazam","|-crit|p2a: Alakazam","|-damage|p2a: Alakazam|0 fnt","|faint|p2a: Alakazam","|","|-damage|p1a: Azumarill|130/342 brn|[from] brn","|","|switch|p2a: Metagross|Metagross|301/301","|turn|15","|","|move|p2a: Metagross|Meteor Mash|p1a: Azumarill","|-damage|p1a: Azumarill|0 fnt","|faint|p1a: Azumarill","|","|","|switch|p1a: Gastrodon|Gastrodon, M|426/426","|turn|16","|","|switch|p2a: Latias|Latias, F|363/363","|move|p1a: Gastrodon|Earth Power|p2a: Latias","|-immune|p2a: Latias|[msg]","|","|turn|17","|","|switch|p2a: Mew|Mew|119/404","|move|p1a: Gastrodon|Toxic|p2a: Mew","|-status|p2a: Mew|tox","|-status|p1a: Gastrodon|tox","|","|-heal|p2a: Mew|144/404 tox|[from] item: Leftovers","|-damage|p2a: Mew|119/404 tox|[from] psn","|-damage|p1a: Gastrodon|400/426 tox|[from] psn","|turn|18","|","|move|p2a: Mew|Roost|p2a: Mew","|-heal|p2a: Mew|321/404 tox","|move|p1a: Gastrodon|Recover|p1a: Gastrodon","|-heal|p1a: Gastrodon|426/426 tox","|","|-heal|p2a: Mew|346/404 tox|[from] item: Leftovers","|-damage|p2a: Mew|296/404 tox|[from] psn","|-damage|p1a: Gastrodon|374/426 tox|[from] psn","|turn|19","|","|move|p2a: Mew|Heal Bell|p2a: Mew","|-cureteam|p2a: Mew|[from] move: HealBell","|move|p1a: Gastrodon|Earth Power|p2a: Mew","|-damage|p2a: Mew|226/404","|","|-heal|p2a: Mew|251/404|[from] item: Leftovers","|-damage|p1a: Gastrodon|296/426 tox|[from] psn","|turn|20","|","|switch|p2a: Slowbro|Slowbro, M|156/394","|move|p1a: Gastrodon|Toxic|p2a: Slowbro","|-status|p2a: Slowbro|tox","|","|-damage|p1a: Gastrodon|192/426 tox|[from] psn","|-damage|p2a: Slowbro|132/394 tox|[from] psn","|turn|21","|","|switch|p2a: Mew|Mew|251/404","|move|p1a: Gastrodon|Recover|p1a: Gastrodon","|-heal|p1a: Gastrodon|405/426 tox","|","|-heal|p2a: Mew|276/404|[from] item: Leftovers","|-damage|p1a: Gastrodon|275/426 tox|[from] psn","|turn|22","|","|switch|p1a: Suicune|Suicune, shiny|342/342","|-ability|p1a: Suicune|Pressure","|move|p2a: Mew|Knock Off|p1a: Suicune","|-damage|p1a: Suicune|285/342","|-enditem|p1a: Suicune|Leftovers|[from] move: Knock Off|[of] p2a: Mew","|","|-heal|p2a: Mew|301/404|[from] item: Leftovers","|turn|23","|","|move|p2a: Mew|Will-O-Wisp|p1a: Suicune","|-status|p1a: Suicune|brn","|move|p1a: Suicune|Calm Mind|p1a: Suicune","|-boost|p1a: Suicune|spa|1","|-boost|p1a: Suicune|spd|1","|","|-heal|p2a: Mew|326/404|[from] item: Leftovers","|-damage|p1a: Suicune|243/342 brn|[from] brn","|turn|24","|","|switch|p2a: Latias|Latias, F|363/363","|move|p1a: Suicune|Calm Mind|p1a: Suicune","|-boost|p1a: Suicune|spa|1","|-boost|p1a: Suicune|spd|1","|","|-damage|p1a: Suicune|201/342 brn|[from] brn","|turn|25","|","|move|p2a: Latias|Psyshock|p1a: Suicune","|-damage|p1a: Suicune|129/342 brn","|move|p1a: Suicune|Rest|p1a: Suicune","|-status|p1a: Suicune|slp","|-heal|p1a: Suicune|342/342 slp|[silent]","|-status|p1a: Suicune|slp|[from] move: Rest","|","|turn|26","|","|move|p2a: Latias|Psyshock|p1a: Suicune","|-damage|p1a: Suicune|269/342 slp","|cant|p1a: Suicune|slp","|move|p1a: Suicune|Sleep Talk|p1a: Suicune","|move|p1a: Suicune|Scald|p2a: Latias|[from]Sleep Talk","|-resisted|p2a: Latias","|-damage|p2a: Latias|299/363","|","|-heal|p2a: Latias|321/363|[from] item: Leftovers","|turn|27","|","|move|p2a: Latias|Psyshock|p1a: Suicune","|-damage|p1a: Suicune|202/342 slp","|cant|p1a: Suicune|slp","|move|p1a: Suicune|Sleep Talk|p1a: Suicune","|move|p1a: Suicune|Rest|p1a: Suicune|[from]Sleep Talk","|-fail|p1a: Suicune","|","|-heal|p2a: Latias|343/363|[from] item: Leftovers","|turn|28","|","|move|p2a: Latias|Psyshock|p1a: Suicune","|-damage|p1a: Suicune|129/342 slp","|-curestatus|p1a: Suicune|slp","|move|p1a: Suicune|Calm Mind|p1a: Suicune","|-boost|p1a: Suicune|spa|1","|-boost|p1a: Suicune|spd|1","|","|-heal|p2a: Latias|363/363|[from] item: Leftovers","|turn|29","|","|move|p2a: Latias|Thunder Wave|p1a: Suicune","|-status|p1a: Suicune|par","|move|p1a: Suicune|Rest|p1a: Suicune","|-status|p1a: Suicune|slp","|-heal|p1a: Suicune|342/342 slp|[silent]","|-status|p1a: Suicune|slp|[from] move: Rest","|","|turn|30","|","|move|p2a: Latias|Psyshock|p1a: Suicune","|-damage|p1a: Suicune|267/342 slp","|cant|p1a: Suicune|slp","|move|p1a: Suicune|Sleep Talk|p1a: Suicune","|move|p1a: Suicune|Rest|p1a: Suicune|[from]Sleep Talk","|-fail|p1a: Suicune","|","|turn|31","|","|move|p2a: Latias|Psyshock|p1a: Suicune","|-damage|p1a: Suicune|194/342 slp","|cant|p1a: Suicune|slp","|move|p1a: Suicune|Sleep Talk|p1a: Suicune","|move|p1a: Suicune|Calm Mind|p1a: Suicune|[from]Sleep Talk","|-boost|p1a: Suicune|spa|1","|-boost|p1a: Suicune|spd|1","|","|turn|32","|","|move|p2a: Latias|Thunder Wave|p1a: Suicune","|-fail|p1a: Suicune","|-curestatus|p1a: Suicune|slp","|move|p1a: Suicune|Scald|p2a: Latias","|-resisted|p2a: Latias","|-damage|p2a: Latias|262/363","|","|-heal|p2a: Latias|284/363|[from] item: Leftovers","|turn|33","|","|move|p2a: Latias|Thunder Wave|p1a: Suicune","|-status|p1a: Suicune|par","|move|p1a: Suicune|Rest|p1a: Suicune","|-status|p1a: Suicune|slp","|-heal|p1a: Suicune|342/342 slp|[silent]","|-status|p1a: Suicune|slp|[from] move: Rest","|","|-heal|p2a: Latias|306/363|[from] item: Leftovers","|turn|34","|","|switch|p2a: Mew|Mew|326/404","|cant|p1a: Suicune|slp","|move|p1a: Suicune|Sleep Talk|p1a: Suicune","|move|p1a: Suicune|Rest|p1a: Suicune|[from]Sleep Talk","|-fail|p1a: Suicune","|","|-heal|p2a: Mew|351/404|[from] item: Leftovers","|turn|35","|","|move|p2a: Mew|Heal Bell|p2a: Mew","|-cureteam|p2a: Mew|[from] move: HealBell","|cant|p1a: Suicune|slp","|move|p1a: Suicune|Sleep Talk|p1a: Suicune","|move|p1a: Suicune|Scald|p2a: Mew|[from]Sleep Talk","|-damage|p2a: Mew|164/404","|","|-heal|p2a: Mew|189/404|[from] item: Leftovers","|turn|36","|","|switch|p2a: Slowbro|Slowbro, M|263/394","|-curestatus|p1a: Suicune|slp","|move|p1a: Suicune|Calm Mind|p1a: Suicune","|-boost|p1a: Suicune|spa|1","|-boost|p1a: Suicune|spd|1","|","|turn|37","|","|move|p1a: Suicune|Scald|p2a: Slowbro","|-resisted|p2a: Slowbro","|-damage|p2a: Slowbro|97/394","|move|p2a: Slowbro|Thunder Wave|p1a: Suicune","|-status|p1a: Suicune|par","|","|turn|38","|","|switch|p2a: Latias|Latias, F|306/363","|move|p1a: Suicune|Scald|p2a: Latias","|-resisted|p2a: Latias","|-damage|p2a: Latias|196/363","|","|-heal|p2a: Latias|218/363|[from] item: Leftovers","|turn|39","|","|move|p2a: Latias|Psyshock|p1a: Suicune","|-damage|p1a: Suicune|266/342 par","|move|p1a: Suicune|Scald|p2a: Latias","|-resisted|p2a: Latias","|-damage|p2a: Latias|104/363","|-status|p2a: Latias|brn","|","|-heal|p2a: Latias|126/363 brn|[from] item: Leftovers","|-damage|p2a: Latias|81/363 brn|[from] brn","|turn|40","|","|move|p2a: Latias|Roost|p2a: Latias","|-heal|p2a: Latias|263/363 brn","|move|p1a: Suicune|Calm Mind|p1a: Suicune","|-boost|p1a: Suicune|spa|1","|-boost|p1a: Suicune|spd|1","|","|-heal|p2a: Latias|285/363 brn|[from] item: Leftovers","|-damage|p2a: Latias|240/363 brn|[from] brn","|turn|41","|","|move|p2a: Latias|Psyshock|p1a: Suicune","|-damage|p1a: Suicune|193/342 par","|cant|p1a: Suicune|par","|","|-heal|p2a: Latias|262/363 brn|[from] item: Leftovers","|-damage|p2a: Latias|217/363 brn|[from] brn","|turn|42","|","|switch|p2a: Mew|Mew|189/404","|move|p1a: Suicune|Scald|p2a: Mew","|-damage|p2a: Mew|0 fnt","|faint|p2a: Mew","|","|","|switch|p2a: Metagross|Metagross|301/301","|turn|43","|","|move|p2a: Metagross|Agility|p2a: Metagross","|-boost|p2a: Metagross|spe|2","|move|p1a: Suicune|Rest|p1a: Suicune","|-status|p1a: Suicune|slp","|-heal|p1a: Suicune|342/342 slp|[silent]","|-status|p1a: Suicune|slp|[from] move: Rest","|","|turn|44","|","|move|p2a: Metagross|Meteor Mash|p1a: Suicune","|-resisted|p1a: Suicune","|-damage|p1a: Suicune|278/342 slp","|cant|p1a: Suicune|slp","|move|p1a: Suicune|Sleep Talk|p1a: Suicune","|move|p1a: Suicune|Calm Mind|p1a: Suicune|[from]Sleep Talk","|-fail|p1a: Suicune","|","|turn|45","|","|move|p2a: Metagross|Meteor Mash|p1a: Suicune","|-resisted|p1a: Suicune","|-damage|p1a: Suicune|215/342 slp","|cant|p1a: Suicune|slp","|move|p1a: Suicune|Sleep Talk|p1a: Suicune","|move|p1a: Suicune|Scald|p2a: Metagross|[from]Sleep Talk","|-crit|p2a: Metagross","|-damage|p2a: Metagross|0 fnt","|faint|p2a: Metagross","|","|","|win|Apex✦Popcorn"],"p1rating":{"entryid":"821751","serverid":"eos","formatid":"monotype","userid":"apexpopcorn","username":"Apex✦Popcorn","w":2,"l":"0","t":"0","gxe":60.6,"r":"1500","rd":"130","sigma":"0","rptime":"1441270800","rpr":1585.1449412318,"rprd":116.52628967782,"rpsigma":"0","acre":1083.9838406261,"lacre":1083.9838406261,"oldacre":"1047.4497271279"},"p2rating":{"entryid":"220256","serverid":"eos","formatid":"monotype","userid":"chiefsokka","username":"Chief Sokka","w":"2","l":1,"t":"0","gxe":55.8,"r":"1588.8415050532","rd":"119.53829887713","sigma":"0","rptime":"1441270800","rpr":1546.0905163542,"rprd":114.19824550714,"rpsigma":"0","acre":1060.7168763743,"lacre":1060.7168763743,"oldacre":"1086.1918754211"},"endType":"forfeit"}