{"seed":[40818,11638,8235,10744],"turns":21,"p1":"Carnie Moe Sedah","p2":"Carnie KeySein","p1team":[{"name":"Citadel","species":"forretress","item":"leftovers","ability":"Sturdy","moves":["toxic","counter","stealthrock","gyroball"],"nature":"Relaxed","evs":{"hp":252,"atk":4,"def":252,"spa":0,"spd":0,"spe":0},"gender":"F","ivs":{"hp":31,"atk":31,"def":31,"spa":31,"spd":31,"spe":0},"shiny":true},{"name":"im scared ;-;","species":"crustle","item":"weaknesspolicy","ability":"Sturdy","moves":["shellsmash","xscissor","stoneedge","knockoff"],"nature":"Adamant","evs":{"hp":0,"atk":252,"def":0,"spa":0,"spd":4,"spe":252},"gender":"M","shiny":true,"ivs":{"hp":31,"atk":31,"def":31,"spa":31,"spd":31,"spe":31}},{"name":"Pincussion","species":"pinsir","item":"pinsirite","ability":"Moxie","moves":["swordsdance","earthquake","frustration","quickattack"],"nature":"Jolly","evs":{"hp":248,"atk":168,"def":0,"spa":0,"spd":8,"spe":84},"happiness":0,"ivs":{"hp":31,"atk":31,"def":31,"spa":31,"spd":31,"spe":31}},{"name":"Dance Dance Rev.","species":"volcarona","item":"leftovers","ability":"Flame Body","moves":["fierydance","quiverdance","gigadrain","roost"],"nature":"Bold","evs":{"hp":252,"atk":0,"def":204,"spa":0,"spd":0,"spe":52},"gender":"M","shiny":true,"ivs":{"hp":31,"atk":31,"def":31,"spa":31,"spd":31,"spe":31}},{"name":"Soul Eater","species":"scizor","item":"leftovers","ability":"Technician","moves":["defog","bulletpunch","roost","bugbite"],"nature":"Adamant","evs":{"hp":252,"atk":252,"def":0,"spa":0,"spd":4,"spe":0},"gender":"F","ivs":{"hp":31,"atk":31,"def":31,"spa":31,"spd":31,"spe":31}},{"name":"Do I Bug you ;)","species":"galvantula","item":"choicespecs","ability":"Compound Eyes","moves":["thunder","gigadrain","bugbuzz","hiddenpowerice"],"nature":"Timid","evs":{"hp":0,"atk":0,"def":0,"spa":252,"spd":4,"spe":252},"ivs":{"hp":31,"atk":30,"def":30,"spa":31,"spd":31,"spe":31}}],"p2team":[{"name":"Hawlucha","species":"Hawlucha","item":"sitrusberry","ability":"Unburden","moves":["roost","swordsdance","highjumpkick","acrobatics"],"nature":"Jolly","evs":{"hp":12,"atk":252,"def":0,"spa":0,"spd":0,"spe":244},"ivs":{"hp":31,"atk":31,"def":31,"spa":31,"spd":31,"spe":31}},{"name":"Gliscor","species":"Gliscor","item":"toxicorb","ability":"Poison Heal","moves":["substitute","protect","earthquake","toxic"],"nature":"Jolly","evs":{"hp":252,"atk":0,"def":4,"spa":0,"spd":0,"spe":252},"ivs":{"hp":31,"atk":31,"def":31,"spa":31,"spd":31,"spe":31}},{"name":"Gyarados","species":"Gyarados","item":"gyaradosite","ability":"Intimidate","moves":["dragondance","waterfall","substitute","taunt"],"nature":"Jolly","evs":{"hp":4,"atk":252,"def":0,"spa":0,"spd":0,"spe":252},"ivs":{"hp":31,"atk":30,"def":31,"spa":30,"spd":31,"spe":30}},{"name":"Landorus","species":"Landorus","item":"lifeorb","ability":"Sheer Force","moves":["earthpower","knockoff","rockslide","hiddenpowerice"],"nature":"Rash","evs":{"hp":0,"atk":4,"def":0,"spa":252,"spd":0,"spe":252},"ivs":{"hp":31,"atk":30,"def":30,"spa":31,"spd":31,"spe":31}},{"name":"Togekiss","species":"Togekiss","item":"lumberry","ability":"Serene Grace","moves":["thunderwave","airslash","roost","defog"],"nature":"Calm","evs":{"hp":252,"atk":0,"def":0,"spa":0,"spd":160,"spe":96},"ivs":{"hp":31,"atk":31,"def":31,"spa":31,"spd":31,"spe":31}},{"name":"Salamence","species":"Salamence","item":"choicescarf","ability":"Moxie","moves":["outrage","earthquake","crunch","brickbreak"],"nature":"Jolly","evs":{"hp":0,"atk":252,"def":0,"spa":0,"spd":4,"spe":252},"ivs":{"hp":31,"atk":31,"def":31,"spa":31,"spd":31,"spe":31}}],"log":["|player|p1|Carnie Moe Sedah|7","|player|p2|Carnie KeySein|164","|gametype|singles","|gen|6","|tier|Monotype","|rated","|rule|Baton Pass Clause: Limit one Baton Passer, can't pass Spe and other stats simultaneously","|rule|Swagger Clause: Swagger is banned","|rule|Same Type Clause: Pokémon in a team must share a type","|clearpoke","|poke|p1|Forretress, F, shiny","|poke|p1|Crustle, M, shiny","|poke|p1|Pinsir, F","|poke|p1|Volcarona, M, shiny","|poke|p1|Scizor, F","|poke|p1|Galvantula, M","|poke|p2|Hawlucha, F","|poke|p2|Gliscor, M","|poke|p2|Gyarados, F","|poke|p2|Landorus, M","|poke|p2|Togekiss, F","|poke|p2|Salamence, M","|rule|Sleep Clause Mod: Limit one foe put to sleep","|rule|Species Clause: Limit one of each Pokémon","|rule|OHKO Clause: OHKO moves are banned","|rule|Moody Clause: Moody is banned","|rule|Evasion Moves Clause: Evasion moves are banned","|rule|Endless Battle Clause: Forcing endless battles is banned","|rule|HP Percentage Mod: HP is shown in percentages","|teampreview","|","|start","|switch|p1a: Do I Bug you ;)|Galvantula, M|281/281","|switch|p2a: Gyarados|Gyarados, F|332/332","|-ability|p2a: Gyarados|Intimidate","|-unboost|p1a: Do I Bug you ;)|atk|1","|turn|1","|","|detailschange|p2a: Gyarados|Gyarados-Mega, F","|-mega|p2a: Gyarados|Gyarados|Gyaradosite","|-ability|p2a: Gyarados|Mold Breaker","|move|p1a: Do I Bug you ;)|Hidden Power|p2a: Gyarados","|-resisted|p2a: Gyarados","|-damage|p2a: Gyarados|300/332","|move|p2a: Gyarados|Dragon Dance|p2a: Gyarados","|-boost|p2a: Gyarados|atk|1","|-boost|p2a: Gyarados|spe|1","|","|turn|2","|","|switch|p1a: Soul Eater|Scizor, F|344/344","|move|p2a: Gyarados|Dragon Dance|p2a: Gyarados","|-boost|p2a: Gyarados|atk|1","|-boost|p2a: Gyarados|spe|1","|","|turn|3","|","|move|p2a: Gyarados|Waterfall|p1a: Soul Eater","|-damage|p1a: Soul Eater|43/344","|move|p1a: Soul Eater|Bug Bite|p2a: Gyarados","|-supereffective|p2a: Gyarados","|-damage|p2a: Gyarados|0 fnt","|faint|p2a: Gyarados","|","|-heal|p1a: Soul Eater|64/344|[from] item: Leftovers","|","|switch|p2a: Hawlucha|Hawlucha, F|300/300","|turn|4","|","|move|p2a: Hawlucha|High Jump Kick|p1a: Soul Eater","|-damage|p1a: Soul Eater|0 fnt","|faint|p1a: Soul Eater","|","|","|switch|p1a: Dance Dance Rev.|Volcarona, M, shiny|374/374","|turn|5","|","|move|p2a: Hawlucha|Swords Dance|p2a: Hawlucha","|-boost|p2a: Hawlucha|atk|2","|move|p1a: Dance Dance Rev.|Quiver Dance|p1a: Dance Dance Rev.","|-boost|p1a: Dance Dance Rev.|spa|1","|-boost|p1a: Dance Dance Rev.|spd|1","|-boost|p1a: Dance Dance Rev.|spe|1","|","|turn|6","|","|move|p1a: Dance Dance Rev.|Quiver Dance|p1a: Dance Dance Rev.","|-boost|p1a: Dance Dance Rev.|spa|1","|-boost|p1a: Dance Dance Rev.|spd|1","|-boost|p1a: Dance Dance Rev.|spe|1","|move|p2a: Hawlucha|High Jump Kick|p1a: Dance Dance Rev.","|-crit|p1a: Dance Dance Rev.","|-resisted|p1a: Dance Dance Rev.","|-damage|p1a: Dance Dance Rev.|102/374","|-status|p2a: Hawlucha|brn","|","|-heal|p1a: Dance Dance Rev.|125/374|[from] item: Leftovers","|-damage|p2a: Hawlucha|263/300 brn|[from] brn","|turn|7","|","|move|p1a: Dance Dance Rev.|Fiery Dance|p2a: Hawlucha","|-damage|p2a: Hawlucha|0 fnt","|-boost|p1a: Dance Dance Rev.|spa|1","|faint|p2a: Hawlucha","|","|-heal|p1a: Dance Dance Rev.|148/374|[from] item: Leftovers","|","|switch|p2a: Togekiss|Togekiss, F|374/374","|turn|8","|","|move|p1a: Dance Dance Rev.|Fiery Dance|p2a: Togekiss","|-damage|p2a: Togekiss|158/374","|-boost|p1a: Dance Dance Rev.|spa|1","|move|p2a: Togekiss|Thunder Wave|p1a: Dance Dance Rev.","|-status|p1a: Dance Dance Rev.|par","|","|-heal|p1a: Dance Dance Rev.|171/374 par|[from] item: Leftovers","|turn|9","|","|move|p2a: Togekiss|Air Slash|p1a: Dance Dance Rev.","|-supereffective|p1a: Dance Dance Rev.","|-damage|p1a: Dance Dance Rev.|63/374 par","|move|p1a: Dance Dance Rev.|Fiery Dance|p2a: Togekiss","|-damage|p2a: Togekiss|0 fnt","|faint|p2a: Togekiss","|","|-heal|p1a: Dance Dance Rev.|86/374 par|[from] item: Leftovers","|","|switch|p2a: Gliscor|Gliscor, M|354/354","|turn|10","|","|switch|p2a: Landorus|Landorus, M|319/319","|move|p1a: Dance Dance Rev.|Fiery Dance|p2a: Landorus","|-damage|p2a: Landorus|0 fnt","|faint|p2a: Landorus","|","|-heal|p1a: Dance Dance Rev.|109/374 par|[from] item: Leftovers","|","|switch|p2a: Salamence|Salamence, M|331/331","|turn|11","|","|move|p2a: Salamence|Outrage|p1a: Dance Dance Rev.","|-damage|p1a: Dance Dance Rev.|0 fnt","|faint|p1a: Dance Dance Rev.","|-boost|p2a: Salamence|atk|1|[from] ability: Moxie","|","|","|switch|p1a: Citadel|Forretress, F, shiny|354/354","|turn|12","|","|move|p2a: Salamence|Outrage|p1a: Citadel|[from]lockedmove","|-resisted|p1a: Citadel","|-damage|p1a: Citadel|267/354","|-start|p2a: Salamence|confusion|[fatigue]","|move|p1a: Citadel|Counter|p2a: Salamence","|-damage|p2a: Salamence|157/331","|","|-heal|p1a: Citadel|289/354|[from] item: Leftovers","|turn|13","|","|switch|p2a: Gliscor|Gliscor, M|354/354","|move|p1a: Citadel|Toxic|p2a: Gliscor","|-status|p2a: Gliscor|tox","|","|-heal|p1a: Citadel|311/354|[from] item: Leftovers","|turn|14","|","|move|p2a: Gliscor|Toxic|p1a: Citadel","|-immune|p1a: Citadel|[msg]","|move|p1a: Citadel|Gyro Ball|p2a: Gliscor","|-damage|p2a: Gliscor|257/354 tox","|","|-heal|p1a: Citadel|333/354|[from] item: Leftovers","|-heal|p2a: Gliscor|301/354 tox|[from] ability: Poison Heal","|turn|15","|","|move|p2a: Gliscor|Earthquake|p1a: Citadel","|-damage|p1a: Citadel|269/354","|move|p1a: Citadel|Stealth Rock|p2a: Gliscor","|-sidestart|p2: Carnie KeySein|move: Stealth Rock","|","|-heal|p1a: Citadel|291/354|[from] item: Leftovers","|-heal|p2a: Gliscor|345/354 tox|[from] ability: Poison Heal","|turn|16","|","|move|p2a: Gliscor|Earthquake|p1a: Citadel","|-damage|p1a: Citadel|228/354","|move|p1a: Citadel|Counter|p2a: Gliscor","|-damage|p2a: Gliscor|219/354 tox","|","|-heal|p1a: Citadel|250/354|[from] item: Leftovers","|-heal|p2a: Gliscor|263/354 tox|[from] ability: Poison Heal","|turn|17","|","|move|p2a: Gliscor|Earthquake|p1a: Citadel","|-damage|p1a: Citadel|187/354","|move|p1a: Citadel|Gyro Ball|p2a: Gliscor","|-damage|p2a: Gliscor|167/354 tox","|","|-heal|p1a: Citadel|209/354|[from] item: Leftovers","|-heal|p2a: Gliscor|211/354 tox|[from] ability: Poison Heal","|turn|18","|","|move|p2a: Gliscor|Toxic|p1a: Citadel","|-immune|p1a: Citadel|[msg]","|move|p1a: Citadel|Gyro Ball|p2a: Gliscor","|-damage|p2a: Gliscor|118/354 tox","|","|-heal|p1a: Citadel|231/354|[from] item: Leftovers","|-heal|p2a: Gliscor|162/354 tox|[from] ability: Poison Heal","|turn|19","|","|switch|p2a: Salamence|Salamence, M|157/331","|-damage|p2a: Salamence|75/331|[from] Stealth Rock","|move|p1a: Citadel|Counter|p2a: Salamence","|-fail|p2a: Salamence","|","|-heal|p1a: Citadel|253/354|[from] item: Leftovers","|turn|20","|","|move|p2a: Salamence|Brick Break|p1a: Citadel","|-damage|p1a: Citadel|204/354","|move|p1a: Citadel|Counter|p2a: Salamence","|-damage|p2a: Salamence|0 fnt","|faint|p2a: Salamence","|","|-heal|p1a: Citadel|226/354|[from] item: Leftovers","|","|switch|p2a: Gliscor|Gliscor, M|162/354 tox","|-damage|p2a: Gliscor|118/354 tox|[from] Stealth Rock","|turn|21","|","|win|Carnie Moe Sedah"],"p1rating":{"entryid":"77306","serverid":"eos","formatid":"monotype","userid":"carniemoesedah","username":"Carnie Moe Sedah","w":4,"l":"2","t":"0","gxe":57.1,"r":"1528.3508906953","rd":"105.58358896522","sigma":"0","rptime":"1441270800","rpr":1556.4011118766,"rprd":101.3437897369,"rpsigma":"0","acre":1126.9265364321,"lacre":1126.9265364321,"oldacre":"1099.6984488645"},"p2rating":{"entryid":"787247","serverid":"eos","formatid":"monotype","userid":"carniekeysein","username":"Carnie KeySein","w":"7","l":6,"t":"0","gxe":53.8,"r":"1523.4884859227","rd":"89.635850194284","sigma":"0","rptime":"1441270800","rpr":1529.3424210753,"rprd":80.433879414756,"rpsigma":"0","acre":1102.8778330873,"lacre":1102.8778330873,"oldacre":"1130.0567456633"},"endType":"forfeit"}