{"seed":[47596,4622,60709,8973],"turns":32,"p1":"Carnie KeySein","p2":"Apex Salamence","p1team":[{"name":"Hawlucha","species":"Hawlucha","item":"sitrusberry","ability":"Unburden","moves":["roost","swordsdance","highjumpkick","acrobatics"],"nature":"Jolly","evs":{"hp":12,"atk":252,"def":0,"spa":0,"spd":0,"spe":244},"ivs":{"hp":31,"atk":31,"def":31,"spa":31,"spd":31,"spe":31}},{"name":"Gliscor","species":"Gliscor","item":"toxicorb","ability":"Poison Heal","moves":["substitute","protect","earthquake","toxic"],"nature":"Jolly","evs":{"hp":252,"atk":0,"def":4,"spa":0,"spd":0,"spe":252},"ivs":{"hp":31,"atk":31,"def":31,"spa":31,"spd":31,"spe":31}},{"name":"Gyarados","species":"Gyarados","item":"gyaradosite","ability":"Intimidate","moves":["dragondance","waterfall","substitute","taunt"],"nature":"Jolly","evs":{"hp":4,"atk":252,"def":0,"spa":0,"spd":0,"spe":252},"ivs":{"hp":31,"atk":30,"def":31,"spa":30,"spd":31,"spe":30}},{"name":"Landorus","species":"Landorus","item":"lifeorb","ability":"Sheer Force","moves":["earthpower","knockoff","rockslide","hiddenpowerice"],"nature":"Rash","evs":{"hp":0,"atk":4,"def":0,"spa":252,"spd":0,"spe":252},"ivs":{"hp":31,"atk":30,"def":30,"spa":31,"spd":31,"spe":31}},{"name":"Togekiss","species":"Togekiss","item":"lumberry","ability":"Serene Grace","moves":["thunderwave","airslash","roost","defog"],"nature":"Calm","evs":{"hp":252,"atk":0,"def":0,"spa":0,"spd":160,"spe":96},"ivs":{"hp":31,"atk":31,"def":31,"spa":31,"spd":31,"spe":31}},{"name":"Salamence","species":"Salamence","item":"choicescarf","ability":"Moxie","moves":["outrage","earthquake","crunch","brickbreak"],"nature":"Jolly","evs":{"hp":0,"atk":252,"def":0,"spa":0,"spd":4,"spe":252},"ivs":{"hp":31,"atk":31,"def":31,"spa":31,"spd":31,"spe":31}}],"p2team":[{"name":"Typhoon","species":"gyarados","item":"gyaradosite","ability":"Intimidate","moves":["crunch","dragondance","earthquake","waterfall"],"nature":"Adamant","evs":{"hp":0,"atk":252,"def":0,"spa":0,"spd":4,"spe":252},"gender":"M","shiny":true,"ivs":{"hp":31,"atk":31,"def":31,"spa":31,"spd":31,"spe":31}},{"name":"Porunga","species":"dragonite","item":"weaknesspolicy","ability":"Multiscale","moves":["dragonclaw","dragondance","extremespeed","fly"],"nature":"Adamant","evs":{"hp":0,"atk":252,"def":0,"spa":0,"spd":4,"spe":252},"gender":"M","shiny":true,"ivs":{"hp":31,"atk":31,"def":31,"spa":31,"spd":31,"spe":31}},{"name":"Jupiter","species":"thundurus","item":"lifeorb","ability":"Prankster","moves":["nastyplot","thunderbolt","hiddenpowerice","thunderwave"],"nature":"Timid","evs":{"hp":0,"atk":0,"def":0,"spa":252,"spd":4,"spe":252},"ivs":{"hp":31,"atk":30,"def":30,"spa":31,"spd":31,"spe":31},"shiny":true},{"name":"Cherokee","species":"xatu","item":"leftovers","ability":"Magic Bounce","moves":["haze","heatwave","nightshade","roost"],"nature":"Calm","evs":{"hp":252,"atk":0,"def":0,"spa":4,"spd":252,"spe":0},"gender":"M","shiny":true,"ivs":{"hp":31,"atk":31,"def":31,"spa":31,"spd":31,"spe":31}},{"name":"DEATH","species":"togekiss","item":"leftovers","ability":"Serene Grace","moves":["airslash","thunderwave","nastyplot","wish"],"nature":"Calm","evs":{"hp":252,"atk":0,"def":0,"spa":4,"spd":252,"spe":0},"gender":"F","shiny":true,"ivs":{"hp":31,"atk":31,"def":31,"spa":31,"spd":31,"spe":31}},{"name":"Gliscor","species":"Gliscor","item":"toxicorb","ability":"Poison Heal","moves":["stealthrock","knockoff","protect","toxic"],"nature":"Impish","evs":{"hp":248,"atk":0,"def":188,"spa":0,"spd":0,"spe":72},"ivs":{"hp":31,"atk":31,"def":31,"spa":31,"spd":31,"spe":31}}],"log":["|player|p1|Carnie KeySein|164","|player|p2|Apex Salamence|266","|gametype|singles","|gen|6","|tier|Monotype","|rated","|rule|Baton Pass Clause: Limit one Baton Passer, can't pass Spe and other stats simultaneously","|rule|Swagger Clause: Swagger is banned","|rule|Same Type Clause: Pokémon in a team must share a type","|clearpoke","|poke|p1|Hawlucha, M","|poke|p1|Gliscor, M","|poke|p1|Gyarados, F","|poke|p1|Landorus, M","|poke|p1|Togekiss, F","|poke|p1|Salamence, M","|poke|p2|Gyarados, M, shiny","|poke|p2|Dragonite, M, shiny","|poke|p2|Thundurus, M, shiny","|poke|p2|Xatu, M, shiny","|poke|p2|Togekiss, F, shiny","|poke|p2|Gliscor, F","|rule|Sleep Clause Mod: Limit one foe put to sleep","|rule|Species Clause: Limit one of each Pokémon","|rule|OHKO Clause: OHKO moves are banned","|rule|Moody Clause: Moody is banned","|rule|Evasion Moves Clause: Evasion moves are banned","|rule|Endless Battle Clause: Forcing endless battles is banned","|rule|HP Percentage Mod: HP is shown in percentages","|teampreview","|","|start","|switch|p1a: Landorus|Landorus, M|319/319","|switch|p2a: Jupiter|Thundurus, M, shiny|299/299","|turn|1","|","|switch|p2a: Cherokee|Xatu, M, shiny|334/334","|move|p1a: Landorus|Rock Slide|p2a: Cherokee","|-miss|p1a: Landorus|p2a: Cherokee","|","|turn|2","|","|switch|p2a: Porunga|Dragonite, M, shiny|323/323","|move|p1a: Landorus|Knock Off|p2a: Porunga","|-damage|p2a: Porunga|257/323","|-enditem|p2a: Porunga|Weakness Policy|[from] move: Knock Off|[of] p1a: Landorus","|-damage|p1a: Landorus|288/319|[from] item: Life Orb","|","|turn|3","|","|move|p1a: Landorus|Rock Slide|p2a: Porunga","|-supereffective|p2a: Porunga","|-damage|p2a: Porunga|0 fnt","|faint|p2a: Porunga","|","|","|switch|p2a: Jupiter|Thundurus, M, shiny|299/299","|turn|4","|","|move|p2a: Jupiter|Hidden Power|p1a: Landorus","|-supereffective|p1a: Landorus","|-damage|p1a: Landorus|0 fnt","|-damage|p2a: Jupiter|270/299|[from] item: Life Orb","|faint|p1a: Landorus","|","|","|switch|p1a: Gliscor|Gliscor, M|354/354","|turn|5","|","|move|p2a: Jupiter|Nasty Plot|p2a: Jupiter","|-boost|p2a: Jupiter|spa|2","|move|p1a: Gliscor|Toxic|p2a: Jupiter","|-status|p2a: Jupiter|tox","|","|-damage|p2a: Jupiter|252/299 tox|[from] psn","|-status|p1a: Gliscor|tox|[from] item: Toxic Orb","|turn|6","|","|move|p1a: Gliscor|Protect|p1a: Gliscor","|-singleturn|p1a: Gliscor|Protect","|move|p2a: Jupiter|Nasty Plot|p2a: Jupiter","|-boost|p2a: Jupiter|spa|2","|","|-damage|p2a: Jupiter|216/299 tox|[from] psn","|turn|7","|","|move|p2a: Jupiter|Hidden Power|p1a: Gliscor","|-supereffective|p1a: Gliscor","|-damage|p1a: Gliscor|0 fnt","|-damage|p2a: Jupiter|187/299 tox|[from] item: Life Orb","|faint|p1a: Gliscor","|","|-damage|p2a: Jupiter|133/299 tox|[from] psn","|","|switch|p1a: Salamence|Salamence, M|331/331","|turn|8","|","|move|p1a: Salamence|Outrage|p2a: Jupiter","|-damage|p2a: Jupiter|0 fnt","|faint|p2a: Jupiter","|-boost|p1a: Salamence|atk|1|[from] ability: Moxie","|","|","|switch|p2a: DEATH|Togekiss, F, shiny|374/374","|turn|9","|","|move|p1a: Salamence|Outrage|p2a: DEATH|[from]lockedmove","|-immune|p2a: DEATH|[msg]","|move|p2a: DEATH|Thunder Wave|p1a: Salamence","|-status|p1a: Salamence|par","|","|turn|10","|","|switch|p1a: Gyarados|Gyarados, F|332/332","|-ability|p1a: Gyarados|Intimidate","|-unboost|p2a: DEATH|atk|1","|move|p2a: DEATH|Nasty Plot|p2a: DEATH","|-boost|p2a: DEATH|spa|2","|","|turn|11","|","|detailschange|p1a: Gyarados|Gyarados-Mega, F","|-mega|p1a: Gyarados|Gyarados|Gyaradosite","|-ability|p1a: Gyarados|Mold Breaker","|move|p1a: Gyarados|Dragon Dance|p1a: Gyarados","|-boost|p1a: Gyarados|atk|1","|-boost|p1a: Gyarados|spe|1","|move|p2a: DEATH|Thunder Wave|p1a: Gyarados","|-status|p1a: Gyarados|par","|","|turn|12","|","|move|p2a: DEATH|Air Slash|p1a: Gyarados","|-damage|p1a: Gyarados|161/332 par","|cant|p1a: Gyarados|flinch","|","|turn|13","|","|move|p2a: DEATH|Air Slash|p1a: Gyarados","|-damage|p1a: Gyarados|0 fnt","|faint|p1a: Gyarados","|","|","|switch|p1a: Togekiss|Togekiss, F|374/374","|turn|14","|","|move|p1a: Togekiss|Thunder Wave|p2a: DEATH","|-status|p2a: DEATH|par","|cant|p2a: DEATH|par","|","|turn|15","|","|move|p1a: Togekiss|Air Slash|p2a: DEATH","|-crit|p2a: DEATH","|-damage|p2a: DEATH|277/374 par","|move|p2a: DEATH|Wish|p2a: DEATH","|","|-heal|p2a: DEATH|300/374 par|[from] item: Leftovers","|turn|16","|","|move|p1a: Togekiss|Air Slash|p2a: DEATH","|-damage|p2a: DEATH|234/374 par","|cant|p2a: DEATH|flinch","|","|-heal|p2a: DEATH|374/374 par|[from] move: Wish|[wisher] DEATH","|turn|17","|","|move|p1a: Togekiss|Air Slash|p2a: DEATH","|-damage|p2a: DEATH|311/374 par","|move|p2a: DEATH|Air Slash|p1a: Togekiss","|-damage|p1a: Togekiss|230/374","|","|-heal|p2a: DEATH|334/374 par|[from] item: Leftovers","|turn|18","|","|move|p1a: Togekiss|Air Slash|p2a: DEATH","|-damage|p2a: DEATH|265/374 par","|cant|p2a: DEATH|flinch","|","|-heal|p2a: DEATH|288/374 par|[from] item: Leftovers","|turn|19","|","|move|p1a: Togekiss|Air Slash|p2a: DEATH","|-damage|p2a: DEATH|213/374 par","|cant|p2a: DEATH|par","|","|-heal|p2a: DEATH|236/374 par|[from] item: Leftovers","|turn|20","|","|move|p1a: Togekiss|Air Slash|p2a: DEATH|[miss]","|-miss|p1a: Togekiss|p2a: DEATH","|move|p2a: DEATH|Wish|p2a: DEATH","|","|-heal|p2a: DEATH|259/374 par|[from] item: Leftovers","|turn|21","|","|move|p1a: Togekiss|Air Slash|p2a: DEATH","|-damage|p2a: DEATH|195/374 par","|cant|p2a: DEATH|flinch","|","|-heal|p2a: DEATH|374/374 par|[from] move: Wish|[wisher] DEATH","|turn|22","|","|move|p1a: Togekiss|Defog|p2a: DEATH","|-unboost|p2a: DEATH|evasion|1","|cant|p2a: DEATH|par","|","|turn|23","|","|move|p1a: Togekiss|Defog|p2a: DEATH","|-unboost|p2a: DEATH|evasion|1","|move|p2a: DEATH|Thunder Wave|p1a: Togekiss","|-status|p1a: Togekiss|par","|-enditem|p1a: Togekiss|Lum Berry|[eat]","|-curestatus|p1a: Togekiss|par","|","|turn|24","|","|move|p1a: Togekiss|Air Slash|p2a: DEATH","|-damage|p2a: DEATH|304/374 par","|move|p2a: DEATH|Thunder Wave|p1a: Togekiss","|-status|p1a: Togekiss|par","|","|-heal|p2a: DEATH|327/374 par|[from] item: Leftovers","|turn|25","|","|move|p1a: Togekiss|Air Slash|p2a: DEATH","|-damage|p2a: DEATH|263/374 par","|cant|p2a: DEATH|flinch","|","|-heal|p2a: DEATH|286/374 par|[from] item: Leftovers","|turn|26","|","|move|p1a: Togekiss|Air Slash|p2a: DEATH","|-damage|p2a: DEATH|220/374 par","|cant|p2a: DEATH|flinch","|","|-heal|p2a: DEATH|243/374 par|[from] item: Leftovers","|turn|27","|","|move|p1a: Togekiss|Air Slash|p2a: DEATH","|-damage|p2a: DEATH|177/374 par","|move|p2a: DEATH|Wish|p2a: DEATH","|","|-heal|p2a: DEATH|200/374 par|[from] item: Leftovers","|turn|28","|","|move|p1a: Togekiss|Air Slash|p2a: DEATH","|-damage|p2a: DEATH|128/374 par","|move|p2a: DEATH|Air Slash|p1a: Togekiss","|-damage|p1a: Togekiss|91/374 par","|","|-heal|p2a: DEATH|315/374 par|[from] move: Wish|[wisher] DEATH","|-heal|p2a: DEATH|338/374 par|[from] item: Leftovers","|turn|29","|","|cant|p1a: Togekiss|par","|move|p2a: DEATH|Air Slash|p1a: Togekiss","|-damage|p1a: Togekiss|0 fnt","|faint|p1a: Togekiss","|","|-heal|p2a: DEATH|361/374 par|[from] item: Leftovers","|","|switch|p1a: Hawlucha|Hawlucha, M|300/300","|turn|30","|","|move|p1a: Hawlucha|High Jump Kick|p2a: DEATH","|-resisted|p2a: DEATH","|-damage|p2a: DEATH|316/374 par","|move|p2a: DEATH|Air Slash|p1a: Hawlucha","|-supereffective|p1a: Hawlucha","|-damage|p1a: Hawlucha|0 fnt","|faint|p1a: Hawlucha","|","|-heal|p2a: DEATH|339/374 par|[from] item: Leftovers","|","|switch|p1a: Salamence|Salamence, M|331/331 par","|turn|31","|","|move|p1a: Salamence|Brick Break|p2a: DEATH","|-resisted|p2a: DEATH","|-damage|p2a: DEATH|313/374 par","|move|p2a: DEATH|Air Slash|p1a: Salamence","|-damage|p1a: Salamence|63/331 par","|","|-heal|p2a: DEATH|336/374 par|[from] item: Leftovers","|turn|32","|","|move|p1a: Salamence|Brick Break|p2a: DEATH","|-resisted|p2a: DEATH","|-damage|p2a: DEATH|312/374 par","|move|p2a: DEATH|Air Slash|p1a: Salamence","|-damage|p1a: Salamence|0 fnt","|faint|p1a: Salamence","|","|win|Apex Salamence"],"p1rating":{"entryid":"787247","serverid":"eos","formatid":"monotype","userid":"carniekeysein","username":"Carnie KeySein","w":"8","l":7,"t":"0","gxe":53.6,"r":"1523.4884859227","rd":"89.635850194284","sigma":"0","rptime":"1441270800","rpr":1527.5789403801,"rprd":76.750432732511,"rpsigma":"0","acre":1096.4836728429,"lacre":1096.4836728429,"oldacre":"1120.6842023567"},"p2rating":{"entryid":"1755","serverid":"eos","formatid":"monotype","userid":"apexsalamence","username":"Apex Salamence","w":51,"l":"42","t":"0","gxe":56,"r":"1542.1500273835","rd":"38.254097476229","sigma":"0","rptime":"1441270800","rpr":1545.9496153963,"rprd":38.041931712428,"rpsigma":"0","acre":1155.9991014473,"lacre":1155.9991014473,"oldacre":"1131.7985719335"},"endType":"normal"}