{"seed":[29239,36732,57812,34133],"turns":25,"p1":"Rain ☆ S.Herbs","p2":"Alliance - Mxy","p1team":[{"name":"Cofa'","species":"cofagrigus","item":"leftovers","ability":"Mummy","moves":["toxicspikes","infestation","hex","willowisp"],"nature":"Calm","evs":{"hp":252,"atk":0,"def":0,"spa":4,"spd":252,"spe":0},"shiny":true,"ivs":{"hp":31,"atk":31,"def":31,"spa":31,"spd":31,"spe":31}},{"name":"Gengar","species":"Gengar","item":"lifeorb","ability":"Levitate","moves":["shadowball","sludgewave","focusblast","energyball"],"nature":"Timid","evs":{"hp":0,"atk":0,"def":0,"spa":252,"spd":4,"spe":252},"shiny":true,"ivs":{"hp":31,"atk":31,"def":31,"spa":31,"spd":31,"spe":31}},{"name":"Aegislash","species":"Aegislash","item":"leftovers","ability":"Stance Change","moves":["swordsdance","shadowsneak","sacredsword","kingsshield"],"nature":"Adamant","evs":{"hp":252,"atk":252,"def":0,"spa":0,"spd":4,"spe":0},"shiny":true,"ivs":{"hp":31,"atk":31,"def":31,"spa":31,"spd":31,"spe":31}},{"name":"Sableye","species":"Sableye","item":"sablenite","ability":"Prankster","moves":["calmmind","willowisp","recover","shadowball"],"nature":"Careful","evs":{"hp":252,"atk":0,"def":112,"spa":0,"spd":144,"spe":0},"shiny":true,"ivs":{"hp":31,"atk":31,"def":31,"spa":31,"spd":31,"spe":31}},{"name":"Spiritomb","species":"Spiritomb","item":"leftovers","ability":"Infiltrator","moves":["confuseray","darkpulse","psychic","shadowsneak"],"nature":"Modest","evs":{"hp":252,"atk":4,"def":0,"spa":252,"spd":0,"spe":0},"shiny":true,"ivs":{"hp":31,"atk":31,"def":31,"spa":31,"spd":31,"spe":31}},{"name":"Golurk","species":"Golurk","item":"choicescarf","ability":"No Guard","moves":["dynamicpunch","earthquake","icepunch","firepunch"],"nature":"Jolly","evs":{"hp":0,"atk":252,"def":0,"spa":0,"spd":4,"spe":252},"shiny":true,"ivs":{"hp":31,"atk":31,"def":31,"spa":31,"spd":31,"spe":31}}],"p2team":[{"name":"Beedrill","species":"Beedrill","item":"beedrillite","ability":"Swarm","moves":["uturn","poisonjab","knockoff","protect"],"nature":"Jolly","evs":{"hp":0,"atk":252,"def":0,"spa":0,"spd":4,"spe":252},"ivs":{"hp":31,"atk":31,"def":31,"spa":31,"spd":31,"spe":31}},{"name":"Nidoking","species":"Nidoking","item":"lifeorb","ability":"Sheer Force","moves":["earthpower","flamethrower","icebeam","rockslide"],"nature":"Naive","evs":{"hp":0,"atk":4,"def":0,"spa":252,"spd":0,"spe":252},"ivs":{"hp":31,"atk":31,"def":31,"spa":31,"spd":31,"spe":31}},{"name":"Skuntank","species":"Skuntank","item":"blackglasses","ability":"Aftermath","moves":["suckerpunch","pursuit","foulplay","defog"],"nature":"Adamant","evs":{"hp":0,"atk":252,"def":4,"spa":0,"spd":0,"spe":252},"ivs":{"hp":31,"atk":31,"def":31,"spa":31,"spd":31,"spe":31}},{"name":"Weezing","species":"Weezing","item":"blacksludge","ability":"Levitate","moves":["shadowball","fireblast","willowisp","painsplit"],"nature":"Bold","evs":{"hp":248,"atk":0,"def":252,"spa":0,"spd":8,"spe":0},"ivs":{"hp":31,"atk":31,"def":31,"spa":31,"spd":31,"spe":31}},{"name":"Dragalge","species":"Dragalge","item":"leftovers","ability":"Adaptability","moves":["dracometeor","sludgewave","focusblast","toxicspikes"],"nature":"Modest","evs":{"hp":228,"atk":0,"def":0,"spa":252,"spd":0,"spe":28},"ivs":{"hp":31,"atk":31,"def":31,"spa":31,"spd":31,"spe":31}},{"name":"Gengar","species":"Gengar","item":"choicescarf","ability":"Levitate","moves":["shadowball","hex","sludgewave","focusblast"],"nature":"Timid","evs":{"hp":0,"atk":0,"def":0,"spa":252,"spd":4,"spe":252},"ivs":{"hp":31,"atk":31,"def":31,"spa":31,"spd":31,"spe":31}}],"log":["|player|p1|Rain ☆ S.Herbs|154","|player|p2|Alliance - Mxy|270","|gametype|singles","|gen|6","|tier|Monotype","|rated","|rule|Baton Pass Clause: Limit one Baton Passer, can't pass Spe and other stats simultaneously","|rule|Swagger Clause: Swagger is banned","|rule|Same Type Clause: Pokémon in a team must share a type","|clearpoke","|poke|p1|Cofagrigus, M, shiny","|poke|p1|Gengar, M, shiny","|poke|p1|Aegislash, F, shiny","|poke|p1|Sableye, M, shiny","|poke|p1|Spiritomb, M, shiny","|poke|p1|Golurk, shiny","|poke|p2|Beedrill, M","|poke|p2|Nidoking, M","|poke|p2|Skuntank, M","|poke|p2|Weezing, M","|poke|p2|Dragalge, F","|poke|p2|Gengar, M","|rule|Sleep Clause Mod: Limit one foe put to sleep","|rule|Species Clause: Limit one of each Pokémon","|rule|OHKO Clause: OHKO moves are banned","|rule|Moody Clause: Moody is banned","|rule|Evasion Moves Clause: Evasion moves are banned","|rule|Endless Battle Clause: Forcing endless battles is banned","|rule|HP Percentage Mod: HP is shown in percentages","|teampreview","|","|start","|switch|p1a: Spiritomb|Spiritomb, M, shiny|304/304","|switch|p2a: Beedrill|Beedrill, M|271/271","|turn|1","|","|switch|p1a: Cofa'|Cofagrigus, M, shiny|320/320","|detailschange|p2a: Beedrill|Beedrill-Mega, M","|-mega|p2a: Beedrill|Beedrill|Beedrillite","|move|p2a: Beedrill|U-turn|p1a: Cofa'","|-resisted|p1a: Cofa'","|-damage|p1a: Cofa'|258/320","|-activate|p1a: Cofa'|ability: Mummy|adaptability|[of] p2a: Beedrill","|","|switch|p2a: Dragalge|Dragalge, F|328/328","|","|-heal|p1a: Cofa'|278/320|[from] item: Leftovers","|turn|2","|","|move|p2a: Dragalge|Toxic Spikes|p1a: Cofa'","|-sidestart|p1: Rain ☆ S.Herbs|move: Toxic Spikes","|move|p1a: Cofa'|Will-O-Wisp|p2a: Dragalge","|-status|p2a: Dragalge|brn","|","|-heal|p1a: Cofa'|298/320|[from] item: Leftovers","|-damage|p2a: Dragalge|287/328 brn|[from] brn","|turn|3","|","|move|p2a: Dragalge|Toxic Spikes|p1a: Cofa'","|-sidestart|p1: Rain ☆ S.Herbs|move: Toxic Spikes","|move|p1a: Cofa'|Infestation|p2a: Dragalge","|-resisted|p2a: Dragalge","|-damage|p2a: Dragalge|280/328 brn","|-activate|p2a: Dragalge|move: Infestation|[of] p1a: Cofa'","|","|-heal|p2a: Dragalge|300/328 brn|[from] item: Leftovers","|-heal|p1a: Cofa'|318/320|[from] item: Leftovers","|-damage|p2a: Dragalge|259/328 brn|[from] brn","|-damage|p2a: Dragalge|218/328 brn|[from] move: Infestation|[partiallytrapped]","|turn|4","|","|move|p2a: Dragalge|Sludge Wave|p1a: Cofa'","|-resisted|p1a: Cofa'","|-damage|p1a: Cofa'|251/320","|move|p1a: Cofa'|Hex|p2a: Dragalge","|-damage|p2a: Dragalge|85/328 brn","|","|-heal|p2a: Dragalge|105/328 brn|[from] item: Leftovers","|-heal|p1a: Cofa'|271/320|[from] item: Leftovers","|-damage|p2a: Dragalge|64/328 brn|[from] brn","|-damage|p2a: Dragalge|23/328 brn|[from] move: Infestation|[partiallytrapped]","|turn|5","|","|move|p2a: Dragalge|Draco Meteor|p1a: Cofa'|[miss]","|-miss|p2a: Dragalge|p1a: Cofa'","|move|p1a: Cofa'|Hex|p2a: Dragalge","|-damage|p2a: Dragalge|0 fnt","|faint|p2a: Dragalge","|","|-heal|p1a: Cofa'|291/320|[from] item: Leftovers","|","|switch|p2a: Gengar|Gengar, M|261/261","|turn|6","|","|move|p2a: Gengar|Shadow Ball|p1a: Cofa'","|-supereffective|p1a: Cofa'","|-damage|p1a: Cofa'|75/320","|-unboost|p1a: Cofa'|spd|1","|move|p1a: Cofa'|Hex|p2a: Gengar","|-supereffective|p2a: Gengar","|-damage|p2a: Gengar|79/261","|","|-heal|p1a: Cofa'|95/320|[from] item: Leftovers","|turn|7","|","|switch|p1a: Spiritomb|Spiritomb, M, shiny|304/304","|-status|p1a: Spiritomb|tox","|move|p2a: Gengar|Shadow Ball|p1a: Spiritomb","|-damage|p1a: Spiritomb|171/304 tox","|","|-heal|p1a: Spiritomb|190/304 tox|[from] item: Leftovers","|-damage|p1a: Spiritomb|171/304 tox|[from] psn","|turn|8","|","|switch|p2a: Skuntank|Skuntank, M|347/347","|move|p1a: Spiritomb|Psychic|p2a: Skuntank","|-immune|p2a: Skuntank|[msg]","|","|-heal|p1a: Spiritomb|190/304 tox|[from] item: Leftovers","|-damage|p1a: Spiritomb|152/304 tox|[from] psn","|turn|9","|","|move|p2a: Skuntank|Pursuit|p1a: Spiritomb","|-damage|p1a: Spiritomb|80/304 tox","|move|p1a: Spiritomb|Confuse Ray|p2a: Skuntank","|-start|p2a: Skuntank|confusion","|","|-heal|p1a: Spiritomb|99/304 tox|[from] item: Leftovers","|-damage|p1a: Spiritomb|42/304 tox|[from] psn","|turn|10","|","|-activate|p2a: Skuntank|confusion","|move|p2a: Skuntank|Pursuit|p1a: Spiritomb|[from]Pursuit","|-damage|p1a: Spiritomb|0 fnt","|faint|p1a: Spiritomb","|","|","|switch|p1a: Aegislash|Aegislash, F, shiny|324/324","|turn|11","|","|switch|p2a: Weezing|Weezing, M|333/333","|move|p1a: Aegislash|Swords Dance|p1a: Aegislash","|-boost|p1a: Aegislash|atk|2","|","|turn|12","|","|switch|p1a: Cofa'|Cofagrigus, M, shiny|95/320","|-status|p1a: Cofa'|tox","|move|p2a: Weezing|Will-O-Wisp|p1a: Cofa'","|-fail|p1a: Cofa'","|","|-heal|p1a: Cofa'|115/320 tox|[from] item: Leftovers","|-damage|p1a: Cofa'|95/320 tox|[from] psn","|turn|13","|","|move|p2a: Weezing|Shadow Ball|p1a: Cofa'","|-supereffective|p1a: Cofa'","|-damage|p1a: Cofa'|25/320 tox","|move|p1a: Cofa'|Will-O-Wisp|p2a: Weezing","|-status|p2a: Weezing|brn","|","|-heal|p1a: Cofa'|45/320 tox|[from] item: Leftovers","|-damage|p2a: Weezing|292/333 brn|[from] brn","|-damage|p1a: Cofa'|5/320 tox|[from] psn","|turn|14","|","|move|p2a: Weezing|Will-O-Wisp|p1a: Cofa'|[miss]","|-miss|p2a: Weezing|p1a: Cofa'","|move|p1a: Cofa'|Hex|p2a: Weezing","|-damage|p2a: Weezing|85/333 brn","|","|-heal|p2a: Weezing|105/333 brn|[from] item: Black Sludge","|-heal|p1a: Cofa'|25/320 tox|[from] item: Leftovers","|-damage|p2a: Weezing|64/333 brn|[from] brn","|-damage|p1a: Cofa'|0 fnt|[from] psn","|faint|p1a: Cofa'","|","|switch|p1a: Gengar|Gengar, M, shiny|261/261","|turn|15","|","|move|p1a: Gengar|Shadow Ball|p2a: Weezing","|-damage|p2a: Weezing|0 fnt","|-damage|p1a: Gengar|235/261|[from] item: Life Orb","|faint|p2a: Weezing","|","|","|switch|p2a: Beedrill|Beedrill-Mega, M|271/271","|turn|16","|","|switch|p1a: Aegislash|Aegislash, F, shiny|324/324","|move|p2a: Beedrill|Knock Off|p1a: Aegislash","|-supereffective|p1a: Aegislash","|-damage|p1a: Aegislash|158/324","|-enditem|p1a: Aegislash|Leftovers|[from] move: Knock Off|[of] p2a: Beedrill","|","|turn|17","|","|switch|p2a: Skuntank|Skuntank, M|347/347","|move|p1a: Aegislash|King's Shield|p1a: Aegislash","|-fail|p1a: Aegislash","|","|turn|18","|","|move|p1a: Aegislash|King's Shield|p1a: Aegislash","|-singleturn|p1a: Aegislash|Protect","|move|p2a: Skuntank|Sucker Punch|p1a: Aegislash","|-fail|p2a: Skuntank","|","|turn|19","|","|move|p2a: Skuntank|Foul Play|p1a: Aegislash","|-supereffective|p1a: Aegislash","|-damage|p1a: Aegislash|0 fnt","|faint|p1a: Aegislash","|","|","|switch|p1a: Sableye|Sableye, M, shiny|304/304","|-status|p1a: Sableye|tox","|turn|20","|","|switch|p2a: Nidoking|Nidoking, M|303/303","|move|p1a: Sableye|Will-O-Wisp|p2a: Nidoking","|-status|p2a: Nidoking|brn","|","|-damage|p2a: Nidoking|266/303 brn|[from] brn","|-damage|p1a: Sableye|285/304 tox|[from] psn","|turn|21","|","|detailschange|p1a: Sableye|Sableye-Mega, M, shiny","|-mega|p1a: Sableye|Sableye|Sablenite","|move|p1a: Sableye|Calm Mind|p1a: Sableye","|-boost|p1a: Sableye|spa|1","|-boost|p1a: Sableye|spd|1","|move|p2a: Nidoking|Earth Power|p1a: Sableye","|-crit|p1a: Sableye","|-damage|p1a: Sableye|86/304 tox","|","|-damage|p2a: Nidoking|229/303 brn|[from] brn","|-damage|p1a: Sableye|48/304 tox|[from] psn","|turn|22","|","|move|p2a: Nidoking|Earth Power|p1a: Sableye","|-damage|p1a: Sableye|0 fnt","|faint|p1a: Sableye","|","|-damage|p2a: Nidoking|192/303 brn|[from] brn","|","|switch|p1a: Gengar|Gengar, M, shiny|235/261","|turn|23","|","|move|p1a: Gengar|Shadow Ball|p2a: Nidoking","|-damage|p2a: Nidoking|0 fnt","|-damage|p1a: Gengar|209/261|[from] item: Life Orb","|faint|p2a: Nidoking","|","|","|switch|p2a: Beedrill|Beedrill-Mega, M|271/271","|turn|24","|","|switch|p1a: Golurk|Golurk, shiny|319/319","|-status|p1a: Golurk|tox","|move|p2a: Beedrill|Knock Off|p1a: Golurk","|-supereffective|p1a: Golurk","|-damage|p1a: Golurk|0 fnt","|-enditem|p1a: Golurk|Choice Scarf|[from] move: Knock Off|[of] p2a: Beedrill","|faint|p1a: Golurk","|","|","|switch|p1a: Gengar|Gengar, M, shiny|209/261","|turn|25","|","|move|p2a: Beedrill|Knock Off|p1a: Gengar","|-supereffective|p1a: Gengar","|-damage|p1a: Gengar|0 fnt","|-enditem|p1a: Gengar|Life Orb|[from] move: Knock Off|[of] p2a: Beedrill","|faint|p1a: Gengar","|","|win|Alliance - Mxy"],"p1rating":{"entryid":"61538","serverid":"eos","formatid":"monotype","userid":"rainsherbs","username":"Rain ☆ S.Herbs","w":"27","l":32,"t":"0","gxe":46.6,"r":"1478.0923599417","rd":"46.129889951155","sigma":"0","rptime":"1441270800","rpr":1474.0212950369,"rprd":45.776816510493,"rpsigma":"0","acre":1144.6594907015,"lacre":1144.6594907015,"oldacre":"1169.397642433"},"p2rating":{"entryid":"127788","serverid":"eos","formatid":"monotype","userid":"alliancemxy","username":"Alliance - Mxy","w":38,"l":"20","t":"0","gxe":63.2,"r":"1593.5038635177","rd":"48.849763561854","sigma":"0","rptime":"1441270800","rpr":1602.6559792647,"rprd":48.026320076174,"rpsigma":"0","acre":1197.7749435039,"lacre":1197.7749435039,"oldacre":"1173.0367917724"},"endType":"normal"}