{"seed":[1657,11108,11954,7051],"turns":25,"p1":"Apex✦Quilluminati","p2":"SL Centurion","p1team":[{"name":"Allen Iverson","species":"diancie","item":"diancite","ability":"Clear Body","moves":["protect","moonblast","earthpower","diamondstorm"],"nature":"Hasty","evs":{"hp":0,"atk":120,"def":0,"spa":128,"spd":8,"spe":252},"ivs":{"hp":31,"atk":31,"def":31,"spa":31,"spd":31,"spe":31}},{"name":"Michael Jordan","species":"terrakion","item":"choicescarf","ability":"Justified","moves":["closecombat","ironhead","earthquake","stoneedge"],"nature":"Jolly","evs":{"hp":0,"atk":252,"def":0,"spa":0,"spd":4,"spe":252},"shiny":true,"ivs":{"hp":31,"atk":31,"def":31,"spa":31,"spd":31,"spe":31}},{"name":"Wilt Chamberlain","species":"shuckle","item":"redcard","ability":"Sturdy","moves":["stickyweb","knockoff","stealthrock","toxic"],"nature":"Impish","evs":{"hp":252,"atk":0,"def":84,"spa":0,"spd":172,"spe":0},"ivs":{"hp":31,"atk":31,"def":31,"spa":31,"spd":31,"spe":31}},{"name":"Aerodactyl","species":"Aerodactyl","item":"focussash","ability":"Rock Head","moves":["honeclaws","aerialace","stoneedge","aquatail"],"nature":"Jolly","evs":{"hp":4,"atk":252,"def":0,"spa":0,"spd":0,"spe":252},"ivs":{"hp":31,"atk":31,"def":31,"spa":31,"spd":31,"spe":31}},{"name":"Omastar","species":"Omastar","item":"focussash","ability":"Shell Armor","moves":["shellsmash","scald","icebeam","earthpower"],"nature":"Modest","evs":{"hp":4,"atk":0,"def":0,"spa":252,"spd":0,"spe":252},"ivs":{"hp":31,"atk":31,"def":31,"spa":31,"spd":31,"spe":31}},{"name":"Tyranitar","species":"Tyranitar","item":"assaultvest","ability":"Sand Stream","moves":["fireblast","crunch","stoneedge","earthquake"],"nature":"Naughty","evs":{"hp":248,"atk":252,"def":0,"spa":8,"spd":0,"spe":0},"ivs":{"hp":31,"atk":31,"def":31,"spa":31,"spd":31,"spe":31}}],"p2team":[{"name":"Skuntank","species":"Skuntank","item":"blacksludge","ability":"Aftermath","moves":["suckerpunch","explosion","crunch","poisonjab"],"nature":"Adamant","evs":{"hp":252,"atk":252,"def":0,"spa":0,"spd":4,"spe":0},"ivs":{"hp":31,"atk":31,"def":31,"spa":31,"spd":31,"spe":31}},{"name":"Gengar","species":"Gengar","item":"choicescarf","ability":"Levitate","moves":["clearsmog","dazzlinggleam","shadowball","psychic"],"nature":"Timid","evs":{"hp":0,"atk":0,"def":0,"spa":252,"spd":4,"spe":252},"ivs":{"hp":31,"atk":31,"def":31,"spa":31,"spd":31,"spe":31}},{"name":"Scolipede","species":"Scolipede","item":"airballoon","ability":"Speed Boost","moves":["protect","megahorn","batonpass","poisonjab"],"nature":"Adamant","evs":{"hp":0,"atk":252,"def":0,"spa":0,"spd":4,"spe":252},"ivs":{"hp":31,"atk":31,"def":31,"spa":31,"spd":31,"spe":31}},{"name":"Muk","species":"Muk","item":"assaultvest","ability":"Poison Touch","moves":["poweruppunch","shadowsneak","firepunch","poisonjab"],"nature":"Adamant","evs":{"hp":248,"atk":252,"def":0,"spa":0,"spd":8,"spe":0},"ivs":{"hp":31,"atk":31,"def":31,"spa":31,"spd":31,"spe":31}},{"name":"Weezing","species":"Weezing","item":"blacksludge","ability":"Levitate","moves":["willowisp","toxicspikes","fireblast","sludgebomb"],"nature":"Calm","evs":{"hp":248,"atk":0,"def":0,"spa":8,"spd":252,"spe":0},"ivs":{"hp":31,"atk":31,"def":31,"spa":31,"spd":31,"spe":31}},{"name":"Venusaur","species":"Venusaur","item":"venusaurite","ability":"Chlorophyll","moves":["synthesis","swordsdance","sleeppowder","seedbomb"],"nature":"Adamant","evs":{"hp":0,"atk":252,"def":0,"spa":0,"spd":4,"spe":252},"ivs":{"hp":31,"atk":31,"def":31,"spa":31,"spd":31,"spe":31}}],"log":["|player|p1|Apex✦Quilluminati|80","|player|p2|SL Centurion|257","|gametype|singles","|gen|6","|tier|Monotype","|rated","|rule|Baton Pass Clause: Limit one Baton Passer, can't pass Spe and other stats simultaneously","|rule|Swagger Clause: Swagger is banned","|rule|Same Type Clause: Pokémon in a team must share a type","|clearpoke","|poke|p1|Diancie","|poke|p1|Terrakion, shiny","|poke|p1|Shuckle, M","|poke|p1|Aerodactyl, F","|poke|p1|Omastar, F","|poke|p1|Tyranitar, F","|poke|p2|Skuntank, M","|poke|p2|Gengar, M","|poke|p2|Scolipede, M","|poke|p2|Muk, F","|poke|p2|Weezing, F","|poke|p2|Venusaur, M","|rule|Sleep Clause Mod: Limit one foe put to sleep","|rule|Species Clause: Limit one of each Pokémon","|rule|OHKO Clause: OHKO moves are banned","|rule|Moody Clause: Moody is banned","|rule|Evasion Moves Clause: Evasion moves are banned","|rule|Endless Battle Clause: Forcing endless battles is banned","|rule|HP Percentage Mod: HP is shown in percentages","|teampreview","|","|start","|switch|p1a: Wilt Chamberlain|Shuckle, M|244/244","|switch|p2a: Muk|Muk, F|413/413","|turn|1","|","|move|p2a: Muk|Power-Up Punch|p1a: Wilt Chamberlain","|-crit|p1a: Wilt Chamberlain","|-damage|p1a: Wilt Chamberlain|215/244","|-boost|p2a: Muk|atk|1","|-enditem|p1a: Wilt Chamberlain|Red Card|[of] p2a: Muk","|drag|p2a: Scolipede|Scolipede, M|261/261","|-item|p2a: Scolipede|Air Balloon","|move|p1a: Wilt Chamberlain|Knock Off|p2a: Scolipede","|-crit|p2a: Scolipede","|-damage|p2a: Scolipede|230/261","|-enditem|p2a: Scolipede|Air Balloon","|","|turn|2","|","|move|p2a: Scolipede|Protect|p2a: Scolipede","|-singleturn|p2a: Scolipede|Protect","|move|p1a: Wilt Chamberlain|Stealth Rock|p2a: Scolipede","|-sidestart|p2: SL Centurion|move: Stealth Rock","|","|-boost|p2a: Scolipede|spe|1|[from] ability: Speed Boost","|turn|3","|","|move|p2a: Scolipede|Baton Pass|p2a: Scolipede","|","|switch|p2a: Venusaur|Venusaur, M|301/301","|-damage|p2a: Venusaur|264/301|[from] Stealth Rock","|move|p1a: Wilt Chamberlain|Sticky Web|p2a: Venusaur","|-sidestart|p2: SL Centurion|move: Sticky Web","|","|turn|4","|","|switch|p1a: Aerodactyl|Aerodactyl, F|302/302","|detailschange|p2a: Venusaur|Venusaur-Mega, M","|-mega|p2a: Venusaur|Venusaur|Venusaurite","|move|p2a: Venusaur|Swords Dance|p2a: Venusaur","|-boost|p2a: Venusaur|atk|2","|","|turn|5","|","|move|p1a: Aerodactyl|Hone Claws|p1a: Aerodactyl","|-boost|p1a: Aerodactyl|atk|1","|-boost|p1a: Aerodactyl|accuracy|1","|move|p2a: Venusaur|Seed Bomb|p1a: Aerodactyl","|-enditem|p1a: Aerodactyl|Focus Sash","|-damage|p1a: Aerodactyl|1/302","|","|turn|6","|","|move|p1a: Aerodactyl|Aerial Ace|p2a: Venusaur","|-supereffective|p2a: Venusaur","|-damage|p2a: Venusaur|30/301","|move|p2a: Venusaur|Seed Bomb|p1a: Aerodactyl","|-damage|p1a: Aerodactyl|0 fnt","|faint|p1a: Aerodactyl","|","|","|switch|p1a: Michael Jordan|Terrakion, shiny|323/323","|turn|7","|","|move|p1a: Michael Jordan|Iron Head|p2a: Venusaur","|-damage|p2a: Venusaur|0 fnt","|faint|p2a: Venusaur","|","|","|switch|p2a: Gengar|Gengar, M|261/261","|-damage|p2a: Gengar|229/261|[from] Stealth Rock","|turn|8","|","|switch|p1a: Wilt Chamberlain|Shuckle, M|215/244","|move|p2a: Gengar|Psychic|p1a: Wilt Chamberlain","|-damage|p1a: Wilt Chamberlain|169/244","|","|turn|9","|","|switch|p2a: Scolipede|Scolipede, M|230/261","|-damage|p2a: Scolipede|165/261|[from] Stealth Rock","|-activate|p2a: Scolipede|move: Sticky Web","|-unboost|p2a: Scolipede|spe|1","|move|p1a: Wilt Chamberlain|Knock Off|p2a: Scolipede","|-damage|p2a: Scolipede|151/261","|","|turn|10","|","|switch|p1a: Allen Iverson|Diancie|241/241","|move|p2a: Scolipede|Protect|p2a: Scolipede","|-fail|p2a: Scolipede","|","|-boost|p2a: Scolipede|spe|1|[from] ability: Speed Boost","|turn|11","|","|detailschange|p1a: Allen Iverson|Diancie-Mega","|-mega|p1a: Allen Iverson|Diancie|Diancite","|move|p2a: Scolipede|Protect|p2a: Scolipede","|-singleturn|p2a: Scolipede|Protect","|move|p1a: Allen Iverson|Protect|p1a: Allen Iverson","|-fail|p1a: Allen Iverson","|","|-boost|p2a: Scolipede|spe|1|[from] ability: Speed Boost","|turn|12","|","|move|p2a: Scolipede|Poison Jab|p1a: Allen Iverson","|-damage|p1a: Allen Iverson|103/241","|move|p1a: Allen Iverson|Earth Power|p2a: Scolipede","|-damage|p2a: Scolipede|6/261","|","|-boost|p2a: Scolipede|spe|1|[from] ability: Speed Boost","|turn|13","|","|switch|p1a: Tyranitar|Tyranitar, F|403/403","|-weather|Sandstorm","|move|p2a: Scolipede|Poison Jab|p1a: Tyranitar","|-resisted|p1a: Tyranitar","|-damage|p1a: Tyranitar|345/403","|","|-weather|Sandstorm|[upkeep]","|-damage|p2a: Scolipede|0 fnt|[from] sandstorm","|faint|p2a: Scolipede","|","|switch|p2a: Muk|Muk, F|413/413","|-damage|p2a: Muk|362/413|[from] Stealth Rock","|-activate|p2a: Muk|move: Sticky Web","|-unboost|p2a: Muk|spe|1","|turn|14","|","|move|p1a: Tyranitar|Earthquake|p2a: Muk","|-supereffective|p2a: Muk","|-damage|p2a: Muk|6/413","|move|p2a: Muk|Power-Up Punch|p1a: Tyranitar","|-supereffective|p1a: Tyranitar","|-damage|p1a: Tyranitar|189/403","|-boost|p2a: Muk|atk|1","|-status|p1a: Tyranitar|psn","|","|-weather|Sandstorm|[upkeep]","|-damage|p2a: Muk|0 fnt|[from] sandstorm","|-damage|p1a: Tyranitar|139/403 psn|[from] psn","|faint|p2a: Muk","|","|switch|p2a: Weezing|Weezing, F|333/333","|-damage|p2a: Weezing|292/333|[from] Stealth Rock","|turn|15","|","|switch|p1a: Wilt Chamberlain|Shuckle, M|169/244","|move|p2a: Weezing|Toxic Spikes|p1a: Wilt Chamberlain","|-sidestart|p1: Apex✦Quilluminati|move: Toxic Spikes","|","|-weather|Sandstorm|[upkeep]","|-damage|p2a: Weezing|272/333|[from] sandstorm","|-heal|p2a: Weezing|292/333|[from] item: Black Sludge","|turn|16","|","|move|p2a: Weezing|Toxic Spikes|p1a: Wilt Chamberlain","|-sidestart|p1: Apex✦Quilluminati|move: Toxic Spikes","|move|p1a: Wilt Chamberlain|Knock Off|p2a: Weezing","|-damage|p2a: Weezing|276/333","|-enditem|p2a: Weezing|Black Sludge|[from] move: Knock Off|[of] p1a: Wilt Chamberlain","|","|-weather|Sandstorm|[upkeep]","|-damage|p2a: Weezing|256/333|[from] sandstorm","|turn|17","|","|switch|p1a: Tyranitar|Tyranitar, F|139/403 psn","|move|p2a: Weezing|Will-O-Wisp|p1a: Tyranitar","|-fail|p1a: Tyranitar","|","|-weather|none","|-damage|p1a: Tyranitar|89/403 psn|[from] psn","|turn|18","|","|move|p1a: Tyranitar|Crunch|p2a: Weezing","|-damage|p2a: Weezing|121/333","|move|p2a: Weezing|Sludge Bomb|p1a: Tyranitar","|-resisted|p1a: Tyranitar","|-damage|p1a: Tyranitar|54/403 psn","|","|-damage|p1a: Tyranitar|4/403 psn|[from] psn","|turn|19","|","|switch|p2a: Skuntank|Skuntank, M|410/410","|-damage|p2a: Skuntank|359/410|[from] Stealth Rock","|-activate|p2a: Skuntank|move: Sticky Web","|-unboost|p2a: Skuntank|spe|1","|move|p1a: Tyranitar|Crunch|p2a: Skuntank","|-resisted|p2a: Skuntank","|-damage|p2a: Skuntank|250/410","|","|-heal|p2a: Skuntank|275/410|[from] item: Black Sludge","|-damage|p1a: Tyranitar|0 fnt|[from] psn","|faint|p1a: Tyranitar","|","|switch|p1a: Allen Iverson|Diancie-Mega|103/241","|-status|p1a: Allen Iverson|tox","|turn|20","|","|switch|p2a: Weezing|Weezing, F|121/333","|-damage|p2a: Weezing|80/333|[from] Stealth Rock","|move|p1a: Allen Iverson|Moonblast|p2a: Weezing","|-resisted|p2a: Weezing","|-damage|p2a: Weezing|4/333","|","|-damage|p1a: Allen Iverson|88/241 tox|[from] psn","|turn|21","|","|move|p1a: Allen Iverson|Diamond Storm|p2a: Weezing","|-damage|p2a: Weezing|0 fnt","|-boost|p1a: Allen Iverson|def|1","|faint|p2a: Weezing","|","|-damage|p1a: Allen Iverson|58/241 tox|[from] psn","|","|switch|p2a: Skuntank|Skuntank, M|275/410","|-activate|p2a: Skuntank|move: Sticky Web","|-unboost|p2a: Skuntank|spe|1","|-damage|p2a: Skuntank|224/410|[from] Stealth Rock","|turn|22","|","|move|p2a: Skuntank|Sucker Punch|p1a: Allen Iverson","|-resisted|p1a: Allen Iverson","|-damage|p1a: Allen Iverson|13/241 tox","|move|p1a: Allen Iverson|Earth Power|p2a: Skuntank","|-supereffective|p2a: Skuntank","|-damage|p2a: Skuntank|0 fnt","|faint|p2a: Skuntank","|","|-damage|p1a: Allen Iverson|0 fnt|[from] psn","|faint|p1a: Allen Iverson","|","|switch|p2a: Gengar|Gengar, M|229/261","|switch|p1a: Wilt Chamberlain|Shuckle, M|169/244","|-damage|p2a: Gengar|197/261|[from] Stealth Rock","|-status|p1a: Wilt Chamberlain|tox","|turn|23","|","|move|p2a: Gengar|Shadow Ball|p1a: Wilt Chamberlain","|-crit|p1a: Wilt Chamberlain","|-damage|p1a: Wilt Chamberlain|79/244 tox","|move|p1a: Wilt Chamberlain|Knock Off|p2a: Gengar","|-supereffective|p2a: Gengar","|-damage|p2a: Gengar|141/261","|-enditem|p2a: Gengar|Choice Scarf|[from] move: Knock Off|[of] p1a: Wilt Chamberlain","|","|-damage|p1a: Wilt Chamberlain|64/244 tox|[from] psn","|turn|24","|","|move|p2a: Gengar|Shadow Ball|p1a: Wilt Chamberlain","|-damage|p1a: Wilt Chamberlain|0 fnt","|faint|p1a: Wilt Chamberlain","|","|","|switch|p1a: Omastar|Omastar, F|282/282","|-status|p1a: Omastar|tox","|turn|25","|","|move|p2a: Gengar|Shadow Ball|p1a: Omastar","|-damage|p1a: Omastar|105/282 tox","|-unboost|p1a: Omastar|spd|1","|move|p1a: Omastar|Scald|p2a: Gengar","|-damage|p2a: Gengar|0 fnt","|faint|p2a: Gengar","|","|win|Apex✦Quilluminati"],"p1rating":{"entryid":"777566","serverid":"eos","formatid":"monotype","userid":"apexquilluminati","username":"Apex✦Quilluminati","w":9,"l":"10","t":"0","gxe":46.8,"r":"1434.6538432407","rd":"74.261728971237","sigma":"0","rptime":"1441270800","rpr":1475.7666524545,"rprd":70.11550023724,"rpsigma":"0","acre":1160.4611504695,"lacre":1160.4611504695,"oldacre":"1142.6598537609"},"p2rating":{"entryid":"680906","serverid":"eos","formatid":"monotype","userid":"slcenturion","username":"SL Centurion","w":"5","l":10,"t":"0","gxe":39.5,"r":"1427.5088705453","rd":"81.801241692786","sigma":"0","rptime":"1441270800","rpr":1418.0059200954,"rprd":76.413992682324,"rpsigma":"0","acre":1028.3438181977,"lacre":1028.3438181977,"oldacre":"1039.7051565128"},"endType":"normal"}