{"seed":[5605,5561,36916,5570],"turns":30,"p1":"Primal Vergi1","p2":"Rain Necross","p1team":[{"name":"Asuna","species":"malamar","item":"leftovers","ability":"Contrary","moves":["superpower","psychocut","knockoff","trickroom"],"nature":"Brave","evs":{"hp":252,"atk":252,"def":0,"spa":0,"spd":4,"spe":0},"ivs":{"hp":31,"atk":31,"def":31,"spa":31,"spd":31,"spe":0},"happiness":0},{"name":"Silica","species":"liepard","item":"leftovers","ability":"Prankster","moves":["uturn","copycat","protect","encore"],"nature":"Careful","evs":{"hp":252,"atk":4,"def":0,"spa":0,"spd":252,"spe":0},"ivs":{"hp":31,"atk":31,"def":31,"spa":31,"spd":31,"spe":31}},{"name":"Scrafty","species":"Scrafty","item":"leftovers","ability":"Shed Skin","moves":["rest","highjumpkick","bulkup","crunch"],"nature":"Careful","evs":{"hp":252,"atk":0,"def":0,"spa":0,"spd":252,"spe":0},"ivs":{"hp":31,"atk":31,"def":31,"spa":31,"spd":31,"spe":31}},{"name":"Murkrow","species":"Murkrow","item":"eviolite","ability":"Prankster","moves":["roost","thunderwave","featherdance","taunt"],"nature":"Calm","evs":{"hp":248,"atk":0,"def":8,"spa":0,"spd":252,"spe":0},"ivs":{"hp":31,"atk":31,"def":31,"spa":31,"spd":31,"spe":31}},{"name":"Kirito","species":"sableye","item":"choiceband","ability":"Prankster","moves":["willowisp","trick","nightshade","recover"],"nature":"Calm","evs":{"hp":252,"atk":0,"def":4,"spa":0,"spd":252,"spe":0},"ivs":{"hp":31,"atk":31,"def":31,"spa":31,"spd":31,"spe":31}},{"name":"Sinon","species":"sharpedo","item":"sharpedonite","ability":"Speed Boost","moves":["waterfall","destinybond","crunch","protect"],"nature":"Adamant","evs":{"hp":0,"atk":252,"def":0,"spa":0,"spd":4,"spe":252},"ivs":{"hp":31,"atk":31,"def":31,"spa":31,"spd":31,"spe":31}}],"p2team":[{"name":"Megazard Ekusuu","species":"charizard","item":"charizarditey","ability":"Blaze","moves":["fireblast","solarbeam","roost","earthquake"],"nature":"Hasty","evs":{"hp":0,"atk":4,"def":0,"spa":252,"spd":0,"spe":252},"gender":"F","shiny":true,"ivs":{"hp":31,"atk":31,"def":31,"spa":31,"spd":31,"spe":31}},{"name":"10MinuteBans","species":"arcanine","item":"leftovers","ability":"Intimidate","moves":["willowisp","morningsun","flareblitz","extremespeed"],"nature":"Impish","evs":{"hp":252,"atk":24,"def":232,"spa":0,"spd":0,"spe":0},"gender":"F","ivs":{"hp":31,"atk":31,"def":31,"spa":31,"spd":31,"spe":31}},{"name":"White Star","species":"victini","item":"choicescarf","ability":"Victory Star","moves":["blueflare","vcreate","boltstrike","uturn"],"nature":"Hasty","evs":{"hp":0,"atk":252,"def":0,"spa":4,"spd":0,"spe":252},"ivs":{"hp":31,"atk":31,"def":31,"spa":31,"spd":31,"spe":31}},{"name":"Coca-Cola","species":"volcarona","item":"leftovers","ability":"Flame Body","moves":["bugbuzz","fierydance","quiverdance","gigadrain"],"nature":"Modest","evs":{"hp":0,"atk":0,"def":0,"spa":252,"spd":4,"spe":252},"gender":"F","shiny":true,"ivs":{"hp":31,"atk":31,"def":31,"spa":31,"spd":31,"spe":31}},{"name":"Ferno","species":"infernape","item":"focussash","ability":"Iron Fist","moves":["uturn","overheat","stealthrock","closecombat"],"nature":"Hasty","evs":{"hp":0,"atk":252,"def":0,"spa":4,"spd":0,"spe":252},"ivs":{"hp":31,"atk":31,"def":31,"spa":31,"spd":31,"spe":31}},{"name":"Torkoal","species":"Torkoal","item":"leftovers","ability":"White Smoke","moves":["clearsmog","lavaplume","stealthrock","rapidspin"],"nature":"Bold","evs":{"hp":252,"atk":0,"def":252,"spa":4,"spd":0,"spe":0},"gender":"F","shiny":true,"ivs":{"hp":31,"atk":31,"def":31,"spa":31,"spd":31,"spe":31}}],"log":["|player|p1|Primal Vergi1|doctorvergi.png","|player|p2|Rain Necross|52","|gametype|singles","|gen|6","|tier|Monotype","|rated","|rule|Baton Pass Clause: Limit one Baton Passer, can't pass Spe and other stats simultaneously","|rule|Swagger Clause: Swagger is banned","|rule|Same Type Clause: Pokémon in a team must share a type","|clearpoke","|poke|p1|Malamar, M","|poke|p1|Liepard, F","|poke|p1|Scrafty, F","|poke|p1|Murkrow, F","|poke|p1|Sableye, M","|poke|p1|Sharpedo, M","|poke|p2|Charizard, F, shiny","|poke|p2|Arcanine, F","|poke|p2|Victini","|poke|p2|Volcarona, F, shiny","|poke|p2|Infernape, M","|poke|p2|Torkoal, F, shiny","|rule|Sleep Clause Mod: Limit one foe put to sleep","|rule|Species Clause: Limit one of each Pokémon","|rule|OHKO Clause: OHKO moves are banned","|rule|Moody Clause: Moody is banned","|rule|Evasion Moves Clause: Evasion moves are banned","|rule|Endless Battle Clause: Forcing endless battles is banned","|rule|HP Percentage Mod: HP is shown in percentages","|teampreview","|","|start","|switch|p1a: Murkrow|Murkrow, F|323/323","|switch|p2a: White Star|Victini|341/341","|turn|1","|","|switch|p2a: Torkoal|Torkoal, F, shiny|344/344","|move|p1a: Murkrow|Thunder Wave|p2a: Torkoal","|-status|p2a: Torkoal|par","|","|turn|2","|","|move|p1a: Murkrow|Taunt|p2a: Torkoal","|-start|p2a: Torkoal|move: Taunt","|cant|p2a: Torkoal|move: Taunt|Stealth Rock","|","|turn|3","|","|switch|p1a: Scrafty|Scrafty, F|334/334","|move|p2a: Torkoal|Lava Plume|p1a: Scrafty","|-damage|p1a: Scrafty|274/334","|","|-heal|p1a: Scrafty|294/334|[from] item: Leftovers","|turn|4","|","|switch|p2a: 10MinuteBans|Arcanine, F|384/384","|-ability|p2a: 10MinuteBans|Intimidate","|-unboost|p1a: Scrafty|atk|1","|move|p1a: Scrafty|Bulk Up|p1a: Scrafty","|-boost|p1a: Scrafty|atk|1","|-boost|p1a: Scrafty|def|1","|","|-heal|p1a: Scrafty|314/334|[from] item: Leftovers","|turn|5","|","|move|p2a: 10MinuteBans|Will-O-Wisp|p1a: Scrafty","|-status|p1a: Scrafty|brn","|move|p1a: Scrafty|Bulk Up|p1a: Scrafty","|-boost|p1a: Scrafty|atk|1","|-boost|p1a: Scrafty|def|1","|","|-heal|p1a: Scrafty|334/334 brn|[from] item: Leftovers","|-damage|p1a: Scrafty|293/334 brn|[from] brn","|turn|6","|","|switch|p2a: Megazard Ekusuu|Charizard, F, shiny|297/297","|move|p1a: Scrafty|Bulk Up|p1a: Scrafty","|-boost|p1a: Scrafty|atk|1","|-boost|p1a: Scrafty|def|1","|","|-heal|p1a: Scrafty|313/334 brn|[from] item: Leftovers","|-damage|p1a: Scrafty|272/334 brn|[from] brn","|turn|7","|","|detailschange|p2a: Megazard Ekusuu|Charizard-Mega-Y, F, shiny","|-mega|p2a: Megazard Ekusuu|Charizard|Charizardite Y","|-weather|SunnyDay","|move|p2a: Megazard Ekusuu|Fire Blast|p1a: Scrafty","|-damage|p1a: Scrafty|32/334 brn","|move|p1a: Scrafty|Crunch|p2a: Megazard Ekusuu","|-damage|p2a: Megazard Ekusuu|187/297","|","|-weather|SunnyDay|[upkeep]","|-heal|p1a: Scrafty|52/334 brn|[from] item: Leftovers","|-damage|p1a: Scrafty|11/334 brn|[from] brn","|turn|8","|","|move|p2a: Megazard Ekusuu|Earthquake|p1a: Scrafty","|-crit|p1a: Scrafty","|-damage|p1a: Scrafty|0 fnt","|faint|p1a: Scrafty","|","|-weather|SunnyDay|[upkeep]","|","|switch|p1a: Murkrow|Murkrow, F|323/323","|turn|9","|","|switch|p2a: Torkoal|Torkoal, F, shiny|344/344 par","|move|p1a: Murkrow|Thunder Wave|p2a: Torkoal","|-fail|p2a: Torkoal|par","|","|-weather|SunnyDay|[upkeep]","|turn|10","|","|switch|p1a: Asuna|Malamar, M|376/376","|move|p2a: Torkoal|Lava Plume|p1a: Asuna","|-damage|p1a: Asuna|207/376","|","|-weather|SunnyDay|[upkeep]","|-heal|p1a: Asuna|230/376|[from] item: Leftovers","|turn|11","|","|move|p1a: Asuna|Superpower|p2a: Torkoal","|-damage|p2a: Torkoal|267/344 par","|-boost|p1a: Asuna|atk|1","|-boost|p1a: Asuna|def|1","|move|p2a: Torkoal|Lava Plume|p1a: Asuna","|-damage|p1a: Asuna|73/376","|-status|p1a: Asuna|brn","|","|-weather|none","|-heal|p1a: Asuna|96/376 brn|[from] item: Leftovers","|-heal|p2a: Torkoal|288/344 par|[from] item: Leftovers","|-damage|p1a: Asuna|49/376 brn|[from] brn","|turn|12","|","|move|p1a: Asuna|Knock Off|p2a: Torkoal","|-damage|p2a: Torkoal|228/344 par","|-enditem|p2a: Torkoal|Leftovers|[from] move: Knock Off|[of] p1a: Asuna","|cant|p2a: Torkoal|par","|","|-heal|p1a: Asuna|72/376 brn|[from] item: Leftovers","|-damage|p1a: Asuna|25/376 brn|[from] brn","|turn|13","|","|move|p1a: Asuna|Superpower|p2a: Torkoal","|-damage|p2a: Torkoal|179/344 par","|-boost|p1a: Asuna|atk|1","|-boost|p1a: Asuna|def|1","|move|p2a: Torkoal|Lava Plume|p1a: Asuna","|-damage|p1a: Asuna|0 fnt","|faint|p1a: Asuna","|","|","|switch|p1a: Kirito|Sableye, M|304/304","|turn|14","|","|move|p1a: Kirito|Trick|p2a: Torkoal","|-activate|p1a: Kirito|move: Trick|[of] p2a: Torkoal","|-item|p2a: Torkoal|Choice Band|[from] move: Trick","|move|p2a: Torkoal|Lava Plume|p1a: Kirito","|-damage|p1a: Kirito|225/304","|","|turn|15","|","|move|p1a: Kirito|Night Shade|p2a: Torkoal","|-damage|p2a: Torkoal|79/344 par","|move|p2a: Torkoal|Lava Plume|p1a: Kirito","|-damage|p1a: Kirito|144/304","|","|turn|16","|","|move|p1a: Kirito|Night Shade|p2a: Torkoal","|-damage|p2a: Torkoal|0 fnt","|faint|p2a: Torkoal","|","|","|switch|p2a: Coca-Cola|Volcarona, F, shiny|311/311","|turn|17","|","|move|p1a: Kirito|Trick|p2a: Coca-Cola","|-activate|p1a: Kirito|move: Trick|[of] p2a: Coca-Cola","|-item|p1a: Kirito|Leftovers|[from] move: Trick","|move|p2a: Coca-Cola|Fiery Dance|p1a: Kirito","|-damage|p1a: Kirito|0 fnt","|-boost|p2a: Coca-Cola|spa|1","|faint|p1a: Kirito","|","|","|switch|p1a: Sinon|Sharpedo, M|281/281","|turn|18","|","|switch|p2a: 10MinuteBans|Arcanine, F|384/384","|-ability|p2a: 10MinuteBans|Intimidate","|-unboost|p1a: Sinon|atk|1","|move|p1a: Sinon|Protect|p1a: Sinon","|-fail|p1a: Sinon","|","|-boost|p1a: Sinon|spe|1|[from] ability: Speed Boost","|turn|19","|","|switch|p1a: Murkrow|Murkrow, F|323/323","|move|p2a: 10MinuteBans|Will-O-Wisp|p1a: Murkrow","|-status|p1a: Murkrow|brn","|","|-damage|p1a: Murkrow|283/323 brn|[from] brn","|turn|20","|","|move|p1a: Murkrow|Thunder Wave|p2a: 10MinuteBans","|-status|p2a: 10MinuteBans|par","|move|p2a: 10MinuteBans|Flare Blitz|p1a: Murkrow","|-damage|p1a: Murkrow|64/323 brn","|-damage|p2a: 10MinuteBans|312/384 par|[from] recoil|[of] p1a: Murkrow","|","|-heal|p2a: 10MinuteBans|336/384 par|[from] item: Leftovers","|-damage|p1a: Murkrow|24/323 brn|[from] brn","|turn|21","|","|move|p1a: Murkrow|Feather Dance|p2a: 10MinuteBans","|-unboost|p2a: 10MinuteBans|atk|2","|move|p2a: 10MinuteBans|Morning Sun|p2a: 10MinuteBans","|-heal|p2a: 10MinuteBans|384/384 par","|","|-damage|p1a: Murkrow|0 fnt|[from] brn","|faint|p1a: Murkrow","|","|switch|p1a: Sinon|Sharpedo, M|281/281","|turn|22","|","|switch|p2a: Ferno|Infernape, M|293/293","|move|p1a: Sinon|Waterfall|p2a: Ferno","|-supereffective|p2a: Ferno","|-enditem|p2a: Ferno|Focus Sash","|-damage|p2a: Ferno|1/293","|","|-boost|p1a: Sinon|spe|1|[from] ability: Speed Boost","|turn|23","|","|move|p1a: Sinon|Protect|p1a: Sinon","|-singleturn|p1a: Sinon|Protect","|move|p2a: Ferno|Close Combat|p1a: Sinon","|-activate|p1a: Sinon|Protect","|","|-boost|p1a: Sinon|spe|1|[from] ability: Speed Boost","|turn|24","|","|detailschange|p1a: Sinon|Sharpedo-Mega, M","|-mega|p1a: Sinon|Sharpedo|Sharpedonite","|move|p1a: Sinon|Waterfall|p2a: Ferno","|-supereffective|p2a: Ferno","|-damage|p2a: Ferno|0 fnt","|faint|p2a: Ferno","|","|","|switch|p2a: 10MinuteBans|Arcanine, F|384/384 par","|-ability|p2a: 10MinuteBans|Intimidate","|-unboost|p1a: Sinon|atk|1","|turn|25","|","|move|p1a: Sinon|Waterfall|p2a: 10MinuteBans","|-supereffective|p2a: 10MinuteBans","|-damage|p2a: 10MinuteBans|208/384 par","|move|p2a: 10MinuteBans|Will-O-Wisp|p1a: Sinon|[miss]","|-miss|p2a: 10MinuteBans|p1a: Sinon","|","|-heal|p2a: 10MinuteBans|232/384 par|[from] item: Leftovers","|turn|26","|","|move|p1a: Sinon|Waterfall|p2a: 10MinuteBans","|-supereffective|p2a: 10MinuteBans","|-damage|p2a: 10MinuteBans|28/384 par","|move|p2a: 10MinuteBans|Will-O-Wisp|p1a: Sinon|[miss]","|-miss|p2a: 10MinuteBans|p1a: Sinon","|","|-heal|p2a: 10MinuteBans|52/384 par|[from] item: Leftovers","|turn|27","|","|move|p1a: Sinon|Waterfall|p2a: 10MinuteBans","|-supereffective|p2a: 10MinuteBans","|-damage|p2a: 10MinuteBans|0 fnt","|faint|p2a: 10MinuteBans","|","|","|switch|p2a: Megazard Ekusuu|Charizard-Mega-Y, F, shiny|187/297","|-weather|SunnyDay","|turn|28","|","|move|p1a: Sinon|Destiny Bond|p1a: Sinon","|-singlemove|p1a: Sinon|Destiny Bond","|move|p2a: Megazard Ekusuu|Solar Beam|p1a: Sinon|[still]","|-prepare|p2a: Megazard Ekusuu|Solar Beam|p1a: Sinon","|-anim|p2a: Megazard Ekusuu|Solar Beam|p1a: Sinon","|-crit|p1a: Sinon","|-supereffective|p1a: Sinon","|-damage|p1a: Sinon|0 fnt","|faint|p1a: Sinon","|-activate|p1a: Sinon|Destiny Bond","|faint|p2a: Megazard Ekusuu","|","|-weather|SunnyDay|[upkeep]","|","|switch|p2a: Coca-Cola|Volcarona, F, shiny|311/311","|switch|p1a: Silica|Liepard, F|332/332","|turn|29","|","|move|p1a: Silica|Protect|p1a: Silica","|-singleturn|p1a: Silica|Protect","|move|p2a: Coca-Cola|Bug Buzz|p1a: Silica","|-activate|p1a: Silica|Protect","|","|-weather|SunnyDay|[upkeep]","|turn|30","|","|move|p1a: Silica|Copycat|p1a: Silica","|move|p1a: Silica|Bug Buzz|p2a: Coca-Cola|[from]Copycat","|-resisted|p2a: Coca-Cola","|-damage|p2a: Coca-Cola|284/311","|-unboost|p2a: Coca-Cola|spd|1","|move|p2a: Coca-Cola|Bug Buzz|p1a: Silica","|-supereffective|p1a: Silica","|-damage|p1a: Silica|0 fnt","|faint|p1a: Silica","|","|win|Rain Necross"],"p1rating":{"entryid":"776170","serverid":"eos","formatid":"monotype","userid":"primalvergi1","username":"Primal Vergi1","w":"4","l":4,"t":"0","gxe":53.1,"r":"1547.9119251951","rd":"102.07824105523","sigma":"0","rptime":"1441270800","rpr":1524.2213808936,"rprd":91.790877003994,"rpsigma":"0","acre":1082.2197761622,"lacre":1082.2197761622,"oldacre":"1106.4000714777"},"p2rating":{"entryid":"198303","serverid":"eos","formatid":"monotype","userid":"rainnecross","username":"Rain Necross","w":5,"l":"0","t":"0","gxe":66.8,"r":"1613.0511589542","rd":"109.28177167447","sigma":"0","rptime":"1441270800","rpr":1637.8304032851,"rprd":104.82944906188,"rpsigma":"0","acre":1141.9762348125,"lacre":1141.9762348125,"oldacre":"1117.795939497"},"endType":"normal"}