{"seed":[23031,40754,18695,51466],"turns":27,"p1":"Crystal★Tempo","p2":"Imp Gealt","p1team":[{"name":"Galvantula","species":"Galvantula","item":"focussash","ability":"Compound Eyes","moves":["bugbuzz","thunder","thunderwave","stickyweb"],"nature":"Timid","evs":{"hp":0,"atk":0,"def":0,"spa":252,"spd":4,"spe":252},"ivs":{"hp":31,"atk":31,"def":31,"spa":31,"spd":31,"spe":31}},{"name":"Volcarona","species":"Volcarona","item":"sitrusberry","ability":"Flame Body","moves":["bugbuzz","fierydance","gigadrain","quiverdance"],"nature":"Modest","evs":{"hp":4,"atk":0,"def":0,"spa":252,"spd":0,"spe":252},"ivs":{"hp":31,"atk":31,"def":31,"spa":31,"spd":31,"spe":31}},{"name":"Durant","species":"Durant","item":"choicescarf","ability":"Hustle","moves":["ironhead","stoneedge","xscissor","superpower"],"nature":"Jolly","evs":{"hp":8,"atk":252,"def":0,"spa":0,"spd":0,"spe":248},"ivs":{"hp":31,"atk":31,"def":31,"spa":31,"spd":31,"spe":31}},{"name":"Heracross","species":"Heracross","item":"heracronite","ability":"Moxie","moves":["swordsdance","earthquake","rockblast","bulletseed"],"nature":"Adamant","evs":{"hp":252,"atk":252,"def":0,"spa":0,"spd":4,"spe":0},"ivs":{"hp":31,"atk":31,"def":31,"spa":31,"spd":31,"spe":31}},{"name":"Ninjask","species":"Ninjask","item":"leftovers","ability":"Speed Boost","moves":["substitute","batonpass","xscissor","toxic"],"nature":"Jolly","evs":{"hp":252,"atk":4,"def":0,"spa":0,"spd":0,"spe":252},"ivs":{"hp":31,"atk":31,"def":31,"spa":31,"spd":31,"spe":31}},{"name":"Scizor","species":"Scizor","item":"choiceband","ability":"Technician","moves":["bulletpunch","bugbite","aerialace","pursuit"],"nature":"Adamant","evs":{"hp":252,"atk":252,"def":0,"spa":0,"spd":4,"spe":0},"ivs":{"hp":31,"atk":31,"def":31,"spa":31,"spd":31,"spe":31}}],"p2team":[{"name":"King Artie","species":"nidoking","item":"lifeorb","ability":"Sheer Force","moves":["sludgewave","fireblast","icebeam","earthpower"],"nature":"Timid","evs":{"hp":4,"atk":0,"def":0,"spa":252,"spd":0,"spe":252},"ivs":{"hp":31,"atk":31,"def":31,"spa":31,"spd":31,"spe":31}},{"name":"Pépe","species":"skuntank","item":"blacksludge","ability":"Aftermath","moves":["suckerpunch","pursuit","poisonjab","taunt"],"nature":"Adamant","evs":{"hp":0,"atk":252,"def":0,"spa":0,"spd":176,"spe":80},"ivs":{"hp":31,"atk":31,"def":31,"spa":31,"spd":31,"spe":31}},{"name":"Jupiter","species":"weezing","item":"blacksludge","ability":"Levitate","moves":["willowisp","painsplit","fireblast","haze"],"nature":"","evs":{"hp":0,"atk":0,"def":0,"spa":0,"spd":0,"spe":0},"ivs":{"hp":31,"atk":31,"def":31,"spa":31,"spd":31,"spe":31}},{"name":"Toxicon","species":"scolipede","item":"lifeorb","ability":"Speed Boost","moves":["superpower","megahorn","rockslide","protect"],"nature":"Jolly","evs":{"hp":0,"atk":252,"def":0,"spa":0,"spd":4,"spe":252},"ivs":{"hp":31,"atk":31,"def":31,"spa":31,"spd":31,"spe":31}},{"name":"Herb","species":"venusaur","item":"venusaurite","ability":"Overgrow","moves":["leechseed","gigadrain","sleeppowder","earthquake"],"nature":"Gentle","evs":{"hp":252,"atk":4,"def":0,"spa":0,"spd":252,"spe":0},"ivs":{"hp":31,"atk":31,"def":31,"spa":31,"spd":31,"spe":31}},{"name":"Cthulu","species":"tentacruel","item":"blacksludge","ability":"Liquid Ooze","moves":["toxicspikes","hex","venoshock","scald"],"nature":"Modest","evs":{"hp":16,"atk":0,"def":0,"spa":100,"spd":252,"spe":0},"ivs":{"hp":31,"atk":31,"def":31,"spa":31,"spd":31,"spe":31}}],"log":["|player|p1|Crystal★Tempo|101","|player|p2|Imp Gealt|117","|gametype|singles","|gen|6","|tier|Monotype","|rated","|rule|Baton Pass Clause: Limit one Baton Passer, can't pass Spe and other stats simultaneously","|rule|Swagger Clause: Swagger is banned","|rule|Same Type Clause: Pokémon in a team must share a type","|clearpoke","|poke|p1|Galvantula, M","|poke|p1|Volcarona, M","|poke|p1|Durant, M","|poke|p1|Heracross, M","|poke|p1|Ninjask, M","|poke|p1|Scizor, M","|poke|p2|Nidoking, M","|poke|p2|Skuntank, M","|poke|p2|Weezing, F","|poke|p2|Scolipede, F","|poke|p2|Venusaur, M","|poke|p2|Tentacruel, M","|rule|Sleep Clause Mod: Limit one foe put to sleep","|rule|Species Clause: Limit one of each Pokémon","|rule|OHKO Clause: OHKO moves are banned","|rule|Moody Clause: Moody is banned","|rule|Evasion Moves Clause: Evasion moves are banned","|rule|Endless Battle Clause: Forcing endless battles is banned","|rule|HP Percentage Mod: HP is shown in percentages","|teampreview","|","|start","|switch|p1a: Scizor|Scizor, M|344/344","|switch|p2a: Cthulu|Tentacruel, M|305/305","|turn|1","|","|move|p2a: Cthulu|Toxic Spikes|p1a: Scizor","|-sidestart|p1: Crystal★Tempo|move: Toxic Spikes","|move|p1a: Scizor|Pursuit|p2a: Cthulu","|-damage|p2a: Cthulu|150/305","|","|-heal|p2a: Cthulu|169/305|[from] item: Black Sludge","|turn|2","|","|move|p2a: Cthulu|Toxic Spikes|p1a: Scizor","|-sidestart|p1: Crystal★Tempo|move: Toxic Spikes","|move|p1a: Scizor|Pursuit|p2a: Cthulu","|-damage|p2a: Cthulu|0 fnt","|faint|p2a: Cthulu","|","|","|switch|p2a: King Artie|Nidoking, M|304/304","|turn|3","|","|move|p2a: King Artie|Fire Blast|p1a: Scizor","|-supereffective|p1a: Scizor","|-damage|p1a: Scizor|0 fnt","|faint|p1a: Scizor","|","|","|switch|p1a: Galvantula|Galvantula, M|281/281","|-status|p1a: Galvantula|tox","|turn|4","|","|move|p1a: Galvantula|Sticky Web|p2a: King Artie","|-sidestart|p2: Imp Gealt|move: Sticky Web","|move|p2a: King Artie|Earth Power|p1a: Galvantula","|-enditem|p1a: Galvantula|Focus Sash","|-damage|p1a: Galvantula|1/281 tox","|","|-damage|p1a: Galvantula|0 fnt|[from] psn","|faint|p1a: Galvantula","|","|switch|p1a: Ninjask|Ninjask, M|326/326","|turn|5","|","|move|p1a: Ninjask|Substitute|p1a: Ninjask","|-start|p1a: Ninjask|Substitute","|-damage|p1a: Ninjask|245/326","|move|p2a: King Artie|Fire Blast|p1a: Ninjask","|-supereffective|p1a: Ninjask","|-end|p1a: Ninjask|Substitute","|","|-heal|p1a: Ninjask|265/326|[from] item: Leftovers","|-boost|p1a: Ninjask|spe|1|[from] ability: Speed Boost","|turn|6","|","|move|p1a: Ninjask|Substitute|p1a: Ninjask","|-start|p1a: Ninjask|Substitute","|-damage|p1a: Ninjask|184/326","|move|p2a: King Artie|Ice Beam|p1a: Ninjask","|-supereffective|p1a: Ninjask","|-end|p1a: Ninjask|Substitute","|","|-heal|p1a: Ninjask|204/326|[from] item: Leftovers","|-boost|p1a: Ninjask|spe|1|[from] ability: Speed Boost","|turn|7","|","|move|p1a: Ninjask|Substitute|p1a: Ninjask","|-start|p1a: Ninjask|Substitute","|-damage|p1a: Ninjask|123/326","|move|p2a: King Artie|Ice Beam|p1a: Ninjask","|-supereffective|p1a: Ninjask","|-end|p1a: Ninjask|Substitute","|","|-heal|p1a: Ninjask|143/326|[from] item: Leftovers","|-boost|p1a: Ninjask|spe|1|[from] ability: Speed Boost","|turn|8","|","|move|p1a: Ninjask|Baton Pass|p1a: Ninjask","|","|switch|p1a: Heracross|Heracross, M|364/364","|-status|p1a: Heracross|tox","|move|p2a: King Artie|Ice Beam|p1a: Heracross","|-damage|p1a: Heracross|225/364 tox","|","|-damage|p1a: Heracross|203/364 tox|[from] psn","|turn|9","|","|switch|p2a: Herb|Venusaur, M|364/364","|-activate|p2a: Herb|move: Sticky Web","|-unboost|p2a: Herb|spe|1","|move|p1a: Heracross|Earthquake|p2a: Herb","|-damage|p2a: Herb|209/364","|","|-damage|p1a: Heracross|159/364 tox|[from] psn","|turn|10","|","|detailschange|p1a: Heracross|Heracross-Mega, M","|-mega|p1a: Heracross|Heracross|Heracronite","|detailschange|p2a: Herb|Venusaur-Mega, M","|-mega|p2a: Herb|Venusaur|Venusaurite","|move|p1a: Heracross|Earthquake|p2a: Herb","|-damage|p2a: Herb|44/364","|move|p2a: Herb|Earthquake|p1a: Heracross","|-resisted|p1a: Heracross","|-damage|p1a: Heracross|122/364 tox","|","|-damage|p1a: Heracross|56/364 tox|[from] psn","|turn|11","|","|switch|p2a: Jupiter|Weezing, F|271/271","|move|p1a: Heracross|Bullet Seed|p2a: Jupiter","|-resisted|p2a: Jupiter","|-damage|p2a: Jupiter|254/271","|-resisted|p2a: Jupiter","|-damage|p2a: Jupiter|234/271","|-resisted|p2a: Jupiter","|-damage|p2a: Jupiter|215/271","|-resisted|p2a: Jupiter","|-damage|p2a: Jupiter|197/271","|-resisted|p2a: Jupiter","|-damage|p2a: Jupiter|177/271","|-hitcount|p2a: Jupiter|5","|","|-heal|p2a: Jupiter|193/271|[from] item: Black Sludge","|-damage|p1a: Heracross|0 fnt|[from] psn","|faint|p1a: Heracross","|","|switch|p1a: Ninjask|Ninjask, M|143/326","|turn|12","|","|move|p1a: Ninjask|Substitute|p1a: Ninjask","|-start|p1a: Ninjask|Substitute","|-damage|p1a: Ninjask|62/326","|move|p2a: Jupiter|Fire Blast|p1a: Ninjask|[miss]","|-miss|p2a: Jupiter|p1a: Ninjask","|","|-heal|p1a: Ninjask|82/326|[from] item: Leftovers","|-heal|p2a: Jupiter|209/271|[from] item: Black Sludge","|-boost|p1a: Ninjask|spe|1|[from] ability: Speed Boost","|turn|13","|","|move|p1a: Ninjask|Baton Pass|p1a: Ninjask","|","|switch|p1a: Volcarona|Volcarona, M|312/312","|-status|p1a: Volcarona|tox","|move|p2a: Jupiter|Fire Blast|p1a: Volcarona|[miss]","|-miss|p2a: Jupiter|p1a: Volcarona","|","|-heal|p2a: Jupiter|225/271|[from] item: Black Sludge","|-damage|p1a: Volcarona|293/312 tox|[from] psn","|turn|14","|","|move|p1a: Volcarona|Quiver Dance|p1a: Volcarona","|-boost|p1a: Volcarona|spa|1","|-boost|p1a: Volcarona|spd|1","|-boost|p1a: Volcarona|spe|1","|move|p2a: Jupiter|Haze|p2a: Jupiter","|-clearallboost","|","|-heal|p2a: Jupiter|241/271|[from] item: Black Sludge","|-damage|p1a: Volcarona|255/312 tox|[from] psn","|turn|15","|","|move|p1a: Volcarona|Fiery Dance|p2a: Jupiter","|-damage|p2a: Jupiter|19/271","|-boost|p1a: Volcarona|spa|1","|move|p2a: Jupiter|Haze|p2a: Jupiter","|-clearallboost","|","|-heal|p2a: Jupiter|35/271|[from] item: Black Sludge","|-damage|p1a: Volcarona|198/312 tox|[from] psn","|turn|16","|","|move|p1a: Volcarona|Fiery Dance|p2a: Jupiter","|-damage|p2a: Jupiter|0 fnt","|-boost|p1a: Volcarona|spa|1","|faint|p2a: Jupiter","|","|-damage|p1a: Volcarona|122/312 tox|[from] psn","|-enditem|p1a: Volcarona|Sitrus Berry|[eat]","|-heal|p1a: Volcarona|200/312 tox|[from] item: Sitrus Berry","|","|switch|p2a: Pépe|Skuntank, M|347/347","|-activate|p2a: Pépe|move: Sticky Web","|-unboost|p2a: Pépe|spe|1","|turn|17","|","|move|p2a: Pépe|Sucker Punch|p1a: Volcarona","|-end|p1a: Volcarona|Substitute","|move|p1a: Volcarona|Bug Buzz|p2a: Pépe","|-damage|p2a: Pépe|19/347","|","|-heal|p2a: Pépe|40/347|[from] item: Black Sludge","|-damage|p1a: Volcarona|105/312 tox|[from] psn","|turn|18","|","|move|p2a: Pépe|Sucker Punch|p1a: Volcarona","|-crit|p1a: Volcarona","|-damage|p1a: Volcarona|0 fnt","|-status|p2a: Pépe|brn","|faint|p1a: Volcarona","|","|-heal|p2a: Pépe|61/347 brn|[from] item: Black Sludge","|-damage|p2a: Pépe|18/347 brn|[from] brn","|","|switch|p1a: Ninjask|Ninjask, M|82/326","|turn|19","|","|move|p1a: Ninjask|Substitute|p1a: Ninjask","|-start|p1a: Ninjask|Substitute","|-damage|p1a: Ninjask|1/326","|move|p2a: Pépe|Poison Jab|p1a: Ninjask","|-end|p1a: Ninjask|Substitute","|","|-heal|p1a: Ninjask|21/326|[from] item: Leftovers","|-heal|p2a: Pépe|39/347 brn|[from] item: Black Sludge","|-damage|p2a: Pépe|0 fnt|[from] brn","|-boost|p1a: Ninjask|spe|1|[from] ability: Speed Boost","|faint|p2a: Pépe","|","|switch|p2a: King Artie|Nidoking, M|304/304","|-activate|p2a: King Artie|move: Sticky Web","|-unboost|p2a: King Artie|spe|1","|turn|20","|","|move|p1a: Ninjask|X-Scissor|p2a: King Artie","|-resisted|p2a: King Artie","|-damage|p2a: King Artie|250/304","|move|p2a: King Artie|Ice Beam|p1a: Ninjask","|-supereffective|p1a: Ninjask","|-damage|p1a: Ninjask|0 fnt","|faint|p1a: Ninjask","|","|","|switch|p1a: Durant|Durant, M|259/259","|turn|21","|","|move|p1a: Durant|Iron Head|p2a: King Artie","|-damage|p2a: King Artie|19/304","|cant|p2a: King Artie|flinch","|","|turn|22","|","|move|p1a: Durant|Iron Head|p2a: King Artie","|-damage|p2a: King Artie|0 fnt","|faint|p2a: King Artie","|","|","|switch|p2a: Toxicon|Scolipede, F|261/261","|-activate|p2a: Toxicon|move: Sticky Web","|-unboost|p2a: Toxicon|spe|1","|turn|23","|","|move|p2a: Toxicon|Protect|p2a: Toxicon","|-singleturn|p2a: Toxicon|Protect","|move|p1a: Durant|Iron Head|p2a: Toxicon","|-activate|p2a: Toxicon|Protect","|","|-boost|p2a: Toxicon|spe|1|[from] ability: Speed Boost","|turn|24","|","|move|p1a: Durant|Iron Head|p2a: Toxicon|[miss]","|-miss|p1a: Durant|p2a: Toxicon","|move|p2a: Toxicon|Superpower|p1a: Durant","|-damage|p1a: Durant|120/259","|-unboost|p2a: Toxicon|atk|1","|-unboost|p2a: Toxicon|def|1","|-damage|p2a: Toxicon|235/261|[from] item: Life Orb","|","|-boost|p2a: Toxicon|spe|1|[from] ability: Speed Boost","|turn|25","|","|move|p2a: Toxicon|Protect|p2a: Toxicon","|-singleturn|p2a: Toxicon|Protect","|move|p1a: Durant|Iron Head|p2a: Toxicon","|-activate|p2a: Toxicon|Protect","|","|-boost|p2a: Toxicon|spe|1|[from] ability: Speed Boost","|turn|26","|","|move|p2a: Toxicon|Superpower|p1a: Durant","|-damage|p1a: Durant|32/259","|-unboost|p2a: Toxicon|atk|1","|-unboost|p2a: Toxicon|def|1","|-damage|p2a: Toxicon|209/261|[from] item: Life Orb","|move|p1a: Durant|Iron Head|p2a: Toxicon","|-damage|p2a: Toxicon|0 fnt","|faint|p2a: Toxicon","|","|","|switch|p2a: Herb|Venusaur-Mega, M|44/364","|-activate|p2a: Herb|move: Sticky Web","|-unboost|p2a: Herb|spe|1","|turn|27","|","|move|p1a: Durant|Iron Head|p2a: Herb","|-damage|p2a: Herb|0 fnt","|faint|p2a: Herb","|","|win|Crystal★Tempo"],"p1rating":{"entryid":"95965","serverid":"eos","formatid":"monotype","userid":"crystaltempo","username":"Crystal★Tempo","w":7,"l":"6","t":"0","gxe":53.2,"r":"1507.3603152888","rd":"84.518129390952","sigma":"0","rptime":"1441270800","rpr":1525.0975676117,"rprd":82.459679455509,"rpsigma":"0","acre":1113.0719743356,"lacre":1113.0719743356,"oldacre":"1094.0160931764"},"p2rating":{"entryid":809082,"formatid":"monotype","userid":"impgealt","username":"Imp Gealt","r":1500,"rd":130,"sigma":0,"rpr":1459.2940788715,"rprd":122.26388454132,"rpsigma":0,"rptime":1441270800,"w":0,"l":1,"t":0,"gxe":44.9,"acre":1000,"lacre":1000,"oldacre":1000},"endType":"normal"}