{"seed":[59206,14353,13805,14703],"turns":25,"p1":"GTX♅Bzumzum","p2":"Sovereign♕KingJJ","p1team":[{"name":"THE ONE THING!!!","species":"gyarados","item":"gyaradosite","ability":"Moxie","moves":["crunch","dragondance","bounce","waterfall"],"nature":"Jolly","evs":{"hp":0,"atk":248,"def":0,"spa":0,"spd":8,"spe":252},"gender":"M","shiny":true,"ivs":{"hp":31,"atk":31,"def":31,"spa":31,"spd":31,"spe":31}},{"name":"Smelly-fish","species":"tentacruel","item":"leftovers","ability":"Rain Dish","moves":["haze","reflecttype","sludgebomb","scald"],"nature":"Timid","evs":{"hp":4,"atk":0,"def":88,"spa":248,"spd":0,"spe":168},"gender":"M","shiny":true,"ivs":{"hp":31,"atk":31,"def":31,"spa":31,"spd":31,"spe":31}},{"name":"Slime","species":"gastrodon","item":"mysticwater","ability":"Sand Force","moves":["earthpower","recover","sludgebomb","scald"],"nature":"Calm","evs":{"hp":252,"atk":0,"def":112,"spa":8,"spd":136,"spe":0},"gender":"M","ivs":{"hp":31,"atk":31,"def":31,"spa":31,"spd":31,"spe":31}},{"name":"OFCORSOLA!!!","species":"corsola","item":"leftovers","ability":"Regenerator","moves":["iciclespear","headsmash","curse","earthquake"],"nature":"Adamant","evs":{"hp":0,"atk":252,"def":128,"spa":0,"spd":128,"spe":0},"gender":"M","shiny":true,"ivs":{"hp":31,"atk":31,"def":31,"spa":31,"spd":31,"spe":31}},{"name":"Swirly","species":"politoed","item":"assaultvest","ability":"Drizzle","moves":["icebeam","psychic","scald","hiddenpowerfire"],"nature":"Modest","evs":{"hp":156,"atk":0,"def":0,"spa":252,"spd":8,"spe":92},"gender":"M","ivs":{"hp":31,"atk":30,"def":31,"spa":30,"spd":31,"spe":30},"shiny":true},{"name":"Big Bill","species":"pelipper","item":"laxincense","ability":"Keen Eye","moves":["roost","defog","toxic","icebeam"],"nature":"Bold","evs":{"hp":248,"atk":0,"def":252,"spa":8,"spd":0,"spe":0},"gender":"M","ivs":{"hp":31,"atk":31,"def":31,"spa":31,"spd":31,"spe":31}}],"p2team":[{"name":"Ugly Duckling","species":"porygon2","item":"eviolite","ability":"Download","moves":["psyshock","magiccoat","toxic","recover"],"nature":"Calm","evs":{"hp":248,"atk":0,"def":0,"spa":8,"spd":252,"spe":0},"shiny":true,"ivs":{"hp":31,"atk":31,"def":31,"spa":31,"spd":31,"spe":31}},{"name":"Leggos","species":"porygonz","item":"focussash","ability":"Download","moves":["chargebeam","shadowball","thunderwave","triattack"],"nature":"Modest","evs":{"hp":248,"atk":0,"def":0,"spa":252,"spd":8,"spe":0},"shiny":true,"ivs":{"hp":31,"atk":31,"def":31,"spa":31,"spd":31,"spe":31}},{"name":"mia khalifa","species":"lopunny","item":"lopunnite","ability":"Cute Charm","moves":["icepunch","fakeout","return","highjumpkick"],"nature":"Jolly","evs":{"hp":0,"atk":252,"def":0,"spa":0,"spd":4,"spe":252},"gender":"F","shiny":true,"ivs":{"hp":31,"atk":31,"def":31,"spa":31,"spd":31,"spe":31}},{"name":"Chansey","species":"Chansey","item":"eviolite","ability":"Serene Grace","moves":["aromatherapy","seismictoss","softboiled","toxic"],"nature":"Bold","evs":{"hp":248,"atk":0,"def":252,"spa":0,"spd":8,"spe":0},"shiny":true,"ivs":{"hp":31,"atk":31,"def":31,"spa":31,"spd":31,"spe":31}},{"name":"Raper the Raptor","species":"staraptor","item":"choicescarf","ability":"Reckless","moves":["closecombat","bravebird","uturn","doubleedge"],"nature":"Jolly","evs":{"hp":0,"atk":252,"def":0,"spa":0,"spd":4,"spe":252},"gender":"M","shiny":true,"ivs":{"hp":31,"atk":31,"def":31,"spa":31,"spd":31,"spe":31}},{"name":"Meloetta","species":"Meloetta","item":"choicescarf","ability":"Serene Grace","moves":["substitute","psychic","hypervoice","shadowball"],"nature":"Timid","evs":{"hp":0,"atk":0,"def":0,"spa":252,"spd":4,"spe":252},"ivs":{"hp":31,"atk":31,"def":31,"spa":31,"spd":31,"spe":31}}],"log":["|player|p1|GTX♅Bzumzum|225","|player|p2|Sovereign♕KingJJ|269","|gametype|singles","|gen|6","|tier|Monotype","|rated","|rule|Baton Pass Clause: Limit one Baton Passer, can't pass Spe and other stats simultaneously","|rule|Swagger Clause: Swagger is banned","|rule|Same Type Clause: Pokémon in a team must share a type","|clearpoke","|poke|p1|Gyarados, M, shiny","|poke|p1|Tentacruel, M, shiny","|poke|p1|Gastrodon, M","|poke|p1|Corsola, M, shiny","|poke|p1|Politoed, M, shiny","|poke|p1|Pelipper, M","|poke|p2|Porygon2, shiny","|poke|p2|Porygon-Z, shiny","|poke|p2|Lopunny, F, shiny","|poke|p2|Chansey, F, shiny","|poke|p2|Staraptor, M, shiny","|poke|p2|Meloetta","|rule|Sleep Clause Mod: Limit one foe put to sleep","|rule|Species Clause: Limit one of each Pokémon","|rule|OHKO Clause: OHKO moves are banned","|rule|Moody Clause: Moody is banned","|rule|Evasion Moves Clause: Evasion moves are banned","|rule|Endless Battle Clause: Forcing endless battles is banned","|rule|HP Percentage Mod: HP is shown in percentages","|teampreview","|","|start","|switch|p1a: Big Bill|Pelipper, M|323/323","|switch|p2a: Leggos|Porygon-Z, shiny|373/373","|-boost|p2a: Leggos|spa|1|[from] ability: Download","|turn|1","|","|move|p2a: Leggos|Charge Beam|p1a: Big Bill","|-supereffective|p1a: Big Bill","|-damage|p1a: Big Bill|0 fnt","|faint|p1a: Big Bill","|","|","|switch|p1a: Swirly|Politoed, M, shiny|360/360","|-weather|RainDance","|turn|2","|","|switch|p1a: Slime|Gastrodon, M|426/426","|move|p2a: Leggos|Charge Beam|p1a: Slime","|-immune|p1a: Slime|[msg]","|","|-weather|RainDance|[upkeep]","|turn|3","|","|move|p2a: Leggos|Tri Attack|p1a: Slime","|-damage|p1a: Slime|201/426","|move|p1a: Slime|Scald|p2a: Leggos","|-damage|p2a: Leggos|171/373","|-status|p2a: Leggos|brn","|","|-weather|RainDance|[upkeep]","|-damage|p2a: Leggos|125/373 brn|[from] brn","|turn|4","|","|switch|p1a: Smelly-fish|Tentacruel, M, shiny|302/302","|move|p2a: Leggos|Tri Attack|p1a: Smelly-fish","|-damage|p1a: Smelly-fish|100/302","|","|-weather|RainDance|[upkeep]","|-heal|p1a: Smelly-fish|118/302|[from] ability: Rain Dish","|-heal|p1a: Smelly-fish|136/302|[from] item: Leftovers","|-damage|p2a: Leggos|79/373 brn|[from] brn","|turn|5","|","|move|p1a: Smelly-fish|Haze|p1a: Smelly-fish","|-clearallboost","|move|p2a: Leggos|Charge Beam|p1a: Smelly-fish","|-supereffective|p1a: Smelly-fish","|-damage|p1a: Smelly-fish|18/302","|-boost|p2a: Leggos|spa|1","|","|-weather|RainDance|[upkeep]","|-heal|p1a: Smelly-fish|36/302|[from] ability: Rain Dish","|-heal|p1a: Smelly-fish|54/302|[from] item: Leftovers","|-damage|p2a: Leggos|33/373 brn|[from] brn","|turn|6","|","|move|p1a: Smelly-fish|Scald|p2a: Leggos","|-damage|p2a: Leggos|0 fnt","|faint|p2a: Leggos","|","|-weather|none","|-heal|p1a: Smelly-fish|72/302|[from] item: Leftovers","|","|switch|p2a: mia khalifa|Lopunny, F, shiny|271/271","|turn|7","|","|switch|p1a: OFCORSOLA!!!|Corsola, M, shiny|251/251","|detailschange|p2a: mia khalifa|Lopunny-Mega, F, shiny","|-mega|p2a: mia khalifa|Lopunny|Lopunnite","|move|p2a: mia khalifa|Fake Out|p1a: OFCORSOLA!!!","|-resisted|p1a: OFCORSOLA!!!","|-damage|p1a: OFCORSOLA!!!|213/251","|","|-heal|p1a: OFCORSOLA!!!|228/251|[from] item: Leftovers","|turn|8","|","|move|p2a: mia khalifa|High Jump Kick|p1a: OFCORSOLA!!!|[miss]","|-miss|p2a: mia khalifa|p1a: OFCORSOLA!!!","|-damage|p2a: mia khalifa|136/271|[from] highjumpkick","|move|p1a: OFCORSOLA!!!|Curse|p1a: OFCORSOLA!!!","|-unboost|p1a: OFCORSOLA!!!|spe|1","|-boost|p1a: OFCORSOLA!!!|atk|1","|-boost|p1a: OFCORSOLA!!!|def|1","|","|-heal|p1a: OFCORSOLA!!!|243/251|[from] item: Leftovers","|turn|9","|","|move|p2a: mia khalifa|High Jump Kick|p1a: OFCORSOLA!!!","|-supereffective|p1a: OFCORSOLA!!!","|-damage|p1a: OFCORSOLA!!!|0 fnt","|faint|p1a: OFCORSOLA!!!","|","|","|switch|p1a: Swirly|Politoed, M, shiny|360/360","|-weather|RainDance","|turn|10","|","|move|p2a: mia khalifa|Return|p1a: Swirly","|-damage|p1a: Swirly|113/360","|move|p1a: Swirly|Psychic|p2a: mia khalifa","|-supereffective|p2a: mia khalifa","|-damage|p2a: mia khalifa|0 fnt","|faint|p2a: mia khalifa","|","|-weather|RainDance|[upkeep]","|","|switch|p2a: Meloetta|Meloetta|341/341","|turn|11","|","|move|p2a: Meloetta|Psychic|p1a: Swirly","|-damage|p1a: Swirly|0 fnt","|faint|p1a: Swirly","|","|-weather|RainDance|[upkeep]","|","|switch|p1a: Smelly-fish|Tentacruel, M, shiny|72/302","|turn|12","|","|move|p2a: Meloetta|Psychic|p1a: Smelly-fish","|-supereffective|p1a: Smelly-fish","|-damage|p1a: Smelly-fish|0 fnt","|faint|p1a: Smelly-fish","|","|-weather|RainDance|[upkeep]","|","|switch|p1a: THE ONE THING!!!|Gyarados, M, shiny|331/331","|turn|13","|","|move|p2a: Meloetta|Psychic|p1a: THE ONE THING!!!","|-damage|p1a: THE ONE THING!!!|172/331","|move|p1a: THE ONE THING!!!|Crunch|p2a: Meloetta","|-supereffective|p2a: Meloetta","|-damage|p2a: Meloetta|129/341","|-unboost|p2a: Meloetta|def|1","|","|-weather|RainDance|[upkeep]","|turn|14","|","|move|p2a: Meloetta|Psychic|p1a: THE ONE THING!!!","|-damage|p1a: THE ONE THING!!!|1/331","|move|p1a: THE ONE THING!!!|Crunch|p2a: Meloetta","|-supereffective|p2a: Meloetta","|-damage|p2a: Meloetta|0 fnt","|faint|p2a: Meloetta","|-boost|p1a: THE ONE THING!!!|atk|1|[from] ability: Moxie","|","|-weather|none","|","|switch|p2a: Ugly Duckling|Porygon2, shiny|373/373","|-boost|p2a: Ugly Duckling|atk|1|[from] ability: Download","|turn|15","|","|detailschange|p1a: THE ONE THING!!!|Gyarados-Mega, M, shiny","|-mega|p1a: THE ONE THING!!!|Gyarados|Gyaradosite","|-ability|p1a: THE ONE THING!!!|Mold Breaker","|move|p1a: THE ONE THING!!!|Bounce|p2a: Ugly Duckling|[still]","|-prepare|p1a: THE ONE THING!!!|Bounce|p2a: Ugly Duckling","|move|p2a: Ugly Duckling|Psyshock|p1a: THE ONE THING!!!","|-immune|p1a: THE ONE THING!!!|[msg]","|","|turn|16","|","|move|p1a: THE ONE THING!!!|Bounce|p2a: Ugly Duckling|[from]lockedmove","|-damage|p2a: Ugly Duckling|242/373","|-status|p2a: Ugly Duckling|par","|cant|p2a: Ugly Duckling|par","|","|turn|17","|","|move|p1a: THE ONE THING!!!|Dragon Dance|p1a: THE ONE THING!!!","|-boost|p1a: THE ONE THING!!!|atk|1","|-boost|p1a: THE ONE THING!!!|spe|1","|cant|p2a: Ugly Duckling|par","|","|turn|18","|","|move|p1a: THE ONE THING!!!|Waterfall|p2a: Ugly Duckling","|-damage|p2a: Ugly Duckling|0 fnt","|faint|p2a: Ugly Duckling","|","|","|switch|p2a: Raper the Raptor|Staraptor, M, shiny|311/311","|turn|19","|","|move|p2a: Raper the Raptor|Close Combat|p1a: THE ONE THING!!!","|-supereffective|p1a: THE ONE THING!!!","|-damage|p1a: THE ONE THING!!!|0 fnt","|-unboost|p2a: Raper the Raptor|def|1","|-unboost|p2a: Raper the Raptor|spd|1","|faint|p1a: THE ONE THING!!!","|","|","|switch|p1a: Slime|Gastrodon, M|201/426","|turn|20","|","|move|p2a: Raper the Raptor|Close Combat|p1a: Slime","|-damage|p1a: Slime|45/426","|-unboost|p2a: Raper the Raptor|def|1","|-unboost|p2a: Raper the Raptor|spd|1","|move|p1a: Slime|Recover|p1a: Slime","|-heal|p1a: Slime|258/426","|","|turn|21","|","|switch|p2a: Chansey|Chansey, F, shiny|703/703","|move|p1a: Slime|Recover|p1a: Slime","|-heal|p1a: Slime|426/426","|","|turn|22","|","|move|p2a: Chansey|Toxic|p1a: Slime","|-status|p1a: Slime|tox","|move|p1a: Slime|Earth Power|p2a: Chansey","|-damage|p2a: Chansey|637/703","|","|-damage|p1a: Slime|400/426 tox|[from] psn","|turn|23","|","|move|p2a: Chansey|Seismic Toss|p1a: Slime","|-damage|p1a: Slime|300/426 tox","|move|p1a: Slime|Scald|p2a: Chansey","|-damage|p2a: Chansey|570/703","|","|-damage|p1a: Slime|248/426 tox|[from] psn","|turn|24","|","|move|p2a: Chansey|Seismic Toss|p1a: Slime","|-damage|p1a: Slime|148/426 tox","|move|p1a: Slime|Sludge Bomb|p2a: Chansey","|-damage|p2a: Chansey|523/703","|","|-damage|p1a: Slime|70/426 tox|[from] psn","|turn|25","|","|move|p2a: Chansey|Seismic Toss|p1a: Slime","|-damage|p1a: Slime|0 fnt","|faint|p1a: Slime","|","|win|Sovereign♕KingJJ"],"p1rating":{"entryid":"1463","serverid":"eos","formatid":"monotype","userid":"gtxbzumzum","username":"GTX♅Bzumzum","w":"24","l":65,"t":"0","gxe":28.2,"r":"1327.3663537317","rd":"41.460090249787","sigma":"0","rptime":"1441270800","rpr":1322.6295669756,"rprd":41.193186420758,"rpsigma":"0","acre":1033.2186610239,"lacre":1033.2186610239,"oldacre":"1050.62431613"},"p2rating":{"entryid":"452185","serverid":"eos","formatid":"monotype","userid":"sovereignkingjj","username":"Sovereign♕KingJJ","w":4,"l":"11","t":"0","gxe":35.1,"r":"1321.9404224915","rd":"97.164624216348","sigma":"0","rptime":"1441270800","rpr":1381.5430686407,"rprd":80.781696971875,"rpsigma":"0","acre":1085.8460368671,"lacre":1085.8460368671,"oldacre":"1054.3368894164"},"endType":"normal"}