{"seed":[26142,17995,35812,20733],"turns":26,"p1":"Coloniol Mustang","p2":"Apex Salamence","p1team":[{"name":"Cobalion","species":"Cobalion","item":"leftovers","ability":"Justified","moves":["reflect","thunderwave","stealthrock","ironhead"],"nature":"Jolly","evs":{"hp":4,"atk":0,"def":252,"spa":0,"spd":0,"spe":252},"ivs":{"hp":31,"atk":31,"def":31,"spa":31,"spd":31,"spe":31}},{"name":"Medicham","species":"Medicham","item":"medichamite","ability":"Pure Power","moves":["highjumpkick","bulletpunch","icepunch","fakeout"],"nature":"Jolly","evs":{"hp":4,"atk":252,"def":0,"spa":0,"spd":0,"spe":252},"ivs":{"hp":31,"atk":31,"def":31,"spa":31,"spd":31,"spe":31}},{"name":"Keldeo","species":"Keldeo","item":"leftovers","ability":"Justified","moves":["scald","secretsword","calmmind","icywind"],"nature":"Modest","evs":{"hp":24,"atk":0,"def":0,"spa":232,"spd":0,"spe":252},"ivs":{"hp":31,"atk":31,"def":31,"spa":31,"spd":31,"spe":31}},{"name":"Heracross","species":"Heracross","item":"choicescarf","ability":"Moxie","moves":["closecombat","megahorn","knockoff","rockblast"],"nature":"Adamant","evs":{"hp":4,"atk":252,"def":0,"spa":0,"spd":0,"spe":252},"ivs":{"hp":31,"atk":31,"def":31,"spa":31,"spd":31,"spe":31}},{"name":"Hawlucha","species":"Hawlucha","item":"powerherb","ability":"Unburden","moves":["acrobatics","skyattack","highjumpkick","swordsdance"],"nature":"Adamant","evs":{"hp":4,"atk":252,"def":0,"spa":0,"spd":0,"spe":252},"ivs":{"hp":31,"atk":30,"def":30,"spa":31,"spd":30,"spe":31}},{"name":"Breloom","species":"Breloom","item":"focussash","ability":"Technician","moves":["swordsdance","rocktomb","spore","machpunch"],"nature":"Jolly","evs":{"hp":4,"atk":252,"def":0,"spa":0,"spd":0,"spe":252},"ivs":{"hp":31,"atk":31,"def":31,"spa":31,"spd":31,"spe":31}}],"p2team":[{"name":"Typhoon","species":"gyarados","item":"gyaradosite","ability":"Intimidate","moves":["crunch","dragondance","earthquake","waterfall"],"nature":"Adamant","evs":{"hp":0,"atk":252,"def":0,"spa":0,"spd":4,"spe":252},"gender":"M","shiny":true,"ivs":{"hp":31,"atk":31,"def":31,"spa":31,"spd":31,"spe":31}},{"name":"Porunga","species":"dragonite","item":"weaknesspolicy","ability":"Multiscale","moves":["dragonclaw","dragondance","extremespeed","fly"],"nature":"Adamant","evs":{"hp":0,"atk":252,"def":0,"spa":0,"spd":4,"spe":252},"gender":"M","shiny":true,"ivs":{"hp":31,"atk":31,"def":31,"spa":31,"spd":31,"spe":31}},{"name":"Jupiter","species":"thundurus","item":"lifeorb","ability":"Prankster","moves":["nastyplot","thunderbolt","hiddenpowerice","thunderwave"],"nature":"Timid","evs":{"hp":0,"atk":0,"def":0,"spa":252,"spd":4,"spe":252},"ivs":{"hp":31,"atk":30,"def":30,"spa":31,"spd":31,"spe":31},"shiny":true},{"name":"Cherokee","species":"xatu","item":"leftovers","ability":"Magic Bounce","moves":["haze","heatwave","nightshade","roost"],"nature":"Calm","evs":{"hp":252,"atk":0,"def":0,"spa":4,"spd":252,"spe":0},"gender":"M","shiny":true,"ivs":{"hp":31,"atk":31,"def":31,"spa":31,"spd":31,"spe":31}},{"name":"DEATH","species":"togekiss","item":"leftovers","ability":"Serene Grace","moves":["airslash","thunderwave","nastyplot","wish"],"nature":"Calm","evs":{"hp":252,"atk":0,"def":0,"spa":4,"spd":252,"spe":0},"gender":"F","shiny":true,"ivs":{"hp":31,"atk":31,"def":31,"spa":31,"spd":31,"spe":31}},{"name":"Gliscor","species":"Gliscor","item":"toxicorb","ability":"Poison Heal","moves":["stealthrock","knockoff","protect","toxic"],"nature":"Impish","evs":{"hp":248,"atk":0,"def":188,"spa":0,"spd":0,"spe":72},"ivs":{"hp":31,"atk":31,"def":31,"spa":31,"spd":31,"spe":31}}],"log":["|player|p1|Coloniol Mustang|124","|player|p2|Apex Salamence|169","|gametype|singles","|gen|6","|tier|Monotype","|rated","|rule|Baton Pass Clause: Limit one Baton Passer, can't pass Spe and other stats simultaneously","|rule|Swagger Clause: Swagger is banned","|rule|Same Type Clause: Pokémon in a team must share a type","|clearpoke","|poke|p1|Cobalion","|poke|p1|Medicham, M","|poke|p1|Keldeo","|poke|p1|Heracross, M","|poke|p1|Hawlucha, M","|poke|p1|Breloom, M","|poke|p2|Gyarados, M, shiny","|poke|p2|Dragonite, M, shiny","|poke|p2|Thundurus, M, shiny","|poke|p2|Xatu, M, shiny","|poke|p2|Togekiss, F, shiny","|poke|p2|Gliscor, F","|rule|Sleep Clause Mod: Limit one foe put to sleep","|rule|Species Clause: Limit one of each Pokémon","|rule|OHKO Clause: OHKO moves are banned","|rule|Moody Clause: Moody is banned","|rule|Evasion Moves Clause: Evasion moves are banned","|rule|Endless Battle Clause: Forcing endless battles is banned","|rule|HP Percentage Mod: HP is shown in percentages","|teampreview","|","|start","|switch|p1a: Cobalion|Cobalion|324/324","|switch|p2a: Jupiter|Thundurus, M, shiny|299/299","|turn|1","|","|switch|p2a: Cherokee|Xatu, M, shiny|334/334","|move|p1a: Cobalion|Stealth Rock|p2a: Cherokee","|move|p2a: Cherokee|Stealth Rock|p1a: Cobalion|[from]Magic Bounce","|-sidestart|p1: Coloniol Mustang|move: Stealth Rock","|","|turn|2","|","|move|p1a: Cobalion|Reflect|p1a: Cobalion","|-sidestart|p1: Coloniol Mustang|Reflect","|move|p2a: Cherokee|Heat Wave|p1a: Cobalion","|-supereffective|p1a: Cobalion","|-damage|p1a: Cobalion|146/324","|","|-heal|p1a: Cobalion|166/324|[from] item: Leftovers","|turn|3","|","|switch|p1a: Keldeo|Keldeo|329/329","|-damage|p1a: Keldeo|309/329|[from] Stealth Rock","|move|p2a: Cherokee|Heat Wave|p1a: Keldeo","|-resisted|p1a: Keldeo","|-damage|p1a: Keldeo|269/329","|","|-heal|p1a: Keldeo|289/329|[from] item: Leftovers","|turn|4","|","|move|p1a: Keldeo|Icy Wind|p2a: Cherokee","|-supereffective|p2a: Cherokee","|-damage|p2a: Cherokee|208/334","|-unboost|p2a: Cherokee|spe|1","|move|p2a: Cherokee|Night Shade|p1a: Keldeo","|-damage|p1a: Keldeo|189/329","|","|-heal|p1a: Keldeo|209/329|[from] item: Leftovers","|-heal|p2a: Cherokee|228/334|[from] item: Leftovers","|turn|5","|","|move|p1a: Keldeo|Scald|p2a: Cherokee","|-damage|p2a: Cherokee|77/334","|move|p2a: Cherokee|Roost|p2a: Cherokee","|-heal|p2a: Cherokee|244/334","|","|-heal|p1a: Keldeo|229/329|[from] item: Leftovers","|-heal|p2a: Cherokee|264/334|[from] item: Leftovers","|turn|6","|","|move|p1a: Keldeo|Calm Mind|p1a: Keldeo","|-boost|p1a: Keldeo|spa|1","|-boost|p1a: Keldeo|spd|1","|move|p2a: Cherokee|Haze|p2a: Cherokee","|-clearallboost","|","|-heal|p1a: Keldeo|249/329|[from] item: Leftovers","|-heal|p2a: Cherokee|284/334|[from] item: Leftovers","|-sideend|p1: Coloniol Mustang|Reflect","|turn|7","|","|move|p1a: Keldeo|Scald|p2a: Cherokee","|-damage|p2a: Cherokee|148/334","|move|p2a: Cherokee|Night Shade|p1a: Keldeo","|-damage|p1a: Keldeo|149/329","|","|-heal|p1a: Keldeo|169/329|[from] item: Leftovers","|-heal|p2a: Cherokee|168/334|[from] item: Leftovers","|turn|8","|","|move|p1a: Keldeo|Scald|p2a: Cherokee","|-damage|p2a: Cherokee|41/334","|move|p2a: Cherokee|Roost|p2a: Cherokee","|-heal|p2a: Cherokee|208/334","|","|-heal|p1a: Keldeo|189/329|[from] item: Leftovers","|-heal|p2a: Cherokee|228/334|[from] item: Leftovers","|turn|9","|","|move|p1a: Keldeo|Scald|p2a: Cherokee","|-damage|p2a: Cherokee|101/334","|move|p2a: Cherokee|Night Shade|p1a: Keldeo","|-damage|p1a: Keldeo|89/329","|","|-heal|p1a: Keldeo|109/329|[from] item: Leftovers","|-heal|p2a: Cherokee|121/334|[from] item: Leftovers","|turn|10","|","|move|p1a: Keldeo|Scald|p2a: Cherokee","|-damage|p2a: Cherokee|0 fnt","|faint|p2a: Cherokee","|","|-heal|p1a: Keldeo|129/329|[from] item: Leftovers","|","|switch|p2a: Jupiter|Thundurus, M, shiny|299/299","|turn|11","|","|switch|p1a: Breloom|Breloom, M|262/262","|-damage|p1a: Breloom|246/262|[from] Stealth Rock","|move|p2a: Jupiter|Thunderbolt|p1a: Breloom","|-resisted|p1a: Breloom","|-damage|p1a: Breloom|84/262","|-damage|p2a: Jupiter|270/299|[from] item: Life Orb","|","|turn|12","|","|move|p2a: Jupiter|Hidden Power|p1a: Breloom","|-supereffective|p1a: Breloom","|-damage|p1a: Breloom|0 fnt","|-damage|p2a: Jupiter|241/299|[from] item: Life Orb","|faint|p1a: Breloom","|","|","|switch|p1a: Hawlucha|Hawlucha, M|298/298","|-damage|p1a: Hawlucha|261/298|[from] Stealth Rock","|turn|13","|","|move|p2a: Jupiter|Thunder Wave|p1a: Hawlucha","|-status|p1a: Hawlucha|par","|move|p1a: Hawlucha|Sky Attack|p2a: Jupiter|[still]","|-prepare|p1a: Hawlucha|Sky Attack|p2a: Jupiter","|-enditem|p1a: Hawlucha|Power Herb","|-anim|p1a: Hawlucha|Sky Attack|p2a: Jupiter","|-resisted|p2a: Jupiter","|-damage|p2a: Jupiter|97/299","|","|turn|14","|","|move|p2a: Jupiter|Thunderbolt|p1a: Hawlucha","|-supereffective|p1a: Hawlucha","|-damage|p1a: Hawlucha|0 fnt","|-damage|p2a: Jupiter|68/299|[from] item: Life Orb","|faint|p1a: Hawlucha","|","|","|switch|p1a: Medicham|Medicham, M|262/262","|-damage|p1a: Medicham|246/262|[from] Stealth Rock","|turn|15","|","|detailschange|p1a: Medicham|Medicham-Mega, M","|-mega|p1a: Medicham|Medicham|Medichamite","|move|p2a: Jupiter|Thunder Wave|p1a: Medicham","|-status|p1a: Medicham|par","|move|p1a: Medicham|Ice Punch|p2a: Jupiter","|-supereffective|p2a: Jupiter","|-damage|p2a: Jupiter|0 fnt","|faint|p2a: Jupiter","|","|","|switch|p2a: Gliscor|Gliscor, F|353/353","|turn|16","|","|move|p2a: Gliscor|Protect|p2a: Gliscor","|-singleturn|p2a: Gliscor|Protect","|move|p1a: Medicham|Ice Punch|p2a: Gliscor","|-activate|p2a: Gliscor|Protect","|","|-status|p2a: Gliscor|tox|[from] item: Toxic Orb","|turn|17","|","|move|p2a: Gliscor|Stealth Rock|p1a: Medicham","|-fail|p1a: Medicham","|move|p1a: Medicham|Ice Punch|p2a: Gliscor","|-supereffective|p2a: Gliscor","|-damage|p2a: Gliscor|0 fnt","|faint|p2a: Gliscor","|","|","|switch|p2a: Porunga|Dragonite, M, shiny|323/323","|turn|18","|","|move|p2a: Porunga|Dragon Dance|p2a: Porunga","|-boost|p2a: Porunga|atk|1","|-boost|p2a: Porunga|spe|1","|move|p1a: Medicham|Ice Punch|p2a: Porunga","|-supereffective|p2a: Porunga","|-damage|p2a: Porunga|0 fnt","|faint|p2a: Porunga","|","|","|switch|p2a: Typhoon|Gyarados, M, shiny|331/331","|-ability|p2a: Typhoon|Intimidate","|-unboost|p1a: Medicham|atk|1","|turn|19","|","|switch|p1a: Keldeo|Keldeo|129/329","|-damage|p1a: Keldeo|109/329|[from] Stealth Rock","|detailschange|p2a: Typhoon|Gyarados-Mega, M, shiny","|-mega|p2a: Typhoon|Gyarados|Gyaradosite","|-ability|p2a: Typhoon|Mold Breaker","|move|p2a: Typhoon|Dragon Dance|p2a: Typhoon","|-boost|p2a: Typhoon|atk|1","|-boost|p2a: Typhoon|spe|1","|","|-heal|p1a: Keldeo|129/329|[from] item: Leftovers","|turn|20","|","|move|p2a: Typhoon|Waterfall|p1a: Keldeo","|-resisted|p1a: Keldeo","|-damage|p1a: Keldeo|0 fnt","|faint|p1a: Keldeo","|","|","|switch|p1a: Heracross|Heracross, M|302/302","|-damage|p1a: Heracross|265/302|[from] Stealth Rock","|turn|21","|","|move|p1a: Heracross|Close Combat|p2a: Typhoon","|-supereffective|p2a: Typhoon","|-damage|p2a: Typhoon|0 fnt","|-unboost|p1a: Heracross|def|1","|-unboost|p1a: Heracross|spd|1","|faint|p2a: Typhoon","|-boost|p1a: Heracross|atk|1|[from] ability: Moxie","|","|","|switch|p2a: DEATH|Togekiss, F, shiny|374/374","|turn|22","|","|switch|p1a: Cobalion|Cobalion|166/324","|-damage|p1a: Cobalion|156/324|[from] Stealth Rock","|move|p2a: DEATH|Air Slash|p1a: Cobalion","|-damage|p1a: Cobalion|30/324","|","|-heal|p1a: Cobalion|50/324|[from] item: Leftovers","|turn|23","|","|move|p1a: Cobalion|Thunder Wave|p2a: DEATH","|-status|p2a: DEATH|par","|cant|p2a: DEATH|par","|","|-heal|p1a: Cobalion|70/324|[from] item: Leftovers","|turn|24","|","|move|p1a: Cobalion|Iron Head|p2a: DEATH","|-crit|p2a: DEATH","|-supereffective|p2a: DEATH","|-damage|p2a: DEATH|86/374 par","|move|p2a: DEATH|Air Slash|p1a: Cobalion","|-damage|p1a: Cobalion|0 fnt","|faint|p1a: Cobalion","|","|-heal|p2a: DEATH|109/374 par|[from] item: Leftovers","|","|switch|p1a: Medicham|Medicham-Mega, M|246/262 par","|-damage|p1a: Medicham|230/262 par|[from] Stealth Rock","|turn|25","|","|move|p1a: Medicham|Fake Out|p2a: DEATH","|-damage|p2a: DEATH|21/374 par","|cant|p2a: DEATH|flinch","|","|-heal|p2a: DEATH|44/374 par|[from] item: Leftovers","|turn|26","|","|move|p1a: Medicham|Bullet Punch|p2a: DEATH","|-supereffective|p2a: DEATH","|-damage|p2a: DEATH|0 fnt","|faint|p2a: DEATH","|","|win|Coloniol Mustang"],"p1rating":{"entryid":"790045","serverid":"eos","formatid":"monotype","userid":"coloniolmustang","username":"Coloniol Mustang","w":22,"l":"12","t":"0","gxe":61.2,"r":"1506.5678551039","rd":"106.29891332807","sigma":"0","rptime":"1441270800","rpr":1587.0444277529,"rprd":57.536228643427,"rpsigma":"0","acre":1257.6078098638,"lacre":1257.6078098638,"oldacre":"1240.2752376185"},"p2rating":{"entryid":"1755","serverid":"eos","formatid":"monotype","userid":"apexsalamence","username":"Apex Salamence","w":"55","l":47,"t":"0","gxe":54.5,"r":"1542.1500273835","rd":"38.254097476229","sigma":"0","rptime":"1441270800","rpr":1533.7349488912,"rprd":36.452266033759,"rpsigma":"0","acre":1112.8418972839,"lacre":1112.8418972839,"oldacre":"1130.1744695292"},"endType":"normal"}