{"seed":[24402,62825,13916,24905],"turns":122,"p1":"dreamchaser mmg","p2":"Carnie KeySein","p1team":[{"name":"Diancie","species":"Diancie","item":"diancite","ability":"Clear Body","moves":["calmmind","diamondstorm","hiddenpowerfire","moonblast"],"nature":"","ivs":{"hp":31,"atk":30,"def":31,"spa":30,"spd":31,"spe":30},"evs":{"hp":0,"atk":0,"def":0,"spa":0,"spd":0,"spe":0}},{"name":"Azumarill","species":"Azumarill","item":"starfberry","ability":"Huge Power","moves":["aquajet","icepunch","playrough","waterfall"],"nature":"Adamant","evs":{"hp":0,"atk":252,"def":248,"spa":0,"spd":8,"spe":0},"ivs":{"hp":31,"atk":31,"def":31,"spa":31,"spd":31,"spe":31}},{"name":"Clefable","species":"Clefable","item":"pixieplate","ability":"Unaware","moves":["calmmind","wish","moonblast","fireblast"],"nature":"Bold","evs":{"hp":0,"atk":0,"def":252,"spa":8,"spd":248,"spe":0},"ivs":{"hp":31,"atk":31,"def":31,"spa":31,"spd":31,"spe":31}},{"name":"Sylveon","species":"Sylveon","item":"leftovers","ability":"Pixilate","moves":["healbell","hypervoice","toxic","wish"],"nature":"Calm","evs":{"hp":132,"atk":0,"def":0,"spa":124,"spd":252,"spe":0},"ivs":{"hp":31,"atk":31,"def":31,"spa":31,"spd":31,"spe":31}},{"name":"Gardevoir","species":"Gardevoir","item":"brightpowder","ability":"Trace","moves":["psychic","moonblast","focusblast","thunderwave"],"nature":"Modest","evs":{"hp":180,"atk":0,"def":0,"spa":216,"spd":8,"spe":104},"ivs":{"hp":31,"atk":31,"def":31,"spa":31,"spd":31,"spe":31}},{"name":"Klefki","species":"Klefki","item":"rockyhelmet","ability":"Prankster","moves":["thunderwave","spikes","attract","toxic"],"nature":"Bold","evs":{"hp":228,"atk":0,"def":252,"spa":0,"spd":28,"spe":0},"ivs":{"hp":31,"atk":31,"def":31,"spa":31,"spd":31,"spe":31}}],"p2team":[{"name":"Hawlucha","species":"Hawlucha","item":"sitrusberry","ability":"Unburden","moves":["roost","swordsdance","highjumpkick","acrobatics"],"nature":"Jolly","evs":{"hp":12,"atk":252,"def":0,"spa":0,"spd":0,"spe":244},"ivs":{"hp":31,"atk":31,"def":31,"spa":31,"spd":31,"spe":31}},{"name":"Gliscor","species":"Gliscor","item":"toxicorb","ability":"Poison Heal","moves":["substitute","protect","earthquake","toxic"],"nature":"Jolly","evs":{"hp":252,"atk":0,"def":4,"spa":0,"spd":0,"spe":252},"ivs":{"hp":31,"atk":31,"def":31,"spa":31,"spd":31,"spe":31}},{"name":"Gyarados","species":"Gyarados","item":"gyaradosite","ability":"Intimidate","moves":["dragondance","waterfall","substitute","taunt"],"nature":"Jolly","evs":{"hp":4,"atk":252,"def":0,"spa":0,"spd":0,"spe":252},"ivs":{"hp":31,"atk":30,"def":31,"spa":30,"spd":31,"spe":30}},{"name":"Landorus","species":"Landorus","item":"lifeorb","ability":"Sheer Force","moves":["earthpower","knockoff","rockslide","hiddenpowerice"],"nature":"Rash","evs":{"hp":0,"atk":4,"def":0,"spa":252,"spd":0,"spe":252},"ivs":{"hp":31,"atk":30,"def":30,"spa":31,"spd":31,"spe":31}},{"name":"Togekiss","species":"Togekiss","item":"lumberry","ability":"Serene Grace","moves":["thunderwave","airslash","roost","defog"],"nature":"Calm","evs":{"hp":252,"atk":0,"def":0,"spa":0,"spd":160,"spe":96},"ivs":{"hp":31,"atk":31,"def":31,"spa":31,"spd":31,"spe":31}},{"name":"Salamence","species":"Salamence","item":"choicescarf","ability":"Moxie","moves":["outrage","earthquake","crunch","brickbreak"],"nature":"Jolly","evs":{"hp":0,"atk":252,"def":0,"spa":0,"spd":4,"spe":252},"ivs":{"hp":31,"atk":31,"def":31,"spa":31,"spd":31,"spe":31}}],"log":["|player|p1|dreamchaser mmg|167","|player|p2|Carnie KeySein|164","|gametype|singles","|gen|6","|tier|Monotype","|rated","|rule|Baton Pass Clause: Limit one Baton Passer, can't pass Spe and other stats simultaneously","|rule|Swagger Clause: Swagger is banned","|rule|Same Type Clause: Pokémon in a team must share a type","|clearpoke","|poke|p1|Diancie","|poke|p1|Azumarill, M","|poke|p1|Clefable, M","|poke|p1|Sylveon, M","|poke|p1|Gardevoir, F","|poke|p1|Klefki, F","|poke|p2|Hawlucha, F","|poke|p2|Gliscor, M","|poke|p2|Gyarados, M","|poke|p2|Landorus, M","|poke|p2|Togekiss, F","|poke|p2|Salamence, M","|rule|Sleep Clause Mod: Limit one foe put to sleep","|rule|Species Clause: Limit one of each Pokémon","|rule|OHKO Clause: OHKO moves are banned","|rule|Moody Clause: Moody is banned","|rule|Evasion Moves Clause: Evasion moves are banned","|rule|Endless Battle Clause: Forcing endless battles is banned","|rule|HP Percentage Mod: HP is shown in percentages","|teampreview","|","|start","|switch|p1a: Klefki|Klefki, F|312/312","|switch|p2a: Gliscor|Gliscor, M|354/354","|turn|1","|","|move|p1a: Klefki|Attract|p2a: Gliscor","|-start|p2a: Gliscor|Attract","|-activate|p2a: Gliscor|Attract|[of] p1a: Klefki","|cant|p2a: Gliscor|Attract","|","|-status|p2a: Gliscor|tox|[from] item: Toxic Orb","|turn|2","|","|switch|p2a: Gyarados|Gyarados, M|332/332","|-ability|p2a: Gyarados|Intimidate","|-unboost|p1a: Klefki|atk|1","|move|p1a: Klefki|Spikes|p2a: Gyarados","|-sidestart|p2: Carnie KeySein|Spikes","|","|turn|3","|","|move|p1a: Klefki|Thunder Wave|p2a: Gyarados","|-status|p2a: Gyarados|par","|cant|p2a: Gyarados|par","|","|turn|4","|","|detailschange|p2a: Gyarados|Gyarados-Mega, M","|-mega|p2a: Gyarados|Gyarados|Gyaradosite","|-ability|p2a: Gyarados|Mold Breaker","|move|p1a: Klefki|Spikes|p2a: Gyarados","|-sidestart|p2: Carnie KeySein|Spikes","|move|p2a: Gyarados|Dragon Dance|p2a: Gyarados","|-boost|p2a: Gyarados|atk|1","|-boost|p2a: Gyarados|spe|1","|","|turn|5","|","|move|p1a: Klefki|Attract|p2a: Gyarados","|-start|p2a: Gyarados|Attract","|-activate|p2a: Gyarados|Attract|[of] p1a: Klefki","|cant|p2a: Gyarados|par","|","|turn|6","|","|move|p1a: Klefki|Spikes|p2a: Gyarados","|-sidestart|p2: Carnie KeySein|Spikes","|-activate|p2a: Gyarados|Attract|[of] p1a: Klefki","|cant|p2a: Gyarados|Attract","|","|turn|7","|","|move|p1a: Klefki|Spikes|p2a: Gyarados","|-fail|p2a: Gyarados","|-activate|p2a: Gyarados|Attract|[of] p1a: Klefki","|cant|p2a: Gyarados|Attract","|","|turn|8","|","|switch|p1a: Clefable|Clefable, M|331/331","|-end|p2a: Gyarados|Attract|[silent]","|cant|p2a: Gyarados|par","|","|turn|9","|","|move|p1a: Clefable|Moonblast|p2a: Gyarados","|-supereffective|p2a: Gyarados","|-damage|p2a: Gyarados|144/332 par","|move|p2a: Gyarados|Waterfall|p1a: Clefable","|-crit|p1a: Clefable","|-damage|p1a: Clefable|13/331","|","|turn|10","|","|move|p1a: Clefable|Moonblast|p2a: Gyarados","|-supereffective|p2a: Gyarados","|-damage|p2a: Gyarados|0 fnt","|faint|p2a: Gyarados","|","|","|switch|p2a: Salamence|Salamence, M|331/331","|turn|11","|","|move|p2a: Salamence|Earthquake|p1a: Clefable","|-damage|p1a: Clefable|0 fnt","|faint|p1a: Clefable","|-boost|p2a: Salamence|atk|1|[from] ability: Moxie","|","|","|switch|p1a: Klefki|Klefki, F|312/312","|turn|12","|","|move|p1a: Klefki|Attract|p2a: Salamence","|-start|p2a: Salamence|Attract","|-activate|p2a: Salamence|Attract|[of] p1a: Klefki","|cant|p2a: Salamence|Attract","|","|turn|13","|","|switch|p2a: Hawlucha|Hawlucha, F|300/300","|move|p1a: Klefki|Toxic|p2a: Hawlucha","|-status|p2a: Hawlucha|tox","|","|-damage|p2a: Hawlucha|282/300 tox|[from] psn","|turn|14","|","|switch|p1a: Diancie|Diancie|241/241","|move|p2a: Hawlucha|Swords Dance|p2a: Hawlucha","|-boost|p2a: Hawlucha|atk|2","|","|-damage|p2a: Hawlucha|246/300 tox|[from] psn","|turn|15","|","|detailschange|p1a: Diancie|Diancie-Mega","|-mega|p1a: Diancie|Diancie|Diancite","|move|p2a: Hawlucha|High Jump Kick|p1a: Diancie","|-damage|p1a: Diancie|0 fnt","|faint|p1a: Diancie","|","|-damage|p2a: Hawlucha|192/300 tox|[from] psn","|","|switch|p1a: Gardevoir|Gardevoir, F|322/322","|-ability|p1a: Gardevoir|Unburden|[from] ability: Trace|[of] p2a: Hawlucha","|turn|16","|","|move|p2a: Hawlucha|High Jump Kick|p1a: Gardevoir","|-resisted|p1a: Gardevoir","|-damage|p1a: Gardevoir|185/322","|move|p1a: Gardevoir|Psychic|p2a: Hawlucha","|-supereffective|p2a: Hawlucha","|-damage|p2a: Hawlucha|0 fnt","|faint|p2a: Hawlucha","|","|","|switch|p2a: Gliscor|Gliscor, M|354/354 tox","|turn|17","|","|move|p2a: Gliscor|Earthquake|p1a: Gardevoir","|-damage|p1a: Gardevoir|29/322","|move|p1a: Gardevoir|Psychic|p2a: Gliscor","|-damage|p2a: Gliscor|126/354 tox","|","|-heal|p2a: Gliscor|170/354 tox|[from] ability: Poison Heal","|turn|18","|","|move|p2a: Gliscor|Earthquake|p1a: Gardevoir","|-damage|p1a: Gardevoir|0 fnt","|faint|p1a: Gardevoir","|","|-heal|p2a: Gliscor|214/354 tox|[from] ability: Poison Heal","|","|switch|p1a: Azumarill|Azumarill, M|341/341","|turn|19","|","|move|p2a: Gliscor|Toxic|p1a: Azumarill|[miss]","|-miss|p2a: Gliscor|p1a: Azumarill","|move|p1a: Azumarill|Ice Punch|p2a: Gliscor","|-supereffective|p2a: Gliscor","|-damage|p2a: Gliscor|0 fnt","|faint|p2a: Gliscor","|","|","|switch|p2a: Landorus|Landorus, M|319/319","|turn|20","|","|move|p2a: Landorus|Knock Off|p1a: Azumarill","|-resisted|p1a: Azumarill","|-damage|p1a: Azumarill|283/341","|-enditem|p1a: Azumarill|Starf Berry|[from] move: Knock Off|[of] p2a: Landorus","|-damage|p2a: Landorus|288/319|[from] item: Life Orb","|move|p1a: Azumarill|Ice Punch|p2a: Landorus","|-supereffective|p2a: Landorus","|-damage|p2a: Landorus|0 fnt","|faint|p2a: Landorus","|","|","|switch|p2a: Salamence|Salamence, M|331/331","|turn|21","|","|move|p2a: Salamence|Earthquake|p1a: Azumarill","|-damage|p1a: Azumarill|175/341","|move|p1a: Azumarill|Ice Punch|p2a: Salamence","|-supereffective|p2a: Salamence","|-damage|p2a: Salamence|0 fnt","|faint|p2a: Salamence","|","|","|switch|p2a: Togekiss|Togekiss, F|374/374","|turn|22","|","|move|p2a: Togekiss|Air Slash|p1a: Azumarill","|-damage|p1a: Azumarill|46/341","|cant|p1a: Azumarill|flinch","|","|turn|23","|","|move|p1a: Azumarill|Aqua Jet|p2a: Togekiss","|-damage|p2a: Togekiss|287/374","|move|p2a: Togekiss|Air Slash|p1a: Azumarill","|-damage|p1a: Azumarill|0 fnt","|faint|p1a: Azumarill","|","|","|switch|p1a: Klefki|Klefki, F|312/312","|turn|24","|","|move|p1a: Klefki|Thunder Wave|p2a: Togekiss","|-status|p2a: Togekiss|par","|-enditem|p2a: Togekiss|Lum Berry|[eat]","|-curestatus|p2a: Togekiss|par","|move|p2a: Togekiss|Thunder Wave|p1a: Klefki","|-status|p1a: Klefki|par","|","|turn|25","|","|move|p1a: Klefki|Thunder Wave|p2a: Togekiss","|-status|p2a: Togekiss|par","|cant|p2a: Togekiss|par","|","|turn|26","|","|move|p1a: Klefki|Attract|p2a: Togekiss","|-fail|p2a: Togekiss","|cant|p2a: Togekiss|par","|","|turn|27","|","|move|p1a: Klefki|Spikes|p2a: Togekiss","|-fail|p2a: Togekiss","|move|p2a: Togekiss|Air Slash|p1a: Klefki","|-resisted|p1a: Klefki","|-damage|p1a: Klefki|258/312 par","|","|turn|28","|","|switch|p1a: Sylveon|Sylveon, M|364/364","|move|p2a: Togekiss|Air Slash|p1a: Sylveon","|-damage|p1a: Sylveon|298/364","|","|-heal|p1a: Sylveon|320/364|[from] item: Leftovers","|turn|29","|","|move|p1a: Sylveon|Hyper Voice|p2a: Togekiss","|-crit|p2a: Togekiss","|-damage|p2a: Togekiss|109/374 par","|move|p2a: Togekiss|Thunder Wave|p1a: Sylveon","|-status|p1a: Sylveon|par","|","|-heal|p1a: Sylveon|342/364 par|[from] item: Leftovers","|turn|30","|","|move|p2a: Togekiss|Roost|p2a: Togekiss","|-heal|p2a: Togekiss|296/374 par","|move|p1a: Sylveon|Heal Bell|p1a: Sylveon","|-cureteam|p1a: Sylveon|[from] move: HealBell","|","|-heal|p1a: Sylveon|364/364|[from] item: Leftovers","|turn|31","|","|move|p1a: Sylveon|Hyper Voice|p2a: Togekiss","|-damage|p2a: Togekiss|182/374 par","|move|p2a: Togekiss|Roost|p2a: Togekiss","|-heal|p2a: Togekiss|369/374 par","|","|turn|32","|","|move|p1a: Sylveon|Hyper Voice|p2a: Togekiss","|-damage|p2a: Togekiss|245/374 par","|move|p2a: Togekiss|Air Slash|p1a: Sylveon","|-damage|p1a: Sylveon|301/364","|","|-heal|p1a: Sylveon|323/364|[from] item: Leftovers","|turn|33","|","|move|p1a: Sylveon|Hyper Voice|p2a: Togekiss","|-damage|p2a: Togekiss|136/374 par","|cant|p2a: Togekiss|par","|","|-heal|p1a: Sylveon|345/364|[from] item: Leftovers","|turn|34","|","|move|p1a: Sylveon|Hyper Voice|p2a: Togekiss","|-damage|p2a: Togekiss|18/374 par","|move|p2a: Togekiss|Thunder Wave|p1a: Sylveon","|-status|p1a: Sylveon|par","|","|-heal|p1a: Sylveon|364/364 par|[from] item: Leftovers","|turn|35","|","|move|p2a: Togekiss|Roost|p2a: Togekiss","|-heal|p2a: Togekiss|205/374 par","|cant|p1a: Sylveon|par","|","|turn|36","|","|switch|p1a: Klefki|Klefki, F|258/312","|move|p2a: Togekiss|Air Slash|p1a: Klefki","|-resisted|p1a: Klefki","|-damage|p1a: Klefki|205/312","|","|turn|37","|","|move|p1a: Klefki|Thunder Wave|p2a: Togekiss","|-fail|p2a: Togekiss|par","|move|p2a: Togekiss|Air Slash|p1a: Klefki","|-resisted|p1a: Klefki","|-damage|p1a: Klefki|145/312","|","|turn|38","|","|switch|p1a: Sylveon|Sylveon, M|364/364 par","|move|p2a: Togekiss|Air Slash|p1a: Sylveon","|-damage|p1a: Sylveon|306/364 par","|","|-heal|p1a: Sylveon|328/364 par|[from] item: Leftovers","|turn|39","|","|cant|p2a: Togekiss|par","|move|p1a: Sylveon|Heal Bell|p1a: Sylveon","|-cureteam|p1a: Sylveon|[from] move: HealBell","|","|-heal|p1a: Sylveon|350/364|[from] item: Leftovers","|turn|40","|","|move|p1a: Sylveon|Hyper Voice|p2a: Togekiss","|-damage|p2a: Togekiss|87/374 par","|move|p2a: Togekiss|Roost|p2a: Togekiss","|-heal|p2a: Togekiss|274/374 par","|","|-heal|p1a: Sylveon|364/364|[from] item: Leftovers","|turn|41","|","|move|p1a: Sylveon|Wish|p1a: Sylveon","|move|p2a: Togekiss|Roost|p2a: Togekiss","|-heal|p2a: Togekiss|374/374 par","|","|turn|42","|","|switch|p1a: Klefki|Klefki, F|145/312","|move|p2a: Togekiss|Thunder Wave|p1a: Klefki","|-status|p1a: Klefki|par","|","|-heal|p1a: Klefki|312/312 par|[from] move: Wish|[wisher] Sylveon","|turn|43","|","|cant|p1a: Klefki|par","|cant|p2a: Togekiss|par","|","|turn|44","|","|move|p1a: Klefki|Spikes|p2a: Togekiss","|-fail|p2a: Togekiss","|move|p2a: Togekiss|Air Slash|p1a: Klefki","|-resisted|p1a: Klefki","|-damage|p1a: Klefki|255/312 par","|","|turn|45","|","|switch|p1a: Sylveon|Sylveon, M|364/364","|move|p2a: Togekiss|Air Slash|p1a: Sylveon","|-damage|p1a: Sylveon|304/364","|","|-heal|p1a: Sylveon|326/364|[from] item: Leftovers","|turn|46","|","|move|p1a: Sylveon|Hyper Voice|p2a: Togekiss","|-damage|p2a: Togekiss|263/374 par","|move|p2a: Togekiss|Air Slash|p1a: Sylveon","|-damage|p1a: Sylveon|259/364","|","|-heal|p1a: Sylveon|281/364|[from] item: Leftovers","|turn|47","|","|switch|p1a: Klefki|Klefki, F|255/312 par","|move|p2a: Togekiss|Air Slash|p1a: Klefki","|-resisted|p1a: Klefki","|-damage|p1a: Klefki|195/312 par","|","|turn|48","|","|move|p1a: Klefki|Spikes|p2a: Togekiss","|-fail|p2a: Togekiss","|move|p2a: Togekiss|Air Slash|p1a: Klefki","|-resisted|p1a: Klefki","|-damage|p1a: Klefki|137/312 par","|","|turn|49","|","|move|p1a: Klefki|Spikes|p2a: Togekiss","|-fail|p2a: Togekiss","|cant|p2a: Togekiss|par","|","|turn|50","|","|switch|p1a: Sylveon|Sylveon, M|281/364","|move|p2a: Togekiss|Air Slash|p1a: Sylveon","|-damage|p1a: Sylveon|217/364","|","|-heal|p1a: Sylveon|239/364|[from] item: Leftovers","|turn|51","|","|move|p1a: Sylveon|Wish|p1a: Sylveon","|cant|p2a: Togekiss|par","|","|-heal|p1a: Sylveon|261/364|[from] item: Leftovers","|turn|52","|","|move|p1a: Sylveon|Hyper Voice|p2a: Togekiss","|-damage|p2a: Togekiss|151/374 par","|move|p2a: Togekiss|Thunder Wave|p1a: Sylveon","|-status|p1a: Sylveon|par","|","|-heal|p1a: Sylveon|364/364 par|[from] move: Wish|[wisher] Sylveon","|turn|53","|","|move|p2a: Togekiss|Roost|p2a: Togekiss","|-heal|p2a: Togekiss|338/374 par","|cant|p1a: Sylveon|par","|","|turn|54","|","|move|p2a: Togekiss|Air Slash|p1a: Sylveon","|-damage|p1a: Sylveon|297/364 par","|cant|p1a: Sylveon|flinch","|","|-heal|p1a: Sylveon|319/364 par|[from] item: Leftovers","|turn|55","|","|move|p2a: Togekiss|Air Slash|p1a: Sylveon","|-damage|p1a: Sylveon|256/364 par","|move|p1a: Sylveon|Wish|p1a: Sylveon","|","|-heal|p1a: Sylveon|278/364 par|[from] item: Leftovers","|turn|56","|","|switch|p1a: Klefki|Klefki, F|137/312 par","|move|p2a: Togekiss|Air Slash|p1a: Klefki","|-resisted|p1a: Klefki","|-damage|p1a: Klefki|83/312 par","|","|-heal|p1a: Klefki|265/312 par|[from] move: Wish|[wisher] Sylveon","|turn|57","|","|move|p1a: Klefki|Attract|p2a: Togekiss","|-fail|p2a: Togekiss","|move|p2a: Togekiss|Air Slash|p1a: Klefki","|-resisted|p1a: Klefki","|-damage|p1a: Klefki|205/312 par","|","|turn|58","|","|move|p1a: Klefki|Attract|p2a: Togekiss","|-fail|p2a: Togekiss","|move|p2a: Togekiss|Air Slash|p1a: Klefki","|-resisted|p1a: Klefki","|-damage|p1a: Klefki|153/312 par","|","|turn|59","|","|move|p1a: Klefki|Attract|p2a: Togekiss","|-fail|p2a: Togekiss","|move|p2a: Togekiss|Air Slash|p1a: Klefki","|-resisted|p1a: Klefki","|-damage|p1a: Klefki|96/312 par","|","|turn|60","|","|switch|p1a: Sylveon|Sylveon, M|278/364 par","|cant|p2a: Togekiss|par","|","|-heal|p1a: Sylveon|300/364 par|[from] item: Leftovers","|turn|61","|","|move|p2a: Togekiss|Air Slash|p1a: Sylveon","|-damage|p1a: Sylveon|236/364 par","|cant|p1a: Sylveon|par","|","|-heal|p1a: Sylveon|258/364 par|[from] item: Leftovers","|turn|62","|","|move|p2a: Togekiss|Air Slash|p1a: Sylveon","|-damage|p1a: Sylveon|197/364 par","|move|p1a: Sylveon|Wish|p1a: Sylveon","|","|-heal|p1a: Sylveon|219/364 par|[from] item: Leftovers","|turn|63","|","|move|p2a: Togekiss|Air Slash|p1a: Sylveon","|-damage|p1a: Sylveon|161/364 par","|move|p1a: Sylveon|Toxic|p2a: Togekiss|[miss]","|-miss|p1a: Sylveon|p2a: Togekiss","|","|-heal|p1a: Sylveon|343/364 par|[from] move: Wish|[wisher] Sylveon","|-heal|p1a: Sylveon|364/364 par|[from] item: Leftovers","|turn|64","|","|move|p2a: Togekiss|Air Slash|p1a: Sylveon","|-damage|p1a: Sylveon|297/364 par","|move|p1a: Sylveon|Wish|p1a: Sylveon","|","|-heal|p1a: Sylveon|319/364 par|[from] item: Leftovers","|turn|65","|","|switch|p1a: Klefki|Klefki, F|96/312 par","|cant|p2a: Togekiss|par","|","|-heal|p1a: Klefki|278/312 par|[from] move: Wish|[wisher] Sylveon","|turn|66","|","|move|p1a: Klefki|Thunder Wave|p2a: Togekiss","|-fail|p2a: Togekiss|par","|move|p2a: Togekiss|Thunder Wave|p1a: Klefki","|-fail|p1a: Klefki|par","|","|turn|67","|","|move|p1a: Klefki|Spikes|p2a: Togekiss","|-fail|p2a: Togekiss","|cant|p2a: Togekiss|par","|","|turn|68","|","|cant|p1a: Klefki|par","|move|p2a: Togekiss|Thunder Wave|p1a: Klefki","|-fail|p1a: Klefki|par","|","|turn|69","|","|move|p1a: Klefki|Spikes|p2a: Togekiss","|-fail|p2a: Togekiss","|move|p2a: Togekiss|Thunder Wave|p1a: Klefki","|-fail|p1a: Klefki|par","|","|turn|70","|","|move|p1a: Klefki|Spikes|p2a: Togekiss","|-fail|p2a: Togekiss","|move|p2a: Togekiss|Thunder Wave|p1a: Klefki","|-fail|p1a: Klefki|par","|","|turn|71","|","|move|p1a: Klefki|Spikes|p2a: Togekiss","|-fail|p2a: Togekiss","|move|p2a: Togekiss|Thunder Wave|p1a: Klefki","|-fail|p1a: Klefki|par","|","|turn|72","|","|cant|p1a: Klefki|par","|cant|p2a: Togekiss|par","|","|turn|73","|","|move|p1a: Klefki|Spikes|p2a: Togekiss","|-fail|p2a: Togekiss","|move|p2a: Togekiss|Thunder Wave|p1a: Klefki","|-fail|p1a: Klefki|par","|","|turn|74","|","|move|p1a: Klefki|Thunder Wave|p2a: Togekiss","|-fail|p2a: Togekiss|par","|cant|p2a: Togekiss|par","|","|turn|75","|","|cant|p1a: Klefki|par","|move|p2a: Togekiss|Thunder Wave|p1a: Klefki","|-fail|p1a: Klefki|par","|","|turn|76","|","|move|p1a: Klefki|Thunder Wave|p2a: Togekiss","|-fail|p2a: Togekiss|par","|cant|p2a: Togekiss|par","|","|turn|77","|","|move|p1a: Klefki|Thunder Wave|p2a: Togekiss","|-fail|p2a: Togekiss|par","|move|p2a: Togekiss|Thunder Wave|p1a: Klefki","|-fail|p1a: Klefki|par","|","|turn|78","|","|cant|p1a: Klefki|par","|move|p2a: Togekiss|Thunder Wave|p1a: Klefki","|-fail|p1a: Klefki|par","|","|turn|79","|","|move|p1a: Klefki|Thunder Wave|p2a: Togekiss","|-fail|p2a: Togekiss|par","|move|p2a: Togekiss|Thunder Wave|p1a: Klefki","|-fail|p1a: Klefki|par","|","|turn|80","|","|move|p1a: Klefki|Thunder Wave|p2a: Togekiss","|-fail|p2a: Togekiss|par","|move|p2a: Togekiss|Thunder Wave|p1a: Klefki","|-fail|p1a: Klefki|par","|","|turn|81","|","|cant|p1a: Klefki|par","|move|p2a: Togekiss|Thunder Wave|p1a: Klefki","|-fail|p1a: Klefki|par","|","|turn|82","|","|move|p1a: Klefki|Thunder Wave|p2a: Togekiss","|-fail|p2a: Togekiss|par","|move|p2a: Togekiss|Thunder Wave|p1a: Klefki","|-fail|p1a: Klefki|par","|","|turn|83","|","|cant|p1a: Klefki|par","|cant|p2a: Togekiss|par","|","|turn|84","|","|cant|p1a: Klefki|par","|move|p2a: Togekiss|Thunder Wave|p1a: Klefki","|-fail|p1a: Klefki|par","|","|turn|85","|","|move|p1a: Klefki|Thunder Wave|p2a: Togekiss","|-fail|p2a: Togekiss|par","|move|p2a: Togekiss|Thunder Wave|p1a: Klefki","|-fail|p1a: Klefki|par","|","|turn|86","|","|move|p1a: Klefki|Thunder Wave|p2a: Togekiss","|-fail|p2a: Togekiss|par","|cant|p2a: Togekiss|par","|","|turn|87","|","|move|p1a: Klefki|Thunder Wave|p2a: Togekiss","|-fail|p2a: Togekiss|par","|move|p2a: Togekiss|Thunder Wave|p1a: Klefki","|-fail|p1a: Klefki|par","|","|turn|88","|","|move|p1a: Klefki|Thunder Wave|p2a: Togekiss","|-fail|p2a: Togekiss|par","|cant|p2a: Togekiss|par","|","|turn|89","|","|move|p1a: Klefki|Spikes|p2a: Togekiss","|-fail|p2a: Togekiss","|cant|p2a: Togekiss|par","|","|turn|90","|","|move|p1a: Klefki|Spikes|p2a: Togekiss","|-fail|p2a: Togekiss","|move|p2a: Togekiss|Thunder Wave|p1a: Klefki","|-fail|p1a: Klefki|par","|","|turn|91","|","|cant|p1a: Klefki|par","|cant|p2a: Togekiss|par","|","|turn|92","|","|move|p1a: Klefki|Spikes|p2a: Togekiss","|-fail|p2a: Togekiss","|move|p2a: Togekiss|Thunder Wave|p1a: Klefki","|-fail|p1a: Klefki|par","|","|turn|93","|","|cant|p1a: Klefki|par","|move|p2a: Togekiss|Thunder Wave|p1a: Klefki","|-fail|p1a: Klefki|par","|","|turn|94","|","|move|p1a: Klefki|Thunder Wave|p2a: Togekiss","|-fail|p2a: Togekiss|par","|move|p2a: Togekiss|Thunder Wave|p1a: Klefki","|-fail|p1a: Klefki|par","|","|turn|95","|","|cant|p1a: Klefki|par","|move|p2a: Togekiss|Thunder Wave|p1a: Klefki","|-fail|p1a: Klefki|par","|","|turn|96","|","|move|p1a: Klefki|Thunder Wave|p2a: Togekiss","|-fail|p2a: Togekiss|par","|move|p2a: Togekiss|Thunder Wave|p1a: Klefki","|-fail|p1a: Klefki|par","|","|turn|97","|","|move|p1a: Klefki|Thunder Wave|p2a: Togekiss","|-fail|p2a: Togekiss|par","|move|p2a: Togekiss|Thunder Wave|p1a: Klefki","|-fail|p1a: Klefki|par","|","|turn|98","|","|move|p1a: Klefki|Thunder Wave|p2a: Togekiss","|-fail|p2a: Togekiss|par","|cant|p2a: Togekiss|par","|","|turn|99","|","|move|p1a: Klefki|Spikes|p2a: Togekiss","|-fail|p2a: Togekiss","|cant|p2a: Togekiss|par","|","|turn|100","|","|move|p1a: Klefki|Spikes|p2a: Togekiss","|-fail|p2a: Togekiss","|move|p2a: Togekiss|Thunder Wave|p1a: Klefki","|-fail|p1a: Klefki|par","|","|turn|101","|","|move|p1a: Klefki|Spikes|p2a: Togekiss","|-fail|p2a: Togekiss","|move|p2a: Togekiss|Thunder Wave|p1a: Klefki","|-fail|p1a: Klefki|par","|","|turn|102","|","|move|p1a: Klefki|Spikes|p2a: Togekiss","|-fail|p2a: Togekiss","|move|p2a: Togekiss|Thunder Wave|p1a: Klefki","|-fail|p1a: Klefki|par","|","|turn|103","|","|cant|p1a: Klefki|par","|move|p2a: Togekiss|Thunder Wave|p1a: Klefki","|-fail|p1a: Klefki|par","|","|turn|104","|","|move|p1a: Klefki|Spikes|p2a: Togekiss","|-fail|p2a: Togekiss","|cant|p2a: Togekiss|par","|","|turn|105","|","|cant|p1a: Klefki|par","|move|p2a: Togekiss|Defog|p1a: Klefki","|-unboost|p1a: Klefki|evasion|1","|-sideend|p2: Carnie KeySein|Spikes|[from] move: Defog|[of] p2a: Togekiss","|","|turn|106","|","|move|p1a: Klefki|Attract|p2a: Togekiss","|-fail|p2a: Togekiss","|move|p2a: Togekiss|Defog|p1a: Klefki","|-unboost|p1a: Klefki|evasion|1","|","|turn|107","|","|cant|p1a: Klefki|par","|move|p2a: Togekiss|Defog|p1a: Klefki","|-unboost|p1a: Klefki|evasion|1","|","|turn|108","|","|move|p1a: Klefki|Spikes|p2a: Togekiss","|-sidestart|p2: Carnie KeySein|Spikes","|move|p2a: Togekiss|Defog|p1a: Klefki","|-unboost|p1a: Klefki|evasion|1","|-sideend|p2: Carnie KeySein|Spikes|[from] move: Defog|[of] p2a: Togekiss","|","|turn|109","|","|move|p1a: Klefki|Attract|p2a: Togekiss","|-fail|p2a: Togekiss","|move|p2a: Togekiss|Defog|p1a: Klefki","|-unboost|p1a: Klefki|evasion|1","|","|turn|110","|","|move|p1a: Klefki|Attract|p2a: Togekiss","|-fail|p2a: Togekiss","|move|p2a: Togekiss|Defog|p1a: Klefki","|-unboost|p1a: Klefki|evasion|1","|","|turn|111","|","|move|p1a: Klefki|Attract|p2a: Togekiss","|-fail|p2a: Togekiss","|move|p2a: Togekiss|Defog|p1a: Klefki","|","|turn|112","|","|move|p1a: Klefki|Spikes|p2a: Togekiss","|-sidestart|p2: Carnie KeySein|Spikes","|cant|p2a: Togekiss|par","|","|turn|113","|","|move|p1a: Klefki|Spikes|p2a: Togekiss","|-sidestart|p2: Carnie KeySein|Spikes","|move|p2a: Togekiss|Defog|p1a: Klefki","|-sideend|p2: Carnie KeySein|Spikes|[from] move: Defog|[of] p2a: Togekiss","|","|turn|114","|","|move|p1a: Klefki|Attract|p2a: Togekiss","|-fail|p2a: Togekiss","|move|p2a: Togekiss|Defog|p1a: Klefki","|","|turn|115","|","|move|p1a: Klefki|Thunder Wave|p2a: Togekiss","|-fail|p2a: Togekiss|par","|move|p2a: Togekiss|Defog|p1a: Klefki","|","|turn|116","|","|move|p1a: Klefki|Thunder Wave|p2a: Togekiss","|-fail|p2a: Togekiss|par","|move|p2a: Togekiss|Defog|p1a: Klefki","|","|turn|117","|","|move|p1a: Klefki|Thunder Wave|p2a: Togekiss","|-fail|p2a: Togekiss|par","|move|p2a: Togekiss|Defog|p1a: Klefki","|","|turn|118","|","|move|p1a: Klefki|Thunder Wave|p2a: Togekiss","|-fail|p2a: Togekiss|par","|move|p2a: Togekiss|Defog|p1a: Klefki","|","|turn|119","|","|move|p1a: Klefki|Thunder Wave|p2a: Togekiss","|-fail|p2a: Togekiss|par","|move|p2a: Togekiss|Defog|p1a: Klefki","|","|turn|120","|","|move|p1a: Klefki|Thunder Wave|p2a: Togekiss","|-fail|p2a: Togekiss|par","|move|p2a: Togekiss|Defog|p1a: Klefki","|","|turn|121","|","|move|p1a: Klefki|Spikes|p2a: Togekiss","|-sidestart|p2: Carnie KeySein|Spikes","|move|p2a: Togekiss|Defog|p1a: Klefki","|-sideend|p2: Carnie KeySein|Spikes|[from] move: Defog|[of] p2a: Togekiss","|","|turn|122","|","|win|dreamchaser mmg"],"p1rating":{"entryid":"817830","serverid":"eos","formatid":"monotype","userid":"dreamchasermmg","username":"dreamchaser mmg","w":2,"l":"5","t":"0","gxe":40.8,"r":"1500","rd":"130","sigma":"0","rptime":"1441270800","rpr":1427.6557114625,"rprd":95.001437307145,"rpsigma":"0","acre":1074.4896830828,"lacre":1074.4896830828,"oldacre":"1028.5317887323"},"p2rating":{"entryid":"787247","serverid":"eos","formatid":"monotype","userid":"carniekeysein","username":"Carnie KeySein","w":"10","l":9,"t":"0","gxe":52.7,"r":"1523.4884859227","rd":"89.635850194284","sigma":"0","rptime":"1441270800","rpr":1520.8242270542,"rprd":70.830630122346,"rpsigma":"0","acre":1098.8133830149,"lacre":1098.8133830149,"oldacre":"1130.978553967"},"endType":"forfeit"}