{"seed":[62513,24420,9466,29523],"turns":26,"p1":"Emg GL Bit","p2":"dreamchaser mmg","p1team":[{"name":"Tyranitar","species":"Tyranitar","item":"assaultvest","ability":"Sand Stream","moves":["darkpulse","icebeam","fireblast","thunderbolt"],"nature":"Modest","evs":{"hp":252,"atk":0,"def":0,"spa":188,"spd":68,"spe":0},"ivs":{"hp":31,"atk":31,"def":31,"spa":31,"spd":31,"spe":31}},{"name":"Last Thing You See","species":"terrakion","item":"choiceband","ability":"Justified","moves":["stoneedge","closecombat","earthquake","quickattack"],"nature":"Jolly","evs":{"hp":0,"atk":252,"def":4,"spa":0,"spd":0,"spe":252},"shiny":true,"ivs":{"hp":31,"atk":31,"def":31,"spa":31,"spd":31,"spe":31}},{"name":"Blown Back","species":"cradily","item":"leftovers","ability":"Storm Drain","moves":["seedbomb","earthquake","recover","curse"],"nature":"Careful","evs":{"hp":252,"atk":4,"def":0,"spa":0,"spd":252,"spe":0},"gender":"F","ivs":{"hp":31,"atk":31,"def":31,"spa":31,"spd":31,"spe":31}},{"name":"Unkillable","species":"rhyperior","item":"weaknesspolicy","ability":"Solid Rock","moves":["earthquake","stoneedge","firepunch","icepunch"],"nature":"Impish","evs":{"hp":252,"atk":4,"def":252,"spa":0,"spd":0,"spe":0},"gender":"M","shiny":true,"ivs":{"hp":31,"atk":31,"def":31,"spa":31,"spd":31,"spe":31}},{"name":"Omastar","species":"Omastar","item":"focussash","ability":"Weak Armor","moves":["hydropump","icebeam","hiddenpowergrass","shellsmash"],"nature":"Timid","evs":{"hp":0,"atk":0,"def":0,"spa":252,"spd":4,"spe":252},"ivs":{"hp":31,"atk":30,"def":31,"spa":30,"spd":31,"spe":31}},{"name":"Mah Boy","species":"shuckle","item":"mentalherb","ability":"Sturdy","moves":["stickyweb","stealthrock","encore","knockoff"],"nature":"Impish","evs":{"hp":252,"atk":0,"def":156,"spa":0,"spd":100,"spe":0},"gender":"M","shiny":true,"ivs":{"hp":31,"atk":31,"def":31,"spa":31,"spd":31,"spe":31}}],"p2team":[{"name":"Diancie","species":"Diancie","item":"diancite","ability":"Clear Body","moves":["calmmind","diamondstorm","hiddenpowerfire","moonblast"],"nature":"","ivs":{"hp":31,"atk":30,"def":31,"spa":30,"spd":31,"spe":30},"evs":{"hp":0,"atk":0,"def":0,"spa":0,"spd":0,"spe":0}},{"name":"Azumarill","species":"Azumarill","item":"starfberry","ability":"Huge Power","moves":["aquajet","icepunch","playrough","waterfall"],"nature":"Adamant","evs":{"hp":0,"atk":252,"def":248,"spa":0,"spd":8,"spe":0},"ivs":{"hp":31,"atk":31,"def":31,"spa":31,"spd":31,"spe":31}},{"name":"Clefable","species":"Clefable","item":"pixieplate","ability":"Unaware","moves":["calmmind","wish","moonblast","fireblast"],"nature":"Bold","evs":{"hp":0,"atk":0,"def":252,"spa":8,"spd":248,"spe":0},"ivs":{"hp":31,"atk":31,"def":31,"spa":31,"spd":31,"spe":31}},{"name":"Sylveon","species":"Sylveon","item":"leftovers","ability":"Pixilate","moves":["healbell","hypervoice","toxic","wish"],"nature":"Calm","evs":{"hp":132,"atk":0,"def":0,"spa":124,"spd":252,"spe":0},"ivs":{"hp":31,"atk":31,"def":31,"spa":31,"spd":31,"spe":31}},{"name":"Gardevoir","species":"Gardevoir","item":"brightpowder","ability":"Trace","moves":["psychic","moonblast","focusblast","thunderwave"],"nature":"Modest","evs":{"hp":180,"atk":0,"def":0,"spa":216,"spd":8,"spe":104},"ivs":{"hp":31,"atk":31,"def":31,"spa":31,"spd":31,"spe":31}},{"name":"Klefki","species":"Klefki","item":"rockyhelmet","ability":"Prankster","moves":["thunderwave","spikes","attract","toxic"],"nature":"Bold","evs":{"hp":228,"atk":0,"def":252,"spa":0,"spd":28,"spe":0},"ivs":{"hp":31,"atk":31,"def":31,"spa":31,"spd":31,"spe":31}}],"log":["|player|p1|Emg GL Bit|154","|player|p2|dreamchaser mmg|167","|gametype|singles","|gen|6","|tier|Monotype","|rated","|rule|Baton Pass Clause: Limit one Baton Passer, can't pass Spe and other stats simultaneously","|rule|Swagger Clause: Swagger is banned","|rule|Same Type Clause: Pokémon in a team must share a type","|clearpoke","|poke|p1|Tyranitar, F","|poke|p1|Terrakion, shiny","|poke|p1|Cradily, F","|poke|p1|Rhyperior, M, shiny","|poke|p1|Omastar, M","|poke|p1|Shuckle, M, shiny","|poke|p2|Diancie","|poke|p2|Azumarill, F","|poke|p2|Clefable, F","|poke|p2|Sylveon, M","|poke|p2|Gardevoir, F","|poke|p2|Klefki, F","|rule|Sleep Clause Mod: Limit one foe put to sleep","|rule|Species Clause: Limit one of each Pokémon","|rule|OHKO Clause: OHKO moves are banned","|rule|Moody Clause: Moody is banned","|rule|Evasion Moves Clause: Evasion moves are banned","|rule|Endless Battle Clause: Forcing endless battles is banned","|rule|HP Percentage Mod: HP is shown in percentages","|teampreview","|","|start","|switch|p1a: Mah Boy|Shuckle, M, shiny|244/244","|switch|p2a: Azumarill|Azumarill, F|341/341","|turn|1","|","|move|p2a: Azumarill|Waterfall|p1a: Mah Boy","|-supereffective|p1a: Mah Boy","|-damage|p1a: Mah Boy|116/244","|move|p1a: Mah Boy|Encore|p2a: Azumarill","|-start|p2a: Azumarill|Encore","|","|turn|2","|","|switch|p1a: Blown Back|Cradily, F|376/376","|move|p2a: Azumarill|Waterfall|p1a: Blown Back","|-boost|p1a: Blown Back|spa|1|[from] ability: Storm Drain","|","|turn|3","|","|switch|p2a: Klefki|Klefki, F|312/312","|move|p1a: Blown Back|Earthquake|p2a: Klefki","|-crit|p2a: Klefki","|-supereffective|p2a: Klefki","|-damage|p2a: Klefki|166/312","|","|turn|4","|","|move|p2a: Klefki|Thunder Wave|p1a: Blown Back","|-status|p1a: Blown Back|par","|move|p1a: Blown Back|Earthquake|p2a: Klefki","|-crit|p2a: Klefki","|-supereffective|p2a: Klefki","|-damage|p2a: Klefki|4/312","|","|turn|5","|","|move|p2a: Klefki|Spikes|p1a: Blown Back","|-sidestart|p1: Emg GL Bit|Spikes","|move|p1a: Blown Back|Earthquake|p2a: Klefki","|-supereffective|p2a: Klefki","|-damage|p2a: Klefki|0 fnt","|faint|p2a: Klefki","|","|","|switch|p2a: Gardevoir|Gardevoir, F|322/322","|-ability|p2a: Gardevoir|Storm Drain|[from] ability: Trace|[of] p1a: Blown Back","|turn|6","|","|move|p2a: Gardevoir|Focus Blast|p1a: Blown Back","|-supereffective|p1a: Blown Back","|-damage|p1a: Blown Back|160/376 par","|cant|p1a: Blown Back|par","|","|-heal|p1a: Blown Back|183/376 par|[from] item: Leftovers","|turn|7","|","|switch|p1a: Mah Boy|Shuckle, M, shiny|116/244","|-damage|p1a: Mah Boy|86/244|[from] Spikes","|move|p2a: Gardevoir|Focus Blast|p1a: Mah Boy","|-damage|p1a: Mah Boy|13/244","|","|turn|8","|","|move|p2a: Gardevoir|Psychic|p1a: Mah Boy","|-damage|p1a: Mah Boy|0 fnt","|faint|p1a: Mah Boy","|","|","|switch|p1a: Tyranitar|Tyranitar, F|404/404","|-damage|p1a: Tyranitar|354/404|[from] Spikes","|-weather|Sandstorm","|turn|9","|","|move|p2a: Gardevoir|Thunder Wave|p1a: Tyranitar","|-status|p1a: Tyranitar|par","|move|p1a: Tyranitar|Dark Pulse|p2a: Gardevoir","|-damage|p2a: Gardevoir|214/322","|","|-weather|Sandstorm|[upkeep]","|-damage|p2a: Gardevoir|194/322|[from] sandstorm","|turn|10","|","|move|p2a: Gardevoir|Focus Blast|p1a: Tyranitar","|-supereffective|p1a: Tyranitar","|-damage|p1a: Tyranitar|110/404 par","|move|p1a: Tyranitar|Dark Pulse|p2a: Gardevoir","|-damage|p2a: Gardevoir|85/322","|","|-weather|Sandstorm|[upkeep]","|-damage|p2a: Gardevoir|65/322|[from] sandstorm","|turn|11","|","|move|p2a: Gardevoir|Focus Blast|p1a: Tyranitar","|-supereffective|p1a: Tyranitar","|-damage|p1a: Tyranitar|0 fnt","|faint|p1a: Tyranitar","|","|-weather|Sandstorm|[upkeep]","|-damage|p2a: Gardevoir|45/322|[from] sandstorm","|","|switch|p1a: Blown Back|Cradily, F|183/376 par","|-damage|p1a: Blown Back|136/376 par|[from] Spikes","|turn|12","|","|move|p2a: Gardevoir|Psychic|p1a: Blown Back","|-damage|p1a: Blown Back|57/376 par","|move|p1a: Blown Back|Recover|p1a: Blown Back","|-heal|p1a: Blown Back|245/376 par","|","|-weather|Sandstorm|[upkeep]","|-damage|p2a: Gardevoir|25/322|[from] sandstorm","|-heal|p1a: Blown Back|268/376 par|[from] item: Leftovers","|turn|13","|","|move|p2a: Gardevoir|Focus Blast|p1a: Blown Back","|-supereffective|p1a: Blown Back","|-damage|p1a: Blown Back|138/376 par","|cant|p1a: Blown Back|par","|","|-weather|none","|-heal|p1a: Blown Back|161/376 par|[from] item: Leftovers","|turn|14","|","|move|p2a: Gardevoir|Focus Blast|p1a: Blown Back","|-supereffective|p1a: Blown Back","|-damage|p1a: Blown Back|0 fnt","|faint|p1a: Blown Back","|","|","|switch|p1a: Last Thing You See|Terrakion, shiny|323/323","|-damage|p1a: Last Thing You See|283/323|[from] Spikes","|turn|15","|","|move|p1a: Last Thing You See|Stone Edge|p2a: Gardevoir","|-damage|p2a: Gardevoir|0 fnt","|faint|p2a: Gardevoir","|","|","|switch|p2a: Azumarill|Azumarill, F|341/341","|turn|16","|","|move|p1a: Last Thing You See|Stone Edge|p2a: Azumarill","|-damage|p2a: Azumarill|91/341","|move|p2a: Azumarill|Waterfall|p1a: Last Thing You See","|-supereffective|p1a: Last Thing You See","|-damage|p1a: Last Thing You See|0 fnt","|faint|p1a: Last Thing You See","|","|","|switch|p1a: Omastar|Omastar, M|281/281","|-damage|p1a: Omastar|246/281|[from] Spikes","|turn|17","|","|move|p1a: Omastar|Hidden Power|p2a: Azumarill","|-supereffective|p2a: Azumarill","|-damage|p2a: Azumarill|0 fnt","|faint|p2a: Azumarill","|","|","|switch|p2a: Sylveon|Sylveon, M|364/364","|turn|18","|","|move|p1a: Omastar|Hydro Pump|p2a: Sylveon","|-damage|p2a: Sylveon|252/364","|move|p2a: Sylveon|Wish|p2a: Sylveon","|","|-heal|p2a: Sylveon|274/364|[from] item: Leftovers","|turn|19","|","|move|p1a: Omastar|Hydro Pump|p2a: Sylveon","|-damage|p2a: Sylveon|174/364","|move|p2a: Sylveon|Toxic|p1a: Omastar","|-status|p1a: Omastar|tox","|","|-heal|p2a: Sylveon|356/364|[from] move: Wish|[wisher] Sylveon","|-heal|p2a: Sylveon|364/364|[from] item: Leftovers","|-damage|p1a: Omastar|229/281 tox|[from] psn","|turn|20","|","|move|p1a: Omastar|Shell Smash|p1a: Omastar","|-unboost|p1a: Omastar|def|1","|-unboost|p1a: Omastar|spd|1","|-boost|p1a: Omastar|atk|2","|-boost|p1a: Omastar|spa|2","|-boost|p1a: Omastar|spe|2","|move|p2a: Sylveon|Wish|p2a: Sylveon","|","|-damage|p1a: Omastar|195/281 tox|[from] psn","|turn|21","|","|move|p1a: Omastar|Hydro Pump|p2a: Sylveon","|-damage|p2a: Sylveon|156/364","|move|p2a: Sylveon|Hyper Voice|p1a: Omastar","|-damage|p1a: Omastar|0 fnt","|faint|p1a: Omastar","|","|-heal|p2a: Sylveon|338/364|[from] move: Wish|[wisher] Sylveon","|-heal|p2a: Sylveon|360/364|[from] item: Leftovers","|","|switch|p1a: Unkillable|Rhyperior, M, shiny|434/434","|-damage|p1a: Unkillable|380/434|[from] Spikes","|turn|22","|","|move|p2a: Sylveon|Wish|p2a: Sylveon","|move|p1a: Unkillable|Earthquake|p2a: Sylveon","|-damage|p2a: Sylveon|147/364","|","|-heal|p2a: Sylveon|169/364|[from] item: Leftovers","|turn|23","|","|move|p2a: Sylveon|Toxic|p1a: Unkillable","|-status|p1a: Unkillable|tox","|move|p1a: Unkillable|Earthquake|p2a: Sylveon","|-damage|p2a: Sylveon|0 fnt","|faint|p2a: Sylveon","|","|-damage|p1a: Unkillable|353/434 tox|[from] psn","|","|switch|p2a: Clefable|Clefable, F|331/331","|turn|24","|","|move|p2a: Clefable|Wish|p2a: Clefable","|move|p1a: Unkillable|Stone Edge|p2a: Clefable","|-damage|p2a: Clefable|187/331","|","|-damage|p1a: Unkillable|299/434 tox|[from] psn","|turn|25","|","|move|p2a: Clefable|Moonblast|p1a: Unkillable","|-damage|p1a: Unkillable|83/434 tox","|-unboost|p1a: Unkillable|spa|1","|move|p1a: Unkillable|Stone Edge|p2a: Clefable|[miss]","|-miss|p1a: Unkillable|p2a: Clefable","|","|-heal|p2a: Clefable|331/331|[from] move: Wish|[wisher] Clefable","|-damage|p1a: Unkillable|2/434 tox|[from] psn","|turn|26","|","|move|p2a: Clefable|Moonblast|p1a: Unkillable","|-damage|p1a: Unkillable|0 fnt","|faint|p1a: Unkillable","|","|win|dreamchaser mmg"],"p1rating":{"entryid":820046,"formatid":"monotype","userid":"emgglbit","username":"Emg GL Bit","r":1500,"rd":130,"sigma":0,"rpr":1459.8393856612,"rprd":122.8583080769,"rpsigma":0,"rptime":1441270800,"w":0,"l":1,"t":0,"gxe":45,"acre":1000,"lacre":1000,"oldacre":1000},"p2rating":{"entryid":"817830","serverid":"eos","formatid":"monotype","userid":"dreamchasermmg","username":"dreamchaser mmg","w":1,"l":"4","t":"0","gxe":39.4,"r":"1500","rd":"130","sigma":"0","rptime":"1441270800","rpr":1415.685614577,"rprd":102.58464205064,"rpsigma":"0","acre":1040,"lacre":1040,"oldacre":"1000"},"endType":"normal"}