{"seed":[11408,4196,65105,55362],"turns":35,"p1":"Coloniol Mustang","p2":"TajCore","p1team":[{"name":"Regice","species":"Regice","item":"weaknesspolicy","ability":"Clear Body","moves":["icebeam","chargebeam","flashcannon","rest"],"nature":"Modest","evs":{"hp":0,"atk":0,"def":0,"spa":252,"spd":0,"spe":0},"ivs":{"hp":31,"atk":31,"def":31,"spa":31,"spd":31,"spe":31}},{"name":"Weavile","species":"Weavile","item":"choiceband","ability":"Pressure","moves":["lowkick","aerialace","knockoff","iciclecrash"],"nature":"Jolly","evs":{"hp":4,"atk":252,"def":0,"spa":0,"spd":0,"spe":252},"ivs":{"hp":31,"atk":31,"def":31,"spa":31,"spd":31,"spe":31}},{"name":"Walrein","species":"Walrein","item":"chestoberry","ability":"Thick Fat","moves":["surf","icebeam","roar","rest"],"nature":"Modest","evs":{"hp":248,"atk":0,"def":0,"spa":252,"spd":8,"spe":0},"ivs":{"hp":31,"atk":31,"def":31,"spa":31,"spd":31,"spe":31}},{"name":"Froslass","species":"Froslass","item":"focussash","ability":"Cursed Body","moves":["spikes","shadowball","taunt","destinybond"],"nature":"Jolly","evs":{"hp":4,"atk":0,"def":0,"spa":252,"spd":0,"spe":252},"ivs":{"hp":31,"atk":31,"def":31,"spa":31,"spd":31,"spe":31}},{"name":"Mamoswine","species":"Mamoswine","item":"lifeorb","ability":"Thick Fat","moves":["curse","iceshard","avalanche","earthquake"],"nature":"Impish","evs":{"hp":252,"atk":0,"def":252,"spa":0,"spd":0,"spe":0},"ivs":{"hp":31,"atk":31,"def":31,"spa":31,"spd":31,"spe":31}},{"name":"Avalugg","species":"Avalugg","item":"leftovers","ability":"Sturdy","moves":["earthquake","avalanche","recover","rapidspin"],"nature":"Adamant","evs":{"hp":252,"atk":0,"def":252,"spa":0,"spd":0,"spe":0},"ivs":{"hp":31,"atk":31,"def":31,"spa":31,"spd":31,"spe":31}}],"p2team":[{"name":"Malamar","species":"Malamar","item":"choicescarf","ability":"Contrary","moves":["superpower","psychocut","knockoff","rockslide"],"nature":"Jolly","evs":{"hp":0,"atk":252,"def":0,"spa":0,"spd":4,"spe":252},"ivs":{"hp":31,"atk":31,"def":31,"spa":31,"spd":31,"spe":31}},{"name":"Absol","species":"Absol","item":"scopelens","ability":"Super Luck","moves":["nightslash","slash","psychocut","swordsdance"],"nature":"Jolly","evs":{"hp":0,"atk":252,"def":0,"spa":0,"spd":4,"spe":252},"ivs":{"hp":31,"atk":31,"def":31,"spa":31,"spd":31,"spe":31}},{"name":"Krookodile","species":"Krookodile","item":"lifeorb","ability":"Moxie","moves":["earthquake","crunch","stealthrock","rockslide"],"nature":"Jolly","evs":{"hp":0,"atk":252,"def":0,"spa":0,"spd":4,"spe":252},"ivs":{"hp":31,"atk":31,"def":31,"spa":31,"spd":31,"spe":31}},{"name":"Sableye","species":"Sableye","item":"sablenite","ability":"Keen Eye","moves":["willowisp","calmmind","shadowball","taunt"],"nature":"Bold","evs":{"hp":0,"atk":0,"def":252,"spa":0,"spd":0,"spe":0},"ivs":{"hp":31,"atk":31,"def":31,"spa":31,"spd":31,"spe":31}},{"name":"Weavile","species":"Weavile","item":"","ability":"Pickpocket","moves":["aerialace","brickbreak","pursuit","iceshard"],"nature":"Jolly","evs":{"hp":0,"atk":252,"def":0,"spa":0,"spd":4,"spe":252},"ivs":{"hp":31,"atk":31,"def":31,"spa":31,"spd":31,"spe":31}},{"name":"Sharpedo","species":"Sharpedo","item":"lifeorb","ability":"Speed Boost","moves":["waterfall","crunch","bounce","icefang"],"nature":"Adamant","evs":{"hp":0,"atk":252,"def":0,"spa":0,"spd":4,"spe":252},"ivs":{"hp":31,"atk":31,"def":31,"spa":31,"spd":31,"spe":31}}],"log":["|player|p1|Coloniol Mustang|124","|player|p2|TajCore|101","|gametype|singles","|gen|6","|tier|Monotype","|rated","|rule|Baton Pass Clause: Limit one Baton Passer, can't pass Spe and other stats simultaneously","|rule|Swagger Clause: Swagger is banned","|rule|Same Type Clause: Pokémon in a team must share a type","|clearpoke","|poke|p1|Regice","|poke|p1|Weavile, F","|poke|p1|Walrein, F","|poke|p1|Froslass, F","|poke|p1|Mamoswine, M","|poke|p1|Avalugg, F","|poke|p2|Malamar, F","|poke|p2|Absol, F","|poke|p2|Krookodile, F","|poke|p2|Sableye, M","|poke|p2|Weavile, F","|poke|p2|Sharpedo, M","|rule|Sleep Clause Mod: Limit one foe put to sleep","|rule|Species Clause: Limit one of each Pokémon","|rule|OHKO Clause: OHKO moves are banned","|rule|Moody Clause: Moody is banned","|rule|Evasion Moves Clause: Evasion moves are banned","|rule|Endless Battle Clause: Forcing endless battles is banned","|rule|HP Percentage Mod: HP is shown in percentages","|teampreview","|","|start","|switch|p1a: Froslass|Froslass, F|282/282","|switch|p2a: Malamar|Malamar, F|313/313","|turn|1","|","|move|p2a: Malamar|Knock Off|p1a: Froslass","|-supereffective|p1a: Froslass","|-enditem|p1a: Froslass|Focus Sash","|-damage|p1a: Froslass|1/282","|move|p1a: Froslass|Spikes|p2a: Malamar","|-sidestart|p2: TajCore|Spikes","|","|turn|2","|","|switch|p1a: Avalugg|Avalugg, F|394/394","|move|p2a: Malamar|Knock Off|p1a: Avalugg","|-damage|p1a: Avalugg|330/394","|-enditem|p1a: Avalugg|Leftovers|[from] move: Knock Off|[of] p2a: Malamar","|","|turn|3","|","|switch|p2a: Weavile|Weavile, F|281/281","|-damage|p2a: Weavile|246/281|[from] Spikes","|move|p1a: Avalugg|Avalanche|p2a: Weavile","|-resisted|p2a: Weavile","|-damage|p2a: Weavile|183/281","|","|turn|4","|","|move|p2a: Weavile|Brick Break|p1a: Avalugg","|-supereffective|p1a: Avalugg","|-damage|p1a: Avalugg|240/394","|move|p1a: Avalugg|Avalanche|p2a: Weavile","|-resisted|p2a: Weavile","|-damage|p2a: Weavile|58/281","|","|turn|5","|","|move|p2a: Weavile|Brick Break|p1a: Avalugg","|-supereffective|p1a: Avalugg","|-damage|p1a: Avalugg|154/394","|move|p1a: Avalugg|Avalanche|p2a: Weavile","|-resisted|p2a: Weavile","|-damage|p2a: Weavile|0 fnt","|faint|p2a: Weavile","|","|","|switch|p2a: Malamar|Malamar, F|313/313","|-damage|p2a: Malamar|274/313|[from] Spikes","|turn|6","|","|move|p2a: Malamar|Superpower|p1a: Avalugg","|-supereffective|p1a: Avalugg","|-damage|p1a: Avalugg|40/394","|-boost|p2a: Malamar|atk|1","|-boost|p2a: Malamar|def|1","|move|p1a: Avalugg|Recover|p1a: Avalugg","|-heal|p1a: Avalugg|237/394","|","|turn|7","|","|move|p2a: Malamar|Superpower|p1a: Avalugg","|-supereffective|p1a: Avalugg","|-damage|p1a: Avalugg|57/394","|-boost|p2a: Malamar|atk|1","|-boost|p2a: Malamar|def|1","|move|p1a: Avalugg|Avalanche|p2a: Malamar","|-damage|p2a: Malamar|168/313","|","|turn|8","|","|switch|p1a: Froslass|Froslass, F|1/282","|move|p2a: Malamar|Superpower|p1a: Froslass","|-immune|p1a: Froslass|[msg]","|","|turn|9","|","|switch|p2a: Absol|Absol, F|271/271","|-damage|p2a: Absol|238/271|[from] Spikes","|switch|p1a: Weavile|Weavile, F|282/282","|-ability|p1a: Weavile|Pressure","|","|turn|10","|","|switch|p2a: Sableye|Sableye, M|241/241","|-damage|p2a: Sableye|211/241|[from] Spikes","|move|p1a: Weavile|Low Kick|p2a: Sableye","|-immune|p2a: Sableye|[msg]","|","|turn|11","|","|switch|p1a: Avalugg|Avalugg, F|57/394","|detailschange|p2a: Sableye|Sableye-Mega, M","|-mega|p2a: Sableye|Sableye|Sablenite","|move|p2a: Sableye|Will-O-Wisp|p1a: Avalugg","|-status|p1a: Avalugg|brn","|","|-damage|p1a: Avalugg|8/394 brn|[from] brn","|turn|12","|","|move|p1a: Avalugg|Recover|p1a: Avalugg","|-heal|p1a: Avalugg|205/394 brn","|move|p2a: Sableye|Calm Mind|p2a: Sableye","|-boost|p2a: Sableye|spa|1","|-boost|p2a: Sableye|spd|1","|","|-damage|p1a: Avalugg|156/394 brn|[from] brn","|turn|13","|","|move|p1a: Avalugg|Recover|p1a: Avalugg","|-heal|p1a: Avalugg|353/394 brn","|move|p2a: Sableye|Calm Mind|p2a: Sableye","|-boost|p2a: Sableye|spa|1","|-boost|p2a: Sableye|spd|1","|","|-damage|p1a: Avalugg|304/394 brn|[from] brn","|turn|14","|","|move|p2a: Sableye|Calm Mind|p2a: Sableye","|-boost|p2a: Sableye|spa|1","|-boost|p2a: Sableye|spd|1","|move|p1a: Avalugg|Avalanche|p2a: Sableye","|-damage|p2a: Sableye|182/241","|","|-damage|p1a: Avalugg|255/394 brn|[from] brn","|turn|15","|","|switch|p1a: Froslass|Froslass, F|1/282","|move|p2a: Sableye|Calm Mind|p2a: Sableye","|-boost|p2a: Sableye|spa|1","|-boost|p2a: Sableye|spd|1","|","|turn|16","|","|move|p1a: Froslass|Taunt|p2a: Sableye","|move|p2a: Sableye|Taunt|p1a: Froslass|[from]Magic Bounce","|-start|p1a: Froslass|move: Taunt","|move|p2a: Sableye|Shadow Ball|p1a: Froslass","|-supereffective|p1a: Froslass","|-damage|p1a: Froslass|0 fnt","|-start|p2a: Sableye|Disable|Shadow Ball","|faint|p1a: Froslass","|","|","|switch|p1a: Weavile|Weavile, F|282/282","|-ability|p1a: Weavile|Pressure","|turn|17","|","|move|p1a: Weavile|Knock Off|p2a: Sableye","|-damage|p2a: Sableye|86/241","|move|p2a: Sableye|Will-O-Wisp|p1a: Weavile","|-status|p1a: Weavile|brn","|","|-damage|p1a: Weavile|247/282 brn|[from] brn","|turn|18","|","|move|p1a: Weavile|Knock Off|p2a: Sableye","|-damage|p2a: Sableye|35/241","|move|p2a: Sableye|Calm Mind|p2a: Sableye","|-boost|p2a: Sableye|spa|1","|-boost|p2a: Sableye|spd|1","|","|-damage|p1a: Weavile|212/282 brn|[from] brn","|turn|19","|","|move|p1a: Weavile|Knock Off|p2a: Sableye","|-damage|p2a: Sableye|0 fnt","|faint|p2a: Sableye","|","|-damage|p1a: Weavile|177/282 brn|[from] brn","|","|switch|p2a: Sharpedo|Sharpedo, M|281/281","|-damage|p2a: Sharpedo|246/281|[from] Spikes","|turn|20","|","|switch|p1a: Avalugg|Avalugg, F|255/394 brn","|move|p2a: Sharpedo|Bounce|p1a: Avalugg|[still]","|-prepare|p2a: Sharpedo|Bounce|p1a: Avalugg","|","|-damage|p1a: Avalugg|206/394 brn|[from] brn","|-boost|p2a: Sharpedo|spe|1|[from] ability: Speed Boost","|turn|21","|","|move|p2a: Sharpedo|Bounce|p1a: Avalugg|[from]lockedmove","|-damage|p1a: Avalugg|131/394 brn","|-damage|p2a: Sharpedo|218/281|[from] item: Life Orb","|move|p1a: Avalugg|Recover|p1a: Avalugg","|-heal|p1a: Avalugg|328/394 brn","|","|-damage|p1a: Avalugg|279/394 brn|[from] brn","|-boost|p2a: Sharpedo|spe|1|[from] ability: Speed Boost","|turn|22","|","|move|p2a: Sharpedo|Crunch|p1a: Avalugg","|-damage|p1a: Avalugg|182/394 brn","|-damage|p2a: Sharpedo|190/281|[from] item: Life Orb","|move|p1a: Avalugg|Avalanche|p2a: Sharpedo","|-resisted|p2a: Sharpedo","|-damage|p2a: Sharpedo|103/281","|","|-damage|p1a: Avalugg|133/394 brn|[from] brn","|-boost|p2a: Sharpedo|spe|1|[from] ability: Speed Boost","|turn|23","|","|move|p2a: Sharpedo|Crunch|p1a: Avalugg","|-damage|p1a: Avalugg|30/394 brn","|-damage|p2a: Sharpedo|75/281|[from] item: Life Orb","|move|p1a: Avalugg|Recover|p1a: Avalugg","|-heal|p1a: Avalugg|227/394 brn","|","|-damage|p1a: Avalugg|178/394 brn|[from] brn","|-boost|p2a: Sharpedo|spe|1|[from] ability: Speed Boost","|turn|24","|","|move|p2a: Sharpedo|Bounce|p1a: Avalugg|[still]","|-prepare|p2a: Sharpedo|Bounce|p1a: Avalugg","|move|p1a: Avalugg|Recover|p1a: Avalugg","|-heal|p1a: Avalugg|375/394 brn","|","|-damage|p1a: Avalugg|326/394 brn|[from] brn","|-boost|p2a: Sharpedo|spe|1|[from] ability: Speed Boost","|turn|25","|","|move|p2a: Sharpedo|Bounce|p1a: Avalugg|[from]lockedmove","|-crit|p1a: Avalugg","|-damage|p1a: Avalugg|222/394 brn","|-damage|p2a: Sharpedo|47/281|[from] item: Life Orb","|move|p1a: Avalugg|Recover|p1a: Avalugg","|-heal|p1a: Avalugg|394/394 brn","|","|-damage|p1a: Avalugg|345/394 brn|[from] brn","|-boost|p2a: Sharpedo|spe|1|[from] ability: Speed Boost","|turn|26","|","|move|p2a: Sharpedo|Crunch|p1a: Avalugg","|-damage|p1a: Avalugg|244/394 brn","|-damage|p2a: Sharpedo|19/281|[from] item: Life Orb","|move|p1a: Avalugg|Avalanche|p2a: Sharpedo","|-resisted|p2a: Sharpedo","|-damage|p2a: Sharpedo|0 fnt","|faint|p2a: Sharpedo","|","|-damage|p1a: Avalugg|195/394 brn|[from] brn","|","|switch|p2a: Malamar|Malamar, F|168/313","|-damage|p2a: Malamar|129/313|[from] Spikes","|turn|27","|","|move|p2a: Malamar|Superpower|p1a: Avalugg","|-supereffective|p1a: Avalugg","|-damage|p1a: Avalugg|73/394 brn","|-boost|p2a: Malamar|atk|1","|-boost|p2a: Malamar|def|1","|move|p1a: Avalugg|Recover|p1a: Avalugg","|-heal|p1a: Avalugg|270/394 brn","|","|-damage|p1a: Avalugg|221/394 brn|[from] brn","|turn|28","|","|move|p2a: Malamar|Superpower|p1a: Avalugg","|-supereffective|p1a: Avalugg","|-damage|p1a: Avalugg|53/394 brn","|-boost|p2a: Malamar|atk|1","|-boost|p2a: Malamar|def|1","|move|p1a: Avalugg|Avalanche|p2a: Malamar","|-damage|p2a: Malamar|80/313","|","|-damage|p1a: Avalugg|4/394 brn|[from] brn","|turn|29","|","|move|p2a: Malamar|Superpower|p1a: Avalugg","|-supereffective|p1a: Avalugg","|-damage|p1a: Avalugg|0 fnt","|-boost|p2a: Malamar|atk|1","|-boost|p2a: Malamar|def|1","|faint|p1a: Avalugg","|","|","|switch|p1a: Walrein|Walrein, F|423/423","|turn|30","|","|move|p2a: Malamar|Superpower|p1a: Walrein","|-supereffective|p1a: Walrein","|-damage|p1a: Walrein|0 fnt","|-boost|p2a: Malamar|atk|1","|-boost|p2a: Malamar|def|1","|faint|p1a: Walrein","|","|","|switch|p1a: Weavile|Weavile, F|177/282 brn","|-ability|p1a: Weavile|Pressure","|turn|31","|","|move|p2a: Malamar|Superpower|p1a: Weavile","|-supereffective|p1a: Weavile","|-damage|p1a: Weavile|0 fnt","|-boost|p2a: Malamar|atk|1","|-boost|p2a: Malamar|def|1","|faint|p1a: Weavile","|","|","|switch|p1a: Mamoswine|Mamoswine, M|424/424","|turn|32","|","|move|p1a: Mamoswine|Ice Shard|p2a: Malamar","|-damage|p2a: Malamar|55/313","|-damage|p1a: Mamoswine|382/424|[from] item: Life Orb","|-activate|p2a: Malamar|move: Struggle","|move|p2a: Malamar|Struggle|p1a: Mamoswine","|-damage|p1a: Mamoswine|234/424","|-damage|p2a: Malamar|0 fnt|[from] recoil","|faint|p2a: Malamar","|","|","|switch|p2a: Absol|Absol, F|238/271","|-damage|p2a: Absol|205/271|[from] Spikes","|turn|33","|","|move|p2a: Absol|Night Slash|p1a: Mamoswine","|-crit|p1a: Mamoswine","|-damage|p1a: Mamoswine|71/424","|move|p1a: Mamoswine|Avalanche|p2a: Absol","|-damage|p2a: Absol|0 fnt","|-damage|p1a: Mamoswine|29/424|[from] item: Life Orb","|faint|p2a: Absol","|","|","|switch|p2a: Krookodile|Krookodile, F|331/331","|-damage|p2a: Krookodile|290/331|[from] Spikes","|turn|34","|","|move|p1a: Mamoswine|Ice Shard|p2a: Krookodile","|-supereffective|p2a: Krookodile","|-damage|p2a: Krookodile|87/331","|-damage|p1a: Mamoswine|0 fnt|[from] item: Life Orb","|faint|p1a: Mamoswine","|move|p2a: Krookodile|Crunch|p1: Mamoswine|[notarget]","|-notarget","|","|","|switch|p1a: Regice|Regice|301/301","|turn|35","|","|move|p2a: Krookodile|Rock Slide|p1a: Regice","|-supereffective|p1a: Regice","|-damage|p1a: Regice|83/301","|-enditem|p1a: Regice|Weakness Policy","|-boost|p1a: Regice|atk|2|[from] item: Weakness Policy","|-boost|p1a: Regice|spa|2|[from] item: Weakness Policy","|-damage|p2a: Krookodile|54/331|[from] item: Life Orb","|move|p1a: Regice|Ice Beam|p2a: Krookodile","|-supereffective|p2a: Krookodile","|-damage|p2a: Krookodile|0 fnt","|faint|p2a: Krookodile","|","|win|Coloniol Mustang"],"p1rating":{"entryid":"790045","serverid":"eos","formatid":"monotype","userid":"coloniolmustang","username":"Coloniol Mustang","w":10,"l":"10","t":"0","gxe":50.7,"r":"1506.5678551039","rd":"106.29891332807","sigma":"0","rptime":"1441270800","rpr":1505.3192362642,"rprd":70.022315661836,"rpsigma":"0","acre":1110.6086904654,"lacre":1110.6086904654,"oldacre":"1086.783347296"},"p2rating":{"entryid":"811095","serverid":"eos","formatid":"monotype","userid":"tajcore","username":"TajCore","w":"1","l":2,"t":"0","gxe":47.2,"r":"1500","rd":"130","sigma":"0","rptime":"1441270800","rpr":1478.1490656125,"rprd":110.96983946784,"rpsigma":"0","acre":1031.0285976397,"lacre":1031.0285976397,"oldacre":"1045.943716077"},"endType":"normal"}