{"seed":[35060,49569,11056,58157],"turns":22,"p1":"Gym Ldr Mitsuka∆","p2":"Y0n","p1team":[{"name":"Victreebel","species":"Victreebel","item":"salacberry","ability":"Chlorophyll","moves":["substitute","belch","leafblade","sleeppowder"],"nature":"Hasty","evs":{"hp":4,"atk":192,"def":0,"spa":60,"spd":0,"spe":252},"ivs":{"hp":31,"atk":31,"def":31,"spa":31,"spd":31,"spe":31}},{"name":"Abomasnow","species":"Abomasnow","item":"abomasite","ability":"Soundproof","moves":["earthquake","swordsdance","iceshard","gigadrain"],"nature":"Adamant","evs":{"hp":68,"atk":252,"def":0,"spa":0,"spd":0,"spe":188},"ivs":{"hp":31,"atk":30,"def":31,"spa":30,"spd":31,"spe":30}},{"name":"Roserade","species":"Roserade","item":"choicescarf","ability":"Technician","moves":["hiddenpowerfire","extrasensory","sludgebomb","gigadrain"],"nature":"Modest","evs":{"hp":0,"atk":0,"def":0,"spa":252,"spd":4,"spe":252},"ivs":{"hp":31,"atk":30,"def":31,"spa":30,"spd":31,"spe":30}},{"name":"Leavanny","species":"Leavanny","item":"focussash","ability":"Overcoat","moves":["stickyweb","leafblade","knockoff","xscissor"],"nature":"Adamant","evs":{"hp":4,"atk":252,"def":0,"spa":0,"spd":0,"spe":252},"ivs":{"hp":31,"atk":31,"def":31,"spa":31,"spd":31,"spe":31}},{"name":"Ferrothorn","species":"Ferrothorn","item":"occaberry","ability":"Iron Barbs","moves":["stealthrock","thunderwave","knockoff","ironhead"],"nature":"Impish","evs":{"hp":252,"atk":0,"def":128,"spa":0,"spd":128,"spe":0},"ivs":{"hp":31,"atk":31,"def":31,"spa":31,"spd":31,"spe":31}},{"name":"Breloom","species":"Breloom","item":"focussash","ability":"Technician","moves":["spore","machpunch","bulletseed","rocktomb"],"nature":"Jolly","evs":{"hp":0,"atk":252,"def":0,"spa":0,"spd":4,"spe":252},"ivs":{"hp":31,"atk":31,"def":31,"spa":31,"spd":31,"spe":31}}],"p2team":[{"name":"Wolverine","species":"pinsir","item":"pinsirite","ability":"Moxie","moves":["return","quickattack","swordsdance","closecombat"],"nature":"Adamant","evs":{"hp":248,"atk":252,"def":0,"spa":0,"spd":8,"spe":0},"ivs":{"hp":31,"atk":31,"def":31,"spa":31,"spd":31,"spe":31}},{"name":"Thor","species":"galvantula","item":"focussash","ability":"Compound Eyes","moves":["thunder","bugbuzz","stickyweb","energyball"],"nature":"Timid","evs":{"hp":0,"atk":0,"def":0,"spa":252,"spd":4,"spe":252},"gender":"M","shiny":true,"ivs":{"hp":31,"atk":31,"def":31,"spa":31,"spd":31,"spe":31}},{"name":"Vision","species":"scizor","item":"leftovers","ability":"Technician","moves":["bulletpunch","bugbite","roost","defog"],"nature":"Impish","evs":{"hp":252,"atk":4,"def":252,"spa":0,"spd":0,"spe":0},"ivs":{"hp":31,"atk":31,"def":31,"spa":31,"spd":31,"spe":31}},{"name":"The Hulk","species":"crustle","item":"whiteherb","ability":"Sturdy","moves":["xscissor","rockslide","earthquake","shellsmash"],"nature":"Adamant","evs":{"hp":0,"atk":252,"def":0,"spa":0,"spd":4,"spe":252},"gender":"M","shiny":true,"ivs":{"hp":31,"atk":31,"def":31,"spa":31,"spd":31,"spe":31}},{"name":"Scarlet Witch","species":"volcarona","item":"focussash","ability":"Swarm","moves":["fierydance","bugbuzz","gigadrain","quiverdance"],"nature":"Modest","evs":{"hp":0,"atk":0,"def":0,"spa":252,"spd":4,"spe":252},"gender":"F","ivs":{"hp":31,"atk":31,"def":31,"spa":31,"spd":31,"spe":31}},{"name":"Captain America","species":"shuckle","item":"leftovers","ability":"Contrary","moves":["shellsmash","infestation","toxic","rest"],"nature":"Sassy","evs":{"hp":128,"atk":0,"def":252,"spa":0,"spd":128,"spe":0},"gender":"M","shiny":true,"ivs":{"hp":31,"atk":31,"def":31,"spa":31,"spd":31,"spe":31}}],"log":["|player|p1|Gym Ldr Mitsuka∆|2","|player|p2|Y0n|1","|gametype|singles","|gen|6","|tier|Monotype","|rated","|rule|Baton Pass Clause: Limit one Baton Passer, can't pass Spe and other stats simultaneously","|rule|Swagger Clause: Swagger is banned","|rule|Same Type Clause: Pokémon in a team must share a type","|clearpoke","|poke|p1|Victreebel, F","|poke|p1|Abomasnow, M","|poke|p1|Roserade, F","|poke|p1|Leavanny, M","|poke|p1|Ferrothorn, F","|poke|p1|Breloom, M","|poke|p2|Pinsir, F","|poke|p2|Galvantula, M, shiny","|poke|p2|Scizor, M","|poke|p2|Crustle, M, shiny","|poke|p2|Volcarona, F","|poke|p2|Shuckle, M, shiny","|rule|Sleep Clause Mod: Limit one foe put to sleep","|rule|Species Clause: Limit one of each Pokémon","|rule|OHKO Clause: OHKO moves are banned","|rule|Moody Clause: Moody is banned","|rule|Evasion Moves Clause: Evasion moves are banned","|rule|Endless Battle Clause: Forcing endless battles is banned","|rule|HP Percentage Mod: HP is shown in percentages","|teampreview","|","|start","|switch|p1a: Leavanny|Leavanny, M|292/292","|switch|p2a: Thor|Galvantula, M, shiny|281/281","|turn|1","|","|move|p2a: Thor|Sticky Web|p1a: Leavanny","|-sidestart|p1: Gym Ldr Mitsuka∆|move: Sticky Web","|move|p1a: Leavanny|Sticky Web|p2a: Thor","|-sidestart|p2: Y0n|move: Sticky Web","|","|turn|2","|","|switch|p1a: Ferrothorn|Ferrothorn, F|352/352","|-activate|p1a: Ferrothorn|move: Sticky Web","|-unboost|p1a: Ferrothorn|spe|1","|move|p2a: Thor|Bug Buzz|p1a: Ferrothorn","|-damage|p1a: Ferrothorn|244/352","|-unboost|p1a: Ferrothorn|spd|1","|","|turn|3","|","|move|p2a: Thor|Bug Buzz|p1a: Ferrothorn","|-damage|p1a: Ferrothorn|87/352","|move|p1a: Ferrothorn|Stealth Rock|p2a: Thor","|-sidestart|p2: Y0n|move: Stealth Rock","|","|turn|4","|","|move|p2a: Thor|Bug Buzz|p1a: Ferrothorn","|-damage|p1a: Ferrothorn|0 fnt","|faint|p1a: Ferrothorn","|","|","|switch|p1a: Victreebel|Victreebel, F|302/302","|-activate|p1a: Victreebel|move: Sticky Web","|-unboost|p1a: Victreebel|spe|1","|turn|5","|","|move|p2a: Thor|Bug Buzz|p1a: Victreebel","|-damage|p1a: Victreebel|142/302","|move|p1a: Victreebel|Sleep Powder|p2a: Thor","|-status|p2a: Thor|slp","|","|turn|6","|","|switch|p2a: Vision|Scizor, M|344/344","|-activate|p2a: Vision|move: Sticky Web","|-unboost|p2a: Vision|spe|1","|-damage|p2a: Vision|301/344|[from] Stealth Rock","|move|p1a: Victreebel|Substitute|p1a: Victreebel","|-start|p1a: Victreebel|Substitute","|-damage|p1a: Victreebel|67/302","|-enditem|p1a: Victreebel|Salac Berry|[eat]","|-boost|p1a: Victreebel|spe|1|[from] item: Salac Berry","|","|-heal|p2a: Vision|322/344|[from] item: Leftovers","|turn|7","|","|switch|p1a: Leavanny|Leavanny, M|292/292","|-activate|p1a: Leavanny|move: Sticky Web","|-unboost|p1a: Leavanny|spe|1","|move|p2a: Vision|Defog|p1a: Leavanny","|-unboost|p1a: Leavanny|evasion|1","|-sideend|p1: Gym Ldr Mitsuka∆|Sticky Web|[from] move: Defog|[of] p1a: Leavanny","|-sideend|p2: Y0n|Stealth Rock|[from] move: Defog|[of] p2a: Vision","|-sideend|p2: Y0n|Sticky Web|[from] move: Defog|[of] p2a: Vision","|","|-heal|p2a: Vision|343/344|[from] item: Leftovers","|turn|8","|","|move|p1a: Leavanny|Knock Off|p2a: Vision","|-damage|p2a: Vision|270/344","|-enditem|p2a: Vision|Leftovers|[from] move: Knock Off|[of] p1a: Leavanny","|move|p2a: Vision|Bug Bite|p1a: Leavanny","|-supereffective|p1a: Leavanny","|-enditem|p1a: Leavanny|Focus Sash","|-damage|p1a: Leavanny|1/292","|","|turn|9","|","|switch|p1a: Victreebel|Victreebel, F|67/302","|move|p2a: Vision|Bullet Punch|p1a: Victreebel","|-damage|p1a: Victreebel|0 fnt","|faint|p1a: Victreebel","|","|","|switch|p1a: Roserade|Roserade, F|261/261","|turn|10","|","|move|p1a: Roserade|Hidden Power|p2a: Vision","|-supereffective|p2a: Vision","|-damage|p2a: Vision|0 fnt","|faint|p2a: Vision","|","|","|switch|p2a: Wolverine|Pinsir, F|333/333","|turn|11","|","|detailschange|p2a: Wolverine|Pinsir-Mega, F","|-mega|p2a: Wolverine|Pinsir|Pinsirite","|move|p2a: Wolverine|Quick Attack|p1a: Roserade","|-supereffective|p1a: Roserade","|-damage|p1a: Roserade|0 fnt","|faint|p1a: Roserade","|","|","|switch|p1a: Breloom|Breloom, M|261/261","|turn|12","|","|move|p2a: Wolverine|Quick Attack|p1a: Breloom","|-supereffective|p1a: Breloom","|-enditem|p1a: Breloom|Focus Sash","|-damage|p1a: Breloom|1/261","|move|p1a: Breloom|Rock Tomb|p2a: Wolverine","|-supereffective|p2a: Wolverine","|-damage|p2a: Wolverine|0 fnt","|faint|p2a: Wolverine","|","|","|switch|p2a: Thor|Galvantula, M, shiny|281/281 slp","|turn|13","|","|cant|p2a: Thor|slp","|move|p1a: Breloom|Rock Tomb|p2a: Thor","|-supereffective|p2a: Thor","|-enditem|p2a: Thor|Focus Sash","|-damage|p2a: Thor|1/281 slp","|-unboost|p2a: Thor|spe|1","|","|turn|14","|","|move|p1a: Breloom|Mach Punch|p2a: Thor","|-resisted|p2a: Thor","|-damage|p2a: Thor|0 fnt","|faint|p2a: Thor","|","|","|switch|p2a: Captain America|Shuckle, M, shiny|213/213","|turn|15","|","|move|p1a: Breloom|Spore|p2a: Captain America","|-status|p2a: Captain America|slp","|cant|p2a: Captain America|slp","|","|turn|16","|","|switch|p1a: Abomasnow|Abomasnow, M|338/338","|cant|p2a: Captain America|slp","|","|turn|17","|","|detailschange|p1a: Abomasnow|Abomasnow-Mega, M","|-mega|p1a: Abomasnow|Abomasnow|Abomasite","|-weather|Hail","|move|p1a: Abomasnow|Swords Dance|p1a: Abomasnow","|-boost|p1a: Abomasnow|atk|2","|cant|p2a: Captain America|slp","|","|-weather|Hail|[upkeep]","|-damage|p2a: Captain America|200/213 slp|[from] hail","|-heal|p2a: Captain America|213/213 slp|[from] item: Leftovers","|turn|18","|","|move|p1a: Abomasnow|Earthquake|p2a: Captain America","|-crit|p2a: Captain America","|-damage|p2a: Captain America|49/213 slp","|-curestatus|p2a: Captain America|slp","|move|p2a: Captain America|Toxic|p1a: Abomasnow","|-status|p1a: Abomasnow|tox","|","|-weather|Hail|[upkeep]","|-damage|p2a: Captain America|36/213|[from] hail","|-heal|p2a: Captain America|49/213|[from] item: Leftovers","|-damage|p1a: Abomasnow|317/338 tox|[from] psn","|turn|19","|","|move|p1a: Abomasnow|Ice Shard|p2a: Captain America","|-damage|p2a: Captain America|0 fnt","|faint|p2a: Captain America","|","|-weather|Hail|[upkeep]","|-damage|p1a: Abomasnow|275/338 tox|[from] psn","|","|switch|p2a: Scarlet Witch|Volcarona, F|311/311","|turn|20","|","|move|p1a: Abomasnow|Ice Shard|p2a: Scarlet Witch","|-resisted|p2a: Scarlet Witch","|-damage|p2a: Scarlet Witch|193/311","|move|p2a: Scarlet Witch|Fiery Dance|p1a: Abomasnow","|-supereffective|p1a: Abomasnow","|-damage|p1a: Abomasnow|0 fnt","|-boost|p2a: Scarlet Witch|spa|1","|faint|p1a: Abomasnow","|","|-weather|Hail|[upkeep]","|-damage|p2a: Scarlet Witch|174/311|[from] hail","|","|switch|p1a: Leavanny|Leavanny, M|1/292","|turn|21","|","|move|p2a: Scarlet Witch|Fiery Dance|p1a: Leavanny","|-supereffective|p1a: Leavanny","|-damage|p1a: Leavanny|0 fnt","|-boost|p2a: Scarlet Witch|spa|1","|faint|p1a: Leavanny","|","|-weather|none","|","|switch|p1a: Breloom|Breloom, M|1/261","|turn|22","|","|move|p2a: Scarlet Witch|Fiery Dance|p1a: Breloom","|-supereffective|p1a: Breloom","|-damage|p1a: Breloom|0 fnt","|faint|p1a: Breloom","|","|win|Y0n"],"p1rating":{"entryid":"379503","serverid":"eos","formatid":"monotype","userid":"gymldrmitsuka","username":"Gym Ldr Mitsuka∆","w":"42","l":20,"t":"0","gxe":65.5,"r":"1625.5494257778","rd":"45.804259523258","sigma":"0","rptime":"1441184400","rpr":1621.7662811174,"rprd":45.203827864356,"rpsigma":"0","acre":1326.8910423504,"lacre":1326.8910423504,"oldacre":"1360.2959522098"},"p2rating":{"entryid":"790075","serverid":"eos","formatid":"monotype","userid":"y0n","username":"Y0n","w":3,"l":"0","t":"0","gxe":63.8,"r":"1500","rd":"130","sigma":"0","rptime":"1441184400","rpr":1611.701455382,"rprd":111.14255653689,"rpsigma":"0","acre":1125.6127940842,"lacre":1125.6127940842,"oldacre":"1078.4601248522"},"endType":"normal"}