{"seed":[4611,43793,36214,33640],"turns":10,"p1":"Lotus Aranacana","p2":"Coloniol Mustang","p1team":[{"name":"MAKE A BITCH BLEED","species":"elekid","item":"choicescarf","ability":"Static","moves":["thunderbolt","hiddenpowergrass","signalbeam","psychic"],"nature":"Timid","evs":{"hp":0,"atk":0,"def":0,"spa":252,"spd":4,"spe":252},"gender":"M","ivs":{"hp":31,"atk":30,"def":30,"spa":31,"spd":31,"spe":31},"shiny":true}],"p2team":[{"name":"Scrafty","species":"Scrafty","item":"leftovers","ability":"Shed Skin","moves":["bulkup","crunch","drainpunch","rest"],"nature":"Adamant","evs":{"hp":252,"atk":4,"def":0,"spa":0,"spd":252,"spe":0},"ivs":{"hp":31,"atk":31,"def":31,"spa":31,"spd":31,"spe":31}}],"log":["|player|p1|Lotus Aranacana|lotusaranacana.png","|player|p2|Coloniol Mustang|124","|gametype|singles","|gen|6","|tier|Monotype","|rated","|rule|Baton Pass Clause: Limit one Baton Passer, can't pass Spe and other stats simultaneously","|rule|Swagger Clause: Swagger is banned","|rule|Same Type Clause: Pokémon in a team must share a type","|clearpoke","|poke|p1|Elekid, M, shiny","|poke|p2|Scrafty, F","|rule|Sleep Clause Mod: Limit one foe put to sleep","|rule|Species Clause: Limit one of each Pokémon","|rule|OHKO Clause: OHKO moves are banned","|rule|Moody Clause: Moody is banned","|rule|Evasion Moves Clause: Evasion moves are banned","|rule|Endless Battle Clause: Forcing endless battles is banned","|rule|HP Percentage Mod: HP is shown in percentages","|teampreview","|","|start","|switch|p1a: MAKE A BITCH BLEED|Elekid, M, shiny|231/231","|switch|p2a: Scrafty|Scrafty, F|334/334","|turn|1","|","|move|p1a: MAKE A BITCH BLEED|Thunderbolt|p2a: Scrafty","|-damage|p2a: Scrafty|253/334","|-status|p2a: Scrafty|par","|cant|p2a: Scrafty|par","|","|-activate|p2a: Scrafty|ability: Shed Skin","|-curestatus|p2a: Scrafty|par","|-heal|p2a: Scrafty|273/334|[from] item: Leftovers","|turn|2","|","|move|p1a: MAKE A BITCH BLEED|Thunderbolt|p2a: Scrafty","|-damage|p2a: Scrafty|200/334","|move|p2a: Scrafty|Bulk Up|p2a: Scrafty","|-boost|p2a: Scrafty|atk|1","|-boost|p2a: Scrafty|def|1","|","|-heal|p2a: Scrafty|220/334|[from] item: Leftovers","|turn|3","|","|move|p1a: MAKE A BITCH BLEED|Thunderbolt|p2a: Scrafty","|-damage|p2a: Scrafty|144/334","|move|p2a: Scrafty|Bulk Up|p2a: Scrafty","|-boost|p2a: Scrafty|atk|1","|-boost|p2a: Scrafty|def|1","|","|-heal|p2a: Scrafty|164/334|[from] item: Leftovers","|turn|4","|","|move|p1a: MAKE A BITCH BLEED|Thunderbolt|p2a: Scrafty","|-damage|p2a: Scrafty|88/334","|move|p2a: Scrafty|Bulk Up|p2a: Scrafty","|-boost|p2a: Scrafty|atk|1","|-boost|p2a: Scrafty|def|1","|","|-heal|p2a: Scrafty|108/334|[from] item: Leftovers","|turn|5","|","|move|p1a: MAKE A BITCH BLEED|Thunderbolt|p2a: Scrafty","|-damage|p2a: Scrafty|35/334","|move|p2a: Scrafty|Rest|p2a: Scrafty","|-status|p2a: Scrafty|slp","|-heal|p2a: Scrafty|334/334 slp|[silent]","|-status|p2a: Scrafty|slp|[from] move: Rest","|","|-activate|p2a: Scrafty|ability: Shed Skin","|-curestatus|p2a: Scrafty|slp","|turn|6","|","|move|p1a: MAKE A BITCH BLEED|Thunderbolt|p2a: Scrafty","|-crit|p2a: Scrafty","|-damage|p2a: Scrafty|226/334","|move|p2a: Scrafty|Bulk Up|p2a: Scrafty","|-boost|p2a: Scrafty|atk|1","|-boost|p2a: Scrafty|def|1","|","|-heal|p2a: Scrafty|246/334|[from] item: Leftovers","|turn|7","|","|move|p1a: MAKE A BITCH BLEED|Thunderbolt|p2a: Scrafty","|-damage|p2a: Scrafty|176/334","|move|p2a: Scrafty|Bulk Up|p2a: Scrafty","|-boost|p2a: Scrafty|atk|1","|-boost|p2a: Scrafty|def|1","|","|-heal|p2a: Scrafty|196/334|[from] item: Leftovers","|turn|8","|","|move|p1a: MAKE A BITCH BLEED|Thunderbolt|p2a: Scrafty","|-damage|p2a: Scrafty|118/334","|move|p2a: Scrafty|Bulk Up|p2a: Scrafty","|-boost|p2a: Scrafty|atk|1","|-boost|p2a: Scrafty|def|1","|","|-heal|p2a: Scrafty|138/334|[from] item: Leftovers","|turn|9","|","|move|p1a: MAKE A BITCH BLEED|Thunderbolt|p2a: Scrafty","|-damage|p2a: Scrafty|62/334","|move|p2a: Scrafty|Rest|p2a: Scrafty","|-status|p2a: Scrafty|slp","|-heal|p2a: Scrafty|334/334 slp|[silent]","|-status|p2a: Scrafty|slp|[from] move: Rest","|","|-activate|p2a: Scrafty|ability: Shed Skin","|-curestatus|p2a: Scrafty|slp","|turn|10","|","|move|p1a: MAKE A BITCH BLEED|Thunderbolt|p2a: Scrafty","|-damage|p2a: Scrafty|262/334","|move|p2a: Scrafty|Drain Punch|p1a: MAKE A BITCH BLEED","|-damage|p1a: MAKE A BITCH BLEED|0 fnt","|-heal|p2a: Scrafty|334/334|[from] drain|[of] p1a: MAKE A BITCH BLEED","|-status|p2a: Scrafty|par","|faint|p1a: MAKE A BITCH BLEED","|","|win|Coloniol Mustang"],"p1rating":{"entryid":"331815","serverid":"eos","formatid":"monotype","userid":"lotusaranacana","username":"Lotus Aranacana","w":"3","l":11,"t":"0","gxe":34.5,"r":"1473.9103310176","rd":"95.691998670508","sigma":"0","rptime":"1441184400","rpr":1376.4245696818,"rprd":80.935937425431,"rpsigma":"0","acre":1000,"lacre":1000,"oldacre":"1006.586472675"},"p2rating":{"entryid":"790045","serverid":"eos","formatid":"monotype","userid":"coloniolmustang","username":"Coloniol Mustang","w":2,"l":"1","t":"0","gxe":53.8,"r":"1500","rd":"130","sigma":"0","rptime":"1441184400","rpr":1530.1479814545,"rprd":110.87724778073,"rpsigma":"0","acre":1061.7434197362,"lacre":1061.7434197362,"oldacre":"1028.1943972513"},"endType":"normal"}