{"seed":[62855,38653,42322,35883],"turns":27,"p1":"Primal Vergi1","p2":"Coloniol Mustang","p1team":[{"name":"Lisbeth","species":"chansey","item":"eviolite","ability":"Natural Cure","moves":["aromatherapy","thunderwave","softboiled","seismictoss"],"nature":"Bold","evs":{"hp":248,"atk":0,"def":252,"spa":0,"spd":8,"spe":0},"ivs":{"hp":31,"atk":31,"def":31,"spa":31,"spd":31,"spe":31}},{"name":"Asuna","species":"lopunny","item":"lopunnite","ability":"Limber","moves":["highjumpkick","fakeout","return","icepunch"],"nature":"Jolly","evs":{"hp":0,"atk":252,"def":0,"spa":0,"spd":4,"spe":252},"ivs":{"hp":31,"atk":31,"def":31,"spa":31,"spd":31,"spe":31}},{"name":"Kirito","species":"staraptor","item":"leftovers","ability":"Intimidate","moves":["featherdance","toxic","bravebird","roost"],"nature":"Impish","evs":{"hp":248,"atk":0,"def":252,"spa":0,"spd":0,"spe":8},"ivs":{"hp":31,"atk":31,"def":31,"spa":31,"spd":31,"spe":31}},{"name":"Klein","species":"porygon2","item":"eviolite","ability":"Download","moves":["icebeam","toxic","triattack","recover"],"nature":"Bold","evs":{"hp":248,"atk":0,"def":252,"spa":8,"spd":0,"spe":0},"ivs":{"hp":31,"atk":31,"def":31,"spa":31,"spd":31,"spe":31}},{"name":"Silica","species":"meloetta","item":"choicespecs","ability":"Serene Grace","moves":["hypervoice","psyshock","dazzlinggleam","focusblast"],"nature":"Modest","evs":{"hp":0,"atk":0,"def":0,"spa":252,"spd":8,"spe":248},"ivs":{"hp":31,"atk":31,"def":31,"spa":31,"spd":31,"spe":31}},{"name":"Diggersby","species":"Diggersby","item":"lifeorb","ability":"Huge Power","moves":["quickattack","swordsdance","return","earthquake"],"nature":"Jolly","evs":{"hp":0,"atk":252,"def":0,"spa":0,"spd":4,"spe":252},"ivs":{"hp":31,"atk":31,"def":31,"spa":31,"spd":31,"spe":31}}],"p2team":[{"name":"Regice","species":"Regice","item":"weaknesspolicy","ability":"Clear Body","moves":["icebeam","thunderbolt","flashcannon","rest"],"nature":"Calm","evs":{"hp":252,"atk":0,"def":0,"spa":0,"spd":252,"spe":0},"ivs":{"hp":31,"atk":31,"def":31,"spa":31,"spd":31,"spe":31}},{"name":"Mamoswine","species":"Mamoswine","item":"lifeorb","ability":"Thick Fat","moves":["curse","iceshard","avalanche","earthquake"],"nature":"Impish","evs":{"hp":252,"atk":0,"def":252,"spa":0,"spd":0,"spe":0},"ivs":{"hp":31,"atk":31,"def":31,"spa":31,"spd":31,"spe":31}},{"name":"Froslass","species":"Froslass","item":"focussash","ability":"Cursed Body","moves":["spikes","taunt","shadowball","destinybond"],"nature":"Timid","evs":{"hp":252,"atk":0,"def":0,"spa":0,"spd":0,"spe":252},"ivs":{"hp":31,"atk":31,"def":31,"spa":31,"spd":31,"spe":31}},{"name":"Avalugg","species":"Avalugg","item":"leftovers","ability":"Ice Body","moves":["earthquake","avalanche","recover","rapidspin"],"nature":"Relaxed","evs":{"hp":252,"atk":4,"def":252,"spa":0,"spd":0,"spe":0},"ivs":{"hp":31,"atk":31,"def":31,"spa":31,"spd":31,"spe":0}},{"name":"Abomasnow","species":"Abomasnow","item":"focussash","ability":"Snow Warning","moves":["iceshard","gigadrain","hiddenpowerfire","blizzard"],"nature":"Mild","evs":{"hp":0,"atk":28,"def":0,"spa":252,"spd":0,"spe":228},"ivs":{"hp":31,"atk":30,"def":31,"spa":30,"spd":31,"spe":30}},{"name":"Kyurem-Black","species":"Kyurem-Black","item":"leftovers","ability":"Teravolt","moves":["icebeam","outrage","fusionbolt","earthpower"],"nature":"Adamant","evs":{"hp":56,"atk":0,"def":0,"spa":252,"spd":0,"spe":200},"ivs":{"hp":31,"atk":31,"def":31,"spa":31,"spd":31,"spe":31}}],"log":["|player|p1|Primal Vergi1|doctorvergi.png","|player|p2|Coloniol Mustang|124","|gametype|singles","|gen|6","|tier|Monotype","|rated","|rule|Baton Pass Clause: Limit one Baton Passer, can't pass Spe and other stats simultaneously","|rule|Swagger Clause: Swagger is banned","|rule|Same Type Clause: Pokémon in a team must share a type","|clearpoke","|poke|p1|Chansey, F","|poke|p1|Lopunny, M","|poke|p1|Staraptor, F","|poke|p1|Porygon2","|poke|p1|Meloetta","|poke|p1|Diggersby, M","|poke|p2|Regice","|poke|p2|Mamoswine, M","|poke|p2|Froslass, F","|poke|p2|Avalugg, M","|poke|p2|Abomasnow, M","|poke|p2|Kyurem-Black","|rule|Sleep Clause Mod: Limit one foe put to sleep","|rule|Species Clause: Limit one of each Pokémon","|rule|OHKO Clause: OHKO moves are banned","|rule|Moody Clause: Moody is banned","|rule|Evasion Moves Clause: Evasion moves are banned","|rule|Endless Battle Clause: Forcing endless battles is banned","|rule|HP Percentage Mod: HP is shown in percentages","|teampreview","|","|start","|switch|p1a: Asuna|Lopunny, M|271/271","|switch|p2a: Froslass|Froslass, F|344/344","|turn|1","|","|switch|p1a: Lisbeth|Chansey, F|703/703","|move|p2a: Froslass|Spikes|p1a: Lisbeth","|-sidestart|p1: Primal Vergi1|Spikes","|","|turn|2","|","|move|p2a: Froslass|Taunt|p1a: Lisbeth","|-start|p1a: Lisbeth|move: Taunt","|cant|p1a: Lisbeth|move: Taunt|Thunder Wave","|","|turn|3","|","|switch|p1a: Silica|Meloetta|341/341","|-damage|p1a: Silica|299/341|[from] Spikes","|move|p2a: Froslass|Spikes|p1a: Silica","|-sidestart|p1: Primal Vergi1|Spikes","|","|turn|4","|","|move|p2a: Froslass|Shadow Ball|p1a: Silica","|-immune|p1a: Silica|[msg]","|move|p1a: Silica|Psyshock|p2a: Froslass","|-damage|p2a: Froslass|41/344","|","|turn|5","|","|switch|p1a: Kirito|Staraptor, F|373/373","|-ability|p1a: Kirito|Intimidate","|-unboost|p2a: Froslass|atk|1","|move|p2a: Froslass|Destiny Bond|p2a: Froslass","|-singlemove|p2a: Froslass|Destiny Bond","|","|turn|6","|","|move|p2a: Froslass|Destiny Bond|p2a: Froslass","|-singlemove|p2a: Froslass|Destiny Bond","|move|p1a: Kirito|Toxic|p2a: Froslass","|-status|p2a: Froslass|tox","|","|-damage|p2a: Froslass|20/344 tox|[from] psn","|turn|7","|","|switch|p1a: Lisbeth|Chansey, F|703/703","|-damage|p1a: Lisbeth|586/703|[from] Spikes","|move|p2a: Froslass|Spikes|p1a: Lisbeth","|-sidestart|p1: Primal Vergi1|Spikes","|","|-damage|p2a: Froslass|0 fnt|[from] psn","|faint|p2a: Froslass","|","|switch|p2a: Abomasnow|Abomasnow, M|321/321","|-weather|Hail","|turn|8","|","|switch|p2a: Kyurem-Black|Kyurem-Black|405/405","|-ability|p2a: Kyurem-Black|Teravolt","|switch|p1a: Kirito|Staraptor, F|373/373","|-ability|p1a: Kirito|Intimidate","|-unboost|p2a: Kyurem-Black|atk|1","|","|-weather|Hail|[upkeep]","|-damage|p1a: Kirito|350/373|[from] hail","|-heal|p1a: Kirito|373/373|[from] item: Leftovers","|turn|9","|","|switch|p1a: Klein|Porygon2|373/373","|-damage|p1a: Klein|280/373|[from] Spikes","|-boost|p1a: Klein|spa|1|[from] ability: Download","|move|p2a: Kyurem-Black|Ice Beam|p1a: Klein","|-damage|p1a: Klein|189/373","|","|-weather|Hail|[upkeep]","|-damage|p1a: Klein|166/373|[from] hail","|turn|10","|","|move|p2a: Kyurem-Black|Outrage|p1a: Klein","|-damage|p1a: Klein|87/373","|move|p1a: Klein|Recover|p1a: Klein","|-heal|p1a: Klein|274/373","|","|-weather|Hail|[upkeep]","|-damage|p1a: Klein|251/373|[from] hail","|turn|11","|","|move|p2a: Kyurem-Black|Outrage|p1a: Klein|[from]lockedmove","|-damage|p1a: Klein|160/373","|-start|p2a: Kyurem-Black|confusion|[fatigue]","|move|p1a: Klein|Recover|p1a: Klein","|-heal|p1a: Klein|347/373","|","|-weather|Hail|[upkeep]","|-damage|p1a: Klein|324/373|[from] hail","|turn|12","|","|switch|p2a: Regice|Regice|364/364","|move|p1a: Klein|Tri Attack|p2a: Regice","|-damage|p2a: Regice|295/364","|","|-weather|none","|turn|13","|","|move|p1a: Klein|Toxic|p2a: Regice","|-status|p2a: Regice|tox","|move|p2a: Regice|Ice Beam|p1a: Klein","|-damage|p1a: Klein|252/373","|-status|p1a: Klein|frz","|","|-damage|p2a: Regice|273/364 tox|[from] psn","|turn|14","|","|switch|p2a: Abomasnow|Abomasnow, M|321/321","|-weather|Hail","|-curestatus|p1a: Klein|frz","|move|p1a: Klein|Recover|p1a: Klein","|-heal|p1a: Klein|373/373","|","|-weather|Hail|[upkeep]","|-damage|p1a: Klein|350/373|[from] hail","|turn|15","|","|move|p2a: Abomasnow|Blizzard|p1a: Klein","|-damage|p1a: Klein|241/373","|move|p1a: Klein|Toxic|p2a: Abomasnow","|-status|p2a: Abomasnow|tox","|","|-weather|Hail|[upkeep]","|-damage|p1a: Klein|218/373|[from] hail","|-damage|p2a: Abomasnow|301/321 tox|[from] psn","|turn|16","|","|move|p2a: Abomasnow|Blizzard|p1a: Klein","|-damage|p1a: Klein|91/373","|move|p1a: Klein|Recover|p1a: Klein","|-heal|p1a: Klein|278/373","|","|-weather|Hail|[upkeep]","|-damage|p1a: Klein|255/373|[from] hail","|-damage|p2a: Abomasnow|261/321 tox|[from] psn","|turn|17","|","|move|p2a: Abomasnow|Blizzard|p1a: Klein","|-damage|p1a: Klein|134/373","|move|p1a: Klein|Recover|p1a: Klein","|-heal|p1a: Klein|321/373","|","|-weather|Hail|[upkeep]","|-damage|p1a: Klein|298/373|[from] hail","|-damage|p2a: Abomasnow|201/321 tox|[from] psn","|turn|18","|","|switch|p2a: Regice|Regice|273/364 tox","|move|p1a: Klein|Tri Attack|p2a: Regice","|-damage|p2a: Regice|204/364 tox","|","|-weather|none","|-damage|p2a: Regice|182/364 tox|[from] psn","|turn|19","|","|move|p1a: Klein|Tri Attack|p2a: Regice","|-damage|p2a: Regice|122/364 tox","|move|p2a: Regice|Thunderbolt|p1a: Klein","|-damage|p1a: Klein|244/373","|","|-damage|p2a: Regice|78/364 tox|[from] psn","|turn|20","|","|move|p1a: Klein|Tri Attack|p2a: Regice","|-damage|p2a: Regice|9/364 tox","|move|p2a: Regice|Rest|p2a: Regice","|-status|p2a: Regice|slp","|-heal|p2a: Regice|364/364 slp|[silent]","|-status|p2a: Regice|slp|[from] move: Rest","|","|turn|21","|","|switch|p1a: Asuna|Lopunny, M|271/271","|-damage|p1a: Asuna|204/271|[from] Spikes","|cant|p2a: Regice|slp","|","|turn|22","|","|switch|p2a: Avalugg|Avalugg, M|394/394","|detailschange|p1a: Asuna|Lopunny-Mega, M","|-mega|p1a: Asuna|Lopunny|Lopunnite","|move|p1a: Asuna|High Jump Kick|p2a: Avalugg","|-supereffective|p2a: Avalugg","|-damage|p2a: Avalugg|160/394","|","|-heal|p2a: Avalugg|184/394|[from] item: Leftovers","|turn|23","|","|move|p1a: Asuna|High Jump Kick|p2a: Avalugg","|-crit|p2a: Avalugg","|-supereffective|p2a: Avalugg","|-damage|p2a: Avalugg|0 fnt","|faint|p2a: Avalugg","|","|","|switch|p2a: Mamoswine|Mamoswine, M|424/424","|turn|24","|","|move|p2a: Mamoswine|Ice Shard|p1a: Asuna","|-damage|p1a: Asuna|126/271","|-damage|p2a: Mamoswine|382/424|[from] item: Life Orb","|move|p1a: Asuna|High Jump Kick|p2a: Mamoswine","|-supereffective|p2a: Mamoswine","|-damage|p2a: Mamoswine|0 fnt","|faint|p2a: Mamoswine","|","|","|switch|p2a: Kyurem-Black|Kyurem-Black|405/405","|-ability|p2a: Kyurem-Black|Teravolt","|turn|25","|","|move|p1a: Asuna|High Jump Kick|p2a: Kyurem-Black","|-supereffective|p2a: Kyurem-Black","|-damage|p2a: Kyurem-Black|0 fnt","|faint|p2a: Kyurem-Black","|","|","|switch|p2a: Abomasnow|Abomasnow, M|201/321 tox","|-weather|Hail","|turn|26","|","|move|p1a: Asuna|High Jump Kick|p2a: Abomasnow","|-crit|p2a: Abomasnow","|-supereffective|p2a: Abomasnow","|-damage|p2a: Abomasnow|0 fnt","|faint|p2a: Abomasnow","|","|-weather|Hail|[upkeep]","|-damage|p1a: Asuna|110/271|[from] hail","|","|switch|p2a: Regice|Regice|364/364 slp","|turn|27","|","|move|p1a: Asuna|High Jump Kick|p2a: Regice","|-supereffective|p2a: Regice","|-damage|p2a: Regice|0 fnt","|faint|p2a: Regice","|","|win|Primal Vergi1"],"p1rating":{"entryid":"776170","serverid":"eos","formatid":"monotype","userid":"primalvergi1","username":"Primal Vergi1","w":6,"l":"4","t":"0","gxe":57.7,"r":"1547.9119251951","rd":"102.07824105523","sigma":"0","rptime":"1441270800","rpr":1560.4482791502,"rprd":86.77716692276,"rpsigma":"0","acre":1128.6051394698,"lacre":1128.6051394698,"oldacre":"1103.4590185807"},"p2rating":{"entryid":"790045","serverid":"eos","formatid":"monotype","userid":"coloniolmustang","username":"Coloniol Mustang","w":"5","l":4,"t":"0","gxe":54,"r":"1506.5678551039","rd":"106.29891332807","sigma":"0","rptime":"1441270800","rpr":1530.9237780885,"rprd":89.271935852526,"rpsigma":"0","acre":1080.3436246828,"lacre":1080.3436246828,"oldacre":"1105.4897455719"},"endType":"normal"}