{"seed":[26728,43162,46454,43704],"turns":26,"p1":"WitchOfCaldia","p2":"Primal Vergi1","p1team":[{"name":"Froslass","species":"Froslass","item":"focussash","ability":"Cursed Body","moves":["icepunch","shadowball","destinybond","icebeam"],"nature":"Timid","evs":{"hp":0,"atk":0,"def":4,"spa":252,"spd":0,"spe":252},"ivs":{"hp":31,"atk":31,"def":31,"spa":31,"spd":31,"spe":31}},{"name":"Weavile","species":"Weavile","item":"lifeorb","ability":"Pressure","moves":["blizzard","knockoff","nightslash","honeclaws"],"nature":"Jolly","evs":{"hp":0,"atk":252,"def":0,"spa":0,"spd":4,"spe":252},"ivs":{"hp":31,"atk":31,"def":31,"spa":31,"spd":31,"spe":31}},{"name":"Lapras","species":"Lapras","item":"assaultvest","ability":"Water Absorb","moves":["hydropump","freezedry","thunderbolt","iceshard"],"nature":"Mild","evs":{"hp":248,"atk":8,"def":0,"spa":252,"spd":0,"spe":0},"gender":"F","shiny":true,"ivs":{"hp":31,"atk":31,"def":31,"spa":31,"spd":31,"spe":31}},{"name":"Cloyster","species":"Cloyster","item":"focussash","ability":"Skill Link","moves":["shellsmash","iciclespear","rockblast","razorshell"],"nature":"Adamant","evs":{"hp":0,"atk":252,"def":0,"spa":0,"spd":4,"spe":252},"gender":"F","shiny":true,"ivs":{"hp":31,"atk":31,"def":31,"spa":31,"spd":31,"spe":31}},{"name":"Abomasnow","species":"Abomasnow","item":"abomasite","ability":"Soundproof","moves":["blizzard","woodhammer","iceshard","earthquake"],"nature":"Mild","evs":{"hp":8,"atk":68,"def":0,"spa":252,"spd":0,"spe":180},"ivs":{"hp":31,"atk":31,"def":31,"spa":31,"spd":31,"spe":31}},{"name":"Mamoswine","species":"Mamoswine","item":"lifeorb","ability":"Thick Fat","moves":["iceshard","earthquake","iciclecrash","freezedry"],"nature":"Naive","evs":{"hp":0,"atk":244,"def":0,"spa":12,"spd":0,"spe":252},"ivs":{"hp":31,"atk":31,"def":31,"spa":31,"spd":31,"spe":31}}],"p2team":[{"name":"Lisbeth","species":"mandibuzz","item":"leftovers","ability":"Overcoat","moves":["roost","foulplay","toxic","whirlwind"],"nature":"Bold","evs":{"hp":252,"atk":0,"def":252,"spa":0,"spd":4,"spe":0},"ivs":{"hp":31,"atk":31,"def":31,"spa":31,"spd":31,"spe":31}},{"name":"Crawdaunt","species":"Crawdaunt","item":"focussash","ability":"Adaptability","moves":["crabhammer","aquajet","dragondance","knockoff"],"nature":"Adamant","evs":{"hp":0,"atk":252,"def":0,"spa":0,"spd":4,"spe":252},"happiness":0,"ivs":{"hp":31,"atk":31,"def":31,"spa":31,"spd":31,"spe":31}},{"name":"Agil","species":"tyranitar","item":"assaultvest","ability":"Sand Stream","moves":["icepunch","stoneedge","earthquake","crunch"],"nature":"Careful","evs":{"hp":248,"atk":100,"def":0,"spa":0,"spd":160,"spe":0},"gender":"M","shiny":true,"ivs":{"hp":31,"atk":31,"def":31,"spa":31,"spd":31,"spe":31}},{"name":"Kirito","species":"hydreigon","item":"choicescarf","ability":"Levitate","moves":["dracometeor","flashcannon","darkpulse","fireblast"],"nature":"Timid","evs":{"hp":0,"atk":0,"def":0,"spa":252,"spd":4,"spe":252},"gender":"M","shiny":true,"ivs":{"hp":31,"atk":31,"def":31,"spa":31,"spd":31,"spe":31}},{"name":"Klein","species":"sableye","item":"leftovers","ability":"Prankster","moves":["willowisp","knockoff","taunt","recover"],"nature":"Careful","evs":{"hp":248,"atk":8,"def":0,"spa":0,"spd":252,"spe":0},"gender":"M","ivs":{"hp":31,"atk":31,"def":31,"spa":31,"spd":31,"spe":31}},{"name":"Silica","species":"umbreon","item":"leftovers","ability":"Synchronize","moves":["healbell","protect","wish","foulplay"],"nature":"Calm","evs":{"hp":252,"atk":0,"def":4,"spa":0,"spd":252,"spe":0},"gender":"F","shiny":true,"ivs":{"hp":31,"atk":31,"def":31,"spa":31,"spd":31,"spe":31}}],"log":["|player|p1|WitchOfCaldia|159","|player|p2|Primal Vergi1|doctorvergi.png","|gametype|singles","|gen|6","|tier|Monotype","|rated","|rule|Baton Pass Clause: Limit one Baton Passer, can't pass Spe and other stats simultaneously","|rule|Swagger Clause: Swagger is banned","|rule|Same Type Clause: Pokémon in a team must share a type","|clearpoke","|poke|p1|Froslass, F","|poke|p1|Weavile, F","|poke|p1|Lapras, F, shiny","|poke|p1|Cloyster, F, shiny","|poke|p1|Abomasnow, M","|poke|p1|Mamoswine, F","|poke|p2|Mandibuzz, F","|poke|p2|Crawdaunt, F","|poke|p2|Tyranitar, M, shiny","|poke|p2|Hydreigon, M, shiny","|poke|p2|Sableye, M","|poke|p2|Umbreon, F, shiny","|rule|Sleep Clause Mod: Limit one foe put to sleep","|rule|Species Clause: Limit one of each Pokémon","|rule|OHKO Clause: OHKO moves are banned","|rule|Moody Clause: Moody is banned","|rule|Evasion Moves Clause: Evasion moves are banned","|rule|Endless Battle Clause: Forcing endless battles is banned","|rule|HP Percentage Mod: HP is shown in percentages","|teampreview","|","|start","|switch|p1a: Cloyster|Cloyster, F, shiny|241/241","|switch|p2a: Klein|Sableye, M|303/303","|turn|1","|","|move|p2a: Klein|Taunt|p1a: Cloyster","|-start|p1a: Cloyster|move: Taunt","|cant|p1a: Cloyster|move: Taunt|Shell Smash","|","|turn|2","|","|move|p2a: Klein|Will-O-Wisp|p1a: Cloyster","|-status|p1a: Cloyster|brn","|move|p1a: Cloyster|Icicle Spear|p2a: Klein","|-damage|p2a: Klein|280/303","|-damage|p2a: Klein|256/303","|-damage|p2a: Klein|230/303","|-damage|p2a: Klein|205/303","|-damage|p2a: Klein|179/303","|-hitcount|p2a: Klein|5","|","|-heal|p2a: Klein|197/303|[from] item: Leftovers","|-damage|p1a: Cloyster|211/241 brn|[from] brn","|turn|3","|","|move|p1a: Cloyster|Razor Shell|p2a: Klein","|-crit|p2a: Klein","|-damage|p2a: Klein|90/303","|-unboost|p2a: Klein|def|1","|move|p2a: Klein|Knock Off|p1a: Cloyster","|-damage|p1a: Cloyster|154/241 brn","|-enditem|p1a: Cloyster|Focus Sash|[from] move: Knock Off|[of] p2a: Klein","|","|-heal|p2a: Klein|108/303|[from] item: Leftovers","|-damage|p1a: Cloyster|124/241 brn|[from] brn","|-end|p1a: Cloyster|move: Taunt","|turn|4","|","|switch|p2a: Lisbeth|Mandibuzz, F|424/424","|move|p1a: Cloyster|Razor Shell|p2a: Lisbeth","|-damage|p2a: Lisbeth|380/424","|-unboost|p2a: Lisbeth|def|1","|","|-heal|p2a: Lisbeth|406/424|[from] item: Leftovers","|-damage|p1a: Cloyster|94/241 brn|[from] brn","|turn|5","|","|move|p1a: Cloyster|Icicle Spear|p2a: Lisbeth","|-supereffective|p2a: Lisbeth","|-damage|p2a: Lisbeth|366/424","|-supereffective|p2a: Lisbeth","|-damage|p2a: Lisbeth|326/424","|-supereffective|p2a: Lisbeth","|-damage|p2a: Lisbeth|283/424","|-supereffective|p2a: Lisbeth","|-damage|p2a: Lisbeth|240/424","|-supereffective|p2a: Lisbeth","|-damage|p2a: Lisbeth|195/424","|-hitcount|p2a: Lisbeth|5","|move|p2a: Lisbeth|Foul Play|p1a: Cloyster","|-damage|p1a: Cloyster|3/241 brn","|","|-heal|p2a: Lisbeth|221/424|[from] item: Leftovers","|-damage|p1a: Cloyster|0 fnt|[from] brn","|faint|p1a: Cloyster","|","|switch|p1a: Lapras|Lapras, F, shiny|463/463","|turn|6","|","|switch|p2a: Silica|Umbreon, F, shiny|394/394","|move|p1a: Lapras|Thunderbolt|p2a: Silica","|-damage|p2a: Silica|342/394","|","|-heal|p2a: Silica|366/394|[from] item: Leftovers","|turn|7","|","|move|p2a: Silica|Foul Play|p1a: Lapras","|-damage|p1a: Lapras|321/463","|move|p1a: Lapras|Freeze-Dry|p2a: Silica","|-crit|p2a: Silica","|-damage|p2a: Silica|273/394","|","|-heal|p2a: Silica|297/394|[from] item: Leftovers","|turn|8","|","|move|p2a: Silica|Foul Play|p1a: Lapras","|-damage|p1a: Lapras|182/463","|move|p1a: Lapras|Hydro Pump|p2a: Silica","|-damage|p2a: Silica|204/394","|","|-heal|p2a: Silica|228/394|[from] item: Leftovers","|turn|9","|","|move|p2a: Silica|Wish|p2a: Silica","|move|p1a: Lapras|Hydro Pump|p2a: Silica","|-damage|p2a: Silica|129/394","|","|-heal|p2a: Silica|153/394|[from] item: Leftovers","|turn|10","|","|move|p2a: Silica|Foul Play|p1a: Lapras","|-damage|p1a: Lapras|52/463","|move|p1a: Lapras|Hydro Pump|p2a: Silica","|-crit|p2a: Silica","|-damage|p2a: Silica|3/394","|","|-heal|p2a: Silica|200/394|[from] move: Wish|[wisher] Silica","|-heal|p2a: Silica|224/394|[from] item: Leftovers","|turn|11","|","|move|p1a: Lapras|Ice Shard|p2a: Silica","|-damage|p2a: Silica|185/394","|move|p2a: Silica|Wish|p2a: Silica","|","|-heal|p2a: Silica|209/394|[from] item: Leftovers","|turn|12","|","|move|p2a: Silica|Foul Play|p1a: Lapras","|-damage|p1a: Lapras|0 fnt","|faint|p1a: Lapras","|","|-heal|p2a: Silica|394/394|[from] move: Wish|[wisher] Silica","|","|switch|p1a: Froslass|Froslass, F|281/281","|turn|13","|","|move|p1a: Froslass|Ice Punch|p2a: Silica","|-damage|p2a: Silica|336/394","|move|p2a: Silica|Foul Play|p1a: Froslass","|-supereffective|p1a: Froslass","|-damage|p1a: Froslass|53/281","|-start|p2a: Silica|Disable|Foul Play","|","|-heal|p2a: Silica|360/394|[from] item: Leftovers","|turn|14","|","|move|p1a: Froslass|Destiny Bond|p1a: Froslass","|-singlemove|p1a: Froslass|Destiny Bond","|move|p2a: Silica|Wish|p2a: Silica","|","|-heal|p2a: Silica|384/394|[from] item: Leftovers","|turn|15","|","|switch|p2a: Klein|Sableye, M|108/303","|move|p1a: Froslass|Destiny Bond|p1a: Froslass","|-singlemove|p1a: Froslass|Destiny Bond","|","|-heal|p2a: Klein|303/303|[from] move: Wish|[wisher] Silica","|turn|16","|","|move|p2a: Klein|Will-O-Wisp|p1a: Froslass","|-status|p1a: Froslass|brn","|move|p1a: Froslass|Ice Beam|p2a: Klein","|-damage|p2a: Klein|194/303","|","|-heal|p2a: Klein|212/303|[from] item: Leftovers","|-damage|p1a: Froslass|18/281 brn|[from] brn","|turn|17","|","|move|p2a: Klein|Taunt|p1a: Froslass","|-start|p1a: Froslass|move: Taunt","|cant|p1a: Froslass|move: Taunt|Destiny Bond","|","|-heal|p2a: Klein|230/303|[from] item: Leftovers","|-damage|p1a: Froslass|0 fnt|[from] brn","|faint|p1a: Froslass","|","|switch|p1a: Mamoswine|Mamoswine, F|361/361","|turn|18","|","|move|p2a: Klein|Will-O-Wisp|p1a: Mamoswine","|-status|p1a: Mamoswine|brn","|move|p1a: Mamoswine|Icicle Crash|p2a: Klein","|-damage|p2a: Klein|95/303","|-damage|p1a: Mamoswine|325/361 brn|[from] item: Life Orb","|","|-heal|p2a: Klein|113/303|[from] item: Leftovers","|-damage|p1a: Mamoswine|280/361 brn|[from] brn","|turn|19","|","|move|p2a: Klein|Recover|p2a: Klein","|-heal|p2a: Klein|265/303","|move|p1a: Mamoswine|Icicle Crash|p2a: Klein","|-crit|p2a: Klein","|-damage|p2a: Klein|75/303","|-damage|p1a: Mamoswine|244/361 brn|[from] item: Life Orb","|","|-heal|p2a: Klein|93/303|[from] item: Leftovers","|-damage|p1a: Mamoswine|199/361 brn|[from] brn","|turn|20","|","|move|p2a: Klein|Recover|p2a: Klein","|-heal|p2a: Klein|245/303","|move|p1a: Mamoswine|Icicle Crash|p2a: Klein","|-damage|p2a: Klein|124/303","|-damage|p1a: Mamoswine|163/361 brn|[from] item: Life Orb","|","|-heal|p2a: Klein|142/303|[from] item: Leftovers","|-damage|p1a: Mamoswine|118/361 brn|[from] brn","|turn|21","|","|move|p2a: Klein|Recover|p2a: Klein","|-heal|p2a: Klein|294/303","|move|p1a: Mamoswine|Icicle Crash|p2a: Klein","|-crit|p2a: Klein","|-damage|p2a: Klein|121/303","|-damage|p1a: Mamoswine|82/361 brn|[from] item: Life Orb","|","|-heal|p2a: Klein|139/303|[from] item: Leftovers","|-damage|p1a: Mamoswine|37/361 brn|[from] brn","|turn|22","|","|move|p2a: Klein|Recover|p2a: Klein","|-heal|p2a: Klein|291/303","|move|p1a: Mamoswine|Icicle Crash|p2a: Klein","|-crit|p2a: Klein","|-damage|p2a: Klein|97/303","|-damage|p1a: Mamoswine|1/361 brn|[from] item: Life Orb","|","|-heal|p2a: Klein|115/303|[from] item: Leftovers","|-damage|p1a: Mamoswine|0 fnt|[from] brn","|faint|p1a: Mamoswine","|","|switch|p1a: Abomasnow|Abomasnow, M|323/323","|turn|23","|","|detailschange|p1a: Abomasnow|Abomasnow-Mega, M","|-mega|p1a: Abomasnow|Abomasnow|Abomasite","|-weather|Hail","|move|p1a: Abomasnow|Ice Shard|p2a: Klein","|-damage|p2a: Klein|33/303","|move|p2a: Klein|Will-O-Wisp|p1a: Abomasnow","|-status|p1a: Abomasnow|brn","|","|-weather|Hail|[upkeep]","|-damage|p2a: Klein|15/303|[from] hail","|-heal|p2a: Klein|33/303|[from] item: Leftovers","|-damage|p1a: Abomasnow|283/323 brn|[from] brn","|turn|24","|","|move|p1a: Abomasnow|Ice Shard|p2a: Klein","|-crit|p2a: Klein","|-damage|p2a: Klein|0 fnt","|faint|p2a: Klein","|","|-weather|Hail|[upkeep]","|-damage|p1a: Abomasnow|243/323 brn|[from] brn","|","|switch|p2a: Kirito|Hydreigon, M, shiny|325/325","|turn|25","|","|move|p2a: Kirito|Fire Blast|p1a: Abomasnow","|-supereffective|p1a: Abomasnow","|-damage|p1a: Abomasnow|0 fnt","|faint|p1a: Abomasnow","|","|-weather|Hail|[upkeep]","|-damage|p2a: Kirito|305/325|[from] hail","|","|switch|p1a: Weavile|Weavile, F|281/281","|-ability|p1a: Weavile|Pressure","|turn|26","|","|move|p2a: Kirito|Fire Blast|p1a: Weavile","|-supereffective|p1a: Weavile","|-damage|p1a: Weavile|0 fnt","|faint|p1a: Weavile","|","|win|Primal Vergi1"],"p1rating":{"entryid":"95909","serverid":"eos","formatid":"monotype","userid":"witchofcaldia","username":"WitchOfCaldia","w":"0","l":4,"t":"0","gxe":36.1,"r":"1459.8393856612","rd":"125.55078446571","sigma":"0","rptime":"1441270800","rpr":1387.1565045968,"rprd":109.15106043285,"rpsigma":"0","acre":1000,"lacre":1000,"oldacre":"1000"},"p2rating":{"entryid":"776170","serverid":"eos","formatid":"monotype","userid":"primalvergi1","username":"Primal Vergi1","w":5,"l":"4","t":"0","gxe":55.4,"r":"1547.9119251951","rd":"102.07824105523","sigma":"0","rptime":"1441270800","rpr":1541.8840672926,"rprd":89.280981846716,"rpsigma":"0","acre":1103.4590185807,"lacre":1103.4590185807,"oldacre":"1082.2197761622"},"endType":"normal"}