{"seed":[35883,2980,3129,29656],"turns":23,"p1":"Apex✦Reborn","p2":"Apex Salamence","p1team":[{"name":"Doublade","species":"Doublade","item":"eviolite","ability":"No Guard","moves":["shadowsneak","swordsdance","gyroball","sacredsword"],"nature":"Brave","evs":{"hp":252,"atk":252,"def":4,"spa":0,"spd":0,"spe":0},"ivs":{"hp":31,"atk":31,"def":31,"spa":31,"spd":31,"spe":0}},{"name":"Registeel","species":"Registeel","item":"leftovers","ability":"Clear Body","moves":["rockpolish","hiddenpowerwater","chargebeam","flashcannon"],"nature":"Modest","evs":{"hp":76,"atk":0,"def":0,"spa":252,"spd":4,"spe":176},"ivs":{"hp":31,"atk":30,"def":30,"spa":30,"spd":31,"spe":31}},{"name":"Bisharp","species":"Bisharp","item":"focussash","ability":"Defiant","moves":["suckerpunch","knockoff","psychocut","swordsdance"],"nature":"Adamant","evs":{"hp":0,"atk":252,"def":4,"spa":0,"spd":0,"spe":252},"ivs":{"hp":31,"atk":31,"def":31,"spa":31,"spd":31,"spe":31}},{"name":"Scizor","species":"Scizor","item":"scizorite","ability":"Technician","moves":["roost","bugbite","bulletpunch","swordsdance"],"nature":"Adamant","evs":{"hp":248,"atk":252,"def":0,"spa":0,"spd":8,"spe":0},"ivs":{"hp":31,"atk":31,"def":31,"spa":31,"spd":31,"spe":31}},{"name":"Lucario","species":"Lucario","item":"leftovers","ability":"Inner Focus","moves":["psychic","drainpunch","blazekick","workup"],"nature":"Mild","evs":{"hp":252,"atk":4,"def":0,"spa":252,"spd":0,"spe":0},"ivs":{"hp":31,"atk":31,"def":31,"spa":31,"spd":31,"spe":31}},{"name":"Skarmory","species":"Skarmory","item":"rockyhelmet","ability":"Weak Armor","moves":["drillpeck","ironhead","tailwind","guardswap"],"nature":"Adamant","evs":{"hp":232,"atk":252,"def":0,"spa":0,"spd":0,"spe":24},"ivs":{"hp":31,"atk":31,"def":31,"spa":31,"spd":31,"spe":31}}],"p2team":[{"name":"Typhoon","species":"gyarados","item":"gyaradosite","ability":"Intimidate","moves":["crunch","dragondance","earthquake","waterfall"],"nature":"Adamant","evs":{"hp":0,"atk":252,"def":0,"spa":0,"spd":4,"spe":252},"gender":"M","shiny":true,"ivs":{"hp":31,"atk":31,"def":31,"spa":31,"spd":31,"spe":31}},{"name":"Porunga","species":"dragonite","item":"weaknesspolicy","ability":"Multiscale","moves":["dragonclaw","dragondance","extremespeed","fly"],"nature":"Adamant","evs":{"hp":0,"atk":252,"def":0,"spa":0,"spd":4,"spe":252},"gender":"M","shiny":true,"ivs":{"hp":31,"atk":31,"def":31,"spa":31,"spd":31,"spe":31}},{"name":"Jupiter","species":"thundurus","item":"lifeorb","ability":"Prankster","moves":["nastyplot","thunderbolt","hiddenpowerice","thunderwave"],"nature":"Timid","evs":{"hp":0,"atk":0,"def":0,"spa":252,"spd":4,"spe":252},"ivs":{"hp":31,"atk":30,"def":30,"spa":31,"spd":31,"spe":31},"shiny":true},{"name":"Cherokee","species":"xatu","item":"leftovers","ability":"Magic Bounce","moves":["haze","heatwave","nightshade","roost"],"nature":"Calm","evs":{"hp":252,"atk":0,"def":0,"spa":4,"spd":252,"spe":0},"gender":"M","shiny":true,"ivs":{"hp":31,"atk":31,"def":31,"spa":31,"spd":31,"spe":31}},{"name":"DEATH","species":"togekiss","item":"leftovers","ability":"Serene Grace","moves":["airslash","thunderwave","nastyplot","wish"],"nature":"Calm","evs":{"hp":252,"atk":0,"def":0,"spa":4,"spd":252,"spe":0},"gender":"F","shiny":true,"ivs":{"hp":31,"atk":31,"def":31,"spa":31,"spd":31,"spe":31}},{"name":"Gliscor","species":"Gliscor","item":"toxicorb","ability":"Poison Heal","moves":["stealthrock","knockoff","protect","toxic"],"nature":"Impish","evs":{"hp":248,"atk":0,"def":188,"spa":0,"spd":0,"spe":72},"ivs":{"hp":31,"atk":31,"def":31,"spa":31,"spd":31,"spe":31}}],"log":["|player|p1|Apex✦Reborn|142","|player|p2|Apex Salamence|169","|gametype|singles","|gen|6","|tier|Monotype","|rated","|rule|Baton Pass Clause: Limit one Baton Passer, can't pass Spe and other stats simultaneously","|rule|Swagger Clause: Swagger is banned","|rule|Same Type Clause: Pokémon in a team must share a type","|clearpoke","|poke|p1|Doublade, F","|poke|p1|Registeel","|poke|p1|Bisharp, F","|poke|p1|Scizor, M","|poke|p1|Lucario, M","|poke|p1|Skarmory, M","|poke|p2|Gyarados, M, shiny","|poke|p2|Dragonite, M, shiny","|poke|p2|Thundurus, M, shiny","|poke|p2|Xatu, M, shiny","|poke|p2|Togekiss, F, shiny","|poke|p2|Gliscor, M","|rule|Sleep Clause Mod: Limit one foe put to sleep","|rule|Species Clause: Limit one of each Pokémon","|rule|OHKO Clause: OHKO moves are banned","|rule|Moody Clause: Moody is banned","|rule|Evasion Moves Clause: Evasion moves are banned","|rule|Endless Battle Clause: Forcing endless battles is banned","|rule|HP Percentage Mod: HP is shown in percentages","|teampreview","|","|start","|switch|p1a: Skarmory|Skarmory, M|329/329","|switch|p2a: Jupiter|Thundurus, M, shiny|299/299","|turn|1","|","|switch|p2a: Cherokee|Xatu, M, shiny|334/334","|switch|p1a: Registeel|Registeel|320/320","|","|turn|2","|","|move|p2a: Cherokee|Heat Wave|p1a: Registeel","|-supereffective|p1a: Registeel","|-damage|p1a: Registeel|224/320","|-status|p1a: Registeel|brn","|move|p1a: Registeel|Rock Polish|p1a: Registeel","|-boost|p1a: Registeel|spe|2","|","|-heal|p1a: Registeel|244/320 brn|[from] item: Leftovers","|-damage|p1a: Registeel|204/320 brn|[from] brn","|turn|3","|","|move|p1a: Registeel|Charge Beam|p2a: Cherokee","|-supereffective|p2a: Cherokee","|-damage|p2a: Cherokee|258/334","|move|p2a: Cherokee|Haze|p2a: Cherokee","|-clearallboost","|","|-heal|p2a: Cherokee|278/334|[from] item: Leftovers","|-heal|p1a: Registeel|224/320 brn|[from] item: Leftovers","|-damage|p1a: Registeel|184/320 brn|[from] brn","|turn|4","|","|move|p2a: Cherokee|Heat Wave|p1a: Registeel","|-supereffective|p1a: Registeel","|-damage|p1a: Registeel|90/320 brn","|move|p1a: Registeel|Charge Beam|p2a: Cherokee|[miss]","|-miss|p1a: Registeel|p2a: Cherokee","|","|-heal|p2a: Cherokee|298/334|[from] item: Leftovers","|-heal|p1a: Registeel|110/320 brn|[from] item: Leftovers","|-damage|p1a: Registeel|70/320 brn|[from] brn","|turn|5","|","|move|p2a: Cherokee|Night Shade|p1a: Registeel","|-damage|p1a: Registeel|0 fnt","|faint|p1a: Registeel","|","|-heal|p2a: Cherokee|318/334|[from] item: Leftovers","|","|switch|p1a: Doublade|Doublade, F|322/322","|turn|6","|","|move|p2a: Cherokee|Night Shade|p1a: Doublade","|-damage|p1a: Doublade|222/322","|move|p1a: Doublade|Swords Dance|p1a: Doublade","|-boost|p1a: Doublade|atk|2","|","|-heal|p2a: Cherokee|334/334|[from] item: Leftovers","|turn|7","|","|move|p1a: Doublade|Shadow Sneak|p2a: Cherokee","|-supereffective|p2a: Cherokee","|-damage|p2a: Cherokee|0 fnt","|faint|p2a: Cherokee","|","|","|switch|p2a: Gliscor|Gliscor, M|353/353","|turn|8","|","|move|p2a: Gliscor|Protect|p2a: Gliscor","|-singleturn|p2a: Gliscor|Protect","|move|p1a: Doublade|Gyro Ball|p2a: Gliscor","|-activate|p2a: Gliscor|Protect","|","|-status|p2a: Gliscor|tox|[from] item: Toxic Orb","|turn|9","|","|move|p2a: Gliscor|Knock Off|p1a: Doublade","|-supereffective|p1a: Doublade","|-damage|p1a: Doublade|150/322","|-enditem|p1a: Doublade|Eviolite|[from] move: Knock Off|[of] p2a: Gliscor","|move|p1a: Doublade|Gyro Ball|p2a: Gliscor","|-damage|p2a: Gliscor|145/353 tox","|","|-heal|p2a: Gliscor|189/353 tox|[from] ability: Poison Heal","|turn|10","|","|move|p2a: Gliscor|Protect|p2a: Gliscor","|-singleturn|p2a: Gliscor|Protect","|move|p1a: Doublade|Swords Dance|p1a: Doublade","|-boost|p1a: Doublade|atk|2","|","|-heal|p2a: Gliscor|233/353 tox|[from] ability: Poison Heal","|turn|11","|","|move|p1a: Doublade|Shadow Sneak|p2a: Gliscor","|-damage|p2a: Gliscor|97/353 tox","|move|p2a: Gliscor|Stealth Rock|p1a: Doublade","|-sidestart|p1: Apex✦Reborn|move: Stealth Rock","|","|-heal|p2a: Gliscor|141/353 tox|[from] ability: Poison Heal","|turn|12","|","|move|p1a: Doublade|Shadow Sneak|p2a: Gliscor","|-damage|p2a: Gliscor|14/353 tox","|move|p2a: Gliscor|Knock Off|p1a: Doublade","|-supereffective|p1a: Doublade","|-damage|p1a: Doublade|84/322","|","|-heal|p2a: Gliscor|58/353 tox|[from] ability: Poison Heal","|turn|13","|","|move|p2a: Gliscor|Protect|p2a: Gliscor","|-singleturn|p2a: Gliscor|Protect","|move|p1a: Doublade|Swords Dance|p1a: Doublade","|-boost|p1a: Doublade|atk|2","|","|-heal|p2a: Gliscor|102/353 tox|[from] ability: Poison Heal","|turn|14","|","|move|p1a: Doublade|Shadow Sneak|p2a: Gliscor","|-damage|p2a: Gliscor|0 fnt","|faint|p2a: Gliscor","|","|","|switch|p2a: Jupiter|Thundurus, M, shiny|299/299","|turn|15","|","|move|p2a: Jupiter|Thunder Wave|p1a: Doublade","|-status|p1a: Doublade|par","|cant|p1a: Doublade|par","|","|turn|16","|","|move|p1a: Doublade|Shadow Sneak|p2a: Jupiter","|-crit|p2a: Jupiter","|-damage|p2a: Jupiter|0 fnt","|faint|p2a: Jupiter","|","|","|switch|p2a: Typhoon|Gyarados, M, shiny|331/331","|-ability|p2a: Typhoon|Intimidate","|-unboost|p1a: Doublade|atk|1","|turn|17","|","|detailschange|p2a: Typhoon|Gyarados-Mega, M, shiny","|-mega|p2a: Typhoon|Gyarados|Gyaradosite","|-ability|p2a: Typhoon|Mold Breaker","|move|p1a: Doublade|Shadow Sneak|p2a: Typhoon","|-crit|p2a: Typhoon","|-resisted|p2a: Typhoon","|-damage|p2a: Typhoon|153/331","|move|p2a: Typhoon|Earthquake|p1a: Doublade","|-supereffective|p1a: Doublade","|-damage|p1a: Doublade|0 fnt","|faint|p1a: Doublade","|","|","|switch|p1a: Skarmory|Skarmory, M|329/329","|-damage|p1a: Skarmory|288/329|[from] Stealth Rock","|turn|18","|","|move|p2a: Typhoon|Waterfall|p1a: Skarmory","|-crit|p1a: Skarmory","|-damage|p1a: Skarmory|102/329","|-unboost|p1a: Skarmory|def|1|[from] ability: Weak Armor","|-boost|p1a: Skarmory|spe|1|[from] ability: Weak Armor","|-damage|p2a: Typhoon|98/331|[from] item: Rocky Helmet|[of] p1a: Skarmory","|cant|p1a: Skarmory|flinch","|","|turn|19","|","|move|p1a: Skarmory|Drill Peck|p2a: Typhoon","|-damage|p2a: Typhoon|0 fnt","|faint|p2a: Typhoon","|","|","|switch|p2a: Porunga|Dragonite, M, shiny|323/323","|turn|20","|","|move|p2a: Porunga|Extreme Speed|p1a: Skarmory","|-resisted|p1a: Skarmory","|-damage|p1a: Skarmory|46/329","|-unboost|p1a: Skarmory|def|1|[from] ability: Weak Armor","|-boost|p1a: Skarmory|spe|1|[from] ability: Weak Armor","|-damage|p2a: Porunga|270/323|[from] item: Rocky Helmet|[of] p1a: Skarmory","|move|p1a: Skarmory|Guard Swap|p2a: Porunga","|-swapboost|p1a: Skarmory|p2a: Porunga|def, spd|[from] move: Guard Swap","|","|turn|21","|","|move|p2a: Porunga|Extreme Speed|p1a: Skarmory","|-resisted|p1a: Skarmory","|-damage|p1a: Skarmory|3/329","|-unboost|p1a: Skarmory|def|1|[from] ability: Weak Armor","|-boost|p1a: Skarmory|spe|1|[from] ability: Weak Armor","|-damage|p2a: Porunga|217/323|[from] item: Rocky Helmet|[of] p1a: Skarmory","|move|p1a: Skarmory|Drill Peck|p2a: Porunga","|-damage|p2a: Porunga|0 fnt","|faint|p2a: Porunga","|","|","|switch|p2a: DEATH|Togekiss, F, shiny|374/374","|turn|22","|","|move|p1a: Skarmory|Iron Head|p2a: DEATH","|-supereffective|p2a: DEATH","|-damage|p2a: DEATH|156/374","|cant|p2a: DEATH|flinch","|","|-heal|p2a: DEATH|179/374|[from] item: Leftovers","|turn|23","|","|move|p1a: Skarmory|Iron Head|p2a: DEATH","|-supereffective|p2a: DEATH","|-damage|p2a: DEATH|0 fnt","|faint|p2a: DEATH","|","|win|Apex✦Reborn"],"p1rating":{"entryid":"473409","serverid":"eos","formatid":"monotype","userid":"apexreborn","username":"Apex✦Reborn","w":18,"l":"16","t":"0","gxe":55,"r":"1534.9395784642","rd":"64.659723413869","sigma":"0","rptime":"1441270800","rpr":1538.1878821169,"rprd":58.029231661979,"rpsigma":"0","acre":1179.7703621254,"lacre":1179.7703621254,"oldacre":"1158.0016934744"},"p2rating":{"entryid":"1755","serverid":"eos","formatid":"monotype","userid":"apexsalamence","username":"Apex Salamence","w":"55","l":48,"t":"0","gxe":54,"r":"1542.1500273835","rd":"38.254097476229","sigma":"0","rptime":"1441270800","rpr":1530.0402278236,"rprd":36.261334039103,"rpsigma":"0","acre":1091.0732286329,"lacre":1091.0732286329,"oldacre":"1112.8418972839"},"endType":"normal"}