{"seed":[18641,54418,7583,36228],"turns":20,"p1":"TajCore","p2":"Gym Ldr Mitsuka∆","p1team":[{"name":"Malamar","species":"Malamar","item":"choicescarf","ability":"Contrary","moves":["superpower","psychocut","knockoff","rockslide"],"nature":"Jolly","evs":{"hp":0,"atk":252,"def":0,"spa":0,"spd":4,"spe":252},"ivs":{"hp":31,"atk":31,"def":31,"spa":31,"spd":31,"spe":31}},{"name":"Absol","species":"Absol","item":"scopelens","ability":"Super Luck","moves":["nightslash","slash","psychocut","swordsdance"],"nature":"Jolly","evs":{"hp":0,"atk":252,"def":0,"spa":0,"spd":4,"spe":252},"ivs":{"hp":31,"atk":31,"def":31,"spa":31,"spd":31,"spe":31}},{"name":"Krookodile","species":"Krookodile","item":"lifeorb","ability":"Moxie","moves":["earthquake","crunch","stealthrock","rockslide"],"nature":"Jolly","evs":{"hp":0,"atk":252,"def":0,"spa":0,"spd":4,"spe":252},"ivs":{"hp":31,"atk":31,"def":31,"spa":31,"spd":31,"spe":31}},{"name":"Sableye","species":"Sableye","item":"sablenite","ability":"Keen Eye","moves":["willowisp","calmmind","shadowball","taunt"],"nature":"Bold","evs":{"hp":0,"atk":0,"def":252,"spa":0,"spd":0,"spe":0},"ivs":{"hp":31,"atk":31,"def":31,"spa":31,"spd":31,"spe":31}},{"name":"Weavile","species":"Weavile","item":"","ability":"Pickpocket","moves":["aerialace","brickbreak","pursuit","iceshard"],"nature":"Jolly","evs":{"hp":0,"atk":252,"def":0,"spa":0,"spd":4,"spe":252},"ivs":{"hp":31,"atk":31,"def":31,"spa":31,"spd":31,"spe":31}},{"name":"Sharpedo","species":"Sharpedo","item":"lifeorb","ability":"Speed Boost","moves":["waterfall","crunch","bounce","icefang"],"nature":"Adamant","evs":{"hp":0,"atk":252,"def":0,"spa":0,"spd":4,"spe":252},"ivs":{"hp":31,"atk":31,"def":31,"spa":31,"spd":31,"spe":31}}],"p2team":[{"name":"Venusaur","species":"Venusaur","item":"venusaurite","ability":"Chlorophyll","moves":["synthesis","gigadrain","sludgebomb","leechseed"],"nature":"Bold","evs":{"hp":252,"atk":0,"def":164,"spa":0,"spd":92,"spe":0},"ivs":{"hp":31,"atk":31,"def":31,"spa":31,"spd":31,"spe":31}},{"name":"Cradily","species":"Cradily","item":"leftovers","ability":"Storm Drain","moves":["recover","mirrorcoat","gigadrain","ancientpower"],"nature":"Calm","evs":{"hp":252,"atk":0,"def":40,"spa":0,"spd":216,"spe":0},"ivs":{"hp":31,"atk":31,"def":31,"spa":31,"spd":31,"spe":31}},{"name":"Ferrothorn","species":"Ferrothorn","item":"occaberry","ability":"Iron Barbs","moves":["stealthrock","gyroball","leechseed","knockoff"],"nature":"Relaxed","evs":{"hp":248,"atk":8,"def":252,"spa":0,"spd":0,"spe":0},"ivs":{"hp":31,"atk":31,"def":31,"spa":31,"spd":31,"spe":0}},{"name":"Breloom","species":"Breloom","item":"focussash","ability":"Technician","moves":["spore","machpunch","poweruppunch","rocktomb"],"nature":"Jolly","evs":{"hp":0,"atk":252,"def":0,"spa":0,"spd":4,"spe":252},"ivs":{"hp":31,"atk":31,"def":31,"spa":31,"spd":31,"spe":31}},{"name":"Victreebel","species":"Victreebel","item":"sitrusberry","ability":"Chlorophyll","moves":["stockpile","swordsdance","powerwhip","synthesis"],"nature":"Careful","evs":{"hp":216,"atk":0,"def":160,"spa":0,"spd":132,"spe":0},"ivs":{"hp":31,"atk":31,"def":31,"spa":31,"spd":31,"spe":31}},{"name":"Celebi","species":"Celebi","item":"choicescarf","ability":"Natural Cure","moves":["trick","hiddenpowerfire","gigadrain","psychic"],"nature":"Timid","evs":{"hp":4,"atk":0,"def":0,"spa":252,"spd":0,"spe":252},"ivs":{"hp":31,"atk":30,"def":31,"spa":30,"spd":31,"spe":30}}],"log":["|player|p1|TajCore|101","|player|p2|Gym Ldr Mitsuka∆|265","|gametype|singles","|gen|6","|tier|Monotype","|rated","|rule|Baton Pass Clause: Limit one Baton Passer, can't pass Spe and other stats simultaneously","|rule|Swagger Clause: Swagger is banned","|rule|Same Type Clause: Pokémon in a team must share a type","|clearpoke","|poke|p1|Malamar, M","|poke|p1|Absol, M","|poke|p1|Krookodile, M","|poke|p1|Sableye, M","|poke|p1|Weavile, M","|poke|p1|Sharpedo, M","|poke|p2|Venusaur, M","|poke|p2|Cradily, M","|poke|p2|Ferrothorn, F","|poke|p2|Breloom, F","|poke|p2|Victreebel, M","|poke|p2|Celebi","|rule|Sleep Clause Mod: Limit one foe put to sleep","|rule|Species Clause: Limit one of each Pokémon","|rule|OHKO Clause: OHKO moves are banned","|rule|Moody Clause: Moody is banned","|rule|Evasion Moves Clause: Evasion moves are banned","|rule|Endless Battle Clause: Forcing endless battles is banned","|rule|HP Percentage Mod: HP is shown in percentages","|teampreview","|","|start","|switch|p1a: Malamar|Malamar, M|313/313","|switch|p2a: Ferrothorn|Ferrothorn, F|351/351","|turn|1","|","|move|p1a: Malamar|Superpower|p2a: Ferrothorn","|-supereffective|p2a: Ferrothorn","|-damage|p2a: Ferrothorn|209/351","|-damage|p1a: Malamar|274/313|[from] ability: Iron Barbs|[of] p2a: Ferrothorn","|-boost|p1a: Malamar|atk|1","|-boost|p1a: Malamar|def|1","|move|p2a: Ferrothorn|Stealth Rock|p1a: Malamar","|-sidestart|p1: TajCore|move: Stealth Rock","|","|turn|2","|","|switch|p2a: Celebi|Celebi|342/342","|move|p1a: Malamar|Superpower|p2a: Celebi","|-resisted|p2a: Celebi","|-damage|p2a: Celebi|264/342","|-boost|p1a: Malamar|atk|1","|-boost|p1a: Malamar|def|1","|","|turn|3","|","|move|p2a: Celebi|Trick|p1a: Malamar","|-activate|p2a: Celebi|move: Trick|[of] p1a: Malamar","|-item|p1a: Malamar|Choice Scarf|[from] move: Trick","|-item|p2a: Celebi|Choice Scarf|[from] move: Trick","|move|p1a: Malamar|Superpower|p2a: Celebi","|-resisted|p2a: Celebi","|-damage|p2a: Celebi|161/342","|-boost|p1a: Malamar|atk|1","|-boost|p1a: Malamar|def|1","|","|turn|4","|","|move|p2a: Celebi|Giga Drain|p1a: Malamar","|-damage|p1a: Malamar|132/313","|-heal|p2a: Celebi|232/342|[from] drain|[of] p1a: Malamar","|move|p1a: Malamar|Superpower|p2a: Celebi","|-resisted|p2a: Celebi","|-damage|p2a: Celebi|83/342","|-boost|p1a: Malamar|atk|1","|-boost|p1a: Malamar|def|1","|","|turn|5","|","|move|p2a: Celebi|Giga Drain|p1a: Malamar","|-damage|p1a: Malamar|2/313","|-heal|p2a: Celebi|148/342|[from] drain|[of] p1a: Malamar","|move|p1a: Malamar|Superpower|p2a: Celebi","|-resisted|p2a: Celebi","|-damage|p2a: Celebi|0 fnt","|-boost|p1a: Malamar|atk|1","|-boost|p1a: Malamar|def|1","|faint|p2a: Celebi","|","|","|switch|p2a: Breloom|Breloom, F|261/261","|turn|6","|","|move|p2a: Breloom|Mach Punch|p1a: Malamar","|-damage|p1a: Malamar|0 fnt","|faint|p1a: Malamar","|","|","|switch|p1a: Weavile|Weavile, M|281/281","|-damage|p1a: Weavile|211/281|[from] Stealth Rock","|turn|7","|","|move|p1a: Weavile|Ice Shard|p2a: Breloom","|-supereffective|p2a: Breloom","|-damage|p2a: Breloom|93/261","|move|p2a: Breloom|Mach Punch|p1a: Weavile","|-supereffective|p1a: Weavile","|-damage|p1a: Weavile|0 fnt","|faint|p1a: Weavile","|","|","|switch|p1a: Sableye|Sableye, M|241/241","|-damage|p1a: Sableye|211/241|[from] Stealth Rock","|turn|8","|","|switch|p2a: Cradily|Cradily, M|376/376","|detailschange|p1a: Sableye|Sableye-Mega, M","|-mega|p1a: Sableye|Sableye|Sablenite","|move|p1a: Sableye|Shadow Ball|p2a: Cradily","|-damage|p2a: Cradily|319/376","|","|-heal|p2a: Cradily|342/376|[from] item: Leftovers","|turn|9","|","|switch|p2a: Victreebel|Victreebel, M|355/355","|move|p1a: Sableye|Will-O-Wisp|p2a: Victreebel","|-status|p2a: Victreebel|brn","|","|-damage|p2a: Victreebel|311/355 brn|[from] brn","|turn|10","|","|move|p2a: Victreebel|Swords Dance|p2a: Victreebel","|-boost|p2a: Victreebel|atk|2","|move|p1a: Sableye|Calm Mind|p1a: Sableye","|-boost|p1a: Sableye|spa|1","|-boost|p1a: Sableye|spd|1","|","|-damage|p2a: Victreebel|267/355 brn|[from] brn","|turn|11","|","|move|p2a: Victreebel|Swords Dance|p2a: Victreebel","|-boost|p2a: Victreebel|atk|2","|move|p1a: Sableye|Calm Mind|p1a: Sableye","|-boost|p1a: Sableye|spa|1","|-boost|p1a: Sableye|spd|1","|","|-damage|p2a: Victreebel|223/355 brn|[from] brn","|turn|12","|","|move|p2a: Victreebel|Swords Dance|p2a: Victreebel","|-boost|p2a: Victreebel|atk|2","|move|p1a: Sableye|Calm Mind|p1a: Sableye","|-boost|p1a: Sableye|spa|1","|-boost|p1a: Sableye|spd|1","|","|-damage|p2a: Victreebel|179/355 brn|[from] brn","|turn|13","|","|move|p2a: Victreebel|Power Whip|p1a: Sableye","|-damage|p1a: Sableye|16/241","|move|p1a: Sableye|Calm Mind|p1a: Sableye","|-boost|p1a: Sableye|spa|1","|-boost|p1a: Sableye|spd|1","|","|-damage|p2a: Victreebel|135/355 brn|[from] brn","|-enditem|p2a: Victreebel|Sitrus Berry|[eat]","|-heal|p2a: Victreebel|223/355 brn|[from] item: Sitrus Berry","|turn|14","|","|move|p2a: Victreebel|Power Whip|p1a: Sableye","|-damage|p1a: Sableye|0 fnt","|faint|p1a: Sableye","|","|-damage|p2a: Victreebel|179/355 brn|[from] brn","|","|switch|p1a: Absol|Absol, M|271/271","|-damage|p1a: Absol|238/271|[from] Stealth Rock","|turn|15","|","|move|p1a: Absol|Psycho Cut|p2a: Victreebel","|-crit|p2a: Victreebel","|-supereffective|p2a: Victreebel","|-damage|p2a: Victreebel|0 fnt","|faint|p2a: Victreebel","|","|","|switch|p2a: Breloom|Breloom, F|93/261","|turn|16","|","|move|p2a: Breloom|Mach Punch|p1a: Absol","|-supereffective|p1a: Absol","|-damage|p1a: Absol|0 fnt","|faint|p1a: Absol","|","|","|switch|p1a: Krookodile|Krookodile, M|331/331","|-damage|p1a: Krookodile|311/331|[from] Stealth Rock","|turn|17","|","|move|p2a: Breloom|Mach Punch|p1a: Krookodile","|-supereffective|p1a: Krookodile","|-damage|p1a: Krookodile|45/331","|move|p1a: Krookodile|Earthquake|p2a: Breloom","|-crit|p2a: Breloom","|-resisted|p2a: Breloom","|-damage|p2a: Breloom|0 fnt","|-damage|p1a: Krookodile|12/331|[from] item: Life Orb","|faint|p2a: Breloom","|-boost|p1a: Krookodile|atk|1|[from] ability: Moxie","|","|","|switch|p2a: Cradily|Cradily, M|342/376","|turn|18","|","|move|p1a: Krookodile|Earthquake|p2a: Cradily","|-damage|p2a: Cradily|17/376","|-damage|p1a: Krookodile|0 fnt|[from] item: Life Orb","|faint|p1a: Krookodile","|move|p2a: Cradily|Giga Drain|p1: Krookodile|[notarget]","|-notarget","|","|-heal|p2a: Cradily|40/376|[from] item: Leftovers","|","|switch|p1a: Sharpedo|Sharpedo, M|281/281","|-damage|p1a: Sharpedo|246/281|[from] Stealth Rock","|turn|19","|","|move|p1a: Sharpedo|Crunch|p2a: Cradily","|-damage|p2a: Cradily|0 fnt","|-damage|p1a: Sharpedo|218/281|[from] item: Life Orb","|faint|p2a: Cradily","|","|-boost|p1a: Sharpedo|spe|1|[from] ability: Speed Boost","|","|switch|p2a: Ferrothorn|Ferrothorn, F|209/351","|turn|20","|","|move|p1a: Sharpedo|Crunch|p2a: Ferrothorn","|-damage|p2a: Ferrothorn|95/351","|-damage|p1a: Sharpedo|183/281|[from] ability: Iron Barbs|[of] p2a: Ferrothorn","|-damage|p1a: Sharpedo|155/281|[from] item: Life Orb","|move|p2a: Ferrothorn|Gyro Ball|p1a: Sharpedo","|-resisted|p1a: Sharpedo","|-damage|p1a: Sharpedo|0 fnt","|faint|p1a: Sharpedo","|","|win|Gym Ldr Mitsuka∆"],"p1rating":{"entryid":"811095","serverid":"eos","formatid":"monotype","userid":"tajcore","username":"TajCore","w":"1","l":1,"t":"0","gxe":51.5,"r":"1500","rd":"130","sigma":"0","rptime":"1441270800","rpr":1512.2532764553,"rprd":116.42789293744,"rpsigma":"0","acre":1045.943716077,"lacre":1045.943716077,"oldacre":"1052.1315122538"},"p2rating":{"entryid":"379503","serverid":"eos","formatid":"monotype","userid":"gymldrmitsuka","username":"Gym Ldr Mitsuka∆","w":46,"l":"21","t":"0","gxe":66.4,"r":"1625.4528464411","rd":"44.913629961581","sigma":"0","rptime":"1441270800","rpr":1629.4373738574,"rprd":43.804892762202,"rpsigma":"0","acre":1330.105892172,"lacre":1330.105892172,"oldacre":"1323.1610088604"},"endType":"normal"}