{"seed":[32202,49946,17900,10450],"turns":26,"p1":"Apex✦Kre8noyz","p2":"Imp Donut","p1team":[{"name":"Swampert","species":"Swampert","item":"focussash","ability":"Damp","moves":["earthquake","brickbreak","avalanche","counter"],"nature":"Impish","evs":{"hp":8,"atk":252,"def":0,"spa":0,"spd":0,"spe":248},"happiness":0,"ivs":{"hp":31,"atk":31,"def":31,"spa":31,"spd":31,"spe":31}},{"name":"Starmie","species":"Starmie","item":"leftovers","ability":"Natural Cure","moves":["magiccoat","signalbeam","psychic","reflecttype"],"nature":"Timid","evs":{"hp":0,"atk":0,"def":4,"spa":188,"spd":64,"spe":252},"ivs":{"hp":31,"atk":31,"def":31,"spa":31,"spd":31,"spe":31}},{"name":"Keldeo-Resolute","species":"Keldeo-Resolute","item":"leftovers","ability":"Justified","moves":["surf","secretsword","hiddenpowerflying","calmmind"],"nature":"Timid","evs":{"hp":0,"atk":4,"def":0,"spa":252,"spd":0,"spe":252},"ivs":{"hp":30,"atk":30,"def":30,"spa":30,"spd":30,"spe":31}},{"name":"Politoed","species":"Politoed","item":"leftovers","ability":"Drizzle","moves":["endeavor","hypnosis","perishsong","scald"],"nature":"","evs":{"hp":0,"atk":0,"def":252,"spa":0,"spd":252,"spe":4},"ivs":{"hp":31,"atk":31,"def":31,"spa":31,"spd":31,"spe":31}},{"name":"Lapras","species":"Lapras","item":"leftovers","ability":"Hydration","moves":["raindance","confuseray","freezedry","surf"],"nature":"Timid","evs":{"hp":0,"atk":0,"def":4,"spa":252,"spd":0,"spe":252},"ivs":{"hp":31,"atk":31,"def":31,"spa":31,"spd":31,"spe":31}},{"name":"Kingdra","species":"Kingdra","item":"lifeorb","ability":"Swift Swim","moves":["clearsmog","dragonpulse","scald","raindance"],"nature":"","evs":{"hp":4,"atk":0,"def":0,"spa":252,"spd":0,"spe":252},"ivs":{"hp":31,"atk":31,"def":31,"spa":31,"spd":31,"spe":31}}],"p2team":[{"name":"Mamoswine","species":"Mamoswine","item":"lifeorb","ability":"Thick Fat","moves":["earthquake","iceshard","superpower","rockslide"],"nature":"Jolly","evs":{"hp":0,"atk":252,"def":0,"spa":0,"spd":4,"spe":252},"ivs":{"hp":31,"atk":31,"def":31,"spa":31,"spd":31,"spe":31}},{"name":"Kyurem-Black","species":"Kyurem-Black","item":"choicescarf","ability":"Teravolt","moves":["fusionbolt","earthpower","icebeam","dragonclaw"],"nature":"Naive","evs":{"hp":0,"atk":252,"def":0,"spa":4,"spd":0,"spe":252},"ivs":{"hp":31,"atk":31,"def":31,"spa":31,"spd":31,"spe":31}},{"name":"Weavile","species":"Weavile","item":"lifeorb","ability":"Pressure","moves":["iceshard","icepunch","knockoff","lowkick"],"nature":"Jolly","evs":{"hp":0,"atk":252,"def":0,"spa":0,"spd":4,"spe":252},"ivs":{"hp":31,"atk":31,"def":31,"spa":31,"spd":31,"spe":31}},{"name":"Aurorus","species":"Aurorus","item":"assaultvest","ability":"Refrigerate","moves":["ancientpower","hypervoice","earthpower","thunderbolt"],"nature":"Modest","evs":{"hp":248,"atk":0,"def":0,"spa":252,"spd":8,"spe":0},"ivs":{"hp":31,"atk":0,"def":31,"spa":31,"spd":31,"spe":31}},{"name":"Avalugg","species":"Avalugg","item":"leftovers","ability":"Sturdy","moves":["avalanche","rapidspin","toxic","earthquake"],"nature":"Impish","evs":{"hp":252,"atk":4,"def":252,"spa":0,"spd":0,"spe":0},"ivs":{"hp":31,"atk":31,"def":31,"spa":31,"spd":31,"spe":31}},{"name":"Jynx","species":"Jynx","item":"widelens","ability":"Dry Skin","moves":["energyball","focusblast","icebeam","psyshock"],"nature":"Timid","evs":{"hp":0,"atk":0,"def":0,"spa":252,"spd":4,"spe":252},"ivs":{"hp":31,"atk":31,"def":31,"spa":31,"spd":31,"spe":31}}],"log":["|player|p1|Apex✦Kre8noyz|163","|player|p2|Imp Donut|101","|gametype|singles","|gen|6","|tier|Monotype","|rated","|rule|Baton Pass Clause: Limit one Baton Passer, can't pass Spe and other stats simultaneously","|rule|Swagger Clause: Swagger is banned","|rule|Same Type Clause: Pokémon in a team must share a type","|clearpoke","|poke|p1|Swampert, F","|poke|p1|Starmie","|poke|p1|Keldeo-Resolute","|poke|p1|Politoed, F","|poke|p1|Lapras, M","|poke|p1|Kingdra, M","|poke|p2|Mamoswine, M","|poke|p2|Kyurem-Black","|poke|p2|Weavile, F","|poke|p2|Aurorus, F","|poke|p2|Avalugg, M","|poke|p2|Jynx, F","|rule|Sleep Clause Mod: Limit one foe put to sleep","|rule|Species Clause: Limit one of each Pokémon","|rule|OHKO Clause: OHKO moves are banned","|rule|Moody Clause: Moody is banned","|rule|Evasion Moves Clause: Evasion moves are banned","|rule|Endless Battle Clause: Forcing endless battles is banned","|rule|HP Percentage Mod: HP is shown in percentages","|teampreview","|","|start","|switch|p1a: Lapras|Lapras, M|401/401","|switch|p2a: Aurorus|Aurorus, F|449/449","|turn|1","|","|move|p1a: Lapras|Surf|p2a: Aurorus","|-supereffective|p2a: Aurorus","|-damage|p2a: Aurorus|261/449","|move|p2a: Aurorus|Thunderbolt|p1a: Lapras","|-supereffective|p1a: Lapras","|-damage|p1a: Lapras|205/401","|","|-heal|p1a: Lapras|230/401|[from] item: Leftovers","|turn|2","|","|switch|p1a: Swampert|Swampert, F|343/343","|move|p2a: Aurorus|Ancient Power|p1a: Swampert","|-resisted|p1a: Swampert","|-damage|p1a: Swampert|292/343","|","|turn|3","|","|switch|p2a: Avalugg|Avalugg, M|394/394","|move|p1a: Swampert|Brick Break|p2a: Avalugg","|-supereffective|p2a: Avalugg","|-damage|p2a: Avalugg|316/394","|","|-heal|p2a: Avalugg|340/394|[from] item: Leftovers","|turn|4","|","|switch|p1a: Politoed|Politoed, F|321/321","|-weather|RainDance","|move|p2a: Avalugg|Toxic|p1a: Politoed","|-status|p1a: Politoed|tox","|","|-weather|RainDance|[upkeep]","|-heal|p2a: Avalugg|364/394|[from] item: Leftovers","|-damage|p1a: Politoed|301/321 tox|[from] psn","|turn|5","|","|switch|p2a: Aurorus|Aurorus, F|261/449","|move|p1a: Politoed|Scald|p2a: Aurorus","|-supereffective|p2a: Aurorus","|-damage|p2a: Aurorus|73/449","|","|-weather|RainDance|[upkeep]","|-heal|p1a: Politoed|321/321 tox|[from] item: Leftovers","|-damage|p1a: Politoed|281/321 tox|[from] psn","|turn|6","|","|switch|p2a: Jynx|Jynx, F|271/271","|move|p1a: Politoed|Scald|p2a: Jynx","|-immune|p2a: Jynx|[msg]","|","|-weather|RainDance|[upkeep]","|-heal|p1a: Politoed|301/321 tox|[from] item: Leftovers","|-damage|p1a: Politoed|241/321 tox|[from] psn","|turn|7","|","|move|p2a: Jynx|Energy Ball|p1a: Politoed","|-supereffective|p1a: Politoed","|-damage|p1a: Politoed|73/321 tox","|move|p1a: Politoed|Hypnosis|p2a: Jynx","|-status|p2a: Jynx|slp","|","|-weather|RainDance|[upkeep]","|-heal|p1a: Politoed|93/321 tox|[from] item: Leftovers","|-damage|p1a: Politoed|13/321 tox|[from] psn","|turn|8","|","|switch|p1a: Swampert|Swampert, F|292/343","|cant|p2a: Jynx|slp","|","|-weather|none","|turn|9","|","|cant|p2a: Jynx|slp","|move|p1a: Swampert|Brick Break|p2a: Jynx","|-crit|p2a: Jynx","|-damage|p2a: Jynx|0 fnt","|faint|p2a: Jynx","|","|","|switch|p2a: Avalugg|Avalugg, M|364/394","|turn|10","|","|switch|p1a: Politoed|Politoed, F|13/321 tox","|-weather|RainDance","|move|p2a: Avalugg|Rapid Spin|p1a: Politoed","|-damage|p1a: Politoed|0 fnt","|faint|p1a: Politoed","|","|-weather|RainDance|[upkeep]","|-heal|p2a: Avalugg|388/394|[from] item: Leftovers","|","|switch|p1a: Keldeo-Resolute|Keldeo-Resolute|322/322","|turn|11","|","|move|p1a: Keldeo-Resolute|Calm Mind|p1a: Keldeo-Resolute","|-boost|p1a: Keldeo-Resolute|spa|1","|-boost|p1a: Keldeo-Resolute|spd|1","|move|p2a: Avalugg|Earthquake|p1a: Keldeo-Resolute","|-damage|p1a: Keldeo-Resolute|220/322","|","|-weather|RainDance|[upkeep]","|-heal|p1a: Keldeo-Resolute|240/322|[from] item: Leftovers","|-heal|p2a: Avalugg|394/394|[from] item: Leftovers","|turn|12","|","|switch|p2a: Aurorus|Aurorus, F|73/449","|move|p1a: Keldeo-Resolute|Surf|p2a: Aurorus","|-supereffective|p2a: Aurorus","|-damage|p2a: Aurorus|0 fnt","|faint|p2a: Aurorus","|","|-weather|RainDance|[upkeep]","|-heal|p1a: Keldeo-Resolute|260/322|[from] item: Leftovers","|","|switch|p2a: Kyurem-Black|Kyurem-Black|391/391","|-ability|p2a: Kyurem-Black|Teravolt","|turn|13","|","|switch|p1a: Swampert|Swampert, F|292/343","|move|p2a: Kyurem-Black|Dragon Claw|p1a: Swampert","|-damage|p1a: Swampert|108/343","|","|-weather|RainDance|[upkeep]","|turn|14","|","|move|p2a: Kyurem-Black|Dragon Claw|p1a: Swampert","|-damage|p1a: Swampert|0 fnt","|faint|p1a: Swampert","|","|-weather|none","|","|switch|p1a: Starmie|Starmie|261/261","|turn|15","|","|switch|p2a: Weavile|Weavile, F|281/281","|-ability|p2a: Weavile|Pressure","|move|p1a: Starmie|Psychic|p2a: Weavile","|-immune|p2a: Weavile|[msg]","|","|turn|16","|","|switch|p1a: Keldeo-Resolute|Keldeo-Resolute|260/322","|move|p2a: Weavile|Low Kick|p1a: Keldeo-Resolute","|-crit|p1a: Keldeo-Resolute","|-damage|p1a: Keldeo-Resolute|109/322","|-damage|p2a: Weavile|253/281|[from] item: Life Orb","|","|-heal|p1a: Keldeo-Resolute|129/322|[from] item: Leftovers","|turn|17","|","|switch|p2a: Avalugg|Avalugg, M|394/394","|move|p1a: Keldeo-Resolute|Secret Sword|p2a: Avalugg","|-supereffective|p2a: Avalugg","|-damage|p2a: Avalugg|242/394","|","|-heal|p1a: Keldeo-Resolute|149/322|[from] item: Leftovers","|-heal|p2a: Avalugg|266/394|[from] item: Leftovers","|turn|18","|","|switch|p1a: Starmie|Starmie|261/261","|move|p2a: Avalugg|Toxic|p1a: Starmie","|-status|p1a: Starmie|tox","|","|-heal|p2a: Avalugg|290/394|[from] item: Leftovers","|-damage|p1a: Starmie|245/261 tox|[from] psn","|turn|19","|","|move|p1a: Starmie|Signal Beam|p2a: Avalugg","|-damage|p2a: Avalugg|158/394","|move|p2a: Avalugg|Earthquake|p1a: Starmie","|-damage|p1a: Starmie|136/261 tox","|","|-heal|p1a: Starmie|152/261 tox|[from] item: Leftovers","|-heal|p2a: Avalugg|182/394|[from] item: Leftovers","|-damage|p1a: Starmie|120/261 tox|[from] psn","|turn|20","|","|move|p1a: Starmie|Psychic|p2a: Avalugg","|-damage|p2a: Avalugg|0 fnt","|faint|p2a: Avalugg","|","|-heal|p1a: Starmie|136/261 tox|[from] item: Leftovers","|-damage|p1a: Starmie|88/261 tox|[from] psn","|","|switch|p2a: Weavile|Weavile, F|253/281","|-ability|p2a: Weavile|Pressure","|turn|21","|","|move|p2a: Weavile|Knock Off|p1a: Starmie","|-supereffective|p1a: Starmie","|-damage|p1a: Starmie|0 fnt","|-enditem|p1a: Starmie|Leftovers|[from] move: Knock Off|[of] p2a: Weavile","|-damage|p2a: Weavile|225/281|[from] item: Life Orb","|faint|p1a: Starmie","|","|","|switch|p1a: Kingdra|Kingdra, M|292/292","|turn|22","|","|move|p2a: Weavile|Knock Off|p1a: Kingdra","|-damage|p1a: Kingdra|80/292","|-enditem|p1a: Kingdra|Life Orb|[from] move: Knock Off|[of] p2a: Weavile","|-damage|p2a: Weavile|197/281|[from] item: Life Orb","|move|p1a: Kingdra|Rain Dance|p1a: Kingdra","|-weather|RainDance","|","|-weather|RainDance|[upkeep]","|turn|23","|","|move|p2a: Weavile|Ice Shard|p1a: Kingdra","|-damage|p1a: Kingdra|0 fnt","|-damage|p2a: Weavile|169/281|[from] item: Life Orb","|faint|p1a: Kingdra","|","|-weather|RainDance|[upkeep]","|","|switch|p1a: Keldeo-Resolute|Keldeo-Resolute|149/322","|turn|24","|","|move|p2a: Weavile|Low Kick|p1a: Keldeo-Resolute","|-damage|p1a: Keldeo-Resolute|59/322","|-damage|p2a: Weavile|141/281|[from] item: Life Orb","|move|p1a: Keldeo-Resolute|Secret Sword|p2a: Weavile","|-supereffective|p2a: Weavile","|-damage|p2a: Weavile|0 fnt","|faint|p2a: Weavile","|","|-weather|RainDance|[upkeep]","|-heal|p1a: Keldeo-Resolute|79/322|[from] item: Leftovers","|","|switch|p2a: Kyurem-Black|Kyurem-Black|391/391","|-ability|p2a: Kyurem-Black|Teravolt","|turn|25","|","|move|p2a: Kyurem-Black|Fusion Bolt|p1a: Keldeo-Resolute","|-supereffective|p1a: Keldeo-Resolute","|-damage|p1a: Keldeo-Resolute|0 fnt","|faint|p1a: Keldeo-Resolute","|","|-weather|RainDance|[upkeep]","|","|switch|p1a: Lapras|Lapras, M|230/401","|turn|26","|","|move|p2a: Kyurem-Black|Fusion Bolt|p1a: Lapras","|-supereffective|p1a: Lapras","|-damage|p1a: Lapras|0 fnt","|faint|p1a: Lapras","|","|win|Imp Donut"],"p1rating":{"entryid":"666206","serverid":"eos","formatid":"monotype","userid":"apexkre8noyz","username":"Apex✦Kre8noyz","w":"1","l":2,"t":"0","gxe":47.8,"r":"1507.6587345491","rd":"117.29865940154","sigma":"0","rptime":"1441270800","rpr":1482.780798419,"rprd":111.90203367022,"rpsigma":"0","acre":1020.7323615044,"lacre":1020.7323615044,"oldacre":"1028.8768426672"},"p2rating":{"entryid":"659054","serverid":"eos","formatid":"monotype","userid":"impdonut","username":"Imp Donut","w":14,"l":"6","t":"0","gxe":64.7,"r":"1614.476095346","rd":"74.92478422535","sigma":"0","rptime":"1441270800","rpr":1616.6051729586,"rprd":71.001575580662,"rpsigma":"0","acre":1203.5976047943,"lacre":1203.5976047943,"oldacre":"1189.3903233515"},"endType":"normal"}