{"seed":[35182,48606,43375,12543],"turns":35,"p1":"Emg Gl Linket","p2":"Wolf66366","p1team":[{"name":"Corsola","moves":["stealthrock","scald","toxic","recover"],"ability":"Regenerator","evs":{"hp":85,"atk":85,"def":85,"spa":85,"spd":85,"spe":85},"ivs":{"hp":31,"atk":31,"def":31,"spa":31,"spd":31,"spe":31},"item":"Air Balloon","level":83,"shiny":false},{"name":"Mienshao","moves":["fakeout","highjumpkick","uturn","knockoff"],"ability":"Regenerator","evs":{"hp":85,"atk":85,"def":85,"spa":85,"spd":85,"spe":85},"ivs":{"hp":31,"atk":31,"def":31,"spa":31,"spd":31,"spe":31},"item":"Life Orb","level":77,"shiny":false},{"name":"Stantler","moves":["doubleedge","jumpkick","suckerpunch","earthquake"],"ability":"Sap Sipper","evs":{"hp":85,"atk":85,"def":85,"spa":85,"spd":85,"spe":85},"ivs":{"hp":31,"atk":31,"def":31,"spa":31,"spd":31,"spe":31},"item":"Life Orb","level":83,"shiny":false},{"name":"Azumarill","moves":["aquajet","superpower","waterfall","bellydrum"],"ability":"Huge Power","evs":{"hp":85,"atk":85,"def":85,"spa":85,"spd":85,"spe":85},"ivs":{"hp":31,"atk":31,"def":31,"spa":31,"spd":31,"spe":31},"item":"Sitrus Berry","level":75,"shiny":false},{"name":"Azelf","moves":["psyshock","explosion","stealthrock","fireblast"],"ability":"Levitate","evs":{"hp":85,"atk":85,"def":85,"spa":85,"spd":85,"spe":85},"ivs":{"hp":31,"atk":31,"def":31,"spa":31,"spd":31,"spe":31},"item":"Life Orb","level":77,"shiny":false},{"name":"Florges","moves":["wish","protect","moonblast","toxic"],"ability":"Flower Veil","evs":{"hp":85,"atk":85,"def":85,"spa":85,"spd":85,"spe":85},"ivs":{"hp":31,"atk":31,"def":31,"spa":31,"spd":31,"spe":31},"item":"Leftovers","level":77,"shiny":false}],"p2team":[{"name":"Kecleon","moves":["knockoff","shadowsneak","drainpunch","suckerpunch"],"ability":"Protean","evs":{"hp":85,"atk":85,"def":85,"spa":85,"spd":85,"spe":85},"ivs":{"hp":31,"atk":31,"def":31,"spa":31,"spd":31,"spe":31},"item":"Assault Vest","level":81,"shiny":false},{"name":"Zekrom","moves":["dragonclaw","substitute","roost","boltstrike"],"ability":"Teravolt","evs":{"hp":85,"atk":85,"def":85,"spa":85,"spd":85,"spe":85},"ivs":{"hp":31,"atk":31,"def":31,"spa":31,"spd":31,"spe":31},"item":"Leftovers","level":73,"shiny":false},{"name":"Politoed","moves":["rest","hypnosis","protect","scald"],"ability":"Drizzle","evs":{"hp":85,"atk":85,"def":85,"spa":85,"spd":85,"spe":85},"ivs":{"hp":31,"atk":31,"def":31,"spa":31,"spd":31,"spe":31},"item":"Chesto Berry","level":79,"shiny":false},{"name":"Whiscash","moves":["zenheadbutt","dragondance","stoneedge","waterfall"],"ability":"Hydration","evs":{"hp":85,"atk":85,"def":85,"spa":85,"spd":85,"spe":85},"ivs":{"hp":31,"atk":31,"def":31,"spa":31,"spd":31,"spe":31},"item":"Life Orb","level":83,"shiny":false},{"name":"Charizard","moves":["flareblitz","roost","earthquake","dragondance"],"ability":"Blaze","evs":{"hp":85,"atk":85,"def":85,"spa":85,"spd":85,"spe":85},"ivs":{"hp":31,"atk":31,"def":31,"spa":31,"spd":31,"spe":31},"item":"Charizardite X","level":75,"shiny":false},{"name":"Delibird","moves":["aerialace","rapidspin","destinybond","spikes"],"ability":"Hustle","evs":{"hp":81,"atk":89,"def":85,"spa":85,"spd":85,"spe":85},"ivs":{"hp":31,"atk":31,"def":31,"spa":31,"spd":31,"spe":31},"item":"Leftovers","level":83,"shiny":false}],"log":["|player|p1|Emg Gl Linket|265","|player|p2|Wolf66366|32","|gametype|singles","|gen|6","|tier|Random Battle","|rated","|rule|Sleep Clause Mod: Limit one foe put to sleep","|rule|HP Percentage Mod: HP is shown in percentages","|","|start","|switch|p1a: Corsola|Corsola, L83, M|227/227","|switch|p2a: Kecleon|Kecleon, L81, F|230/230","|-item|p1a: Corsola|Air Balloon","|turn|1","|","|move|p2a: Kecleon|Drain Punch|p1a: Corsola","|-start|p2a: Kecleon|typechange|Fighting|[from] Protean","|-supereffective|p1a: Corsola","|-damage|p1a: Corsola|87/227","|-enditem|p1a: Corsola|Air Balloon","|move|p1a: Corsola|Stealth Rock|p2a: Kecleon","|-sidestart|p2: Wolf66366|move: Stealth Rock","|","|turn|2","|","|switch|p1a: Azelf|Azelf, L77|242/242","|move|p2a: Kecleon|Knock Off|p1a: Azelf","|-start|p2a: Kecleon|typechange|Dark|[from] Protean","|-supereffective|p1a: Azelf","|-damage|p1a: Azelf|26/242","|-enditem|p1a: Azelf|Life Orb|[from] move: Knock Off|[of] p2a: Kecleon","|","|turn|3","|","|switch|p1a: Corsola|Corsola, L83, M|162/227","|move|p2a: Kecleon|Shadow Sneak|p1a: Corsola","|-start|p2a: Kecleon|typechange|Ghost|[from] Protean","|-damage|p1a: Corsola|123/227","|","|turn|4","|","|move|p2a: Kecleon|Drain Punch|p1a: Corsola","|-start|p2a: Kecleon|typechange|Fighting|[from] Protean","|-supereffective|p1a: Corsola","|-damage|p1a: Corsola|0 fnt","|faint|p1a: Corsola","|","|","|switch|p1a: Azelf|Azelf, L77|26/242","|turn|5","|","|move|p2a: Kecleon|Shadow Sneak|p1a: Azelf","|-start|p2a: Kecleon|typechange|Ghost|[from] Protean","|-supereffective|p1a: Azelf","|-damage|p1a: Azelf|0 fnt","|faint|p1a: Azelf","|","|","|switch|p1a: Florges|Florges, L77, F|247/247","|turn|6","|","|move|p2a: Kecleon|Sucker Punch|p1a: Florges","|-start|p2a: Kecleon|typechange|Dark|[from] Protean","|-fail|p2a: Kecleon","|move|p1a: Florges|Toxic|p2a: Kecleon","|-status|p2a: Kecleon|tox","|","|-damage|p2a: Kecleon|216/230 tox|[from] psn","|turn|7","|","|move|p1a: Florges|Protect|p1a: Florges","|-singleturn|p1a: Florges|Protect","|move|p2a: Kecleon|Drain Punch|p1a: Florges","|-start|p2a: Kecleon|typechange|Fighting|[from] Protean","|-activate|p1a: Florges|Protect","|","|-damage|p2a: Kecleon|188/230 tox|[from] psn","|turn|8","|","|move|p1a: Florges|Wish|p1a: Florges","|move|p2a: Kecleon|Drain Punch|p1a: Florges","|-resisted|p1a: Florges","|-damage|p1a: Florges|202/247","|-heal|p2a: Kecleon|211/230 tox|[from] drain|[of] p1a: Florges","|","|-heal|p1a: Florges|217/247|[from] item: Leftovers","|-damage|p2a: Kecleon|169/230 tox|[from] psn","|turn|9","|","|move|p1a: Florges|Protect|p1a: Florges","|-singleturn|p1a: Florges|Protect","|move|p2a: Kecleon|Shadow Sneak|p1a: Florges","|-start|p2a: Kecleon|typechange|Ghost|[from] Protean","|-activate|p1a: Florges|Protect","|","|-heal|p1a: Florges|247/247|[from] move: Wish|[wisher] Florges","|-damage|p2a: Kecleon|113/230 tox|[from] psn","|turn|10","|","|move|p2a: Kecleon|Shadow Sneak|p1a: Florges","|-damage|p1a: Florges|196/247","|move|p1a: Florges|Wish|p1a: Florges","|","|-heal|p1a: Florges|211/247|[from] item: Leftovers","|-damage|p2a: Kecleon|43/230 tox|[from] psn","|turn|11","|","|move|p1a: Florges|Moonblast|p2a: Kecleon","|-damage|p2a: Kecleon|0 fnt","|faint|p2a: Kecleon","|","|-heal|p1a: Florges|247/247|[from] move: Wish|[wisher] Florges","|","|switch|p2a: Zekrom|Zekrom, L73|266/266","|-damage|p2a: Zekrom|233/266|[from] Stealth Rock","|-ability|p2a: Zekrom|Teravolt","|turn|12","|","|move|p2a: Zekrom|Substitute|p2a: Zekrom","|-start|p2a: Zekrom|Substitute","|-damage|p2a: Zekrom|167/266","|move|p1a: Florges|Moonblast|p2a: Zekrom","|-supereffective|p2a: Zekrom","|-end|p2a: Zekrom|Substitute","|","|-heal|p2a: Zekrom|183/266|[from] item: Leftovers","|turn|13","|","|move|p2a: Zekrom|Dragon Claw|p1a: Florges","|-immune|p1a: Florges|[msg]","|move|p1a: Florges|Moonblast|p2a: Zekrom","|-supereffective|p2a: Zekrom","|-damage|p2a: Zekrom|1/266","|","|-heal|p2a: Zekrom|17/266|[from] item: Leftovers","|turn|14","|","|move|p2a: Zekrom|Bolt Strike|p1a: Florges","|-damage|p1a: Florges|33/247","|move|p1a: Florges|Moonblast|p2a: Zekrom","|-supereffective|p2a: Zekrom","|-damage|p2a: Zekrom|0 fnt","|faint|p2a: Zekrom","|","|-heal|p1a: Florges|48/247|[from] item: Leftovers","|","|switch|p2a: Charizard|Charizard, L75, F|241/241","|-damage|p2a: Charizard|121/241|[from] Stealth Rock","|turn|15","|","|move|p2a: Charizard|Dragon Dance|p2a: Charizard","|-boost|p2a: Charizard|atk|1","|-boost|p2a: Charizard|spe|1","|move|p1a: Florges|Wish|p1a: Florges","|","|-heal|p1a: Florges|63/247|[from] item: Leftovers","|turn|16","|","|detailschange|p2a: Charizard|Charizard-Mega-X, L75, F","|-mega|p2a: Charizard|Charizard|Charizardite X","|move|p2a: Charizard|Earthquake|p1a: Florges","|-crit|p1a: Florges","|-damage|p1a: Florges|0 fnt","|faint|p1a: Florges","|","|","|switch|p1a: Azumarill|Azumarill, L75, M|274/274","|turn|17","|","|move|p2a: Charizard|Earthquake|p1a: Azumarill","|-damage|p1a: Azumarill|145/274","|move|p1a: Azumarill|Waterfall|p2a: Charizard","|-damage|p2a: Charizard|31/241","|","|turn|18","|","|move|p1a: Azumarill|Aqua Jet|p2a: Charizard","|-damage|p2a: Charizard|0 fnt","|faint|p2a: Charizard","|","|","|switch|p2a: Delibird|Delibird, L83, F|210/210","|-damage|p2a: Delibird|105/210|[from] Stealth Rock","|turn|19","|","|move|p1a: Azumarill|Aqua Jet|p2a: Delibird","|-damage|p2a: Delibird|38/210","|move|p2a: Delibird|Spikes|p1a: Azumarill","|-sidestart|p1: Emg Gl Linket|Spikes","|","|-heal|p2a: Delibird|51/210|[from] item: Leftovers","|turn|20","|","|move|p1a: Azumarill|Aqua Jet|p2a: Delibird","|-damage|p2a: Delibird|0 fnt","|faint|p2a: Delibird","|","|","|switch|p2a: Whiscash|Whiscash, L83, M|318/318","|-damage|p2a: Whiscash|299/318|[from] Stealth Rock","|turn|21","|","|move|p2a: Whiscash|Stone Edge|p1a: Azumarill","|-crit|p1a: Azumarill","|-damage|p1a: Azumarill|12/274","|-damage|p2a: Whiscash|268/318|[from] item: Life Orb","|-enditem|p1a: Azumarill|Sitrus Berry|[eat]","|-heal|p1a: Azumarill|80/274|[from] item: Sitrus Berry","|move|p1a: Azumarill|Belly Drum|p1a: Azumarill","|-fail|p1a: Azumarill","|","|turn|22","|","|move|p2a: Whiscash|Zen Headbutt|p1a: Azumarill","|-crit|p1a: Azumarill","|-damage|p1a: Azumarill|0 fnt","|-damage|p2a: Whiscash|237/318|[from] item: Life Orb","|faint|p1a: Azumarill","|","|","|switch|p1a: Mienshao|Mienshao, L77, M|227/227","|-damage|p1a: Mienshao|199/227|[from] Spikes","|turn|23","|","|move|p1a: Mienshao|Fake Out|p2a: Whiscash","|-damage|p2a: Whiscash|195/318","|-damage|p1a: Mienshao|177/227|[from] item: Life Orb","|cant|p2a: Whiscash|flinch","|","|turn|24","|","|move|p1a: Mienshao|Knock Off|p2a: Whiscash","|-damage|p2a: Whiscash|83/318","|-enditem|p2a: Whiscash|Life Orb|[from] move: Knock Off|[of] p1a: Mienshao","|-damage|p1a: Mienshao|155/227|[from] item: Life Orb","|move|p2a: Whiscash|Stone Edge|p1a: Mienshao","|-resisted|p1a: Mienshao","|-damage|p1a: Mienshao|112/227","|","|turn|25","|","|move|p1a: Mienshao|U-turn|p2a: Whiscash","|-damage|p2a: Whiscash|2/318","|-damage|p1a: Mienshao|90/227|[from] item: Life Orb","|","|switch|p1a: Stantler|Stantler, L83, M|257/257","|-damage|p1a: Stantler|225/257|[from] Spikes","|move|p2a: Whiscash|Waterfall|p1a: Stantler","|-damage|p1a: Stantler|132/257","|","|turn|26","|","|move|p1a: Stantler|Earthquake|p2a: Whiscash","|-damage|p2a: Whiscash|0 fnt","|-damage|p1a: Stantler|107/257|[from] item: Life Orb","|faint|p2a: Whiscash","|","|","|switch|p2a: Politoed|Politoed, L79, M|272/272","|-damage|p2a: Politoed|238/272|[from] Stealth Rock","|-weather|RainDance","|turn|27","|","|move|p1a: Stantler|Double-Edge|p2a: Politoed","|-damage|p2a: Politoed|50/272","|-damage|p1a: Stantler|45/257|[from] recoil|[of] p2a: Politoed","|-damage|p1a: Stantler|20/257|[from] item: Life Orb","|move|p2a: Politoed|Hypnosis|p1a: Stantler","|-status|p1a: Stantler|slp","|","|-weather|RainDance|[upkeep]","|turn|28","|","|cant|p1a: Stantler|slp","|move|p2a: Politoed|Rest|p2a: Politoed","|-status|p2a: Politoed|slp","|-heal|p2a: Politoed|272/272 slp|[silent]","|-status|p2a: Politoed|slp|[from] move: Rest","|-enditem|p2a: Politoed|Chesto Berry|[eat]","|-curestatus|p2a: Politoed|slp","|","|-weather|RainDance|[upkeep]","|turn|29","|","|cant|p1a: Stantler|slp","|move|p2a: Politoed|Scald|p1a: Stantler","|-damage|p1a: Stantler|0 fnt","|faint|p1a: Stantler","|","|-weather|RainDance|[upkeep]","|","|switch|p1a: Mienshao|Mienshao, L77, M|165/227","|-damage|p1a: Mienshao|137/227|[from] Spikes","|turn|30","|","|move|p1a: Mienshao|Fake Out|p2a: Politoed","|-damage|p2a: Politoed|228/272","|-damage|p1a: Mienshao|115/227|[from] item: Life Orb","|cant|p2a: Politoed|flinch","|","|-weather|RainDance|[upkeep]","|turn|31","|","|move|p1a: Mienshao|High Jump Kick|p2a: Politoed","|-damage|p2a: Politoed|10/272","|-damage|p1a: Mienshao|93/227|[from] item: Life Orb","|move|p2a: Politoed|Hypnosis|p1a: Mienshao","|-status|p1a: Mienshao|slp","|","|-weather|none","|turn|32","|","|cant|p1a: Mienshao|slp","|move|p2a: Politoed|Rest|p2a: Politoed","|-status|p2a: Politoed|slp","|-heal|p2a: Politoed|272/272 slp|[silent]","|-status|p2a: Politoed|slp|[from] move: Rest","|","|turn|33","|","|cant|p1a: Mienshao|slp","|cant|p2a: Politoed|slp","|","|turn|34","|","|-curestatus|p1a: Mienshao|slp","|move|p1a: Mienshao|High Jump Kick|p2a: Politoed","|-damage|p2a: Politoed|56/272 slp","|-damage|p1a: Mienshao|71/227|[from] item: Life Orb","|cant|p2a: Politoed|slp","|","|turn|35","|","|move|p1a: Mienshao|High Jump Kick|p2a: Politoed","|-damage|p2a: Politoed|0 fnt","|-damage|p1a: Mienshao|49/227|[from] item: Life Orb","|faint|p2a: Politoed","|","|win|Emg Gl Linket"],"p1rating":{"entryid":"7099396","serverid":"eos","formatid":"randombattle","userid":"emggllinket","username":"Emg GL Linket","w":10,"l":"11","t":"0","gxe":48,"r":"1471.0813874857","rd":"76.974036757567","sigma":"0","rptime":"1439370000","rpr":1484.9932482192,"rprd":69.960769174881,"rpsigma":"0","acre":1090.935955243,"lacre":1090.935955243,"oldacre":"1066.6114931103"},"p2rating":{"entryid":7589261,"formatid":"randombattle","userid":"wolf66366","username":"Wolf66366","r":1500,"rd":130,"sigma":0,"rpr":1454.8600709038,"rprd":122.22566773017,"rpsigma":0,"rptime":1439370000,"w":0,"l":1,"t":0,"gxe":44.4,"acre":1000,"lacre":1000,"oldacre":1000},"endType":"normal"}