{"seed":[63948,21960,15982,16793],"turns":18,"p1":"mehadns","p2":"jft2","p1team":[{"name":"Blaziken","moves":["flareblitz","swordsdance","substitute","stoneedge"],"ability":"Speed Boost","evs":{"hp":85,"atk":85,"def":85,"spa":85,"spd":85,"spe":85},"ivs":{"hp":31,"atk":31,"def":31,"spa":31,"spd":31,"spe":31},"item":"Blazikenite","level":74,"shiny":false},{"name":"Aurorus","moves":["encore","hypervoice","ancientpower","earthpower"],"ability":"Refrigerate","evs":{"hp":81,"atk":85,"def":85,"spa":89,"spd":85,"spe":85},"ivs":{"hp":31,"atk":31,"def":31,"spa":31,"spd":31,"spe":31},"item":"Leftovers","level":81,"shiny":false},{"name":"Tornadus","moves":["hurricane","taunt","knockoff","heatwave"],"ability":"Prankster","evs":{"hp":85,"atk":85,"def":85,"spa":85,"spd":85,"spe":85},"ivs":{"hp":31,"atk":31,"def":31,"spa":31,"spd":31,"spe":31},"item":"Life Orb","level":78,"shiny":false},{"name":"Castform","moves":["thunder","raindance","hurricane","weatherball"],"ability":"Forecast","evs":{"hp":85,"atk":85,"def":85,"spa":85,"spd":85,"spe":85},"ivs":{"hp":31,"atk":31,"def":31,"spa":31,"spd":31,"spe":31},"item":"Damp Rock","level":83,"shiny":false},{"name":"Rapidash","moves":["morningsun","flareblitz","drillrun","wildcharge"],"ability":"Flash Fire","evs":{"hp":81,"atk":89,"def":85,"spa":85,"spd":85,"spe":85},"ivs":{"hp":31,"atk":31,"def":31,"spa":31,"spd":31,"spe":31},"item":"Life Orb","level":83,"shiny":false},{"name":"Slowking","moves":["trickroom","psychic","grassknot","icebeam"],"ability":"Regenerator","evs":{"hp":170,"atk":85,"def":85,"spa":85,"spd":85,"spe":0},"ivs":{"hp":31,"atk":31,"def":31,"spa":31,"spd":31,"spe":0},"item":"Life Orb","level":77,"shiny":false}],"p2team":[{"name":"Latias","moves":["calmmind","hiddenpowerfire","dracometeor","surf"],"ability":"Levitate","evs":{"hp":85,"atk":85,"def":85,"spa":85,"spd":85,"spe":85},"ivs":{"hp":31,"atk":30,"def":31,"spa":30,"spd":31,"spe":30},"item":"Latiasite","level":75,"shiny":false},{"name":"Feraligatr","moves":["crunch","icepunch","swordsdance","waterfall"],"ability":"Sheer Force","evs":{"hp":85,"atk":85,"def":85,"spa":85,"spd":85,"spe":85},"ivs":{"hp":31,"atk":31,"def":31,"spa":31,"spd":31,"spe":31},"item":"Life Orb","level":77,"shiny":false},{"name":"Registeel","moves":["stealthrock","thunderwave","seismictoss","ironhead"],"ability":"Clear Body","evs":{"hp":85,"atk":85,"def":85,"spa":85,"spd":85,"spe":85},"ivs":{"hp":31,"atk":31,"def":31,"spa":31,"spd":31,"spe":31},"item":"Air Balloon","level":79,"shiny":false},{"name":"Sawsbuck","moves":["jumpkick","hornleech","substitute","batonpass"],"ability":"Sap Sipper","evs":{"hp":85,"atk":85,"def":85,"spa":85,"spd":85,"spe":85},"ivs":{"hp":31,"atk":31,"def":31,"spa":31,"spd":31,"spe":31},"item":"Leftovers","level":83,"shiny":false},{"name":"Breloom","moves":["spore","machpunch","bulletseed","rocktomb"],"ability":"Technician","evs":{"hp":85,"atk":85,"def":85,"spa":85,"spd":85,"spe":85},"ivs":{"hp":31,"atk":31,"def":31,"spa":31,"spd":31,"spe":31},"item":"Life Orb","level":75,"shiny":false},{"name":"Metagross","moves":["icepunch","agility","meteormash","explosion"],"ability":"Clear Body","evs":{"hp":85,"atk":85,"def":85,"spa":85,"spd":85,"spe":85},"ivs":{"hp":31,"atk":31,"def":31,"spa":31,"spd":31,"spe":31},"item":"Weakness Policy","level":77,"shiny":false}],"log":["|player|p1|mehadns|151","|player|p2|jft2|101","|gametype|singles","|gen|6","|tier|Random Battle","|rated","|rule|Sleep Clause Mod: Limit one foe put to sleep","|rule|HP Percentage Mod: HP is shown in percentages","|","|start","|switch|p1a: Blaziken|Blaziken, L74, M|240/240","|switch|p2a: Latias|Latias, L75, F|244/244","|turn|1","|","|detailschange|p2a: Latias|Latias-Mega, L75, F","|-mega|p2a: Latias|Latias|Latiasite","|detailschange|p1a: Blaziken|Blaziken-Mega, L74, M","|-mega|p1a: Blaziken|Blaziken|Blazikenite","|move|p2a: Latias|Surf|p1a: Blaziken","|-supereffective|p1a: Blaziken","|-damage|p1a: Blaziken|60/240","|move|p1a: Blaziken|Stone Edge|p2a: Latias","|-damage|p2a: Latias|171/244","|","|-boost|p1a: Blaziken|spe|1|[from] ability: Speed Boost","|turn|2","|","|move|p1a: Blaziken|Swords Dance|p1a: Blaziken","|-boost|p1a: Blaziken|atk|2","|move|p2a: Latias|Draco Meteor|p1a: Blaziken|[miss]","|-miss|p2a: Latias|p1a: Blaziken","|","|-boost|p1a: Blaziken|spe|1|[from] ability: Speed Boost","|turn|3","|","|move|p1a: Blaziken|Flare Blitz|p2a: Latias","|-resisted|p2a: Latias","|-damage|p2a: Latias|43/244","|-damage|p1a: Blaziken|18/240|[from] recoil|[of] p2a: Latias","|move|p2a: Latias|Draco Meteor|p1a: Blaziken","|-damage|p1a: Blaziken|0 fnt","|-unboost|p2a: Latias|spa|2","|faint|p1a: Blaziken","|","|","|switch|p1a: Castform|Castform, L83, M|252/252","|turn|4","|","|switch|p2a: Feraligatr|Feraligatr, L77, F|257/257","|move|p1a: Castform|Hurricane|p2a: Feraligatr","|-crit|p2a: Feraligatr","|-damage|p2a: Feraligatr|162/257","|","|turn|5","|","|move|p2a: Feraligatr|Swords Dance|p2a: Feraligatr","|-boost|p2a: Feraligatr|atk|2","|move|p1a: Castform|Thunder|p2a: Feraligatr","|-supereffective|p2a: Feraligatr","|-damage|p2a: Feraligatr|24/257","|-status|p2a: Feraligatr|par","|","|turn|6","|","|move|p1a: Castform|Weather Ball|p2a: Feraligatr","|-damage|p2a: Feraligatr|0 fnt","|faint|p2a: Feraligatr","|","|","|switch|p2a: Registeel|Registeel, L79|256/256","|-item|p2a: Registeel|Air Balloon","|turn|7","|","|move|p1a: Castform|Rain Dance|p1a: Castform","|-weather|RainDance","|-formechange|p1a: Castform|Castform-Rainy|[msg]","|move|p2a: Registeel|Stealth Rock|p1a: Castform","|-sidestart|p1: mehadns|move: Stealth Rock","|","|-weather|RainDance|[upkeep]","|turn|8","|","|move|p1a: Castform|Hurricane|p2a: Registeel","|-resisted|p2a: Registeel","|-damage|p2a: Registeel|234/256","|-enditem|p2a: Registeel|Air Balloon","|move|p2a: Registeel|Thunder Wave|p1a: Castform","|-status|p1a: Castform|par","|","|-weather|RainDance|[upkeep]","|turn|9","|","|move|p2a: Registeel|Seismic Toss|p1a: Castform","|-damage|p1a: Castform|173/252 par","|move|p1a: Castform|Weather Ball|p2a: Registeel","|-damage|p2a: Registeel|147/256","|","|-weather|RainDance|[upkeep]","|turn|10","|","|move|p2a: Registeel|Seismic Toss|p1a: Castform","|-damage|p1a: Castform|94/252 par","|move|p1a: Castform|Weather Ball|p2a: Registeel","|-damage|p2a: Registeel|69/256","|","|-weather|RainDance|[upkeep]","|turn|11","|","|move|p2a: Registeel|Seismic Toss|p1a: Castform","|-damage|p1a: Castform|15/252 par","|move|p1a: Castform|Weather Ball|p2a: Registeel","|-damage|p2a: Registeel|0 fnt","|faint|p2a: Registeel","|","|-weather|RainDance|[upkeep]","|","|switch|p2a: Latias|Latias-Mega, L75, F|43/244","|turn|12","|","|move|p2a: Latias|Surf|p1a: Castform","|-resisted|p1a: Castform","|-damage|p1a: Castform|0 fnt","|faint|p1a: Castform","|","|-weather|RainDance|[upkeep]","|","|switch|p1a: Aurorus|Aurorus, L81, F|331/331","|-damage|p1a: Aurorus|249/331|[from] Stealth Rock","|turn|13","|","|move|p2a: Latias|Surf|p1a: Aurorus","|-crit|p1a: Aurorus","|-supereffective|p1a: Aurorus","|-damage|p1a: Aurorus|0 fnt","|faint|p1a: Aurorus","|","|-weather|RainDance|[upkeep]","|","|switch|p1a: Slowking|Slowking, L77, F|289/289","|-damage|p1a: Slowking|253/289|[from] Stealth Rock","|turn|14","|","|move|p2a: Latias|Draco Meteor|p1a: Slowking","|-damage|p1a: Slowking|126/289","|-unboost|p2a: Latias|spa|2","|move|p1a: Slowking|Psychic|p2a: Latias","|-resisted|p2a: Latias","|-damage|p2a: Latias|0 fnt","|-damage|p1a: Slowking|98/289|[from] item: Life Orb","|faint|p2a: Latias","|","|-weather|none","|","|switch|p2a: Breloom|Breloom, L75, M|214/214","|turn|15","|","|move|p2a: Breloom|Bullet Seed|p1a: Slowking","|-supereffective|p1a: Slowking","|-damage|p1a: Slowking|0 fnt","|-hitcount|p1a: Slowking|1","|-damage|p2a: Breloom|193/214|[from] item: Life Orb","|faint|p1a: Slowking","|","|","|switch|p1a: Rapidash|Rapidash, L83, M|243/243","|-damage|p1a: Rapidash|183/243|[from] Stealth Rock","|turn|16","|","|move|p1a: Rapidash|Flare Blitz|p2a: Breloom","|-supereffective|p2a: Breloom","|-damage|p2a: Breloom|0 fnt","|-damage|p1a: Rapidash|119/243|[from] recoil|[of] p2a: Breloom","|-damage|p1a: Rapidash|95/243|[from] item: Life Orb","|faint|p2a: Breloom","|","|","|switch|p2a: Metagross|Metagross, L77|250/250","|turn|17","|","|move|p1a: Rapidash|Flare Blitz|p2a: Metagross","|-supereffective|p2a: Metagross","|-damage|p2a: Metagross|0 fnt","|-damage|p1a: Rapidash|12/243|[from] recoil|[of] p2a: Metagross","|-damage|p1a: Rapidash|0 fnt|[from] item: Life Orb","|faint|p2a: Metagross","|faint|p1a: Rapidash","|","|","|switch|p1a: Tornadus|Tornadus, L78, M|251/251","|switch|p2a: Sawsbuck|Sawsbuck, L83, F|268/268","|-damage|p1a: Tornadus|189/251|[from] Stealth Rock","|turn|18","|","|move|p1a: Tornadus|Heat Wave|p2a: Sawsbuck","|-crit|p2a: Sawsbuck","|-supereffective|p2a: Sawsbuck","|-damage|p2a: Sawsbuck|0 fnt","|-damage|p1a: Tornadus|164/251|[from] item: Life Orb","|faint|p2a: Sawsbuck","|","|win|mehadns"],"p1rating":{"entryid":7585535,"formatid":"randombattle","userid":"mehadns","username":"mehadns","r":1500,"rd":130,"sigma":0,"rpr":1540.1606143388,"rprd":122.8583080769,"rpsigma":0,"rptime":1439370000,"w":1,"l":0,"t":0,"gxe":55,"acre":1040,"lacre":1040,"oldacre":1000},"p2rating":{"entryid":"7077356","serverid":"eos","formatid":"randombattle","userid":"jft2","username":"jft2","w":"0","l":2,"t":"0","gxe":40.8,"r":1459.8393856612,"rd":126.61174403084,"sigma":"0","rptime":1439370000,"rpr":1425.5723363466,"rprd":120.05579564793,"rpsigma":"0","acre":1000,"lacre":1000,"oldacre":"1000"},"endType":"normal"}