{"seed":[58515,32898,65277,60593],"turns":25,"p1":"Emg GL Linket","p2":"Void Desk","p1team":[{"name":"Sandslash","moves":["toxic","earthquake","swordsdance","knockoff"],"ability":"Sand Rush","evs":{"hp":85,"atk":85,"def":85,"spa":85,"spd":85,"spe":85},"ivs":{"hp":31,"atk":31,"def":31,"spa":31,"spd":31,"spe":31},"item":"Focus Sash","level":81,"shiny":false},{"name":"Victini","moves":["zenheadbutt","blueflare","boltstrike","uturn"],"ability":"Victory Star","evs":{"hp":85,"atk":85,"def":85,"spa":85,"spd":85,"spe":85},"ivs":{"hp":31,"atk":31,"def":31,"spa":31,"spd":31,"spe":31},"item":"Assault Vest","level":76,"shiny":false},{"name":"Dedenne","moves":["hiddenpowerice","nuzzle","toxic","thunderbolt"],"ability":"Cheek Pouch","evs":{"hp":85,"atk":85,"def":85,"spa":85,"spd":85,"spe":85},"ivs":{"hp":31,"atk":30,"def":30,"spa":31,"spd":31,"spe":31},"item":"Petaya Berry","level":83,"shiny":false},{"name":"Steelix","moves":["stealthrock","heavyslam","dragontail","earthquake"],"ability":"Sturdy","evs":{"hp":85,"atk":85,"def":85,"spa":85,"spd":85,"spe":85},"ivs":{"hp":31,"atk":31,"def":31,"spa":31,"spd":31,"spe":31},"item":"Steelixite","level":79,"shiny":false},{"name":"Rotom-Frost","moves":["willowisp","painsplit","blizzard","thunderbolt"],"ability":"Levitate","evs":{"hp":85,"atk":85,"def":85,"spa":85,"spd":85,"spe":85},"ivs":{"hp":31,"atk":31,"def":31,"spa":31,"spd":31,"spe":31},"item":"Leftovers","level":83,"shiny":false},{"name":"Scizor","moves":["superpower","uturn","knockoff","bulletpunch"],"ability":"Technician","evs":{"hp":85,"atk":85,"def":85,"spa":85,"spd":85,"spe":85},"ivs":{"hp":31,"atk":31,"def":31,"spa":31,"spd":31,"spe":31},"item":"Choice Band","level":75,"shiny":false}],"p2team":[{"name":"Leafeon","moves":["synthesis","swordsdance","knockoff","leafblade"],"ability":"Chlorophyll","evs":{"hp":85,"atk":85,"def":85,"spa":85,"spd":85,"spe":85},"ivs":{"hp":31,"atk":31,"def":31,"spa":31,"spd":31,"spe":31},"item":"Focus Sash","level":83,"shiny":false},{"name":"Dewgong","moves":["icebeam","surf","perishsong","protect"],"ability":"Thick Fat","evs":{"hp":85,"atk":85,"def":85,"spa":85,"spd":85,"spe":85},"ivs":{"hp":31,"atk":31,"def":31,"spa":31,"spd":31,"spe":31},"item":"Leftovers","level":83,"shiny":false},{"name":"Xerneas","moves":["psyshock","thunder","focusblast","moonblast"],"ability":"Fairy Aura","evs":{"hp":85,"atk":85,"def":85,"spa":85,"spd":85,"spe":85},"ivs":{"hp":31,"atk":31,"def":31,"spa":31,"spd":31,"spe":31},"item":"Choice Scarf","level":73,"shiny":false},{"name":"Hippowdon","moves":["stealthrock","slackoff","stoneedge","earthquake"],"ability":"Sand Stream","evs":{"hp":85,"atk":85,"def":85,"spa":85,"spd":85,"spe":85},"ivs":{"hp":31,"atk":31,"def":31,"spa":31,"spd":31,"spe":31},"item":"Leftovers","level":75,"shiny":false},{"name":"Tyrantrum","moves":["stoneedge","dragondance","earthquake","firefang"],"ability":"Strong Jaw","evs":{"hp":85,"atk":85,"def":85,"spa":85,"spd":85,"spe":85},"ivs":{"hp":31,"atk":31,"def":31,"spa":31,"spd":31,"spe":31},"item":"Life Orb","level":79,"shiny":false},{"name":"Bastiodon","moves":["roar","toxic","metalburst","rockblast"],"ability":"Sturdy","evs":{"hp":85,"atk":85,"def":85,"spa":85,"spd":85,"spe":85},"ivs":{"hp":31,"atk":31,"def":31,"spa":31,"spd":31,"spe":31},"item":"Air Balloon","level":83,"shiny":false}],"log":["|player|p1|Emg GL Linket|170","|player|p2|Void Desk|99","|gametype|singles","|gen|6","|tier|Random Battle","|rated","|rule|Sleep Clause Mod: Limit one foe put to sleep","|rule|HP Percentage Mod: HP is shown in percentages","|","|start","|switch|p1a: Sandslash|Sandslash, L81, M|254/254","|switch|p2a: Leafeon|Leafeon, L83, F|244/244","|turn|1","|","|switch|p1a: Dedenne|Dedenne, L83, F|247/247","|move|p2a: Leafeon|Swords Dance|p2a: Leafeon","|-boost|p2a: Leafeon|atk|2","|","|turn|2","|","|move|p1a: Dedenne|Nuzzle|p2a: Leafeon","|-resisted|p2a: Leafeon","|-damage|p2a: Leafeon|238/244","|-status|p2a: Leafeon|par","|move|p2a: Leafeon|Leaf Blade|p1a: Dedenne","|-damage|p1a: Dedenne|0 fnt","|faint|p1a: Dedenne","|","|","|switch|p1a: Victini|Victini, L76|277/277","|turn|3","|","|move|p1a: Victini|Blue Flare|p2a: Leafeon|[miss]","|-miss|p1a: Victini|p2a: Leafeon","|move|p2a: Leafeon|Knock Off|p1a: Victini","|-supereffective|p1a: Victini","|-damage|p1a: Victini|0 fnt","|-enditem|p1a: Victini|Assault Vest|[from] move: Knock Off|[of] p2a: Leafeon","|faint|p1a: Victini","|","|","|switch|p1a: Rotom-Frost|Rotom-Frost, L83|219/219","|turn|4","|","|move|p1a: Rotom-Frost|Blizzard|p2a: Leafeon","|-miss|p1a: Rotom-Frost|p2a: Leafeon","|move|p2a: Leafeon|Leaf Blade|p1a: Rotom-Frost","|-damage|p1a: Rotom-Frost|27/219","|","|-heal|p1a: Rotom-Frost|40/219|[from] item: Leftovers","|turn|5","|","|move|p1a: Rotom-Frost|Will-O-Wisp|p2a: Leafeon","|-fail|p2a: Leafeon","|cant|p2a: Leafeon|par","|","|-heal|p1a: Rotom-Frost|53/219|[from] item: Leftovers","|turn|6","|","|move|p1a: Rotom-Frost|Blizzard|p2a: Leafeon","|-miss|p1a: Rotom-Frost|p2a: Leafeon","|move|p2a: Leafeon|Leaf Blade|p1a: Rotom-Frost","|-damage|p1a: Rotom-Frost|0 fnt","|faint|p1a: Rotom-Frost","|","|","|switch|p1a: Scizor|Scizor, L75, M|229/229","|turn|7","|","|move|p1a: Scizor|U-turn|p2a: Leafeon","|-supereffective|p2a: Leafeon","|-damage|p2a: Leafeon|62/244 par","|","|switch|p1a: Steelix|Steelix, L79, M|248/248","|move|p2a: Leafeon|Swords Dance|p2a: Leafeon","|-boost|p2a: Leafeon|atk|2","|","|turn|8","|","|move|p1a: Steelix|Earthquake|p2a: Leafeon","|-resisted|p2a: Leafeon","|-damage|p2a: Leafeon|31/244 par","|cant|p2a: Leafeon|par","|","|turn|9","|","|move|p1a: Steelix|Earthquake|p2a: Leafeon","|-resisted|p2a: Leafeon","|-damage|p2a: Leafeon|1/244 par","|cant|p2a: Leafeon|par","|","|turn|10","|","|move|p1a: Steelix|Earthquake|p2a: Leafeon","|-resisted|p2a: Leafeon","|-damage|p2a: Leafeon|0 fnt","|faint|p2a: Leafeon","|","|","|switch|p2a: Dewgong|Dewgong, L83, M|285/285","|turn|11","|","|switch|p1a: Scizor|Scizor, L75, M|229/229","|move|p2a: Dewgong|Surf|p1a: Scizor","|-damage|p1a: Scizor|141/229","|","|turn|12","|","|move|p2a: Dewgong|Perish Song|p2a: Dewgong","|-start|p1a: Scizor|perish3|[silent]","|-start|p2a: Dewgong|perish3|[silent]","|-fieldactivate|move: Perish Song","|move|p1a: Scizor|Superpower|p2a: Dewgong","|-supereffective|p2a: Dewgong","|-damage|p2a: Dewgong|15/285","|-unboost|p1a: Scizor|atk|1","|-unboost|p1a: Scizor|def|1","|","|-start|p2a: Dewgong|perish3","|-start|p1a: Scizor|perish3","|-heal|p2a: Dewgong|32/285|[from] item: Leftovers","|turn|13","|","|move|p2a: Dewgong|Protect|p2a: Dewgong","|-singleturn|p2a: Dewgong|Protect","|move|p1a: Scizor|Superpower|p2a: Dewgong","|-activate|p2a: Dewgong|Protect","|","|-start|p2a: Dewgong|perish2","|-start|p1a: Scizor|perish2","|-heal|p2a: Dewgong|49/285|[from] item: Leftovers","|turn|14","|","|switch|p2a: Xerneas|Xerneas, L73|304/304","|-ability|p2a: Xerneas|Fairy Aura","|move|p1a: Scizor|Superpower|p2a: Xerneas","|-resisted|p2a: Xerneas","|-damage|p2a: Xerneas|261/304","|-unboost|p1a: Scizor|atk|1","|-unboost|p1a: Scizor|def|1","|","|-start|p1a: Scizor|perish1","|turn|15","|","|switch|p1a: Steelix|Steelix, L79, M|248/248","|move|p2a: Xerneas|Moonblast|p1a: Steelix","|-crit|p1a: Steelix","|-resisted|p1a: Steelix","|-damage|p1a: Steelix|127/248","|-unboost|p1a: Steelix|spa|1","|","|turn|16","|","|switch|p2a: Tyrantrum|Tyrantrum, L79, M|259/259","|detailschange|p1a: Steelix|Steelix-Mega, L79, M","|-mega|p1a: Steelix|Steelix|Steelixite","|move|p1a: Steelix|Heavy Slam|p2a: Tyrantrum","|-supereffective|p2a: Tyrantrum","|-damage|p2a: Tyrantrum|145/259","|","|turn|17","|","|switch|p1a: Sandslash|Sandslash, L81, M|254/254","|move|p2a: Tyrantrum|Earthquake|p1a: Sandslash","|-damage|p1a: Sandslash|171/254","|-damage|p2a: Tyrantrum|120/259|[from] item: Life Orb","|","|turn|18","|","|switch|p2a: Hippowdon|Hippowdon, L75, F|286/286","|-weather|Sandstorm","|move|p1a: Sandslash|Knock Off|p2a: Hippowdon","|-damage|p2a: Hippowdon|230/286","|-enditem|p2a: Hippowdon|Leftovers|[from] move: Knock Off|[of] p1a: Sandslash","|","|-weather|Sandstorm|[upkeep]","|turn|19","|","|move|p1a: Sandslash|Toxic|p2a: Hippowdon","|-status|p2a: Hippowdon|tox","|move|p2a: Hippowdon|Stealth Rock|p1a: Sandslash","|-sidestart|p1: Emg GL Linket|move: Stealth Rock","|","|-weather|Sandstorm|[upkeep]","|-damage|p2a: Hippowdon|213/286 tox|[from] psn","|turn|20","|","|move|p1a: Sandslash|Swords Dance|p1a: Sandslash","|-boost|p1a: Sandslash|atk|2","|move|p2a: Hippowdon|Earthquake|p1a: Sandslash","|-damage|p1a: Sandslash|87/254","|","|-weather|Sandstorm|[upkeep]","|-damage|p2a: Hippowdon|179/286 tox|[from] psn","|turn|21","|","|move|p1a: Sandslash|Earthquake|p2a: Hippowdon","|-damage|p2a: Hippowdon|13/286 tox","|move|p2a: Hippowdon|Earthquake|p1a: Sandslash","|-damage|p1a: Sandslash|0 fnt","|faint|p1a: Sandslash","|","|-weather|Sandstorm|[upkeep]","|-damage|p2a: Hippowdon|0 fnt|[from] psn","|faint|p2a: Hippowdon","|","|switch|p2a: Xerneas|Xerneas, L73|261/304","|switch|p1a: Steelix|Steelix-Mega, L79, M|127/248","|-ability|p2a: Xerneas|Fairy Aura","|-damage|p1a: Steelix|120/248|[from] Stealth Rock","|turn|22","|","|move|p2a: Xerneas|Focus Blast|p1a: Steelix","|-supereffective|p1a: Steelix","|-damage|p1a: Steelix|0 fnt","|faint|p1a: Steelix","|","|-weather|none","|","|switch|p1a: Scizor|Scizor, L75, M|141/229","|-damage|p1a: Scizor|113/229|[from] Stealth Rock","|turn|23","|","|move|p1a: Scizor|Bullet Punch|p2a: Xerneas","|-supereffective|p2a: Xerneas","|-damage|p2a: Xerneas|45/304","|move|p2a: Xerneas|Focus Blast|p1a: Scizor","|-damage|p1a: Scizor|18/229","|","|turn|24","|","|move|p1a: Scizor|Bullet Punch|p2a: Xerneas","|-supereffective|p2a: Xerneas","|-damage|p2a: Xerneas|0 fnt","|faint|p2a: Xerneas","|","|","|switch|p2a: Bastiodon|Bastiodon, L83, M|235/235","|-item|p2a: Bastiodon|Air Balloon","|turn|25","|","|move|p1a: Scizor|Bullet Punch|p2a: Bastiodon","|-damage|p2a: Bastiodon|178/235","|-enditem|p2a: Bastiodon|Air Balloon","|move|p2a: Bastiodon|Metal Burst|p1a: Scizor","|-damage|p1a: Scizor|0 fnt","|faint|p1a: Scizor","|","|win|Void Desk"],"p1rating":{"entryid":"7099396","serverid":"eos","formatid":"randombattle","userid":"emggllinket","username":"Emg GL Linket","w":"8","l":11,"t":"0","gxe":44.3,"r":"1471.0813874857","rd":"76.974036757567","sigma":"0","rptime":"1439370000","rpr":1455.9021310694,"rprd":72.502664513949,"rpsigma":"0","acre":1035.4572196035,"lacre":1035.4572196035,"oldacre":"1057.0303825034"},"p2rating":{"entryid":7582596,"formatid":"randombattle","userid":"voiddesk","username":"Void Desk","r":1500,"rd":130,"sigma":0,"rpr":1538.3998597765,"rprd":122.22566773017,"rpsigma":0,"rptime":1439370000,"w":1,"l":0,"t":0,"gxe":54.8,"acre":1046.5075236522,"lacre":1046.5075236522,"oldacre":1000},"endType":"normal"}