{"seed":[14459,33994,26185,9647],"turns":19,"p1":"EraCrackMaster","p2":"Imp GrandCetus","p1team":[{"name":"Charizard","moves":["dragonpulse","airslash","roost","fireblast"],"ability":"Solar Power","evs":{"hp":85,"atk":85,"def":85,"spa":85,"spd":85,"spe":85},"ivs":{"hp":31,"atk":31,"def":31,"spa":31,"spd":31,"spe":31},"item":"Charizardite Y","level":75,"shiny":false},{"name":"Malamar","moves":["knockoff","rockslide","substitute","trickroom"],"ability":"Infiltrator","evs":{"hp":170,"atk":85,"def":85,"spa":85,"spd":85,"spe":0},"ivs":{"hp":31,"atk":31,"def":31,"spa":31,"spd":31,"spe":0},"item":"Leftovers","level":81,"shiny":false},{"name":"Zygarde","moves":["outrage","earthquake","stoneedge","dragondance"],"ability":"Aura Break","evs":{"hp":85,"atk":85,"def":85,"spa":85,"spd":85,"spe":85},"ivs":{"hp":31,"atk":31,"def":31,"spa":31,"spd":31,"spe":31},"item":"Lum Berry","level":76,"shiny":false},{"name":"Starmie","moves":["psyshock","hydropump","thunderbolt","icebeam"],"ability":"Natural Cure","evs":{"hp":85,"atk":85,"def":85,"spa":85,"spd":85,"spe":85},"ivs":{"hp":31,"atk":31,"def":31,"spa":31,"spd":31,"spe":31},"item":"Choice Specs","level":75,"shiny":false},{"name":"Exeggutor","moves":["substitute","leechseed","hiddenpowerfire","psychic"],"ability":"Harvest","evs":{"hp":85,"atk":85,"def":85,"spa":85,"spd":85,"spe":85},"ivs":{"hp":31,"atk":30,"def":31,"spa":30,"spd":31,"spe":30},"item":"Sitrus Berry","level":81,"shiny":false},{"name":"Spiritomb","moves":["willowisp","suckerpunch","foulplay","painsplit"],"ability":"Infiltrator","evs":{"hp":85,"atk":85,"def":85,"spa":85,"spd":85,"spe":85},"ivs":{"hp":31,"atk":31,"def":31,"spa":31,"spd":31,"spe":31},"item":"Leftovers","level":79,"shiny":false}],"p2team":[{"name":"Samurott","moves":["waterfall","megahorn","superpower","swordsdance"],"ability":"Torrent","evs":{"hp":85,"atk":85,"def":85,"spa":85,"spd":85,"spe":85},"ivs":{"hp":31,"atk":31,"def":31,"spa":31,"spd":31,"spe":31},"item":"Life Orb","level":81,"shiny":false},{"name":"Beheeyem","moves":["signalbeam","trick","hiddenpowerfighting","psyshock"],"ability":"Synchronize","evs":{"hp":85,"atk":85,"def":85,"spa":85,"spd":85,"spe":85},"ivs":{"hp":31,"atk":31,"def":30,"spa":30,"spd":30,"spe":30},"item":"Choice Scarf","level":83,"shiny":false},{"name":"Articuno","moves":["substitute","freezedry","roost","hurricane"],"ability":"Snow Cloak","evs":{"hp":85,"atk":85,"def":85,"spa":85,"spd":85,"spe":85},"ivs":{"hp":31,"atk":31,"def":31,"spa":31,"spd":31,"spe":31},"item":"Leftovers","level":83,"shiny":false},{"name":"Absol","moves":["swordsdance","suckerpunch","knockoff","playrough"],"ability":"Justified","evs":{"hp":85,"atk":85,"def":85,"spa":85,"spd":85,"spe":85},"ivs":{"hp":31,"atk":31,"def":31,"spa":31,"spd":31,"spe":31},"item":"Absolite","level":77,"shiny":false},{"name":"Togekiss","moves":["defog","aurasphere","roost","airslash"],"ability":"Serene Grace","evs":{"hp":85,"atk":85,"def":85,"spa":85,"spd":85,"spe":85},"ivs":{"hp":31,"atk":31,"def":31,"spa":31,"spd":31,"spe":31},"item":"Leftovers","level":76,"shiny":false},{"name":"Lopunny","moves":["switcheroo","healingwish","return","highjumpkick"],"ability":"Klutz","evs":{"hp":85,"atk":85,"def":85,"spa":85,"spd":85,"spe":85},"ivs":{"hp":31,"atk":31,"def":31,"spa":31,"spd":31,"spe":31},"item":"Assault Vest","level":83,"shiny":false}],"log":["|player|p1|EraCrackMaster|151","|player|p2|Imp GrandCetus|47","|gametype|singles","|gen|6","|tier|Random Battle","|rated","|rule|Sleep Clause Mod: Limit one foe put to sleep","|rule|HP Percentage Mod: HP is shown in percentages","|","|start","|switch|p1a: Charizard|Charizard, L75, F|241/241","|switch|p2a: Samurott|Samurott, L81, F|287/287","|turn|1","|","|switch|p1a: Exeggutor|Exeggutor, L81, F|287/287","|move|p2a: Samurott|Waterfall|p1a: Exeggutor","|-resisted|p1a: Exeggutor","|-damage|p1a: Exeggutor|234/287","|-damage|p2a: Samurott|259/287|[from] item: Life Orb","|","|turn|2","|","|move|p2a: Samurott|Megahorn|p1a: Exeggutor","|-supereffective|p1a: Exeggutor","|-damage|p1a: Exeggutor|0 fnt","|-damage|p2a: Samurott|231/287|[from] item: Life Orb","|faint|p1a: Exeggutor","|","|","|switch|p1a: Malamar|Malamar, L81, F|289/289","|turn|3","|","|move|p2a: Samurott|Megahorn|p1a: Malamar","|-supereffective|p1a: Malamar","|-damage|p1a: Malamar|0 fnt","|-damage|p2a: Samurott|203/287|[from] item: Life Orb","|faint|p1a: Malamar","|","|","|switch|p1a: Spiritomb|Spiritomb, L79, M|209/209","|turn|4","|","|move|p2a: Samurott|Waterfall|p1a: Spiritomb","|-damage|p1a: Spiritomb|108/209","|-damage|p2a: Samurott|175/287|[from] item: Life Orb","|move|p1a: Spiritomb|Foul Play|p2a: Samurott","|-damage|p2a: Samurott|72/287","|","|-heal|p1a: Spiritomb|121/209|[from] item: Leftovers","|turn|5","|","|move|p1a: Spiritomb|Sucker Punch|p2a: Samurott","|-damage|p2a: Samurott|0 fnt","|faint|p2a: Samurott","|","|-heal|p1a: Spiritomb|134/209|[from] item: Leftovers","|","|switch|p2a: Togekiss|Togekiss, L76, M|254/254","|turn|6","|","|switch|p1a: Starmie|Starmie, L75|214/214","|move|p2a: Togekiss|Air Slash|p1a: Starmie","|-damage|p1a: Starmie|132/214","|","|turn|7","|","|move|p1a: Starmie|Thunderbolt|p2a: Togekiss","|-supereffective|p2a: Togekiss","|-damage|p2a: Togekiss|116/254","|move|p2a: Togekiss|Air Slash|p1a: Starmie","|-damage|p1a: Starmie|38/214","|","|-heal|p2a: Togekiss|131/254|[from] item: Leftovers","|turn|8","|","|move|p1a: Starmie|Thunderbolt|p2a: Togekiss","|-supereffective|p2a: Togekiss","|-damage|p2a: Togekiss|0 fnt","|faint|p2a: Togekiss","|","|","|switch|p2a: Absol|Absol, L77, M|227/227","|turn|9","|","|switch|p1a: Spiritomb|Spiritomb, L79, M|134/209","|detailschange|p2a: Absol|Absol-Mega, L77, M","|-mega|p2a: Absol|Absol|Absolite","|move|p2a: Absol|Sucker Punch|p1a: Spiritomb","|-fail|p2a: Absol","|","|-heal|p1a: Spiritomb|147/209|[from] item: Leftovers","|turn|10","|","|move|p2a: Absol|Play Rough|p1a: Spiritomb","|-supereffective|p1a: Spiritomb","|-damage|p1a: Spiritomb|9/209","|move|p1a: Spiritomb|Foul Play|p2a: Absol","|-resisted|p2a: Absol","|-damage|p2a: Absol|141/227","|","|-heal|p1a: Spiritomb|22/209|[from] item: Leftovers","|turn|11","|","|move|p1a: Spiritomb|Sucker Punch|p2a: Absol","|-resisted|p2a: Absol","|-damage|p2a: Absol|92/227","|move|p2a: Absol|Knock Off|p1a: Spiritomb","|-damage|p1a: Spiritomb|0 fnt","|-enditem|p1a: Spiritomb|Leftovers|[from] move: Knock Off|[of] p2a: Absol","|faint|p1a: Spiritomb","|","|","|switch|p1a: Zygarde|Zygarde, L76|289/289","|-ability|p1a: Zygarde|Aura Break","|turn|12","|","|move|p2a: Absol|Knock Off|p1a: Zygarde","|-damage|p1a: Zygarde|174/289","|-enditem|p1a: Zygarde|Lum Berry|[from] move: Knock Off|[of] p2a: Absol","|move|p1a: Zygarde|Outrage|p2a: Absol","|-crit|p2a: Absol","|-damage|p2a: Absol|0 fnt","|faint|p2a: Absol","|","|","|switch|p2a: Articuno|Articuno, L83|285/285","|turn|13","|","|move|p2a: Articuno|Freeze-Dry|p1a: Zygarde","|-supereffective|p1a: Zygarde","|-damage|p1a: Zygarde|0 fnt","|faint|p1a: Zygarde","|","|","|switch|p1a: Charizard|Charizard, L75, F|241/241","|turn|14","|","|detailschange|p1a: Charizard|Charizard-Mega-Y, L75, F","|-mega|p1a: Charizard|Charizard|Charizardite Y","|-weather|SunnyDay","|move|p1a: Charizard|Fire Blast|p2a: Articuno","|-supereffective|p2a: Articuno","|-damage|p2a: Articuno|0 fnt","|faint|p2a: Articuno","|","|-weather|SunnyDay|[upkeep]","|","|switch|p2a: Beheeyem|Beheeyem, L83, M|260/260","|turn|15","|","|move|p1a: Charizard|Fire Blast|p2a: Beheeyem|[miss]","|-miss|p1a: Charizard|p2a: Beheeyem","|move|p2a: Beheeyem|Psyshock|p1a: Charizard","|-damage|p1a: Charizard|118/241","|","|-weather|SunnyDay|[upkeep]","|turn|16","|","|move|p1a: Charizard|Roost|p1a: Charizard","|-heal|p1a: Charizard|239/241","|move|p2a: Beheeyem|Psyshock|p1a: Charizard","|-damage|p1a: Charizard|109/241","|","|-weather|SunnyDay|[upkeep]","|turn|17","|","|move|p1a: Charizard|Fire Blast|p2a: Beheeyem","|-damage|p2a: Beheeyem|58/260","|move|p2a: Beheeyem|Psyshock|p1a: Charizard","|-damage|p1a: Charizard|0 fnt","|faint|p1a: Charizard","|","|-weather|SunnyDay|[upkeep]","|","|switch|p1a: Starmie|Starmie, L75|38/214","|turn|18","|","|move|p1a: Starmie|Thunderbolt|p2a: Beheeyem","|-damage|p2a: Beheeyem|0 fnt","|faint|p2a: Beheeyem","|","|-weather|none","|","|switch|p2a: Lopunny|Lopunny, L83, F|244/244","|turn|19","|","|move|p2a: Lopunny|Return|p1a: Starmie","|-damage|p1a: Starmie|0 fnt","|faint|p1a: Starmie","|","|win|Imp GrandCetus"],"p1rating":{"entryid":7592262,"formatid":"randombattle","userid":"eracrackmaster","username":"EraCrackMaster","r":1500,"rd":130,"sigma":0,"rpr":1459.8393856612,"rprd":122.8583080769,"rpsigma":0,"rptime":1439370000,"w":0,"l":1,"t":0,"gxe":45,"acre":1000,"lacre":1000,"oldacre":1000},"p2rating":{"entryid":7592263,"formatid":"randombattle","userid":"impgrandcetus","username":"Imp GrandCetus","r":1500,"rd":130,"sigma":0,"rpr":1540.1606143388,"rprd":122.8583080769,"rpsigma":0,"rptime":1439370000,"w":1,"l":0,"t":0,"gxe":55,"acre":1040,"lacre":1040,"oldacre":1000},"endType":"normal"}