{"seed":[17432,32694,61682,36173],"turns":19,"p1":"Emg GL Linket","p2":"nick152","p1team":[{"name":"Heliolisk","moves":["thunder","raindance","hiddenpowerice","darkpulse"],"ability":"Dry Skin","evs":{"hp":85,"atk":85,"def":85,"spa":85,"spd":85,"spe":85},"ivs":{"hp":31,"atk":30,"def":30,"spa":31,"spd":31,"spe":31},"item":"Damp Rock","level":77,"shiny":false},{"name":"Gengar","moves":["protect","sludgewave","destinybond","focusblast"],"ability":"Levitate","evs":{"hp":85,"atk":85,"def":85,"spa":85,"spd":85,"spe":85},"ivs":{"hp":31,"atk":31,"def":31,"spa":31,"spd":31,"spe":31},"item":"Gengarite","level":73,"shiny":false},{"name":"Thundurus","moves":["focusblast","nastyplot","substitute","thunderbolt"],"ability":"Prankster","evs":{"hp":85,"atk":85,"def":85,"spa":85,"spd":85,"spe":85},"ivs":{"hp":31,"atk":31,"def":31,"spa":31,"spd":31,"spe":31},"item":"Leftovers","level":75,"shiny":false},{"name":"Sylveon","moves":["batonpass","wish","protect","hypervoice"],"ability":"Pixilate","evs":{"hp":85,"atk":85,"def":85,"spa":85,"spd":85,"spe":85},"ivs":{"hp":31,"atk":31,"def":31,"spa":31,"spd":31,"spe":31},"item":"Leftovers","level":75,"shiny":false},{"name":"Masquerain","moves":["hydropump","airslash","roost","substitute"],"ability":"Intimidate","evs":{"hp":81,"atk":85,"def":85,"spa":89,"spd":85,"spe":85},"ivs":{"hp":31,"atk":31,"def":31,"spa":31,"spd":31,"spe":31},"item":"Leftovers","level":83,"shiny":false},{"name":"Darkrai","moves":["nastyplot","darkvoid","focusblast","darkpulse"],"ability":"Bad Dreams","evs":{"hp":85,"atk":85,"def":85,"spa":85,"spd":85,"spe":85},"ivs":{"hp":31,"atk":31,"def":31,"spa":31,"spd":31,"spe":31},"item":"Leftovers","level":73,"shiny":false}],"p2team":[{"name":"Dunsparce","moves":["bodyslam","headbutt","rockslide","coil"],"ability":"Serene Grace","evs":{"hp":85,"atk":85,"def":85,"spa":85,"spd":85,"spe":85},"ivs":{"hp":31,"atk":31,"def":31,"spa":31,"spd":31,"spe":31},"item":"Life Orb","level":83,"shiny":false},{"name":"Hoopa-Unbound","moves":["psyshock","hyperspacefury","drainpunch","icepunch"],"ability":"Magician","evs":{"hp":85,"atk":85,"def":85,"spa":85,"spd":85,"spe":85},"ivs":{"hp":31,"atk":31,"def":31,"spa":31,"spd":31,"spe":31},"item":"Assault Vest","level":75,"shiny":false},{"name":"Exeggutor","moves":["sleeppowder","psychic","substitute","leechseed"],"ability":"Harvest","evs":{"hp":85,"atk":85,"def":85,"spa":85,"spd":85,"spe":85},"ivs":{"hp":31,"atk":31,"def":31,"spa":31,"spd":31,"spe":31},"item":"Sitrus Berry","level":81,"shiny":false},{"name":"Ludicolo","moves":["hydropump","gigadrain","focusblast","icebeam"],"ability":"Rain Dish","evs":{"hp":85,"atk":85,"def":85,"spa":85,"spd":85,"spe":85},"ivs":{"hp":31,"atk":31,"def":31,"spa":31,"spd":31,"spe":31},"item":"Choice Specs","level":81,"shiny":false},{"name":"Rampardos","moves":["crunch","firepunch","headsmash","earthquake"],"ability":"Sheer Force","evs":{"hp":85,"atk":85,"def":85,"spa":85,"spd":85,"spe":85},"ivs":{"hp":31,"atk":31,"def":31,"spa":31,"spd":31,"spe":31},"item":"Life Orb","level":83,"shiny":false},{"name":"Corsola","moves":["stealthrock","powergem","recover","toxic"],"ability":"Natural Cure","evs":{"hp":85,"atk":85,"def":85,"spa":85,"spd":85,"spe":85},"ivs":{"hp":31,"atk":31,"def":31,"spa":31,"spd":31,"spe":31},"item":"Air Balloon","level":83,"shiny":false}],"log":["|player|p1|Emg GL Linket|170","|player|p2|nick152|nick152.gif","|gametype|singles","|gen|6","|tier|Random Battle","|rated","|rule|Sleep Clause Mod: Limit one foe put to sleep","|rule|HP Percentage Mod: HP is shown in percentages","|","|start","|switch|p1a: Heliolisk|Heliolisk, L77, M|222/222","|switch|p2a: Dunsparce|Dunsparce, L83, M|302/302","|turn|1","|","|switch|p1a: Thundurus|Thundurus, L75, M|242/242","|move|p2a: Dunsparce|Rock Slide|p1a: Thundurus","|-supereffective|p1a: Thundurus","|-damage|p1a: Thundurus|104/242","|-damage|p2a: Dunsparce|272/302|[from] item: Life Orb","|","|-heal|p1a: Thundurus|119/242|[from] item: Leftovers","|turn|2","|","|move|p1a: Thundurus|Focus Blast|p2a: Dunsparce","|-supereffective|p2a: Dunsparce","|-damage|p2a: Dunsparce|78/302","|move|p2a: Dunsparce|Rock Slide|p1a: Thundurus","|-miss|p2a: Dunsparce|p1a: Thundurus","|","|-heal|p1a: Thundurus|134/242|[from] item: Leftovers","|turn|3","|","|move|p1a: Thundurus|Thunderbolt|p2a: Dunsparce","|-damage|p2a: Dunsparce|0 fnt","|faint|p2a: Dunsparce","|","|-heal|p1a: Thundurus|149/242|[from] item: Leftovers","|","|switch|p2a: Hoopa-Unbound|Hoopa-Unbound, L75|244/244","|turn|4","|","|move|p1a: Thundurus|Substitute|p1a: Thundurus","|-start|p1a: Thundurus|Substitute","|-damage|p1a: Thundurus|89/242","|move|p2a: Hoopa-Unbound|Ice Punch|p1a: Thundurus","|-supereffective|p1a: Thundurus","|-end|p1a: Thundurus|Substitute","|","|-heal|p1a: Thundurus|104/242|[from] item: Leftovers","|turn|5","|","|move|p1a: Thundurus|Thunderbolt|p2a: Hoopa-Unbound","|-damage|p2a: Hoopa-Unbound|193/244","|move|p2a: Hoopa-Unbound|Ice Punch|p1a: Thundurus","|-supereffective|p1a: Thundurus","|-damage|p1a: Thundurus|0 fnt","|faint|p1a: Thundurus","|","|","|switch|p1a: Darkrai|Darkrai, L73|223/223","|turn|6","|","|move|p1a: Darkrai|Dark Void|p2a: Hoopa-Unbound","|-status|p2a: Hoopa-Unbound|slp","|cant|p2a: Hoopa-Unbound|slp","|","|-damage|p2a: Hoopa-Unbound|163/244 slp|[from] ability: Bad Dreams","|turn|7","|","|switch|p1a: Sylveon|Sylveon, L75, F|266/266","|cant|p2a: Hoopa-Unbound|slp","|","|turn|8","|","|-curestatus|p2a: Hoopa-Unbound|slp","|move|p2a: Hoopa-Unbound|Ice Punch|p1a: Sylveon","|-damage|p1a: Sylveon|168/266","|move|p1a: Sylveon|Hyper Voice|p2a: Hoopa-Unbound","|-supereffective|p2a: Hoopa-Unbound","|-damage|p2a: Hoopa-Unbound|35/244","|","|-heal|p1a: Sylveon|184/266|[from] item: Leftovers","|turn|9","|","|move|p1a: Sylveon|Protect|p1a: Sylveon","|-singleturn|p1a: Sylveon|Protect","|move|p2a: Hoopa-Unbound|Ice Punch|p1a: Sylveon","|-activate|p1a: Sylveon|Protect","|","|-heal|p1a: Sylveon|200/266|[from] item: Leftovers","|turn|10","|","|move|p2a: Hoopa-Unbound|Ice Punch|p1a: Sylveon","|-damage|p1a: Sylveon|102/266","|move|p1a: Sylveon|Hyper Voice|p2a: Hoopa-Unbound","|-supereffective|p2a: Hoopa-Unbound","|-damage|p2a: Hoopa-Unbound|0 fnt","|faint|p2a: Hoopa-Unbound","|","|-heal|p1a: Sylveon|118/266|[from] item: Leftovers","|","|switch|p2a: Corsola|Corsola, L83, M|227/227","|-item|p2a: Corsola|Air Balloon","|turn|11","|","|move|p1a: Sylveon|Hyper Voice|p2a: Corsola","|-damage|p2a: Corsola|121/227","|-enditem|p2a: Corsola|Air Balloon","|move|p2a: Corsola|Toxic|p1a: Sylveon","|-status|p1a: Sylveon|tox","|","|-heal|p1a: Sylveon|134/266 tox|[from] item: Leftovers","|-damage|p1a: Sylveon|118/266 tox|[from] psn","|turn|12","|","|move|p1a: Sylveon|Hyper Voice|p2a: Corsola","|-damage|p2a: Corsola|0 fnt","|faint|p2a: Corsola","|","|-heal|p1a: Sylveon|134/266 tox|[from] item: Leftovers","|-damage|p1a: Sylveon|102/266 tox|[from] psn","|","|switch|p2a: Rampardos|Rampardos, L83, F|297/297","|turn|13","|","|move|p2a: Rampardos|Head Smash|p1a: Sylveon|[miss]","|-miss|p2a: Rampardos|p1a: Sylveon","|move|p1a: Sylveon|Hyper Voice|p2a: Rampardos","|-damage|p2a: Rampardos|128/297","|","|-heal|p1a: Sylveon|118/266 tox|[from] item: Leftovers","|-damage|p1a: Sylveon|70/266 tox|[from] psn","|turn|14","|","|move|p2a: Rampardos|Head Smash|p1a: Sylveon","|-damage|p1a: Sylveon|0 fnt","|-damage|p2a: Rampardos|93/297|[from] recoil|[of] p1a: Sylveon","|-damage|p2a: Rampardos|64/297|[from] item: Life Orb","|faint|p1a: Sylveon","|","|","|switch|p1a: Masquerain|Masquerain, L83, F|251/251","|-ability|p1a: Masquerain|Intimidate","|-unboost|p2a: Rampardos|atk|1","|turn|15","|","|move|p1a: Masquerain|Hydro Pump|p2a: Rampardos","|-supereffective|p2a: Rampardos","|-damage|p2a: Rampardos|0 fnt","|faint|p2a: Rampardos","|","|","|switch|p2a: Ludicolo|Ludicolo, L81, M|262/262","|turn|16","|","|move|p2a: Ludicolo|Ice Beam|p1a: Masquerain","|-supereffective|p1a: Masquerain","|-damage|p1a: Masquerain|63/251","|move|p1a: Masquerain|Air Slash|p2a: Ludicolo","|-supereffective|p2a: Ludicolo","|-damage|p2a: Ludicolo|136/262","|","|-heal|p1a: Masquerain|78/251|[from] item: Leftovers","|turn|17","|","|move|p2a: Ludicolo|Ice Beam|p1a: Masquerain","|-supereffective|p1a: Masquerain","|-damage|p1a: Masquerain|0 fnt","|faint|p1a: Masquerain","|","|","|switch|p1a: Gengar|Gengar, L73, F|208/208","|turn|18","|","|detailschange|p1a: Gengar|Gengar-Mega, L73, F","|-mega|p1a: Gengar|Gengar|Gengarite","|move|p1a: Gengar|Sludge Wave|p2a: Ludicolo","|-supereffective|p2a: Ludicolo","|-damage|p2a: Ludicolo|0 fnt","|faint|p2a: Ludicolo","|","|","|switch|p2a: Exeggutor|Exeggutor, L81, M|287/287","|turn|19","|","|move|p1a: Gengar|Sludge Wave|p2a: Exeggutor","|-supereffective|p2a: Exeggutor","|-damage|p2a: Exeggutor|0 fnt","|faint|p2a: Exeggutor","|","|win|Emg GL Linket"],"p1rating":{"entryid":"7099396","serverid":"eos","formatid":"randombattle","userid":"emggllinket","username":"Emg GL Linket","w":8,"l":"10","t":"0","gxe":45.9,"r":"1471.0813874857","rd":"76.974036757567","sigma":"0","rptime":"1439370000","rpr":1468.7272065351,"rprd":73.882110179501,"rpsigma":"0","acre":1057.0303825034,"lacre":1057.0303825034,"oldacre":"1022.8628543561"},"p2rating":{"entryid":7582236,"formatid":"randombattle","userid":"nick152","username":"nick152","r":1500,"rd":130,"sigma":0,"rpr":1454.8600709038,"rprd":122.22566773017,"rpsigma":0,"rptime":1439370000,"w":0,"l":1,"t":0,"gxe":44.4,"acre":1000,"lacre":1000,"oldacre":1000},"endType":"normal"}