{"seed":[60436,5995,52830,18981],"turns":35,"p1":"abnd200","p2":"dghfgh","p1team":[{"name":"Wormadam","moves":["protect","gigadrain","signalbeam","toxic"],"ability":"Overcoat","evs":{"hp":85,"atk":85,"def":85,"spa":85,"spd":85,"spe":85},"ivs":{"hp":31,"atk":31,"def":31,"spa":31,"spd":31,"spe":31},"item":"Leftovers","level":83,"shiny":false},{"name":"Linoone","moves":["extremespeed","bellydrum","seedbomb","shadowclaw"],"ability":"Quick Feet","evs":{"hp":81,"atk":89,"def":85,"spa":85,"spd":85,"spe":85},"ivs":{"hp":31,"atk":31,"def":31,"spa":31,"spd":31,"spe":31},"item":"Sitrus Berry","level":83,"shiny":false},{"name":"Lugia","moves":["thunderwave","whirlwind","roost","aeroblast"],"ability":"Multiscale","evs":{"hp":85,"atk":85,"def":85,"spa":85,"spd":85,"spe":85},"ivs":{"hp":31,"atk":31,"def":31,"spa":31,"spd":31,"spe":31},"item":"Leftovers","level":73,"shiny":false},{"name":"Jynx","moves":["psyshock","focusblast","substitute","trick"],"ability":"Dry Skin","evs":{"hp":85,"atk":85,"def":85,"spa":85,"spd":85,"spe":85},"ivs":{"hp":31,"atk":31,"def":31,"spa":31,"spd":31,"spe":31},"item":"Choice Scarf","level":81,"shiny":false},{"name":"Raikou","moves":["voltswitch","aurasphere","thunderbolt","hiddenpowerice"],"ability":"Volt Absorb","evs":{"hp":85,"atk":85,"def":85,"spa":85,"spd":85,"spe":85},"ivs":{"hp":31,"atk":30,"def":30,"spa":31,"spd":31,"spe":31},"item":"Choice Specs","level":75,"shiny":false},{"name":"Volcarona","moves":["fireblast","roost","hiddenpowerground","gigadrain"],"ability":"Flame Body","evs":{"hp":81,"atk":85,"def":85,"spa":89,"spd":85,"spe":85},"ivs":{"hp":31,"atk":31,"def":31,"spa":30,"spd":30,"spe":31},"item":"Life Orb","level":76,"shiny":false}],"p2team":[{"name":"Gliscor","moves":["protect","earthquake","knockoff","taunt"],"ability":"Poison Heal","evs":{"hp":85,"atk":85,"def":85,"spa":85,"spd":85,"spe":85},"ivs":{"hp":31,"atk":31,"def":31,"spa":31,"spd":31,"spe":31},"item":"Toxic Orb","level":75,"shiny":false},{"name":"Wormadam-Sandy","moves":["stealthrock","toxic","earthquake","protect"],"ability":"Overcoat","evs":{"hp":85,"atk":85,"def":85,"spa":85,"spd":85,"spe":85},"ivs":{"hp":31,"atk":31,"def":31,"spa":31,"spd":31,"spe":31},"item":"Leftovers","level":83,"shiny":false},{"name":"Persian","moves":["taunt","return","fakeout","knockoff"],"ability":"Technician","evs":{"hp":85,"atk":85,"def":85,"spa":85,"spd":85,"spe":85},"ivs":{"hp":31,"atk":31,"def":31,"spa":31,"spd":31,"spe":31},"item":"Life Orb","level":83,"shiny":false},{"name":"Shuckle","moves":["toxic","stickyweb","infestation","encore"],"ability":"Sturdy","evs":{"hp":85,"atk":85,"def":85,"spa":85,"spd":85,"spe":85},"ivs":{"hp":31,"atk":31,"def":31,"spa":31,"spd":31,"spe":31},"item":"Leftovers","level":78,"shiny":false},{"name":"Cresselia","moves":["moonblast","psychic","substitute","thunderwave"],"ability":"Levitate","evs":{"hp":85,"atk":85,"def":85,"spa":85,"spd":85,"spe":85},"ivs":{"hp":31,"atk":31,"def":31,"spa":31,"spd":31,"spe":31},"item":"Leftovers","level":77,"shiny":false},{"name":"Hoopa","moves":["nastyplot","psyshock","focusblast","shadowball"],"ability":"Magician","evs":{"hp":85,"atk":85,"def":85,"spa":85,"spd":85,"spe":85},"ivs":{"hp":31,"atk":31,"def":31,"spa":31,"spd":31,"spe":31},"item":"Life Orb","level":75,"shiny":false}],"log":["|player|p1|abnd200|170","|player|p2|dghfgh|2","|gametype|singles","|gen|6","|tier|Random Battle","|rated","|rule|Sleep Clause Mod: Limit one foe put to sleep","|rule|HP Percentage Mod: HP is shown in percentages","|","|start","|switch|p1a: Wormadam|Wormadam, L83, F|235/235","|switch|p2a: Gliscor|Gliscor, L75, F|236/236","|turn|1","|","|move|p2a: Gliscor|Protect|p2a: Gliscor","|-singleturn|p2a: Gliscor|Protect","|move|p1a: Wormadam|Giga Drain|p2a: Gliscor","|-activate|p2a: Gliscor|Protect","|","|-status|p2a: Gliscor|tox|[from] item: Toxic Orb","|turn|2","|","|switch|p2a: Cresselia|Cresselia, L77, F|311/311","|move|p1a: Wormadam|Giga Drain|p2a: Cresselia","|-damage|p2a: Cresselia|256/311","|","|-heal|p2a: Cresselia|275/311|[from] item: Leftovers","|turn|3","|","|move|p2a: Cresselia|Thunder Wave|p1a: Wormadam","|-status|p1a: Wormadam|par","|move|p1a: Wormadam|Signal Beam|p2a: Cresselia","|-supereffective|p2a: Cresselia","|-damage|p2a: Cresselia|171/311","|","|-heal|p2a: Cresselia|190/311|[from] item: Leftovers","|turn|4","|","|move|p2a: Cresselia|Psychic|p1a: Wormadam","|-damage|p1a: Wormadam|178/235 par","|move|p1a: Wormadam|Toxic|p2a: Cresselia","|-status|p2a: Cresselia|tox","|","|-heal|p2a: Cresselia|209/311 tox|[from] item: Leftovers","|-heal|p1a: Wormadam|192/235 par|[from] item: Leftovers","|-damage|p2a: Cresselia|190/311 tox|[from] psn","|turn|5","|","|switch|p2a: Persian|Persian, L83, F|244/244","|move|p1a: Wormadam|Signal Beam|p2a: Persian","|-damage|p2a: Persian|154/244","|","|-heal|p1a: Wormadam|206/235 par|[from] item: Leftovers","|turn|6","|","|move|p2a: Persian|Fake Out|p1a: Wormadam","|-damage|p1a: Wormadam|142/235 par","|-damage|p2a: Persian|130/244|[from] item: Life Orb","|cant|p1a: Wormadam|flinch","|","|-heal|p1a: Wormadam|156/235 par|[from] item: Leftovers","|turn|7","|","|move|p2a: Persian|Knock Off|p1a: Wormadam","|-damage|p1a: Wormadam|88/235 par","|-enditem|p1a: Wormadam|Leftovers|[from] move: Knock Off|[of] p2a: Persian","|-damage|p2a: Persian|106/244|[from] item: Life Orb","|move|p1a: Wormadam|Toxic|p2a: Persian","|-status|p2a: Persian|tox","|","|-damage|p2a: Persian|91/244 tox|[from] psn","|turn|8","|","|move|p1a: Wormadam|Protect|p1a: Wormadam","|-singleturn|p1a: Wormadam|Protect","|move|p2a: Persian|Return|p1a: Wormadam","|-activate|p1a: Wormadam|Protect","|","|-damage|p2a: Persian|61/244 tox|[from] psn","|turn|9","|","|move|p2a: Persian|Return|p1a: Wormadam","|-damage|p1a: Wormadam|0 fnt","|-damage|p2a: Persian|37/244 tox|[from] item: Life Orb","|faint|p1a: Wormadam","|","|-damage|p2a: Persian|0 fnt|[from] psn","|faint|p2a: Persian","|","|switch|p1a: Jynx|Jynx, L81, F|238/238","|switch|p2a: Gliscor|Gliscor, L75, F|236/236 tox","|turn|10","|","|move|p2a: Gliscor|Protect|p2a: Gliscor","|-singleturn|p2a: Gliscor|Protect","|move|p1a: Jynx|Trick|p2a: Gliscor","|-activate|p2a: Gliscor|Protect","|","|turn|11","|","|move|p1a: Jynx|Trick|p2a: Gliscor","|-activate|p1a: Jynx|move: Trick|[of] p2a: Gliscor","|-item|p2a: Gliscor|Choice Scarf|[from] move: Trick","|-item|p1a: Jynx|Toxic Orb|[from] move: Trick","|move|p2a: Gliscor|Knock Off|p1a: Jynx","|-supereffective|p1a: Jynx","|-damage|p1a: Jynx|16/238","|-enditem|p1a: Jynx|Toxic Orb|[from] move: Knock Off|[of] p2a: Gliscor","|","|turn|12","|","|move|p2a: Gliscor|Knock Off|p1a: Jynx","|-supereffective|p1a: Jynx","|-damage|p1a: Jynx|0 fnt","|faint|p1a: Jynx","|","|","|switch|p1a: Volcarona|Volcarona, L76, M|253/253","|turn|13","|","|switch|p2a: Wormadam-Sandy|Wormadam-Sandy, L83, F|235/235","|move|p1a: Volcarona|Giga Drain|p2a: Wormadam-Sandy","|-damage|p2a: Wormadam-Sandy|152/235","|-damage|p1a: Volcarona|228/253|[from] item: Life Orb","|","|-heal|p2a: Wormadam-Sandy|166/235|[from] item: Leftovers","|turn|14","|","|move|p1a: Volcarona|Giga Drain|p2a: Wormadam-Sandy","|-damage|p2a: Wormadam-Sandy|83/235","|-heal|p1a: Volcarona|253/253|[from] drain|[of] p2a: Wormadam-Sandy","|-damage|p1a: Volcarona|228/253|[from] item: Life Orb","|move|p2a: Wormadam-Sandy|Earthquake|p1a: Volcarona","|-damage|p1a: Volcarona|116/253","|","|-heal|p2a: Wormadam-Sandy|97/235|[from] item: Leftovers","|turn|15","|","|move|p1a: Volcarona|Giga Drain|p2a: Wormadam-Sandy","|-damage|p2a: Wormadam-Sandy|14/235","|-heal|p1a: Volcarona|158/253|[from] drain|[of] p2a: Wormadam-Sandy","|-damage|p1a: Volcarona|133/253|[from] item: Life Orb","|move|p2a: Wormadam-Sandy|Stealth Rock|p1a: Volcarona","|-sidestart|p1: abnd200|move: Stealth Rock","|","|-heal|p2a: Wormadam-Sandy|28/235|[from] item: Leftovers","|turn|16","|","|move|p2a: Wormadam-Sandy|Protect|p2a: Wormadam-Sandy","|-singleturn|p2a: Wormadam-Sandy|Protect","|move|p1a: Volcarona|Giga Drain|p2a: Wormadam-Sandy","|-activate|p2a: Wormadam-Sandy|Protect","|","|-heal|p2a: Wormadam-Sandy|42/235|[from] item: Leftovers","|turn|17","|","|switch|p2a: Cresselia|Cresselia, L77, F|190/311 tox","|move|p1a: Volcarona|Giga Drain|p2a: Cresselia","|-damage|p2a: Cresselia|133/311 tox","|-heal|p1a: Volcarona|162/253|[from] drain|[of] p2a: Cresselia","|-damage|p1a: Volcarona|137/253|[from] item: Life Orb","|","|-heal|p2a: Cresselia|152/311 tox|[from] item: Leftovers","|-damage|p2a: Cresselia|133/311 tox|[from] psn","|turn|18","|","|move|p1a: Volcarona|Giga Drain|p2a: Cresselia","|-damage|p2a: Cresselia|73/311 tox","|-heal|p1a: Volcarona|167/253|[from] drain|[of] p2a: Cresselia","|-damage|p1a: Volcarona|142/253|[from] item: Life Orb","|move|p2a: Cresselia|Thunder Wave|p1a: Volcarona","|-status|p1a: Volcarona|par","|","|-heal|p2a: Cresselia|92/311 tox|[from] item: Leftovers","|-damage|p2a: Cresselia|54/311 tox|[from] psn","|turn|19","|","|move|p2a: Cresselia|Moonblast|p1a: Volcarona","|-resisted|p1a: Volcarona","|-damage|p1a: Volcarona|121/253 par","|move|p1a: Volcarona|Giga Drain|p2a: Cresselia","|-damage|p2a: Cresselia|0 fnt","|-heal|p1a: Volcarona|148/253 par|[from] drain|[of] p2a: Cresselia","|-damage|p1a: Volcarona|123/253 par|[from] item: Life Orb","|faint|p2a: Cresselia","|","|","|switch|p2a: Gliscor|Gliscor, L75, F|236/236 tox","|turn|20","|","|move|p2a: Gliscor|Earthquake|p1a: Volcarona","|-damage|p1a: Volcarona|0 fnt","|faint|p1a: Volcarona","|","|","|switch|p1a: Linoone|Linoone, L83, F|264/264","|-damage|p1a: Linoone|231/264|[from] Stealth Rock","|turn|21","|","|switch|p2a: Wormadam-Sandy|Wormadam-Sandy, L83, F|42/235","|move|p1a: Linoone|Seed Bomb|p2a: Wormadam-Sandy","|-damage|p2a: Wormadam-Sandy|4/235","|","|-heal|p2a: Wormadam-Sandy|18/235|[from] item: Leftovers","|turn|22","|","|move|p2a: Wormadam-Sandy|Protect|p2a: Wormadam-Sandy","|-singleturn|p2a: Wormadam-Sandy|Protect","|move|p1a: Linoone|Extreme Speed|p2a: Wormadam-Sandy","|-activate|p2a: Wormadam-Sandy|Protect","|","|-heal|p2a: Wormadam-Sandy|32/235|[from] item: Leftovers","|turn|23","|","|move|p1a: Linoone|Belly Drum|p1a: Linoone","|-damage|p1a: Linoone|99/264","|-setboost|p1a: Linoone|atk|6|[from] move: Belly Drum","|-enditem|p1a: Linoone|Sitrus Berry|[eat]","|-heal|p1a: Linoone|165/264|[from] item: Sitrus Berry","|move|p2a: Wormadam-Sandy|Toxic|p1a: Linoone","|-status|p1a: Linoone|tox","|","|-heal|p2a: Wormadam-Sandy|46/235|[from] item: Leftovers","|-damage|p1a: Linoone|149/264 tox|[from] psn","|turn|24","|","|move|p2a: Wormadam-Sandy|Protect|p2a: Wormadam-Sandy","|-singleturn|p2a: Wormadam-Sandy|Protect","|move|p1a: Linoone|Extreme Speed|p2a: Wormadam-Sandy","|-activate|p2a: Wormadam-Sandy|Protect","|","|-heal|p2a: Wormadam-Sandy|60/235|[from] item: Leftovers","|-damage|p1a: Linoone|117/264 tox|[from] psn","|turn|25","|","|move|p1a: Linoone|Extreme Speed|p2a: Wormadam-Sandy","|-damage|p2a: Wormadam-Sandy|0 fnt","|faint|p2a: Wormadam-Sandy","|","|-damage|p1a: Linoone|69/264 tox|[from] psn","|","|switch|p2a: Gliscor|Gliscor, L75, F|236/236 tox","|turn|26","|","|move|p2a: Gliscor|Protect|p2a: Gliscor","|-singleturn|p2a: Gliscor|Protect","|move|p1a: Linoone|Seed Bomb|p2a: Gliscor","|-activate|p2a: Gliscor|Protect","|","|-damage|p1a: Linoone|5/264 tox|[from] psn","|turn|27","|","|switch|p2a: Shuckle|Shuckle, L78, F|159/159","|move|p1a: Linoone|Seed Bomb|p2a: Shuckle","|-damage|p2a: Shuckle|66/159","|","|-heal|p2a: Shuckle|75/159|[from] item: Leftovers","|-damage|p1a: Linoone|0 fnt|[from] psn","|faint|p1a: Linoone","|","|switch|p1a: Raikou|Raikou, L75|259/259","|-damage|p1a: Raikou|227/259|[from] Stealth Rock","|turn|28","|","|move|p1a: Raikou|Hidden Power|p2a: Shuckle","|-damage|p2a: Shuckle|43/159","|move|p2a: Shuckle|Toxic|p1a: Raikou","|-status|p1a: Raikou|tox","|","|-heal|p2a: Shuckle|52/159|[from] item: Leftovers","|-damage|p1a: Raikou|211/259 tox|[from] psn","|turn|29","|","|switch|p1a: Lugia|Lugia, L73|275/275","|-damage|p1a: Lugia|207/275|[from] Stealth Rock","|move|p2a: Shuckle|Infestation|p1a: Lugia","|-damage|p1a: Lugia|201/275","|-activate|p1a: Lugia|move: Infestation|[of] p2a: Shuckle","|","|-heal|p1a: Lugia|218/275|[from] item: Leftovers","|-heal|p2a: Shuckle|61/159|[from] item: Leftovers","|-damage|p1a: Lugia|184/275|[from] move: Infestation|[partiallytrapped]","|turn|30","|","|move|p1a: Lugia|Aeroblast|p2a: Shuckle","|-damage|p2a: Shuckle|24/159","|move|p2a: Shuckle|Toxic|p1a: Lugia","|-status|p1a: Lugia|tox","|","|-heal|p1a: Lugia|201/275 tox|[from] item: Leftovers","|-heal|p2a: Shuckle|33/159|[from] item: Leftovers","|-damage|p1a: Lugia|184/275 tox|[from] psn","|-damage|p1a: Lugia|150/275 tox|[from] move: Infestation|[partiallytrapped]","|turn|31","|","|move|p1a: Lugia|Aeroblast|p2a: Shuckle","|-crit|p2a: Shuckle","|-damage|p2a: Shuckle|0 fnt","|faint|p2a: Shuckle","|","|-heal|p1a: Lugia|167/275 tox|[from] item: Leftovers","|-damage|p1a: Lugia|133/275 tox|[from] psn","|","|switch|p2a: Gliscor|Gliscor, L75, F|236/236 tox","|turn|32","|","|move|p2a: Gliscor|Knock Off|p1a: Lugia","|-supereffective|p1a: Lugia","|-damage|p1a: Lugia|31/275 tox","|-enditem|p1a: Lugia|Leftovers|[from] move: Knock Off|[of] p2a: Gliscor","|move|p1a: Lugia|Aeroblast|p2a: Gliscor","|-damage|p2a: Gliscor|134/236 tox","|","|-heal|p2a: Gliscor|163/236 tox|[from] ability: Poison Heal","|-damage|p1a: Lugia|0 fnt|[from] psn","|faint|p1a: Lugia","|","|switch|p1a: Raikou|Raikou, L75|211/259 tox","|-damage|p1a: Raikou|179/259 tox|[from] Stealth Rock","|turn|33","|","|move|p2a: Gliscor|Knock Off|p1a: Raikou","|-damage|p1a: Raikou|103/259 tox","|-enditem|p1a: Raikou|Choice Specs|[from] move: Knock Off|[of] p2a: Gliscor","|move|p1a: Raikou|Aura Sphere|p2a: Gliscor","|-resisted|p2a: Gliscor","|-damage|p2a: Gliscor|131/236 tox","|","|-heal|p2a: Gliscor|160/236 tox|[from] ability: Poison Heal","|-damage|p1a: Raikou|87/259 tox|[from] psn","|turn|34","|","|move|p2a: Gliscor|Knock Off|p1a: Raikou","|-damage|p1a: Raikou|39/259 tox","|move|p1a: Raikou|Hidden Power|p2a: Gliscor","|-supereffective|p2a: Gliscor","|-damage|p2a: Gliscor|0 fnt","|faint|p2a: Gliscor","|","|-damage|p1a: Raikou|7/259 tox|[from] psn","|","|switch|p2a: Hoopa|Hoopa, L75|244/244","|turn|35","|","|move|p1a: Raikou|Thunderbolt|p2a: Hoopa","|-damage|p2a: Hoopa|163/244","|move|p2a: Hoopa|Shadow Ball|p1a: Raikou","|-damage|p1a: Raikou|0 fnt","|-damage|p2a: Hoopa|139/244|[from] item: Life Orb","|faint|p1a: Raikou","|","|win|dghfgh"],"p1rating":{"entryid":"7559440","serverid":"eos","formatid":"randombattle","userid":"abnd200","username":"abnd200","w":"3","l":2,"t":"0","gxe":53.6,"r":"1560.8234906758","rd":"106.91164920561","sigma":"0","rptime":"1439370000","rpr":1528.111476864,"rprd":102.93140920561,"rpsigma":"0","acre":1050.5708713346,"lacre":1050.5708713346,"oldacre":"1076.7628605404"},"p2rating":{"entryid":7589562,"formatid":"randombattle","userid":"dghfgh","username":"dghfgh","r":1500,"rd":130,"sigma":0,"rpr":1547.7916289195,"rprd":122.72013376016,"rpsigma":0,"rptime":1439370000,"w":1,"l":0,"t":0,"gxe":56,"acre":1048.696600978,"lacre":1048.696600978,"oldacre":1000},"endType":"normal"}