{"seed":[23214,52453,16141,47118],"turns":35,"p1":"CreaturePhil","p2":"Emg Gl Linket","p1team":[{"name":"Mantine","moves":["scald","toxic","defog","airslash"],"ability":"Water Absorb","evs":{"hp":85,"atk":85,"def":85,"spa":85,"spd":85,"spe":85},"ivs":{"hp":31,"atk":31,"def":31,"spa":31,"spd":31,"spe":31},"item":"Focus Sash","level":81,"shiny":false},{"name":"Espeon","moves":["shadowball","psyshock","morningsun","dazzlinggleam"],"ability":"Magic Bounce","evs":{"hp":85,"atk":85,"def":85,"spa":85,"spd":85,"spe":85},"ivs":{"hp":31,"atk":31,"def":31,"spa":31,"spd":31,"spe":31},"item":"Life Orb","level":77,"shiny":false},{"name":"Virizion","moves":["closecombat","hiddenpowerice","stoneedge","substitute"],"ability":"Justified","evs":{"hp":85,"atk":85,"def":85,"spa":85,"spd":85,"spe":85},"ivs":{"hp":31,"atk":30,"def":30,"spa":31,"spd":31,"spe":31},"item":"Leftovers","level":79,"shiny":false},{"name":"Solrock","moves":["morningsun","lightscreen","rockslide","willowisp"],"ability":"Levitate","evs":{"hp":85,"atk":85,"def":85,"spa":85,"spd":85,"spe":85},"ivs":{"hp":31,"atk":31,"def":31,"spa":31,"spd":31,"spe":31},"item":"Light Clay","level":83,"shiny":false},{"name":"Ariados","moves":["poisonjab","megahorn","suckerpunch","toxicspikes"],"ability":"Insomnia","evs":{"hp":81,"atk":89,"def":85,"spa":85,"spd":85,"spe":85},"ivs":{"hp":31,"atk":31,"def":31,"spa":31,"spd":31,"spe":31},"item":"Life Orb","level":83,"shiny":false},{"name":"Dunsparce","moves":["roost","rockslide","coil","headbutt"],"ability":"Serene Grace","evs":{"hp":85,"atk":85,"def":85,"spa":85,"spd":85,"spe":85},"ivs":{"hp":31,"atk":31,"def":31,"spa":31,"spd":31,"spe":31},"item":"Leftovers","level":83,"shiny":false}],"p2team":[{"name":"Dedenne","moves":["thunderbolt","hiddenpowerice","grassknot","uturn"],"ability":"Cheek Pouch","evs":{"hp":85,"atk":85,"def":85,"spa":85,"spd":85,"spe":85},"ivs":{"hp":31,"atk":30,"def":30,"spa":31,"spd":31,"spe":31},"item":"Petaya Berry","level":83,"shiny":false},{"name":"Krookodile","moves":["superpower","knockoff","earthquake","stealthrock"],"ability":"Intimidate","evs":{"hp":85,"atk":85,"def":85,"spa":85,"spd":85,"spe":85},"ivs":{"hp":31,"atk":31,"def":31,"spa":31,"spd":31,"spe":31},"item":"Life Orb","level":77,"shiny":false},{"name":"Vivillon","moves":["quiverdance","bugbuzz","hurricane","substitute"],"ability":"Compound Eyes","evs":{"hp":81,"atk":85,"def":85,"spa":89,"spd":85,"spe":85},"ivs":{"hp":31,"atk":31,"def":31,"spa":31,"spd":31,"spe":31},"item":"Leftovers","level":81,"shiny":false},{"name":"Leafeon","moves":["substitute","batonpass","synthesis","leafblade"],"ability":"Chlorophyll","evs":{"hp":85,"atk":85,"def":85,"spa":85,"spd":85,"spe":85},"ivs":{"hp":31,"atk":31,"def":31,"spa":31,"spd":31,"spe":31},"item":"Leftovers","level":83,"shiny":false},{"name":"Nidoqueen","moves":["fireblast","icebeam","stealthrock","sludgewave"],"ability":"Sheer Force","evs":{"hp":85,"atk":85,"def":85,"spa":85,"spd":85,"spe":85},"ivs":{"hp":31,"atk":31,"def":31,"spa":31,"spd":31,"spe":31},"item":"Life Orb","level":77,"shiny":false},{"name":"Pinsir","moves":["return","closecombat","earthquake","quickattack"],"ability":"Moxie","evs":{"hp":81,"atk":89,"def":85,"spa":85,"spd":85,"spe":85},"ivs":{"hp":31,"atk":31,"def":31,"spa":31,"spd":31,"spe":31},"item":"Pinsirite","level":76,"shiny":false}],"log":["|player|p1|CreaturePhil|creaturephil.gif","|player|p2|Emg Gl Linket|265","|gametype|singles","|gen|6","|tier|Random Battle","|rated","|rule|Sleep Clause Mod: Limit one foe put to sleep","|rule|HP Percentage Mod: HP is shown in percentages","|","|start","|switch|p1a: Mantine|Mantine, L81, F|238/238","|switch|p2a: Dedenne|Dedenne, L83, M|247/247","|turn|1","|","|switch|p1a: Virizion|Virizion, L79|273/273","|move|p2a: Dedenne|Thunderbolt|p1a: Virizion","|-resisted|p1a: Virizion","|-damage|p1a: Virizion|239/273","|","|-heal|p1a: Virizion|256/273|[from] item: Leftovers","|turn|2","|","|move|p1a: Virizion|Stone Edge|p2a: Dedenne","|-damage|p2a: Dedenne|158/247","|move|p2a: Dedenne|U-turn|p1a: Virizion","|-damage|p1a: Virizion|212/273","|","|switch|p2a: Nidoqueen|Nidoqueen, L77, F|265/265","|","|-heal|p1a: Virizion|229/273|[from] item: Leftovers","|turn|3","|","|move|p1a: Virizion|Hidden Power|p2a: Nidoqueen","|-supereffective|p2a: Nidoqueen","|-damage|p2a: Nidoqueen|191/265","|move|p2a: Nidoqueen|Ice Beam|p1a: Virizion","|-supereffective|p1a: Virizion","|-damage|p1a: Virizion|109/273","|","|-heal|p1a: Virizion|126/273|[from] item: Leftovers","|turn|4","|","|switch|p1a: Mantine|Mantine, L81, F|238/238","|move|p2a: Nidoqueen|Sludge Wave|p1a: Mantine","|-damage|p1a: Mantine|151/238","|","|turn|5","|","|move|p2a: Nidoqueen|Sludge Wave|p1a: Mantine","|-damage|p1a: Mantine|72/238","|move|p1a: Mantine|Scald|p2a: Nidoqueen","|-supereffective|p2a: Nidoqueen","|-damage|p2a: Nidoqueen|33/265","|","|turn|6","|","|move|p2a: Nidoqueen|Sludge Wave|p1a: Mantine","|-damage|p1a: Mantine|0 fnt","|faint|p1a: Mantine","|","|","|switch|p1a: Virizion|Virizion, L79|126/273","|turn|7","|","|move|p1a: Virizion|Hidden Power|p2a: Nidoqueen","|-supereffective|p2a: Nidoqueen","|-damage|p2a: Nidoqueen|0 fnt","|faint|p2a: Nidoqueen","|","|-heal|p1a: Virizion|143/273|[from] item: Leftovers","|","|switch|p2a: Leafeon|Leafeon, L83, F|244/244","|turn|8","|","|move|p1a: Virizion|Hidden Power|p2a: Leafeon","|-supereffective|p2a: Leafeon","|-damage|p2a: Leafeon|158/244","|move|p2a: Leafeon|Leaf Blade|p1a: Virizion","|-resisted|p1a: Virizion","|-damage|p1a: Virizion|77/273","|","|-heal|p1a: Virizion|94/273|[from] item: Leftovers","|-heal|p2a: Leafeon|173/244|[from] item: Leftovers","|turn|9","|","|move|p1a: Virizion|Hidden Power|p2a: Leafeon","|-crit|p2a: Leafeon","|-supereffective|p2a: Leafeon","|-damage|p2a: Leafeon|29/244","|move|p2a: Leafeon|Synthesis|p2a: Leafeon","|-heal|p2a: Leafeon|151/244","|","|-heal|p1a: Virizion|111/273|[from] item: Leftovers","|-heal|p2a: Leafeon|166/244|[from] item: Leftovers","|turn|10","|","|move|p1a: Virizion|Hidden Power|p2a: Leafeon","|-supereffective|p2a: Leafeon","|-damage|p2a: Leafeon|76/244","|move|p2a: Leafeon|Leaf Blade|p1a: Virizion","|-resisted|p1a: Virizion","|-damage|p1a: Virizion|50/273","|","|-heal|p1a: Virizion|67/273|[from] item: Leftovers","|-heal|p2a: Leafeon|91/244|[from] item: Leftovers","|turn|11","|","|move|p1a: Virizion|Hidden Power|p2a: Leafeon","|-crit|p2a: Leafeon","|-supereffective|p2a: Leafeon","|-damage|p2a: Leafeon|0 fnt","|faint|p2a: Leafeon","|","|-heal|p1a: Virizion|84/273|[from] item: Leftovers","|","|switch|p2a: Pinsir|Pinsir, L76, F|223/223","|turn|12","|","|move|p1a: Virizion|Stone Edge|p2a: Pinsir|[miss]","|-miss|p1a: Virizion|p2a: Pinsir","|move|p2a: Pinsir|Return|p1a: Virizion","|-damage|p1a: Virizion|0 fnt","|faint|p1a: Virizion","|-boost|p2a: Pinsir|atk|1|[from] ability: Moxie","|","|","|switch|p1a: Ariados|Ariados, L83, M|251/251","|turn|13","|","|detailschange|p2a: Pinsir|Pinsir-Mega, L76, F","|-mega|p2a: Pinsir|Pinsir|Pinsirite","|move|p2a: Pinsir|Return|p1a: Ariados","|-supereffective|p1a: Ariados","|-damage|p1a: Ariados|0 fnt","|faint|p1a: Ariados","|","|","|switch|p1a: Solrock|Solrock, L83|252/252","|turn|14","|","|switch|p2a: Dedenne|Dedenne, L83, M|158/247","|move|p1a: Solrock|Will-O-Wisp|p2a: Dedenne","|-status|p2a: Dedenne|brn","|","|-damage|p2a: Dedenne|128/247 brn|[from] brn","|turn|15","|","|move|p2a: Dedenne|Grass Knot|p1a: Solrock","|-supereffective|p1a: Solrock","|-damage|p1a: Solrock|106/252","|move|p1a: Solrock|Light Screen|p1a: Solrock","|-sidestart|p1: CreaturePhil|move: Light Screen","|","|-damage|p2a: Dedenne|98/247 brn|[from] brn","|turn|16","|","|switch|p1a: Dunsparce|Dunsparce, L83, M|302/302","|move|p2a: Dedenne|Grass Knot|p1a: Dunsparce","|-damage|p1a: Dunsparce|286/302","|","|-heal|p1a: Dunsparce|302/302|[from] item: Leftovers","|-damage|p2a: Dedenne|68/247 brn|[from] brn","|turn|17","|","|move|p2a: Dedenne|Thunderbolt|p1a: Dunsparce","|-damage|p1a: Dunsparce|247/302","|-status|p1a: Dunsparce|par","|cant|p1a: Dunsparce|par","|","|-heal|p1a: Dunsparce|265/302 par|[from] item: Leftovers","|-damage|p2a: Dedenne|38/247 brn|[from] brn","|-heal|p2a: Dedenne|120/247 brn|[from] ability: Cheek Pouch","|-enditem|p2a: Dedenne|Petaya Berry|[eat]","|-boost|p2a: Dedenne|spa|1|[from] item: Petaya Berry","|turn|18","|","|move|p2a: Dedenne|Thunderbolt|p1a: Dunsparce","|-damage|p1a: Dunsparce|184/302 par","|move|p1a: Dunsparce|Coil|p1a: Dunsparce","|-boost|p1a: Dunsparce|atk|1","|-boost|p1a: Dunsparce|def|1","|-boost|p1a: Dunsparce|accuracy|1","|","|-heal|p1a: Dunsparce|202/302 par|[from] item: Leftovers","|-damage|p2a: Dedenne|90/247 brn|[from] brn","|turn|19","|","|move|p2a: Dedenne|Thunderbolt|p1a: Dunsparce","|-damage|p1a: Dunsparce|130/302 par","|cant|p1a: Dunsparce|par","|","|-heal|p1a: Dunsparce|148/302 par|[from] item: Leftovers","|-damage|p2a: Dedenne|60/247 brn|[from] brn","|turn|20","|","|move|p2a: Dedenne|Thunderbolt|p1a: Dunsparce","|-damage|p1a: Dunsparce|73/302 par","|move|p1a: Dunsparce|Roost|p1a: Dunsparce","|-heal|p1a: Dunsparce|224/302 par","|","|-heal|p1a: Dunsparce|242/302 par|[from] item: Leftovers","|-damage|p2a: Dedenne|30/247 brn|[from] brn","|turn|21","|","|move|p2a: Dedenne|Thunderbolt|p1a: Dunsparce","|-damage|p1a: Dunsparce|161/302 par","|move|p1a: Dunsparce|Roost|p1a: Dunsparce","|-heal|p1a: Dunsparce|302/302 par","|","|-damage|p2a: Dedenne|0 fnt|[from] brn","|faint|p2a: Dedenne","|","|switch|p2a: Krookodile|Krookodile, L77, M|273/273","|-ability|p2a: Krookodile|Intimidate","|-unboost|p1a: Dunsparce|atk|1","|turn|22","|","|move|p2a: Krookodile|Superpower|p1a: Dunsparce","|-supereffective|p1a: Dunsparce","|-damage|p1a: Dunsparce|117/302 par","|-unboost|p2a: Krookodile|atk|1","|-unboost|p2a: Krookodile|def|1","|-damage|p2a: Krookodile|246/273|[from] item: Life Orb","|move|p1a: Dunsparce|Headbutt|p2a: Krookodile","|-damage|p2a: Krookodile|144/273","|","|-heal|p1a: Dunsparce|135/302 par|[from] item: Leftovers","|-sideend|p1: CreaturePhil|move: Light Screen","|turn|23","|","|switch|p1a: Espeon|Espeon, L77, F|227/227","|move|p2a: Krookodile|Superpower|p1a: Espeon","|-resisted|p1a: Espeon","|-damage|p1a: Espeon|179/227","|-unboost|p2a: Krookodile|atk|1","|-unboost|p2a: Krookodile|def|1","|-damage|p2a: Krookodile|117/273|[from] item: Life Orb","|","|turn|24","|","|move|p1a: Espeon|Dazzling Gleam|p2a: Krookodile","|-supereffective|p2a: Krookodile","|-damage|p2a: Krookodile|0 fnt","|-damage|p1a: Espeon|157/227|[from] item: Life Orb","|faint|p2a: Krookodile","|","|","|switch|p2a: Pinsir|Pinsir-Mega, L76, F|223/223","|turn|25","|","|switch|p1a: Solrock|Solrock, L83|106/252","|move|p2a: Pinsir|Quick Attack|p1a: Solrock","|-resisted|p1a: Solrock","|-damage|p1a: Solrock|73/252","|","|turn|26","|","|switch|p2a: Vivillon|Vivillon, L81, F|261/261","|move|p1a: Solrock|Morning Sun|p1a: Solrock","|-heal|p1a: Solrock|199/252","|","|turn|27","|","|switch|p1a: Dunsparce|Dunsparce, L83, M|135/302 par","|move|p2a: Vivillon|Hurricane|p1a: Dunsparce","|-crit|p1a: Dunsparce","|-damage|p1a: Dunsparce|0 fnt","|faint|p1a: Dunsparce","|","|","|switch|p1a: Solrock|Solrock, L83|199/252","|turn|28","|","|move|p2a: Vivillon|Substitute|p2a: Vivillon","|-start|p2a: Vivillon|Substitute","|-damage|p2a: Vivillon|196/261","|move|p1a: Solrock|Light Screen|p1a: Solrock","|-sidestart|p1: CreaturePhil|move: Light Screen","|","|-heal|p2a: Vivillon|212/261|[from] item: Leftovers","|turn|29","|","|move|p2a: Vivillon|Quiver Dance|p2a: Vivillon","|-boost|p2a: Vivillon|spa|1","|-boost|p2a: Vivillon|spd|1","|-boost|p2a: Vivillon|spe|1","|move|p1a: Solrock|Rock Slide|p2a: Vivillon","|-supereffective|p2a: Vivillon","|-end|p2a: Vivillon|Substitute","|","|-heal|p2a: Vivillon|228/261|[from] item: Leftovers","|turn|30","|","|move|p2a: Vivillon|Substitute|p2a: Vivillon","|-start|p2a: Vivillon|Substitute","|-damage|p2a: Vivillon|163/261","|move|p1a: Solrock|Rock Slide|p2a: Vivillon","|-supereffective|p2a: Vivillon","|-end|p2a: Vivillon|Substitute","|","|-heal|p2a: Vivillon|179/261|[from] item: Leftovers","|turn|31","|","|move|p2a: Vivillon|Substitute|p2a: Vivillon","|-start|p2a: Vivillon|Substitute","|-damage|p2a: Vivillon|114/261","|move|p1a: Solrock|Rock Slide|p2a: Vivillon","|-supereffective|p2a: Vivillon","|-end|p2a: Vivillon|Substitute","|","|-heal|p2a: Vivillon|130/261|[from] item: Leftovers","|turn|32","|","|move|p2a: Vivillon|Substitute|p2a: Vivillon","|-start|p2a: Vivillon|Substitute","|-damage|p2a: Vivillon|65/261","|move|p1a: Solrock|Rock Slide|p2a: Vivillon","|-supereffective|p2a: Vivillon","|-end|p2a: Vivillon|Substitute","|","|-heal|p2a: Vivillon|81/261|[from] item: Leftovers","|turn|33","|","|move|p2a: Vivillon|Substitute|p2a: Vivillon","|-start|p2a: Vivillon|Substitute","|-damage|p2a: Vivillon|16/261","|move|p1a: Solrock|Rock Slide|p2a: Vivillon","|-supereffective|p2a: Vivillon","|-end|p2a: Vivillon|Substitute","|","|-heal|p2a: Vivillon|32/261|[from] item: Leftovers","|turn|34","|","|move|p2a: Vivillon|Hurricane|p1a: Solrock","|-resisted|p1a: Solrock","|-damage|p1a: Solrock|151/252","|move|p1a: Solrock|Rock Slide|p2a: Vivillon","|-supereffective|p2a: Vivillon","|-damage|p2a: Vivillon|0 fnt","|faint|p2a: Vivillon","|","|","|switch|p2a: Pinsir|Pinsir-Mega, L76, F|223/223","|turn|35","|","|move|p2a: Pinsir|Return|p1a: Solrock","|-resisted|p1a: Solrock","|-damage|p1a: Solrock|61/252","|move|p1a: Solrock|Rock Slide|p2a: Pinsir","|-supereffective|p2a: Pinsir","|-damage|p2a: Pinsir|0 fnt","|faint|p2a: Pinsir","|","|win|CreaturePhil"],"p1rating":{"entryid":"7259226","serverid":"eos","formatid":"randombattle","userid":"creaturephil","username":"CreaturePhil","w":2,"l":"0","t":"0","gxe":59.8,"r":"1548.39635973","rd":124.70845462914,"sigma":"0","rptime":1439370000,"rpr":1579.0643656906,"rprd":118.04556042484,"rpsigma":"0","acre":1080.959550307,"lacre":1080.959550307,"oldacre":"1042.7410524545"},"p2rating":{"entryid":"7099396","serverid":"eos","formatid":"randombattle","userid":"emggllinket","username":"Emg GL Linket","w":"10","l":12,"t":"0","gxe":46.7,"r":"1471.0813874857","rd":"76.974036757567","sigma":"0","rptime":"1439370000","rpr":1474.4443039632,"rprd":68.81184897804,"rpsigma":"0","acre":1064.03713222,"lacre":1064.03713222,"oldacre":"1090.935955243"},"endType":"normal"}