{"seed":[42385,9189,19183,46993],"turns":24,"p1":"apex mehadns","p2":"Emg Gl Linket","p1team":[{"name":"Kabutops","moves":["swordsdance","waterfall","stoneedge","knockoff"],"ability":"Swift Swim","evs":{"hp":85,"atk":85,"def":85,"spa":85,"spd":85,"spe":85},"ivs":{"hp":31,"atk":31,"def":31,"spa":31,"spd":31,"spe":31},"item":"Life Orb","level":81,"shiny":false},{"name":"Probopass","moves":["painsplit","toxic","stealthrock","flashcannon"],"ability":"Magnet Pull","evs":{"hp":85,"atk":85,"def":85,"spa":85,"spd":85,"spe":85},"ivs":{"hp":31,"atk":31,"def":31,"spa":31,"spd":31,"spe":31},"item":"Air Balloon","level":83,"shiny":false},{"name":"Maractus","moves":["gigadrain","leechseed","spikyshield","spikes"],"ability":"Storm Drain","evs":{"hp":85,"atk":85,"def":85,"spa":85,"spd":85,"spe":85},"ivs":{"hp":31,"atk":31,"def":31,"spa":31,"spd":31,"spe":31},"item":"Leftovers","level":83,"shiny":false},{"name":"Seismitoad","moves":["scald","earthquake","toxic","sludgewave"],"ability":"Water Absorb","evs":{"hp":85,"atk":85,"def":85,"spa":85,"spd":85,"spe":85},"ivs":{"hp":31,"atk":31,"def":31,"spa":31,"spd":31,"spe":31},"item":"Life Orb","level":79,"shiny":false},{"name":"Eelektross","moves":["acidspray","superpower","voltswitch","flamethrower"],"ability":"Levitate","evs":{"hp":85,"atk":85,"def":85,"spa":85,"spd":85,"spe":85},"ivs":{"hp":31,"atk":31,"def":31,"spa":31,"spd":31,"spe":31},"item":"Expert Belt","level":79,"shiny":false},{"name":"Ferrothorn","moves":["knockoff","powerwhip","leechseed","gyroball"],"ability":"Iron Barbs","evs":{"hp":85,"atk":170,"def":85,"spa":85,"spd":85,"spe":0},"ivs":{"hp":31,"atk":31,"def":31,"spa":31,"spd":31,"spe":0},"item":"Rocky Helmet","level":75,"shiny":false}],"p2team":[{"name":"Skarmory","moves":["spikes","defog","stealthrock","bravebird"],"ability":"Sturdy","evs":{"hp":85,"atk":85,"def":85,"spa":85,"spd":85,"spe":85},"ivs":{"hp":31,"atk":31,"def":31,"spa":31,"spd":31,"spe":31},"item":"Leftovers","level":75,"shiny":false},{"name":"Cradily","moves":["rockslide","gigadrain","toxic","recover"],"ability":"Storm Drain","evs":{"hp":85,"atk":85,"def":85,"spa":85,"spd":85,"spe":85},"ivs":{"hp":31,"atk":31,"def":31,"spa":31,"spd":31,"spe":31},"item":"Leftovers","level":81,"shiny":false},{"name":"Simisage","moves":["substitute","superpower","leafstorm","focusblast"],"ability":"Overgrow","evs":{"hp":85,"atk":85,"def":85,"spa":85,"spd":85,"spe":85},"ivs":{"hp":31,"atk":31,"def":31,"spa":31,"spd":31,"spe":31},"item":"Leftovers","level":83,"shiny":false},{"name":"Wigglytuff","moves":["dazzlinggleam","fireblast","wish","protect"],"ability":"Competitive","evs":{"hp":85,"atk":85,"def":85,"spa":85,"spd":85,"spe":85},"ivs":{"hp":31,"atk":31,"def":31,"spa":31,"spd":31,"spe":31},"item":"Leftovers","level":83,"shiny":false},{"name":"Slurpuff","moves":["flamethrower","return","drainpunch","playrough"],"ability":"Unburden","evs":{"hp":85,"atk":85,"def":85,"spa":85,"spd":85,"spe":85},"ivs":{"hp":31,"atk":31,"def":31,"spa":31,"spd":31,"spe":31},"item":"Fairy Gem","level":77,"shiny":false},{"name":"Porygon2","moves":["toxic","thunderbolt","recover","icebeam"],"ability":"Download","evs":{"hp":85,"atk":85,"def":85,"spa":85,"spd":85,"spe":85},"ivs":{"hp":31,"atk":31,"def":31,"spa":31,"spd":31,"spe":31},"item":"Eviolite","level":77,"shiny":false}],"log":["|player|p1|apex mehadns|151","|player|p2|Emg Gl Linket|265","|gametype|singles","|gen|6","|tier|Random Battle","|rated","|rule|Sleep Clause Mod: Limit one foe put to sleep","|rule|HP Percentage Mod: HP is shown in percentages","|","|start","|switch|p1a: Kabutops|Kabutops, L81, F|230/230","|switch|p2a: Skarmory|Skarmory, L75, M|221/221","|turn|1","|","|switch|p2a: Cradily|Cradily, L81, F|272/272","|move|p1a: Kabutops|Waterfall|p2a: Cradily","|-boost|p2a: Cradily|spa|1|[from] ability: Storm Drain","|","|turn|2","|","|move|p1a: Kabutops|Stone Edge|p2a: Cradily","|-crit|p2a: Cradily","|-damage|p2a: Cradily|77/272","|-damage|p1a: Kabutops|207/230|[from] item: Life Orb","|move|p2a: Cradily|Giga Drain|p1a: Kabutops","|-supereffective|p1a: Kabutops","|-damage|p1a: Kabutops|0 fnt","|-heal|p2a: Cradily|181/272|[from] drain|[of] p1a: Kabutops","|faint|p1a: Kabutops","|","|-heal|p2a: Cradily|198/272|[from] item: Leftovers","|","|switch|p1a: Probopass|Probopass, L83, F|235/235","|-item|p1a: Probopass|Air Balloon","|turn|3","|","|switch|p2a: Skarmory|Skarmory, L75, M|221/221","|move|p1a: Probopass|Stealth Rock|p2a: Skarmory","|-sidestart|p2: Emg Gl Linket|move: Stealth Rock","|","|turn|4","|","|move|p2a: Skarmory|Defog|p1a: Probopass","|-unboost|p1a: Probopass|evasion|1","|-sideend|p2: Emg Gl Linket|Stealth Rock|[from] move: Defog|[of] p2a: Skarmory","|move|p1a: Probopass|Toxic|p2a: Skarmory","|-immune|p2a: Skarmory|[msg]","|","|turn|5","|","|move|p2a: Skarmory|Brave Bird|p1a: Probopass","|-resisted|p1a: Probopass","|-damage|p1a: Probopass|220/235","|-enditem|p1a: Probopass|Air Balloon","|-damage|p2a: Skarmory|216/221|[from] recoil|[of] p1a: Probopass","|move|p1a: Probopass|Flash Cannon|p2a: Skarmory","|-resisted|p2a: Skarmory","|-damage|p2a: Skarmory|171/221","|","|-heal|p2a: Skarmory|184/221|[from] item: Leftovers","|turn|6","|","|move|p2a: Skarmory|Spikes|p1a: Probopass","|-sidestart|p1: apex mehadns|Spikes","|move|p1a: Probopass|Toxic|p2a: Skarmory","|-immune|p2a: Skarmory|[msg]","|","|-heal|p2a: Skarmory|197/221|[from] item: Leftovers","|turn|7","|","|move|p2a: Skarmory|Spikes|p1a: Probopass","|-sidestart|p1: apex mehadns|Spikes","|move|p1a: Probopass|Toxic|p2a: Skarmory","|-immune|p2a: Skarmory|[msg]","|","|-heal|p2a: Skarmory|210/221|[from] item: Leftovers","|turn|8","|","|move|p2a: Skarmory|Spikes|p1a: Probopass","|-sidestart|p1: apex mehadns|Spikes","|move|p1a: Probopass|Toxic|p2a: Skarmory","|-immune|p2a: Skarmory|[msg]","|","|-heal|p2a: Skarmory|221/221|[from] item: Leftovers","|turn|9","|","|move|p2a: Skarmory|Stealth Rock|p1a: Probopass","|-sidestart|p1: apex mehadns|move: Stealth Rock","|move|p1a: Probopass|Flash Cannon|p2a: Skarmory","|-resisted|p2a: Skarmory","|-damage|p2a: Skarmory|179/221","|","|-heal|p2a: Skarmory|192/221|[from] item: Leftovers","|turn|10","|","|switch|p1a: Eelektross|Eelektross, L79, M|264/264","|-damage|p1a: Eelektross|231/264|[from] Stealth Rock","|move|p2a: Skarmory|Stealth Rock|p1a: Eelektross","|-fail|p1a: Eelektross","|","|-heal|p2a: Skarmory|205/221|[from] item: Leftovers","|turn|11","|","|move|p2a: Skarmory|Brave Bird|p1a: Eelektross","|-resisted|p1a: Eelektross","|-damage|p1a: Eelektross|180/264","|-damage|p2a: Skarmory|188/221|[from] recoil|[of] p1a: Eelektross","|move|p1a: Eelektross|Flamethrower|p2a: Skarmory","|-supereffective|p2a: Skarmory","|-damage|p2a: Skarmory|0 fnt","|faint|p2a: Skarmory","|","|","|switch|p2a: Porygon2|Porygon2, L77|257/257","|-boost|p2a: Porygon2|spa|1|[from] ability: Download","|turn|12","|","|move|p2a: Porygon2|Toxic|p1a: Eelektross","|-status|p1a: Eelektross|tox","|move|p1a: Eelektross|Superpower|p2a: Porygon2","|-supereffective|p2a: Porygon2","|-damage|p2a: Porygon2|106/257","|-unboost|p1a: Eelektross|atk|1","|-unboost|p1a: Eelektross|def|1","|","|-damage|p1a: Eelektross|164/264 tox|[from] psn","|turn|13","|","|move|p2a: Porygon2|Recover|p2a: Porygon2","|-heal|p2a: Porygon2|235/257","|move|p1a: Eelektross|Superpower|p2a: Porygon2","|-supereffective|p2a: Porygon2","|-damage|p2a: Porygon2|134/257","|-unboost|p1a: Eelektross|atk|1","|-unboost|p1a: Eelektross|def|1","|","|-damage|p1a: Eelektross|132/264 tox|[from] psn","|turn|14","|","|move|p2a: Porygon2|Recover|p2a: Porygon2","|-heal|p2a: Porygon2|257/257","|move|p1a: Eelektross|Superpower|p2a: Porygon2","|-crit|p2a: Porygon2","|-supereffective|p2a: Porygon2","|-damage|p2a: Porygon2|41/257","|-unboost|p1a: Eelektross|atk|1","|-unboost|p1a: Eelektross|def|1","|","|-damage|p1a: Eelektross|84/264 tox|[from] psn","|turn|15","|","|move|p2a: Porygon2|Recover|p2a: Porygon2","|-heal|p2a: Porygon2|170/257","|move|p1a: Eelektross|Flamethrower|p2a: Porygon2","|-damage|p2a: Porygon2|130/257","|","|-damage|p1a: Eelektross|20/264 tox|[from] psn","|turn|16","|","|move|p2a: Porygon2|Recover|p2a: Porygon2","|-heal|p2a: Porygon2|257/257","|move|p1a: Eelektross|Acid Spray|p2a: Porygon2","|-damage|p2a: Porygon2|238/257","|-unboost|p2a: Porygon2|spd|2","|","|-damage|p1a: Eelektross|0 fnt|[from] psn","|faint|p1a: Eelektross","|","|switch|p1a: Ferrothorn|Ferrothorn, L75, F|235/235","|-damage|p1a: Ferrothorn|177/235|[from] Spikes","|-damage|p1a: Ferrothorn|163/235|[from] Stealth Rock","|turn|17","|","|switch|p2a: Wigglytuff|Wigglytuff, L83, M|368/368","|move|p1a: Ferrothorn|Gyro Ball|p2a: Wigglytuff","|-supereffective|p2a: Wigglytuff","|-damage|p2a: Wigglytuff|114/368","|","|-heal|p2a: Wigglytuff|137/368|[from] item: Leftovers","|turn|18","|","|move|p2a: Wigglytuff|Fire Blast|p1a: Ferrothorn|[miss]","|-miss|p2a: Wigglytuff|p1a: Ferrothorn","|move|p1a: Ferrothorn|Gyro Ball|p2a: Wigglytuff","|-supereffective|p2a: Wigglytuff","|-damage|p2a: Wigglytuff|0 fnt","|faint|p2a: Wigglytuff","|","|","|switch|p2a: Slurpuff|Slurpuff, L77, F|253/253","|turn|19","|","|move|p2a: Slurpuff|Flamethrower|p1a: Ferrothorn","|-supereffective|p1a: Ferrothorn","|-damage|p1a: Ferrothorn|0 fnt","|faint|p1a: Ferrothorn","|","|","|switch|p1a: Probopass|Probopass, L83, F|220/235","|-damage|p1a: Probopass|162/235|[from] Spikes","|-damage|p1a: Probopass|148/235|[from] Stealth Rock","|turn|20","|","|move|p2a: Slurpuff|Drain Punch|p1a: Probopass","|-supereffective|p1a: Probopass","|-damage|p1a: Probopass|28/235","|move|p1a: Probopass|Flash Cannon|p2a: Slurpuff","|-supereffective|p2a: Slurpuff","|-damage|p2a: Slurpuff|79/253","|","|turn|21","|","|move|p2a: Slurpuff|Drain Punch|p1a: Probopass","|-supereffective|p1a: Probopass","|-damage|p1a: Probopass|0 fnt","|-heal|p2a: Slurpuff|93/253|[from] drain|[of] p1a: Probopass","|faint|p1a: Probopass","|","|","|switch|p1a: Maractus|Maractus, L83, F|260/260","|-damage|p1a: Maractus|228/260|[from] Stealth Rock","|-damage|p1a: Maractus|163/260|[from] Spikes","|turn|22","|","|move|p2a: Slurpuff|Flamethrower|p1a: Maractus","|-crit|p1a: Maractus","|-supereffective|p1a: Maractus","|-damage|p1a: Maractus|0 fnt","|faint|p1a: Maractus","|","|","|switch|p1a: Seismitoad|Seismitoad, L79, F|295/295","|-damage|p1a: Seismitoad|277/295|[from] Stealth Rock","|-damage|p1a: Seismitoad|204/295|[from] Spikes","|turn|23","|","|move|p1a: Seismitoad|Earthquake|p2a: Slurpuff","|-damage|p2a: Slurpuff|0 fnt","|-damage|p1a: Seismitoad|175/295|[from] item: Life Orb","|faint|p2a: Slurpuff","|","|","|switch|p2a: Simisage|Simisage, L83, M|260/260","|turn|24","|","|move|p2a: Simisage|Leaf Storm|p1a: Seismitoad","|-supereffective|p1a: Seismitoad","|-damage|p1a: Seismitoad|0 fnt","|-unboost|p2a: Simisage|spa|2","|faint|p1a: Seismitoad","|","|win|Emg Gl Linket"],"p1rating":{"entryid":7595394,"formatid":"randombattle","userid":"apexmehadns","username":"apex mehadns","r":1500,"rd":130,"sigma":0,"rpr":1454.8600709038,"rprd":122.22566773017,"rpsigma":0,"rptime":1439370000,"w":0,"l":1,"t":0,"gxe":44.4,"acre":1000,"lacre":1000,"oldacre":1000},"p2rating":{"entryid":"7099396","serverid":"eos","formatid":"randombattle","userid":"emggllinket","username":"Emg GL Linket","w":12,"l":"12","t":"0","gxe":50,"r":"1471.0813874857","rd":"76.974036757567","sigma":"0","rptime":"1439370000","rpr":1499.6707958821,"rprd":66.627449216471,"rpsigma":"0","acre":1108.8807108471,"lacre":1108.8807108471,"oldacre":"1088.8920401147"},"endType":"normal"}