{"seed":[56330,19018,59748,16282],"turns":26,"p1":"GTX♅BlackSweeper","p2":"Kirby1781","p1team":[{"name":"Keldeo-Resolute","species":"Keldeo-Resolute","item":"choicespecs","ability":"Justified","moves":["scald","hydropump","secretsword","icywind"],"nature":"Hasty","evs":{"hp":0,"atk":0,"def":4,"spa":252,"spd":0,"spe":252},"ivs":{"hp":31,"atk":31,"def":31,"spa":31,"spd":31,"spe":31}},{"name":"Latios","species":"Latios","item":"lifeorb","ability":"Levitate","moves":["psyshock","dracometeor","defog","hiddenpowerfire"],"nature":"Hasty","evs":{"hp":0,"atk":0,"def":0,"spa":252,"spd":4,"spe":252},"ivs":{"hp":31,"atk":30,"def":31,"spa":30,"spd":31,"spe":30}},{"name":"Heatran","species":"Heatran","item":"choicescarf","ability":"Flash Fire","moves":["ancientpower","fireblast","flashcannon","earthpower"],"nature":"Timid","evs":{"hp":0,"atk":0,"def":0,"spa":252,"spd":4,"spe":252},"shiny":true,"ivs":{"hp":31,"atk":31,"def":31,"spa":31,"spd":31,"spe":31}},{"name":"Ferrothorn","species":"Ferrothorn","item":"rockyhelmet","ability":"Iron Barbs","moves":["stealthrock","powerwhip","protect","leechseed"],"nature":"Relaxed","evs":{"hp":252,"atk":4,"def":252,"spa":0,"spd":0,"spe":0},"ivs":{"hp":31,"atk":31,"def":31,"spa":31,"spd":31,"spe":31}},{"name":"Scizor","species":"Scizor","item":"scizorite","ability":"Technician","moves":["swordsdance","bulletpunch","bugbite","superpower"],"nature":"Jolly","evs":{"hp":0,"atk":252,"def":0,"spa":0,"spd":4,"spe":252},"ivs":{"hp":31,"atk":31,"def":31,"spa":31,"spd":31,"spe":31}},{"name":"Azumarill","species":"Azumarill","item":"choiceband","ability":"Huge Power","moves":["aquajet","waterfall","playrough","superpower"],"nature":"Adamant","evs":{"hp":252,"atk":252,"def":4,"spa":0,"spd":0,"spe":0},"ivs":{"hp":31,"atk":31,"def":31,"spa":31,"spd":31,"spe":31}}],"p2team":[{"name":"Fort","species":"forretress","item":"sitrusberry","ability":"Sturdy","moves":["stealthrock","spikes","toxicspikes","rapidspin"],"nature":"Bold","evs":{"hp":248,"atk":0,"def":252,"spa":0,"spd":8,"spe":0},"ivs":{"hp":31,"atk":31,"def":31,"spa":31,"spd":31,"spe":31}},{"name":"Lightest Darkness","species":"hoopaunbound","item":"muscleband","ability":"Magician","moves":["hyperspacefury","firepunch","zenheadbutt","drainpunch"],"nature":"Adamant","evs":{"hp":248,"atk":252,"def":0,"spa":0,"spd":8,"spe":0},"ivs":{"hp":31,"atk":31,"def":31,"spa":31,"spd":31,"spe":31}},{"name":"You know what","species":"jirachi","item":"leftovers","ability":"Serene Grace","moves":["ironhead","bodyslam","wish","zenheadbutt"],"nature":"Adamant","evs":{"hp":252,"atk":224,"def":0,"spa":0,"spd":0,"spe":32},"ivs":{"hp":31,"atk":31,"def":31,"spa":31,"spd":31,"spe":31}},{"name":"Glitch","species":"porygonz","item":"wiseglasses","ability":"Adaptability","moves":["triattack","psychic","darkpulse","thunderbolt"],"nature":"Modest","evs":{"hp":248,"atk":0,"def":0,"spa":252,"spd":8,"spe":0},"ivs":{"hp":31,"atk":31,"def":31,"spa":31,"spd":31,"spe":31}},{"name":"Based off real set","species":"sliggoo","item":"eviolite","ability":"Gooey","moves":["toxic","infestation","rest","sleeptalk"],"nature":"Calm","evs":{"hp":248,"atk":0,"def":0,"spa":8,"spd":252,"spe":0},"shiny":true,"ivs":{"hp":31,"atk":31,"def":31,"spa":31,"spd":31,"spe":31}},{"name":"Little Troll","species":"sableye","item":"sablenite","ability":"Prankster","moves":["recover","toxic","darkpulse","calmmind"],"nature":"Bold","evs":{"hp":248,"atk":0,"def":252,"spa":8,"spd":0,"spe":0},"ivs":{"hp":31,"atk":31,"def":31,"spa":31,"spd":31,"spe":31}}],"log":["|player|p1|GTX♅BlackSweeper|293","|player|p2|Kirby1781|279","|gametype|singles","|gen|6","|tier|OU","|rated","|clearpoke","|poke|p1|Keldeo-Resolute","|poke|p1|Latios, M","|poke|p1|Heatran, M, shiny","|poke|p1|Ferrothorn, F","|poke|p1|Scizor, M","|poke|p1|Azumarill, M","|poke|p2|Forretress, F","|poke|p2|Hoopa-Unbound","|poke|p2|Jirachi","|poke|p2|Porygon-Z","|poke|p2|Sliggoo, F, shiny","|poke|p2|Sableye, F","|rule|Swagger Clause: Swagger is banned","|rule|Baton Pass Clause: Limit one Baton Passer, can't pass Spe and other stats simultaneously","|rule|Sleep Clause Mod: Limit one foe put to sleep","|rule|Species Clause: Limit one of each Pokémon","|rule|OHKO Clause: OHKO moves are banned","|rule|Moody Clause: Moody is banned","|rule|Evasion Moves Clause: Evasion moves are banned","|rule|Endless Battle Clause: Forcing endless battles is banned","|rule|HP Percentage Mod: HP is shown in percentages","|teampreview","|","|start","|switch|p1a: Heatran|Heatran, M, shiny|323/323","|switch|p2a: Fort|Forretress, F|353/353","|turn|1","|","|switch|p2a: Based off real set|Sliggoo, F, shiny|339/339","|move|p1a: Heatran|Fire Blast|p2a: Based off real set","|-resisted|p2a: Based off real set","|-damage|p2a: Based off real set|298/339","|-status|p2a: Based off real set|brn","|","|-damage|p2a: Based off real set|256/339 brn|[from] brn","|turn|2","|","|switch|p1a: Ferrothorn|Ferrothorn, F|352/352","|move|p2a: Based off real set|Infestation|p1a: Ferrothorn","|-damage|p1a: Ferrothorn|339/352","|-damage|p2a: Based off real set|214/339 brn|[from] ability: Iron Barbs|[of] p1a: Ferrothorn","|-damage|p2a: Based off real set|158/339 brn|[from] item: Rocky Helmet|[of] p1a: Ferrothorn","|-activate|p1a: Ferrothorn|move: Infestation|[of] p2a: Based off real set","|","|-damage|p2a: Based off real set|116/339 brn|[from] brn","|-damage|p1a: Ferrothorn|295/352|[from] move: Infestation|[partiallytrapped]","|turn|3","|","|move|p2a: Based off real set|Rest|p2a: Based off real set","|-status|p2a: Based off real set|slp","|-heal|p2a: Based off real set|339/339 slp|[silent]","|-status|p2a: Based off real set|slp|[from] move: Rest","|move|p1a: Ferrothorn|Stealth Rock|p2a: Based off real set","|-sidestart|p2: Kirby1781|move: Stealth Rock","|","|-damage|p1a: Ferrothorn|251/352|[from] move: Infestation|[partiallytrapped]","|turn|4","|","|cant|p2a: Based off real set|slp","|move|p2a: Based off real set|Sleep Talk|p2a: Based off real set","|move|p2a: Based off real set|Rest|p2a: Based off real set|[from]Sleep Talk","|-fail|p2a: Based off real set","|move|p1a: Ferrothorn|Leech Seed|p2a: Based off real set","|-start|p2a: Based off real set|move: Leech Seed","|","|-damage|p2a: Based off real set|297/339 slp|[from] Leech Seed|[of] p1a: Ferrothorn","|-heal|p1a: Ferrothorn|293/352|[silent]","|-damage|p1a: Ferrothorn|249/352|[from] move: Infestation|[partiallytrapped]","|turn|5","|","|switch|p2a: Fort|Forretress, F|353/353","|-damage|p2a: Fort|309/353|[from] Stealth Rock","|move|p1a: Ferrothorn|Power Whip|p2a: Fort","|-resisted|p2a: Fort","|-damage|p2a: Fort|290/353","|","|turn|6","|","|switch|p1a: Keldeo-Resolute|Keldeo-Resolute|323/323","|move|p2a: Fort|Stealth Rock|p1a: Keldeo-Resolute","|-sidestart|p1: GTX♅BlackSweeper|move: Stealth Rock","|","|turn|7","|","|move|p1a: Keldeo-Resolute|Hydro Pump|p2a: Fort","|-damage|p2a: Fort|0 fnt","|faint|p2a: Fort","|","|","|switch|p2a: Glitch|Porygon-Z|373/373","|-damage|p2a: Glitch|327/373|[from] Stealth Rock","|turn|8","|","|switch|p1a: Ferrothorn|Ferrothorn, F|249/352","|-damage|p1a: Ferrothorn|227/352|[from] Stealth Rock","|move|p2a: Glitch|Thunderbolt|p1a: Ferrothorn","|-resisted|p1a: Ferrothorn","|-damage|p1a: Ferrothorn|168/352","|","|turn|9","|","|move|p2a: Glitch|Tri Attack|p1a: Ferrothorn","|-resisted|p1a: Ferrothorn","|-damage|p1a: Ferrothorn|66/352","|move|p1a: Ferrothorn|Leech Seed|p2a: Glitch","|-start|p2a: Glitch|move: Leech Seed","|","|-damage|p2a: Glitch|281/373|[from] Leech Seed|[of] p1a: Ferrothorn","|-heal|p1a: Ferrothorn|112/352|[silent]","|turn|10","|","|move|p1a: Ferrothorn|Protect|p1a: Ferrothorn","|-singleturn|p1a: Ferrothorn|Protect","|move|p2a: Glitch|Tri Attack|p1a: Ferrothorn","|-activate|p1a: Ferrothorn|Protect","|","|-damage|p2a: Glitch|235/373|[from] Leech Seed|[of] p1a: Ferrothorn","|-heal|p1a: Ferrothorn|158/352|[silent]","|turn|11","|","|move|p2a: Glitch|Tri Attack|p1a: Ferrothorn","|-crit|p1a: Ferrothorn","|-resisted|p1a: Ferrothorn","|-damage|p1a: Ferrothorn|5/352","|move|p1a: Ferrothorn|Power Whip|p2a: Glitch","|-damage|p2a: Glitch|60/373","|","|-damage|p2a: Glitch|14/373|[from] Leech Seed|[of] p1a: Ferrothorn","|-heal|p1a: Ferrothorn|51/352|[silent]","|turn|12","|","|move|p1a: Ferrothorn|Protect|p1a: Ferrothorn","|-singleturn|p1a: Ferrothorn|Protect","|move|p2a: Glitch|Dark Pulse|p1a: Ferrothorn","|-activate|p1a: Ferrothorn|Protect","|","|-damage|p2a: Glitch|0 fnt|[from] Leech Seed|[of] p1a: Ferrothorn","|-heal|p1a: Ferrothorn|65/352|[silent]","|faint|p2a: Glitch","|","|switch|p2a: Lightest Darkness|Hoopa-Unbound|363/363","|-damage|p2a: Lightest Darkness|318/363|[from] Stealth Rock","|turn|13","|","|move|p2a: Lightest Darkness|Drain Punch|p1a: Ferrothorn","|-supereffective|p1a: Ferrothorn","|-damage|p1a: Ferrothorn|0 fnt","|-heal|p2a: Lightest Darkness|351/363|[from] drain|[of] p1a: Ferrothorn","|-damage|p2a: Lightest Darkness|306/363|[from] ability: Iron Barbs|[of] p1a: Ferrothorn","|-damage|p2a: Lightest Darkness|246/363|[from] item: Rocky Helmet|[of] p1a: Ferrothorn","|faint|p1a: Ferrothorn","|","|","|switch|p1a: Keldeo-Resolute|Keldeo-Resolute|323/323","|-damage|p1a: Keldeo-Resolute|303/323|[from] Stealth Rock","|turn|14","|","|switch|p2a: Little Troll|Sableye, F|303/303","|-damage|p2a: Little Troll|266/303|[from] Stealth Rock","|move|p1a: Keldeo-Resolute|Hydro Pump|p2a: Little Troll","|-damage|p2a: Little Troll|0 fnt","|faint|p2a: Little Troll","|","|","|switch|p2a: You know what|Jirachi|404/404","|-damage|p2a: You know what|379/404|[from] Stealth Rock","|turn|15","|","|switch|p1a: Heatran|Heatran, M, shiny|323/323","|-damage|p1a: Heatran|283/323|[from] Stealth Rock","|move|p2a: You know what|Zen Headbutt|p1a: Heatran","|-resisted|p1a: Heatran","|-damage|p1a: Heatran|226/323","|","|-heal|p2a: You know what|404/404|[from] item: Leftovers","|turn|16","|","|switch|p2a: Based off real set|Sliggoo, F, shiny|297/339 slp","|-damage|p2a: Based off real set|255/339 slp|[from] Stealth Rock","|move|p1a: Heatran|Fire Blast|p2a: Based off real set|[miss]","|-miss|p1a: Heatran|p2a: Based off real set","|","|turn|17","|","|switch|p1a: Azumarill|Azumarill, M|404/404","|-damage|p1a: Azumarill|354/404|[from] Stealth Rock","|cant|p2a: Based off real set|slp","|move|p2a: Based off real set|Sleep Talk|p2a: Based off real set","|move|p2a: Based off real set|Infestation|p1a: Azumarill|[from]Sleep Talk","|-resisted|p1a: Azumarill","|-damage|p1a: Azumarill|346/404","|-activate|p1a: Azumarill|move: Infestation|[of] p2a: Based off real set","|","|-damage|p1a: Azumarill|296/404|[from] move: Infestation|[partiallytrapped]","|turn|18","|","|-curestatus|p2a: Based off real set|slp","|move|p2a: Based off real set|Sleep Talk|p2a: Based off real set","|-fail|p2a: Based off real set","|move|p1a: Azumarill|Waterfall|p2a: Based off real set","|-resisted|p2a: Based off real set","|-damage|p2a: Based off real set|115/339","|-unboost|p1a: Azumarill|spe|1","|","|-damage|p1a: Azumarill|246/404|[from] move: Infestation|[partiallytrapped]","|turn|19","|","|move|p2a: Based off real set|Rest|p2a: Based off real set","|-status|p2a: Based off real set|slp","|-heal|p2a: Based off real set|339/339 slp|[silent]","|-status|p2a: Based off real set|slp|[from] move: Rest","|move|p1a: Azumarill|Waterfall|p2a: Based off real set","|-resisted|p2a: Based off real set","|-damage|p2a: Based off real set|198/339 slp","|-unboost|p1a: Azumarill|spe|1","|","|-damage|p1a: Azumarill|196/404|[from] move: Infestation|[partiallytrapped]","|turn|20","|","|cant|p2a: Based off real set|slp","|move|p2a: Based off real set|Sleep Talk|p2a: Based off real set","|move|p2a: Based off real set|Rest|p2a: Based off real set|[from]Sleep Talk","|-fail|p2a: Based off real set","|move|p1a: Azumarill|Waterfall|p2a: Based off real set","|-resisted|p2a: Based off real set","|-damage|p2a: Based off real set|52/339 slp","|-unboost|p1a: Azumarill|spe|1","|","|-damage|p1a: Azumarill|146/404|[from] move: Infestation|[partiallytrapped]","|turn|21","|","|cant|p2a: Based off real set|slp","|move|p2a: Based off real set|Sleep Talk|p2a: Based off real set","|move|p2a: Based off real set|Toxic|p1a: Azumarill|[from]Sleep Talk|[miss]","|-miss|p2a: Based off real set|p1a: Azumarill","|move|p1a: Azumarill|Waterfall|p2a: Based off real set","|-resisted|p2a: Based off real set","|-damage|p2a: Based off real set|0 fnt","|-unboost|p1a: Azumarill|spe|1","|faint|p2a: Based off real set","|","|-end|p1a: Azumarill|Infestation|[partiallytrapped]","|","|switch|p2a: You know what|Jirachi|404/404","|-damage|p2a: You know what|379/404|[from] Stealth Rock","|turn|22","|","|move|p2a: You know what|Body Slam|p1a: Azumarill","|-damage|p1a: Azumarill|39/404","|-status|p1a: Azumarill|par","|cant|p1a: Azumarill|par","|","|-heal|p2a: You know what|404/404|[from] item: Leftovers","|turn|23","|","|move|p2a: You know what|Body Slam|p1a: Azumarill","|-damage|p1a: Azumarill|0 fnt","|faint|p1a: Azumarill","|","|","|switch|p1a: Heatran|Heatran, M, shiny|226/323","|-damage|p1a: Heatran|186/323|[from] Stealth Rock","|turn|24","|","|move|p1a: Heatran|Fire Blast|p2a: You know what","|-crit|p2a: You know what","|-supereffective|p2a: You know what","|-damage|p2a: You know what|0 fnt","|faint|p2a: You know what","|","|","|switch|p2a: Lightest Darkness|Hoopa-Unbound|246/363","|-damage|p2a: Lightest Darkness|201/363|[from] Stealth Rock","|turn|25","|","|move|p1a: Heatran|Fire Blast|p2a: Lightest Darkness","|-damage|p2a: Lightest Darkness|47/363","|move|p2a: Lightest Darkness|Drain Punch|p1a: Heatran","|-supereffective|p1a: Heatran","|-damage|p1a: Heatran|0 fnt","|-heal|p2a: Lightest Darkness|140/363|[from] drain|[of] p1a: Heatran","|faint|p1a: Heatran","|","|","|switch|p1a: Keldeo-Resolute|Keldeo-Resolute|303/323","|-damage|p1a: Keldeo-Resolute|283/323|[from] Stealth Rock","|turn|26","|","|move|p1a: Keldeo-Resolute|Secret Sword|p2a: Lightest Darkness","|-damage|p2a: Lightest Darkness|0 fnt","|faint|p2a: Lightest Darkness","|","|win|GTX♅BlackSweeper"],"p1rating":{"entryid":"7470155","serverid":"eos","formatid":"ou","userid":"gtxblacksweeper","username":"GTX♅BlackSweeper","w":2,"l":"0","t":"0","gxe":59,"r":"1500","rd":"130","sigma":"0","rptime":"1438938000","rpr":1572.5671258289,"rprd":116.77753930647,"rpsigma":"0","acre":1070.1028089042,"lacre":1070.1028089042,"oldacre":"1040"},"p2rating":{"entryid":7471774,"formatid":"ou","userid":"kirby1781","username":"Kirby1781","r":1500,"rd":130,"sigma":0,"rpr":1459.8393856612,"rprd":122.8583080769,"rpsigma":0,"rptime":1438938000,"w":0,"l":1,"t":0,"gxe":45,"acre":1000,"lacre":1000,"oldacre":1000},"endType":"normal"}