{"seed":[16952,57197,62915,29230],"turns":29,"p1":"Coloniol Mustang","p2":"DSV","p1team":[{"name":"Cobalion","species":"Cobalion","item":"leftovers","ability":"Justified","moves":["reflect","thunderwave","stealthrock","ironhead"],"nature":"Jolly","evs":{"hp":4,"atk":0,"def":252,"spa":0,"spd":0,"spe":252},"ivs":{"hp":31,"atk":31,"def":31,"spa":31,"spd":31,"spe":31}},{"name":"Medicham","species":"Medicham","item":"medichamite","ability":"Pure Power","moves":["highjumpkick","bulletpunch","icepunch","fakeout"],"nature":"Jolly","evs":{"hp":4,"atk":252,"def":0,"spa":0,"spd":0,"spe":252},"ivs":{"hp":31,"atk":31,"def":31,"spa":31,"spd":31,"spe":31}},{"name":"Keldeo","species":"Keldeo","item":"leftovers","ability":"Justified","moves":["scald","secretsword","calmmind","icywind"],"nature":"Modest","evs":{"hp":24,"atk":0,"def":0,"spa":232,"spd":0,"spe":252},"ivs":{"hp":31,"atk":31,"def":31,"spa":31,"spd":31,"spe":31}},{"name":"Heracross","species":"Heracross","item":"choicescarf","ability":"Moxie","moves":["closecombat","megahorn","knockoff","rockblast"],"nature":"Adamant","evs":{"hp":4,"atk":252,"def":0,"spa":0,"spd":0,"spe":252},"ivs":{"hp":31,"atk":31,"def":31,"spa":31,"spd":31,"spe":31}},{"name":"Hawlucha","species":"Hawlucha","item":"powerherb","ability":"Unburden","moves":["acrobatics","skyattack","highjumpkick","swordsdance"],"nature":"Adamant","evs":{"hp":4,"atk":252,"def":0,"spa":0,"spd":0,"spe":252},"ivs":{"hp":31,"atk":30,"def":30,"spa":31,"spd":30,"spe":31}},{"name":"Breloom","species":"Breloom","item":"focussash","ability":"Technician","moves":["swordsdance","rocktomb","spore","machpunch"],"nature":"Jolly","evs":{"hp":4,"atk":252,"def":0,"spa":0,"spd":0,"spe":252},"ivs":{"hp":31,"atk":31,"def":31,"spa":31,"spd":31,"spe":31}}],"p2team":[{"name":"Venus","species":"ferrothorn","item":"leftovers","ability":"Iron Barbs","moves":["powerwhip","protect","spikes","leechseed"],"nature":"Relaxed","evs":{"hp":248,"atk":0,"def":88,"spa":0,"spd":168,"spe":0},"gender":"F","shiny":true,"ivs":{"hp":31,"atk":31,"def":31,"spa":31,"spd":31,"spe":31}},{"name":"Maria","species":"skarmory","item":"rockyhelmet","ability":"Sturdy","moves":["roost","defog","bravebird","whirlwind"],"nature":"Impish","evs":{"hp":248,"atk":0,"def":236,"spa":0,"spd":0,"spe":24},"gender":"F","shiny":true,"ivs":{"hp":31,"atk":31,"def":31,"spa":31,"spd":31,"spe":31}},{"name":"Big Boss","species":"heatran","item":"leftovers","ability":"Flash Fire","moves":["lavaplume","taunt","stealthrock","earthpower"],"nature":"Calm","evs":{"hp":248,"atk":0,"def":0,"spa":0,"spd":192,"spe":68},"gender":"M","ivs":{"hp":31,"atk":31,"def":31,"spa":31,"spd":31,"spe":31}},{"name":"Holy Duo","species":"doublade","item":"eviolite","ability":"No Guard","moves":["swordsdance","shadowsneak","sacredsword","gyroball"],"nature":"Brave","evs":{"hp":240,"atk":252,"def":0,"spa":0,"spd":16,"spe":0},"gender":"M","ivs":{"hp":31,"atk":31,"def":31,"spa":31,"spd":31,"spe":0},"shiny":true},{"name":"U.F.O 3829","species":"magnezone","item":"choicescarf","ability":"Magnet Pull","moves":["hiddenpowerfire","flashcannon","voltswitch","thunderbolt"],"nature":"Timid","evs":{"hp":0,"atk":0,"def":0,"spa":252,"spd":4,"spe":252},"ivs":{"hp":31,"atk":30,"def":31,"spa":30,"spd":31,"spe":30}},{"name":"Lizzy","species":"scizor","item":"scizorite","ability":"Technician","moves":["roost","swordsdance","bulletpunch","knockoff"],"nature":"Impish","evs":{"hp":248,"atk":44,"def":16,"spa":0,"spd":200,"spe":0},"gender":"F","ivs":{"hp":31,"atk":31,"def":31,"spa":31,"spd":31,"spe":31}}],"log":["|player|p1|Coloniol Mustang|124","|player|p2|DSV|dsv.png","|gametype|singles","|gen|6","|tier|Monotype","|rated","|rule|Baton Pass Clause: Limit one Baton Passer, can't pass Spe and other stats simultaneously","|rule|Swagger Clause: Swagger is banned","|rule|Same Type Clause: Pokémon in a team must share a type","|clearpoke","|poke|p1|Cobalion","|poke|p1|Medicham, M","|poke|p1|Keldeo","|poke|p1|Heracross, F","|poke|p1|Hawlucha, F","|poke|p1|Breloom, F","|poke|p2|Ferrothorn, F, shiny","|poke|p2|Skarmory, F, shiny","|poke|p2|Heatran, M","|poke|p2|Doublade, M, shiny","|poke|p2|Magnezone","|poke|p2|Scizor, F","|rule|Sleep Clause Mod: Limit one foe put to sleep","|rule|Species Clause: Limit one of each Pokémon","|rule|OHKO Clause: OHKO moves are banned","|rule|Moody Clause: Moody is banned","|rule|Evasion Moves Clause: Evasion moves are banned","|rule|Endless Battle Clause: Forcing endless battles is banned","|rule|HP Percentage Mod: HP is shown in percentages","|teampreview","|","|start","|switch|p1a: Medicham|Medicham, M|262/262","|switch|p2a: U.F.O 3829|Magnezone|281/281","|turn|1","|","|detailschange|p1a: Medicham|Medicham-Mega, M","|-mega|p1a: Medicham|Medicham|Medichamite","|move|p1a: Medicham|Fake Out|p2a: U.F.O 3829","|-resisted|p2a: U.F.O 3829","|-damage|p2a: U.F.O 3829|248/281","|cant|p2a: U.F.O 3829|flinch","|","|turn|2","|","|move|p2a: U.F.O 3829|Volt Switch|p1a: Medicham","|-damage|p1a: Medicham|112/262","|","|switch|p2a: Holy Duo|Doublade, M, shiny|319/319","|move|p1a: Medicham|High Jump Kick|p2a: Holy Duo","|-immune|p2a: Holy Duo|[msg]","|-damage|p1a: Medicham|0 fnt|[from] highjumpkick","|faint|p1a: Medicham","|","|","|switch|p1a: Cobalion|Cobalion|324/324","|turn|3","|","|switch|p2a: Venus|Ferrothorn, F, shiny|351/351","|move|p1a: Cobalion|Reflect|p1a: Cobalion","|-sidestart|p1: Coloniol Mustang|Reflect","|","|turn|4","|","|switch|p1a: Hawlucha|Hawlucha, F|298/298","|move|p2a: Venus|Leech Seed|p1a: Hawlucha|[miss]","|-miss|p2a: Venus|p1a: Hawlucha","|","|turn|5","|","|switch|p2a: Maria|Skarmory, F, shiny|333/333","|move|p1a: Hawlucha|High Jump Kick|p2a: Maria","|-damage|p2a: Maria|213/333","|-damage|p1a: Hawlucha|249/298|[from] item: Rocky Helmet|[of] p2a: Maria","|","|turn|6","|","|switch|p1a: Keldeo|Keldeo|329/329","|move|p2a: Maria|Roost|p2a: Maria","|-heal|p2a: Maria|333/333","|","|turn|7","|","|move|p1a: Keldeo|Scald|p2a: Maria","|-damage|p2a: Maria|140/333","|move|p2a: Maria|Whirlwind|p1a: Keldeo","|drag|p1a: Cobalion|Cobalion|324/324","|","|-sideend|p1: Coloniol Mustang|Reflect","|turn|8","|","|move|p1a: Cobalion|Reflect|p1a: Cobalion","|-sidestart|p1: Coloniol Mustang|Reflect","|move|p2a: Maria|Roost|p2a: Maria","|-heal|p2a: Maria|307/333","|","|turn|9","|","|switch|p2a: Venus|Ferrothorn, F, shiny|351/351","|move|p1a: Cobalion|Thunder Wave|p2a: Venus","|-status|p2a: Venus|par","|","|turn|10","|","|switch|p1a: Breloom|Breloom, F|262/262","|cant|p2a: Venus|par","|","|turn|11","|","|move|p1a: Breloom|Swords Dance|p1a: Breloom","|-boost|p1a: Breloom|atk|2","|move|p2a: Venus|Spikes|p1a: Breloom","|-sidestart|p1: Coloniol Mustang|Spikes","|","|turn|12","|","|move|p1a: Breloom|Rock Tomb|p2a: Venus","|-resisted|p2a: Venus","|-damage|p2a: Venus|279/351 par","|-unboost|p2a: Venus|spe|1","|move|p2a: Venus|Spikes|p1a: Breloom","|-sidestart|p1: Coloniol Mustang|Spikes","|","|-heal|p2a: Venus|300/351 par|[from] item: Leftovers","|-sideend|p1: Coloniol Mustang|Reflect","|turn|13","|","|move|p1a: Breloom|Mach Punch|p2a: Venus","|-supereffective|p2a: Venus","|-damage|p2a: Venus|18/351 par","|-damage|p1a: Breloom|230/262|[from] ability: Iron Barbs|[of] p2a: Venus","|move|p2a: Venus|Power Whip|p1a: Breloom","|-crit|p1a: Breloom","|-resisted|p1a: Breloom","|-damage|p1a: Breloom|107/262","|","|-heal|p2a: Venus|39/351 par|[from] item: Leftovers","|turn|14","|","|move|p1a: Breloom|Rock Tomb|p2a: Venus","|-resisted|p2a: Venus","|-damage|p2a: Venus|0 fnt","|faint|p2a: Venus","|","|","|switch|p2a: Lizzy|Scizor, F|343/343","|turn|15","|","|detailschange|p2a: Lizzy|Scizor-Mega, F","|-mega|p2a: Lizzy|Scizor|Scizorite","|move|p2a: Lizzy|Bullet Punch|p1a: Breloom","|-damage|p1a: Breloom|0 fnt","|faint|p1a: Breloom","|","|","|switch|p1a: Hawlucha|Hawlucha, F|249/298","|turn|16","|","|move|p2a: Lizzy|Bullet Punch|p1a: Hawlucha","|-damage|p1a: Hawlucha|116/298","|move|p1a: Hawlucha|Sky Attack|p2a: Lizzy|[still]","|-prepare|p1a: Hawlucha|Sky Attack|p2a: Lizzy","|-enditem|p1a: Hawlucha|Power Herb","|-anim|p1a: Hawlucha|Sky Attack|p2a: Lizzy","|-damage|p2a: Lizzy|207/343","|","|turn|17","|","|move|p1a: Hawlucha|High Jump Kick|p2a: Lizzy","|-damage|p2a: Lizzy|78/343","|move|p2a: Lizzy|Roost|p2a: Lizzy","|-heal|p2a: Lizzy|250/343","|","|turn|18","|","|move|p2a: Lizzy|Bullet Punch|p1a: Hawlucha","|-damage|p1a: Hawlucha|0 fnt","|faint|p1a: Hawlucha","|","|","|switch|p1a: Keldeo|Keldeo|329/329","|-damage|p1a: Keldeo|275/329|[from] Spikes","|turn|19","|","|move|p1a: Keldeo|Scald|p2a: Lizzy","|-crit|p2a: Lizzy","|-damage|p2a: Lizzy|75/343","|move|p2a: Lizzy|Swords Dance|p2a: Lizzy","|-boost|p2a: Lizzy|atk|2","|","|-heal|p1a: Keldeo|295/329|[from] item: Leftovers","|turn|20","|","|move|p2a: Lizzy|Bullet Punch|p1a: Keldeo","|-resisted|p1a: Keldeo","|-damage|p1a: Keldeo|178/329","|move|p1a: Keldeo|Scald|p2a: Lizzy","|-damage|p2a: Lizzy|0 fnt","|faint|p2a: Lizzy","|","|-heal|p1a: Keldeo|198/329|[from] item: Leftovers","|","|switch|p2a: U.F.O 3829|Magnezone|248/281","|turn|21","|","|move|p2a: U.F.O 3829|Volt Switch|p1a: Keldeo","|-supereffective|p1a: Keldeo","|-damage|p1a: Keldeo|0 fnt","|faint|p1a: Keldeo","|","|switch|p2a: Holy Duo|Doublade, M, shiny|319/319","|","|","|switch|p1a: Heracross|Heracross, F|302/302","|-damage|p1a: Heracross|252/302|[from] Spikes","|turn|22","|","|switch|p2a: Maria|Skarmory, F, shiny|307/333","|move|p1a: Heracross|Knock Off|p2a: Maria","|-damage|p2a: Maria|234/333","|-damage|p1a: Heracross|202/302|[from] item: Rocky Helmet|[of] p2a: Maria","|-enditem|p2a: Maria|Rocky Helmet|[from] move: Knock Off|[of] p1a: Heracross","|","|turn|23","|","|switch|p2a: Holy Duo|Doublade, M, shiny|319/319","|move|p1a: Heracross|Knock Off|p2a: Holy Duo","|-supereffective|p2a: Holy Duo","|-damage|p2a: Holy Duo|211/319","|-enditem|p2a: Holy Duo|Eviolite|[from] move: Knock Off|[of] p1a: Heracross","|","|turn|24","|","|move|p1a: Heracross|Knock Off|p2a: Holy Duo","|-supereffective|p2a: Holy Duo","|-damage|p2a: Holy Duo|87/319","|move|p2a: Holy Duo|Gyro Ball|p1a: Heracross","|-crit|p1a: Heracross","|-damage|p1a: Heracross|0 fnt","|faint|p1a: Heracross","|","|","|switch|p1a: Cobalion|Cobalion|324/324","|-damage|p1a: Cobalion|270/324|[from] Spikes","|turn|25","|","|move|p1a: Cobalion|Reflect|p1a: Cobalion","|-sidestart|p1: Coloniol Mustang|Reflect","|move|p2a: Holy Duo|Sacred Sword|p1a: Cobalion","|-supereffective|p1a: Cobalion","|-damage|p1a: Cobalion|205/324","|","|-heal|p1a: Cobalion|225/324|[from] item: Leftovers","|turn|26","|","|move|p1a: Cobalion|Iron Head|p2a: Holy Duo","|-resisted|p2a: Holy Duo","|-damage|p2a: Holy Duo|54/319","|move|p2a: Holy Duo|Sacred Sword|p1a: Cobalion","|-supereffective|p1a: Cobalion","|-damage|p1a: Cobalion|152/324","|","|-heal|p1a: Cobalion|172/324|[from] item: Leftovers","|turn|27","|","|move|p1a: Cobalion|Thunder Wave|p2a: Holy Duo","|-status|p2a: Holy Duo|par","|move|p2a: Holy Duo|Sacred Sword|p1a: Cobalion","|-supereffective|p1a: Cobalion","|-damage|p1a: Cobalion|106/324","|","|-heal|p1a: Cobalion|126/324|[from] item: Leftovers","|turn|28","|","|switch|p2a: U.F.O 3829|Magnezone|248/281","|move|p1a: Cobalion|Iron Head|p2a: U.F.O 3829","|-resisted|p2a: U.F.O 3829","|-damage|p2a: U.F.O 3829|228/281","|","|-heal|p1a: Cobalion|146/324|[from] item: Leftovers","|turn|29","|","|move|p2a: U.F.O 3829|Hidden Power|p1a: Cobalion","|-supereffective|p1a: Cobalion","|-damage|p1a: Cobalion|0 fnt","|faint|p1a: Cobalion","|","|win|DSV"],"p1rating":{"entryid":"790045","serverid":"eos","formatid":"monotype","userid":"coloniolmustang","username":"Coloniol Mustang","w":"29","l":13,"t":"0","gxe":66.4,"r":"1506.5678551039","rd":"106.29891332807","sigma":"0","rptime":"1441270800","rpr":1629.8382458434,"rprd":52.589123762412,"rpsigma":"0","acre":1328.8255209329,"lacre":1328.8255209329,"oldacre":"1354.9587293206"},"p2rating":{"entryid":"159982","serverid":"eos","formatid":"monotype","userid":"dsv","username":"DSV","w":22,"l":"9","t":"0","gxe":65.8,"r":"1618.0596128886","rd":"62.488580723113","sigma":"0","rptime":"1441270800","rpr":1625.3731750149,"rprd":61.676256040992,"rpsigma":"0","acre":1277.5385428212,"lacre":1277.5385428212,"oldacre":"1244.8720323366"},"endType":"normal"}