{"seed":[45163,44853,18245,21759],"turns":22,"p1":"Coloniol Mustang","p2":"Apex🔰Reborn","p1team":[{"name":"Cobalion","species":"Cobalion","item":"leftovers","ability":"Justified","moves":["reflect","thunderwave","stealthrock","ironhead"],"nature":"Jolly","evs":{"hp":4,"atk":0,"def":252,"spa":0,"spd":0,"spe":252},"ivs":{"hp":31,"atk":31,"def":31,"spa":31,"spd":31,"spe":31}},{"name":"Medicham","species":"Medicham","item":"medichamite","ability":"Pure Power","moves":["highjumpkick","bulletpunch","icepunch","fakeout"],"nature":"Jolly","evs":{"hp":4,"atk":252,"def":0,"spa":0,"spd":0,"spe":252},"ivs":{"hp":31,"atk":31,"def":31,"spa":31,"spd":31,"spe":31}},{"name":"Keldeo","species":"Keldeo","item":"leftovers","ability":"Justified","moves":["scald","secretsword","calmmind","icywind"],"nature":"Modest","evs":{"hp":24,"atk":0,"def":0,"spa":232,"spd":0,"spe":252},"ivs":{"hp":31,"atk":31,"def":31,"spa":31,"spd":31,"spe":31}},{"name":"Heracross","species":"Heracross","item":"choicescarf","ability":"Moxie","moves":["closecombat","megahorn","knockoff","rockblast"],"nature":"Adamant","evs":{"hp":4,"atk":252,"def":0,"spa":0,"spd":0,"spe":252},"ivs":{"hp":31,"atk":31,"def":31,"spa":31,"spd":31,"spe":31}},{"name":"Hawlucha","species":"Hawlucha","item":"powerherb","ability":"Unburden","moves":["acrobatics","skyattack","highjumpkick","swordsdance"],"nature":"Adamant","evs":{"hp":4,"atk":252,"def":0,"spa":0,"spd":0,"spe":252},"ivs":{"hp":31,"atk":30,"def":30,"spa":31,"spd":30,"spe":31}},{"name":"Breloom","species":"Breloom","item":"focussash","ability":"Technician","moves":["swordsdance","rocktomb","spore","machpunch"],"nature":"Jolly","evs":{"hp":4,"atk":252,"def":0,"spa":0,"spd":0,"spe":252},"ivs":{"hp":31,"atk":31,"def":31,"spa":31,"spd":31,"spe":31}}],"p2team":[{"name":"HardNope","species":"scizor","item":"choiceband","ability":"Technician","moves":["bulletpunch","bugbite","aerialace","pursuit"],"nature":"Adamant","evs":{"hp":156,"atk":252,"def":100,"spa":0,"spd":0,"spe":0},"ivs":{"hp":31,"atk":31,"def":31,"spa":31,"spd":31,"spe":31}},{"name":"BuggyNope","species":"volcarona","item":"leftovers","ability":"Flame Body","moves":["fierydance","roost","bugbuzz","quiverdance"],"nature":"Timid","evs":{"hp":56,"atk":0,"def":176,"spa":220,"spd":8,"spe":48},"ivs":{"hp":31,"atk":31,"def":31,"spa":30,"spd":30,"spe":31}},{"name":"SpikyNope","species":"pinsir","item":"pinsirite","ability":"Moxie","moves":["earthquake","swordsdance","frustration","quickattack"],"nature":"Timid","evs":{"hp":84,"atk":176,"def":0,"spa":0,"spd":0,"spe":248},"happiness":0,"ivs":{"hp":31,"atk":31,"def":31,"spa":31,"spd":31,"spe":31}},{"name":"HeraclesNope","species":"heracross","item":"assaultvest","ability":"Guts","moves":["closecombat","rockslide","knockoff","megahorn"],"nature":"Adamant","evs":{"hp":92,"atk":184,"def":0,"spa":0,"spd":232,"spe":0},"ivs":{"hp":31,"atk":31,"def":31,"spa":31,"spd":31,"spe":31}},{"name":"YellowNope","species":"galvantula","item":"focussash","ability":"Compound Eyes","moves":["stickyweb","thunder","thunderwave","bugbuzz"],"nature":"Timid","evs":{"hp":0,"atk":0,"def":0,"spa":252,"spd":4,"spe":252},"ivs":{"hp":31,"atk":31,"def":31,"spa":31,"spd":31,"spe":31}},{"name":"SpineyNope","species":"forretress","item":"custapberry","ability":"Sturdy","moves":["explosion","payback","endure","stealthrock"],"nature":"Adamant","evs":{"hp":152,"atk":220,"def":136,"spa":0,"spd":0,"spe":0},"ivs":{"hp":31,"atk":31,"def":31,"spa":31,"spd":31,"spe":31}}],"log":["|player|p1|Coloniol Mustang|124","|player|p2|Apex🔰Reborn|142","|gametype|singles","|gen|6","|tier|Monotype","|rated","|rule|Baton Pass Clause: Limit one Baton Passer, can't pass Spe and other stats simultaneously","|rule|Swagger Clause: Swagger is banned","|rule|Same Type Clause: Pokémon in a team must share a type","|clearpoke","|poke|p1|Cobalion","|poke|p1|Medicham, M","|poke|p1|Keldeo","|poke|p1|Heracross, F","|poke|p1|Hawlucha, F","|poke|p1|Breloom, F","|poke|p2|Scizor, F","|poke|p2|Volcarona, M","|poke|p2|Pinsir, F","|poke|p2|Heracross, M","|poke|p2|Galvantula, F","|poke|p2|Forretress, F","|rule|Sleep Clause Mod: Limit one foe put to sleep","|rule|Species Clause: Limit one of each Pokémon","|rule|OHKO Clause: OHKO moves are banned","|rule|Moody Clause: Moody is banned","|rule|Evasion Moves Clause: Evasion moves are banned","|rule|Endless Battle Clause: Forcing endless battles is banned","|rule|HP Percentage Mod: HP is shown in percentages","|teampreview","|","|start","|switch|p1a: Heracross|Heracross, F|302/302","|switch|p2a: YellowNope|Galvantula, F|281/281","|turn|1","|","|move|p1a: Heracross|Rock Blast|p2a: YellowNope","|-supereffective|p2a: YellowNope","|-damage|p2a: YellowNope|189/281","|-supereffective|p2a: YellowNope","|-damage|p2a: YellowNope|97/281","|-supereffective|p2a: YellowNope","|-damage|p2a: YellowNope|3/281","|-supereffective|p2a: YellowNope","|-damage|p2a: YellowNope|0 fnt","|-hitcount|p2a: YellowNope|4","|faint|p2a: YellowNope","|-boost|p1a: Heracross|atk|1|[from] ability: Moxie","|","|","|switch|p2a: SpineyNope|Forretress, F|329/329","|turn|2","|","|switch|p1a: Cobalion|Cobalion|324/324","|move|p2a: SpineyNope|Stealth Rock|p1a: Cobalion","|-sidestart|p1: Coloniol Mustang|move: Stealth Rock","|","|turn|3","|","|switch|p2a: BuggyNope|Volcarona, M|325/325","|move|p1a: Cobalion|Stealth Rock|p2a: BuggyNope","|-sidestart|p2: Apex🔰Reborn|move: Stealth Rock","|","|turn|4","|","|move|p1a: Cobalion|Thunder Wave|p2a: BuggyNope","|-status|p2a: BuggyNope|par","|move|p2a: BuggyNope|Quiver Dance|p2a: BuggyNope","|-boost|p2a: BuggyNope|spa|1","|-boost|p2a: BuggyNope|spd|1","|-boost|p2a: BuggyNope|spe|1","|","|turn|5","|","|switch|p1a: Keldeo|Keldeo|329/329","|-damage|p1a: Keldeo|309/329|[from] Stealth Rock","|move|p2a: BuggyNope|Fiery Dance|p1a: Keldeo","|-resisted|p1a: Keldeo","|-damage|p1a: Keldeo|201/329","|","|-heal|p1a: Keldeo|221/329|[from] item: Leftovers","|turn|6","|","|move|p1a: Keldeo|Calm Mind|p1a: Keldeo","|-boost|p1a: Keldeo|spa|1","|-boost|p1a: Keldeo|spd|1","|move|p2a: BuggyNope|Bug Buzz|p1a: Keldeo","|-resisted|p1a: Keldeo","|-damage|p1a: Keldeo|132/329","|","|-heal|p1a: Keldeo|152/329|[from] item: Leftovers","|turn|7","|","|move|p1a: Keldeo|Calm Mind|p1a: Keldeo","|-boost|p1a: Keldeo|spa|1","|-boost|p1a: Keldeo|spd|1","|move|p2a: BuggyNope|Bug Buzz|p1a: Keldeo","|-resisted|p1a: Keldeo","|-damage|p1a: Keldeo|87/329","|","|-heal|p1a: Keldeo|107/329|[from] item: Leftovers","|turn|8","|","|move|p1a: Keldeo|Scald|p2a: BuggyNope","|-supereffective|p2a: BuggyNope","|-damage|p2a: BuggyNope|0 fnt","|faint|p2a: BuggyNope","|","|-heal|p1a: Keldeo|127/329|[from] item: Leftovers","|","|switch|p2a: HeraclesNope|Heracross, M|324/324","|-damage|p2a: HeraclesNope|284/324|[from] Stealth Rock","|turn|9","|","|move|p1a: Keldeo|Scald|p2a: HeraclesNope","|-damage|p2a: HeraclesNope|110/324","|move|p2a: HeraclesNope|Megahorn|p1a: Keldeo","|-resisted|p1a: Keldeo","|-damage|p1a: Keldeo|14/329","|","|-heal|p1a: Keldeo|34/329|[from] item: Leftovers","|turn|10","|","|move|p1a: Keldeo|Scald|p2a: HeraclesNope","|-damage|p2a: HeraclesNope|0 fnt","|faint|p2a: HeraclesNope","|","|-heal|p1a: Keldeo|54/329|[from] item: Leftovers","|","|switch|p2a: HardNope|Scizor, F|320/320","|-damage|p2a: HardNope|280/320|[from] Stealth Rock","|turn|11","|","|move|p2a: HardNope|Bullet Punch|p1a: Keldeo","|-resisted|p1a: Keldeo","|-damage|p1a: Keldeo|0 fnt","|faint|p1a: Keldeo","|","|","|switch|p1a: Hawlucha|Hawlucha, F|298/298","|-damage|p1a: Hawlucha|261/298|[from] Stealth Rock","|turn|12","|","|move|p2a: HardNope|Bullet Punch|p1a: Hawlucha","|-damage|p1a: Hawlucha|54/298","|move|p1a: Hawlucha|Sky Attack|p2a: HardNope|[still]","|-prepare|p1a: Hawlucha|Sky Attack|p2a: HardNope","|-enditem|p1a: Hawlucha|Power Herb","|-anim|p1a: Hawlucha|Sky Attack|p2a: HardNope","|-damage|p2a: HardNope|73/320","|","|turn|13","|","|move|p2a: HardNope|Bullet Punch|p1a: Hawlucha","|-damage|p1a: Hawlucha|0 fnt","|faint|p1a: Hawlucha","|","|","|switch|p1a: Heracross|Heracross, F|302/302","|-damage|p1a: Heracross|265/302|[from] Stealth Rock","|turn|14","|","|move|p2a: HardNope|Bullet Punch|p1a: Heracross","|-damage|p1a: Heracross|37/302","|move|p1a: Heracross|Close Combat|p2a: HardNope","|-damage|p2a: HardNope|0 fnt","|-unboost|p1a: Heracross|def|1","|-unboost|p1a: Heracross|spd|1","|faint|p2a: HardNope","|-boost|p1a: Heracross|atk|1|[from] ability: Moxie","|","|","|switch|p2a: SpikyNope|Pinsir, F|292/292","|-damage|p2a: SpikyNope|219/292|[from] Stealth Rock","|turn|15","|","|move|p2a: SpikyNope|Quick Attack|p1a: Heracross","|-damage|p1a: Heracross|0 fnt","|faint|p1a: Heracross","|-boost|p2a: SpikyNope|atk|1|[from] ability: Moxie","|","|","|switch|p1a: Cobalion|Cobalion|324/324","|-damage|p1a: Cobalion|314/324|[from] Stealth Rock","|turn|16","|","|detailschange|p2a: SpikyNope|Pinsir-Mega, F","|-mega|p2a: SpikyNope|Pinsir|Pinsirite","|move|p1a: Cobalion|Reflect|p1a: Cobalion","|-sidestart|p1: Coloniol Mustang|Reflect","|move|p2a: SpikyNope|Earthquake|p1a: Cobalion","|-supereffective|p1a: Cobalion","|-damage|p1a: Cobalion|208/324","|","|-heal|p1a: Cobalion|228/324|[from] item: Leftovers","|turn|17","|","|move|p1a: Cobalion|Thunder Wave|p2a: SpikyNope","|-status|p2a: SpikyNope|par","|move|p2a: SpikyNope|Earthquake|p1a: Cobalion","|-supereffective|p1a: Cobalion","|-damage|p1a: Cobalion|122/324","|","|-heal|p1a: Cobalion|142/324|[from] item: Leftovers","|turn|18","|","|move|p1a: Cobalion|Iron Head|p2a: SpikyNope","|-crit|p2a: SpikyNope","|-damage|p2a: SpikyNope|107/292 par","|move|p2a: SpikyNope|Earthquake|p1a: Cobalion","|-supereffective|p1a: Cobalion","|-damage|p1a: Cobalion|35/324","|","|-heal|p1a: Cobalion|55/324|[from] item: Leftovers","|turn|19","|","|cant|p2a: SpikyNope|par","|move|p1a: Cobalion|Iron Head|p2a: SpikyNope","|-damage|p2a: SpikyNope|40/292 par","|","|-heal|p1a: Cobalion|75/324|[from] item: Leftovers","|turn|20","|","|move|p2a: SpikyNope|Quick Attack|p1a: Cobalion","|-damage|p1a: Cobalion|29/324","|move|p1a: Cobalion|Iron Head|p2a: SpikyNope","|-damage|p2a: SpikyNope|0 fnt","|faint|p2a: SpikyNope","|","|-heal|p1a: Cobalion|49/324|[from] item: Leftovers","|-sideend|p1: Coloniol Mustang|Reflect","|","|switch|p2a: SpineyNope|Forretress, F|329/329","|-damage|p2a: SpineyNope|288/329|[from] Stealth Rock","|turn|21","|","|move|p1a: Cobalion|Thunder Wave|p2a: SpineyNope","|-status|p2a: SpineyNope|par","|move|p2a: SpineyNope|Payback|p1a: Cobalion","|-resisted|p1a: Cobalion","|-damage|p1a: Cobalion|19/324","|-boost|p1a: Cobalion|atk|1|[from] ability: Justified","|","|-heal|p1a: Cobalion|39/324|[from] item: Leftovers","|turn|22","|","|move|p1a: Cobalion|Iron Head|p2a: SpineyNope","|-resisted|p2a: SpineyNope","|-damage|p2a: SpineyNope|242/329 par","|move|p2a: SpineyNope|Explosion|p1a: Cobalion","|-resisted|p1a: Cobalion","|-damage|p1a: Cobalion|0 fnt","|faint|p2a: SpineyNope","|faint|p1a: Cobalion","|","|win|Coloniol Mustang"],"p1rating":{"entryid":"790045","serverid":"eos","formatid":"monotype","userid":"coloniolmustang","username":"Coloniol Mustang","w":27,"l":"12","t":"0","gxe":65.4,"r":"1506.5678551039","rd":"106.29891332807","sigma":"0","rptime":"1441270800","rpr":1621.1069242086,"rprd":54.140336578426,"rpsigma":"0","acre":1325.0216757409,"lacre":1325.0216757409,"oldacre":"1312.3010666265"},"p2rating":{"entryid":"473409","serverid":"eos","formatid":"monotype","userid":"apexreborn","username":"Apex✦Reborn","w":"18","l":17,"t":"0","gxe":53.7,"r":"1534.9395784642","rd":"64.659723413869","sigma":"0","rptime":"1441270800","rpr":1528.4565058111,"rprd":57.320088335987,"rpsigma":"0","acre":1163.8696007324,"lacre":1163.8696007324,"oldacre":"1179.7703621254"},"endType":"normal"}