{"seed":[6251,62569,49559,32604],"turns":25,"p1":"A Stantler","p2":"OkamiNine","p1team":[{"name":"Yanmega","species":"Yanmega","item":"lifeorb","ability":"Speed Boost","moves":["protect","airslash","gigadrain","bugbuzz"],"nature":"Modest","evs":{"hp":0,"atk":0,"def":0,"spa":252,"spd":4,"spe":252},"ivs":{"hp":31,"atk":31,"def":31,"spa":31,"spd":31,"spe":31}},{"name":"Gyarados","species":"Gyarados","item":"gyaradosite","ability":"Intimidate","moves":["dragondance","earthquake","substitute","waterfall"],"nature":"Adamant","evs":{"hp":0,"atk":252,"def":0,"spa":0,"spd":4,"spe":252},"happiness":0,"ivs":{"hp":31,"atk":31,"def":31,"spa":31,"spd":31,"spe":31}},{"name":"Mandibuzz","species":"Mandibuzz","item":"rockyhelmet","ability":"Overcoat","moves":["defog","roost","foulplay","toxic"],"nature":"Bold","evs":{"hp":248,"atk":0,"def":252,"spa":0,"spd":8,"spe":0},"ivs":{"hp":31,"atk":31,"def":31,"spa":31,"spd":31,"spe":31}},{"name":"Staraptor","species":"Staraptor","item":"choicescarf","ability":"Reckless","moves":["closecombat","bravebird","doubleedge","uturn"],"nature":"Jolly","evs":{"hp":0,"atk":252,"def":0,"spa":0,"spd":4,"spe":252},"ivs":{"hp":31,"atk":31,"def":31,"spa":31,"spd":31,"spe":31}},{"name":"Thundurus-Therian","species":"Thundurus-Therian","item":"choicespecs","ability":"Volt Absorb","moves":["focusblast","hiddenpowerice","thunderbolt","voltswitch"],"nature":"Timid","evs":{"hp":0,"atk":0,"def":0,"spa":252,"spd":4,"spe":252},"ivs":{"hp":31,"atk":30,"def":30,"spa":31,"spd":31,"spe":31}},{"name":"Tornadus-Therian","species":"Tornadus-Therian","item":"lifeorb","ability":"Regenerator","moves":["hurricane","heatwave","uturn","focusblast"],"nature":"Timid","evs":{"hp":0,"atk":0,"def":0,"spa":252,"spd":4,"spe":252},"ivs":{"hp":31,"atk":31,"def":31,"spa":31,"spd":31,"spe":31}}],"p2team":[{"name":"Venus","species":"ferrothorn","item":"leftovers","ability":"Iron Barbs","moves":["powerwhip","protect","spikes","leechseed"],"nature":"Relaxed","evs":{"hp":248,"atk":0,"def":88,"spa":0,"spd":168,"spe":0},"gender":"F","shiny":true,"ivs":{"hp":31,"atk":31,"def":31,"spa":31,"spd":31,"spe":31}},{"name":"Maria","species":"skarmory","item":"rockyhelmet","ability":"Sturdy","moves":["roost","defog","bravebird","whirlwind"],"nature":"Impish","evs":{"hp":248,"atk":0,"def":236,"spa":0,"spd":0,"spe":24},"gender":"F","shiny":true,"ivs":{"hp":31,"atk":31,"def":31,"spa":31,"spd":31,"spe":31}},{"name":"Big Boss","species":"heatran","item":"leftovers","ability":"Flash Fire","moves":["lavaplume","taunt","stealthrock","earthpower"],"nature":"Calm","evs":{"hp":248,"atk":0,"def":0,"spa":0,"spd":192,"spe":68},"gender":"M","ivs":{"hp":31,"atk":31,"def":31,"spa":31,"spd":31,"spe":31}},{"name":"Holy Duo","species":"doublade","item":"eviolite","ability":"No Guard","moves":["swordsdance","shadowsneak","sacredsword","gyroball"],"nature":"Brave","evs":{"hp":240,"atk":252,"def":0,"spa":0,"spd":16,"spe":0},"gender":"M","ivs":{"hp":31,"atk":31,"def":31,"spa":31,"spd":31,"spe":0},"shiny":true},{"name":"U.F.O 3829","species":"magnezone","item":"choicescarf","ability":"Magnet Pull","moves":["hiddenpowerfire","flashcannon","voltswitch","thunderbolt"],"nature":"Timid","evs":{"hp":0,"atk":0,"def":0,"spa":252,"spd":4,"spe":252},"ivs":{"hp":31,"atk":30,"def":31,"spa":30,"spd":31,"spe":30}},{"name":"Lizzy","species":"scizor","item":"scizorite","ability":"Technician","moves":["roost","swordsdance","bulletpunch","knockoff"],"nature":"Impish","evs":{"hp":248,"atk":44,"def":16,"spa":0,"spd":200,"spe":0},"gender":"F","ivs":{"hp":31,"atk":31,"def":31,"spa":31,"spd":31,"spe":31}}],"log":["|player|p1|A Stantler|astantler.png","|player|p2|OkamiNine|146","|gametype|singles","|gen|6","|tier|Monotype","|rated","|rule|Baton Pass Clause: Limit one Baton Passer, can't pass Spe and other stats simultaneously","|rule|Swagger Clause: Swagger is banned","|rule|Same Type Clause: Pokémon in a team must share a type","|clearpoke","|poke|p1|Yanmega, F","|poke|p1|Gyarados, F","|poke|p1|Mandibuzz, F","|poke|p1|Staraptor, F","|poke|p1|Thundurus-Therian, M","|poke|p1|Tornadus-Therian, M","|poke|p2|Ferrothorn, F, shiny","|poke|p2|Skarmory, F, shiny","|poke|p2|Heatran, M","|poke|p2|Doublade, M, shiny","|poke|p2|Magnezone","|poke|p2|Scizor, F","|rule|Sleep Clause Mod: Limit one foe put to sleep","|rule|Species Clause: Limit one of each Pokémon","|rule|OHKO Clause: OHKO moves are banned","|rule|Moody Clause: Moody is banned","|rule|Evasion Moves Clause: Evasion moves are banned","|rule|Endless Battle Clause: Forcing endless battles is banned","|rule|HP Percentage Mod: HP is shown in percentages","|teampreview","|","|start","|switch|p1a: Tornadus-Therian|Tornadus-Therian, M|299/299","|switch|p2a: Big Boss|Heatran, M|385/385","|turn|1","|","|move|p1a: Tornadus-Therian|Focus Blast|p2a: Big Boss","|-supereffective|p2a: Big Boss","|-damage|p2a: Big Boss|159/385","|-damage|p1a: Tornadus-Therian|270/299|[from] item: Life Orb","|move|p2a: Big Boss|Stealth Rock|p1a: Tornadus-Therian","|-sidestart|p1: A Stantler|move: Stealth Rock","|","|-heal|p2a: Big Boss|183/385|[from] item: Leftovers","|turn|2","|","|move|p1a: Tornadus-Therian|Focus Blast|p2a: Big Boss|[miss]","|-miss|p1a: Tornadus-Therian|p2a: Big Boss","|move|p2a: Big Boss|Lava Plume|p1a: Tornadus-Therian","|-damage|p1a: Tornadus-Therian|137/299","|","|-heal|p2a: Big Boss|207/385|[from] item: Leftovers","|turn|3","|","|switch|p2a: Holy Duo|Doublade, M, shiny|319/319","|move|p1a: Tornadus-Therian|Focus Blast|p2a: Holy Duo","|-immune|p2a: Holy Duo|[msg]","|","|turn|4","|","|switch|p2a: Big Boss|Heatran, M|207/385","|move|p1a: Tornadus-Therian|Heat Wave|p2a: Big Boss","|-start|p2a: Big Boss|ability: Flash Fire","|","|-heal|p2a: Big Boss|231/385|[from] item: Leftovers","|turn|5","|","|move|p1a: Tornadus-Therian|U-turn|p2a: Big Boss","|-resisted|p2a: Big Boss","|-damage|p2a: Big Boss|215/385","|-damage|p1a: Tornadus-Therian|108/299|[from] item: Life Orb","|","|switch|p1a: Gyarados|Gyarados, F|331/331","|-damage|p1a: Gyarados|249/331|[from] Stealth Rock","|-ability|p1a: Gyarados|Intimidate","|-unboost|p2a: Big Boss|atk|1","|move|p2a: Big Boss|Lava Plume|p1a: Gyarados","|-resisted|p1a: Gyarados","|-damage|p1a: Gyarados|168/331","|-status|p1a: Gyarados|brn","|","|-heal|p2a: Big Boss|239/385|[from] item: Leftovers","|-damage|p1a: Gyarados|127/331 brn|[from] brn","|turn|6","|","|switch|p1a: Thundurus-Therian|Thundurus-Therian, M|299/299","|-damage|p1a: Thundurus-Therian|225/299|[from] Stealth Rock","|-end|p2a: Big Boss|ability: Flash Fire|[silent]","|switch|p2a: Venus|Ferrothorn, F, shiny|351/351","|","|turn|7","|","|move|p1a: Thundurus-Therian|Focus Blast|p2a: Venus|[miss]","|-miss|p1a: Thundurus-Therian|p2a: Venus","|move|p2a: Venus|Leech Seed|p1a: Thundurus-Therian","|-start|p1a: Thundurus-Therian|move: Leech Seed","|","|-damage|p1a: Thundurus-Therian|188/299|[from] Leech Seed|[of] p2a: Venus","|turn|8","|","|switch|p2a: Holy Duo|Doublade, M, shiny|319/319","|move|p1a: Thundurus-Therian|Focus Blast|p2a: Holy Duo","|-immune|p2a: Holy Duo|[msg]","|","|-damage|p1a: Thundurus-Therian|151/299|[from] Leech Seed|[of] p2a: Holy Duo","|turn|9","|","|switch|p1a: Mandibuzz|Mandibuzz, F|423/423","|-damage|p1a: Mandibuzz|318/423|[from] Stealth Rock","|switch|p2a: Big Boss|Heatran, M|239/385","|","|-heal|p2a: Big Boss|263/385|[from] item: Leftovers","|turn|10","|","|move|p2a: Big Boss|Taunt|p1a: Mandibuzz","|-start|p1a: Mandibuzz|move: Taunt","|cant|p1a: Mandibuzz|move: Taunt|Defog","|","|-heal|p2a: Big Boss|287/385|[from] item: Leftovers","|turn|11","|","|switch|p1a: Gyarados|Gyarados, F|127/331 brn","|-damage|p1a: Gyarados|45/331 brn|[from] Stealth Rock","|-ability|p1a: Gyarados|Intimidate","|-unboost|p2a: Big Boss|atk|1","|move|p2a: Big Boss|Lava Plume|p1a: Gyarados","|-resisted|p1a: Gyarados","|-damage|p1a: Gyarados|0 fnt","|faint|p1a: Gyarados","|","|-heal|p2a: Big Boss|311/385|[from] item: Leftovers","|","|switch|p1a: Thundurus-Therian|Thundurus-Therian, M|151/299","|-damage|p1a: Thundurus-Therian|77/299|[from] Stealth Rock","|turn|12","|","|move|p1a: Thundurus-Therian|Focus Blast|p2a: Big Boss","|-supereffective|p2a: Big Boss","|-damage|p2a: Big Boss|0 fnt","|faint|p2a: Big Boss","|","|","|switch|p2a: Holy Duo|Doublade, M, shiny|319/319","|turn|13","|","|switch|p1a: Mandibuzz|Mandibuzz, F|318/423","|-damage|p1a: Mandibuzz|213/423|[from] Stealth Rock","|move|p2a: Holy Duo|Swords Dance|p2a: Holy Duo","|-boost|p2a: Holy Duo|atk|2","|","|turn|14","|","|move|p1a: Mandibuzz|Foul Play|p2a: Holy Duo","|-supereffective|p2a: Holy Duo","|-damage|p2a: Holy Duo|11/319","|move|p2a: Holy Duo|Gyro Ball|p1a: Mandibuzz","|-damage|p1a: Mandibuzz|35/423","|-damage|p2a: Holy Duo|0 fnt|[from] item: Rocky Helmet|[of] p1a: Mandibuzz","|faint|p2a: Holy Duo","|","|","|switch|p2a: U.F.O 3829|Magnezone|281/281","|turn|15","|","|move|p2a: U.F.O 3829|Flash Cannon|p1a: Mandibuzz","|-crit|p1a: Mandibuzz","|-damage|p1a: Mandibuzz|0 fnt","|faint|p1a: Mandibuzz","|","|","|switch|p1a: Thundurus-Therian|Thundurus-Therian, M|77/299","|-damage|p1a: Thundurus-Therian|3/299|[from] Stealth Rock","|turn|16","|","|switch|p2a: Lizzy|Scizor, F|343/343","|move|p1a: Thundurus-Therian|Focus Blast|p2a: Lizzy","|-damage|p2a: Lizzy|137/343","|","|turn|17","|","|detailschange|p2a: Lizzy|Scizor-Mega, F","|-mega|p2a: Lizzy|Scizor|Scizorite","|move|p2a: Lizzy|Bullet Punch|p1a: Thundurus-Therian","|-resisted|p1a: Thundurus-Therian","|-damage|p1a: Thundurus-Therian|0 fnt","|faint|p1a: Thundurus-Therian","|","|","|switch|p1a: Staraptor|Staraptor, F|311/311","|-damage|p1a: Staraptor|234/311|[from] Stealth Rock","|turn|18","|","|switch|p2a: Venus|Ferrothorn, F, shiny|351/351","|move|p1a: Staraptor|U-turn|p2a: Venus","|-damage|p2a: Venus|301/351","|-damage|p1a: Staraptor|196/311|[from] ability: Iron Barbs|[of] p2a: Venus","|","|switch|p1a: Tornadus-Therian|Tornadus-Therian, M|207/299","|-damage|p1a: Tornadus-Therian|133/299|[from] Stealth Rock","|","|-heal|p2a: Venus|322/351|[from] item: Leftovers","|turn|19","|","|move|p1a: Tornadus-Therian|Heat Wave|p2a: Venus","|-supereffective|p2a: Venus","|-damage|p2a: Venus|0 fnt","|-damage|p1a: Tornadus-Therian|104/299|[from] item: Life Orb","|faint|p2a: Venus","|","|","|switch|p2a: U.F.O 3829|Magnezone|281/281","|turn|20","|","|switch|p1a: Staraptor|Staraptor, F|196/311","|-damage|p1a: Staraptor|119/311|[from] Stealth Rock","|move|p2a: U.F.O 3829|Volt Switch|p1a: Staraptor","|-supereffective|p1a: Staraptor","|-damage|p1a: Staraptor|0 fnt","|faint|p1a: Staraptor","|","|switch|p2a: Lizzy|Scizor-Mega, F|137/343","|","|","|switch|p1a: Yanmega|Yanmega, F|313/313","|-damage|p1a: Yanmega|157/313|[from] Stealth Rock","|turn|21","|","|move|p2a: Lizzy|Bullet Punch|p1a: Yanmega","|-damage|p1a: Yanmega|43/313","|move|p1a: Yanmega|Air Slash|p2a: Lizzy","|-damage|p2a: Lizzy|0 fnt","|-damage|p1a: Yanmega|12/313|[from] item: Life Orb","|faint|p2a: Lizzy","|","|-boost|p1a: Yanmega|spe|1|[from] ability: Speed Boost","|","|switch|p2a: Maria|Skarmory, F, shiny|333/333","|turn|22","|","|move|p1a: Yanmega|Protect|p1a: Yanmega","|-singleturn|p1a: Yanmega|Protect","|move|p2a: Maria|Brave Bird|p1a: Yanmega","|-activate|p1a: Yanmega|Protect","|","|-boost|p1a: Yanmega|spe|1|[from] ability: Speed Boost","|turn|23","|","|switch|p2a: U.F.O 3829|Magnezone|281/281","|move|p1a: Yanmega|Air Slash|p2a: U.F.O 3829","|-resisted|p2a: U.F.O 3829","|-damage|p2a: U.F.O 3829|230/281","|-damage|p1a: Yanmega|0 fnt|[from] item: Life Orb","|faint|p1a: Yanmega","|","|","|switch|p1a: Tornadus-Therian|Tornadus-Therian, M|203/299","|-damage|p1a: Tornadus-Therian|129/299|[from] Stealth Rock","|turn|24","|","|move|p1a: Tornadus-Therian|Focus Blast|p2a: U.F.O 3829","|-supereffective|p2a: U.F.O 3829","|-damage|p2a: U.F.O 3829|0 fnt","|-damage|p1a: Tornadus-Therian|100/299|[from] item: Life Orb","|faint|p2a: U.F.O 3829","|","|","|switch|p2a: Maria|Skarmory, F, shiny|333/333","|turn|25","|","|move|p1a: Tornadus-Therian|Heat Wave|p2a: Maria","|-supereffective|p2a: Maria","|-ability|p2a: Maria|Sturdy","|-damage|p2a: Maria|1/333","|-damage|p1a: Tornadus-Therian|71/299|[from] item: Life Orb","|move|p2a: Maria|Brave Bird|p1a: Tornadus-Therian","|-damage|p1a: Tornadus-Therian|0 fnt","|-damage|p2a: Maria|0 fnt|[from] recoil|[of] p1a: Tornadus-Therian","|faint|p1a: Tornadus-Therian","|faint|p2a: Maria","|","|win|OkamiNine"],"p1rating":{"entryid":825288,"formatid":"monotype","userid":"astantler","username":"A Stantler","r":1500,"rd":130,"sigma":0,"rpr":1481.9002906777,"rprd":124.65597570141,"rpsigma":0,"rptime":1441270800,"w":0,"l":1,"t":0,"gxe":47.7,"acre":1000,"lacre":1000,"oldacre":1000},"p2rating":{"entryid":"629886","serverid":"eos","formatid":"monotype","userid":"okaminine","username":"OkamiNine","w":21,"l":"3","t":"0","gxe":76.2,"r":"1738.7237316023","rd":"71.485301291957","sigma":"0","rptime":"1441270800","rpr":1723.7042582043,"rprd":69.734433668426,"rpsigma":"0","acre":1300.0918733227,"lacre":1300.0918733227,"oldacre":"1292.252587643"},"endType":"normal"}