{"seed":[38411,8837,8507,65019],"turns":30,"p1":"knigkt","p2":"Seven Swell","p1team":[{"name":"Landorus","species":"Landorus","item":"lifeorb","ability":"Sheer Force","moves":["rockslide","focusblast","sludgewave","earthpower"],"nature":"Naive","evs":{"hp":0,"atk":4,"def":0,"spa":252,"spd":0,"spe":252},"ivs":{"hp":31,"atk":31,"def":31,"spa":31,"spd":31,"spe":31}},{"name":"Skarmory","species":"Skarmory","item":"rockyhelmet","ability":"Sturdy","moves":["bravebird","stealthrock","defog","roost"],"nature":"Impish","evs":{"hp":248,"atk":0,"def":236,"spa":0,"spd":0,"spe":24},"ivs":{"hp":31,"atk":31,"def":31,"spa":31,"spd":31,"spe":31}},{"name":"Gyarados","species":"Gyarados","item":"leftovers","ability":"Intimidate","moves":["waterfall","taunt","thunderwave","rest"],"nature":"Careful","evs":{"hp":252,"atk":0,"def":0,"spa":0,"spd":208,"spe":48},"ivs":{"hp":31,"atk":31,"def":31,"spa":31,"spd":31,"spe":31}},{"name":"Charizard","species":"Charizard","item":"charizarditex","ability":"Blaze","moves":["dragondance","dragonclaw","roost","flareblitz"],"nature":"Adamant","evs":{"hp":40,"atk":248,"def":0,"spa":0,"spd":0,"spe":220},"ivs":{"hp":31,"atk":31,"def":31,"spa":31,"spd":31,"spe":31}},{"name":"Thundurus","species":"Thundurus","item":"lifeorb","ability":"Prankster","moves":["thunderwave","thunderbolt","grassknot","hiddenpowerice"],"nature":"Timid","evs":{"hp":0,"atk":0,"def":0,"spa":252,"spd":4,"spe":252},"ivs":{"hp":31,"atk":30,"def":30,"spa":31,"spd":31,"spe":31}},{"name":"Togekiss","species":"Togekiss","item":"choicescarf","ability":"Serene Grace","moves":["dazzlinggleam","airslash","trick","healbell"],"nature":"Timid","evs":{"hp":0,"atk":0,"def":0,"spa":252,"spd":4,"spe":252},"ivs":{"hp":31,"atk":31,"def":31,"spa":31,"spd":31,"spe":31}}],"p2team":[{"name":"Mew","species":"Mew","item":"leftovers","ability":"Synchronize","moves":["roost","toxic","healbell","aurasphere"],"nature":"Calm","evs":{"hp":252,"atk":0,"def":0,"spa":4,"spd":252,"spe":0},"ivs":{"hp":31,"atk":31,"def":31,"spa":31,"spd":31,"spe":31}},{"name":"Slowbro","species":"Slowbro","item":"rockyhelmet","ability":"Regenerator","moves":["scald","yawn","flamethrower","slackoff"],"nature":"Bold","evs":{"hp":252,"atk":0,"def":252,"spa":4,"spd":0,"spe":0},"ivs":{"hp":31,"atk":31,"def":31,"spa":31,"spd":31,"spe":31}},{"name":"Deoxys-Speed","species":"Deoxys-Speed","item":"focussash","ability":"Pressure","moves":["stealthrock","thunderbolt","thunderwave","icebeam"],"nature":"Timid","evs":{"hp":252,"atk":0,"def":0,"spa":44,"spd":0,"spe":212},"ivs":{"hp":31,"atk":31,"def":31,"spa":31,"spd":31,"spe":31}},{"name":"Gardevoir","species":"Gardevoir","item":"gardevoirite","ability":"Trace","moves":["hypervoice","psyshock","destinybond","thunderbolt"],"nature":"Timid","evs":{"hp":0,"atk":0,"def":4,"spa":252,"spd":0,"spe":252},"ivs":{"hp":31,"atk":0,"def":31,"spa":31,"spd":31,"spe":31}},{"name":"Latias","species":"Latias","item":"leftovers","ability":"Levitate","moves":["dracometeor","psyshock","roost","defog"],"nature":"Timid","evs":{"hp":252,"atk":0,"def":0,"spa":4,"spd":0,"spe":252},"ivs":{"hp":31,"atk":31,"def":31,"spa":31,"spd":31,"spe":31}},{"name":"Hoopa-Unbound","species":"Hoopa-Unbound","item":"focussash","ability":"Magician","moves":["hyperspacefury","drainpunch","firepunch","gunkshot"],"nature":"Adamant","evs":{"hp":0,"atk":252,"def":0,"spa":0,"spd":4,"spe":252},"ivs":{"hp":31,"atk":31,"def":31,"spa":31,"spd":31,"spe":31}}],"log":["|player|p1|knigkt|knigkt.png","|player|p2|Seven Swell|sevenswell.png","|gametype|singles","|gen|6","|tier|Monotype","|rated","|rule|Baton Pass Clause: Limit one Baton Passer, can't pass Spe and other stats simultaneously","|rule|Swagger Clause: Swagger is banned","|rule|Same Type Clause: Pokémon in a team must share a type","|clearpoke","|poke|p1|Landorus, M","|poke|p1|Skarmory, F","|poke|p1|Gyarados, M","|poke|p1|Charizard, M","|poke|p1|Thundurus, M","|poke|p1|Togekiss, M","|poke|p2|Mew","|poke|p2|Slowbro, M","|poke|p2|Deoxys-Speed","|poke|p2|Gardevoir, M","|poke|p2|Latias, F","|poke|p2|Hoopa-Unbound","|rule|Sleep Clause Mod: Limit one foe put to sleep","|rule|Species Clause: Limit one of each Pokémon","|rule|OHKO Clause: OHKO moves are banned","|rule|Moody Clause: Moody is banned","|rule|Evasion Moves Clause: Evasion moves are banned","|rule|Endless Battle Clause: Forcing endless battles is banned","|rule|HP Percentage Mod: HP is shown in percentages","|teampreview","|","|start","|switch|p1a: Togekiss|Togekiss, M|311/311","|switch|p2a: Gardevoir|Gardevoir, M|277/277","|-ability|p2a: Gardevoir|Serene Grace|[from] ability: Trace|[of] p1a: Togekiss","|turn|1","|","|detailschange|p2a: Gardevoir|Gardevoir-Mega, M","|-mega|p2a: Gardevoir|Gardevoir|Gardevoirite","|move|p1a: Togekiss|Air Slash|p2a: Gardevoir","|-damage|p2a: Gardevoir|180/277","|cant|p2a: Gardevoir|flinch","|","|turn|2","|","|switch|p2a: Mew|Mew|404/404","|move|p1a: Togekiss|Air Slash|p2a: Mew","|-crit|p2a: Mew","|-damage|p2a: Mew|274/404","|","|-heal|p2a: Mew|299/404|[from] item: Leftovers","|turn|3","|","|move|p1a: Togekiss|Air Slash|p2a: Mew","|-damage|p2a: Mew|212/404","|move|p2a: Mew|Toxic|p1a: Togekiss|[miss]","|-miss|p2a: Mew|p1a: Togekiss","|","|-heal|p2a: Mew|237/404|[from] item: Leftovers","|turn|4","|","|move|p1a: Togekiss|Air Slash|p2a: Mew","|-damage|p2a: Mew|150/404","|move|p2a: Mew|Toxic|p1a: Togekiss","|-status|p1a: Togekiss|tox","|","|-heal|p2a: Mew|175/404|[from] item: Leftovers","|-damage|p1a: Togekiss|292/311 tox|[from] psn","|turn|5","|","|move|p1a: Togekiss|Air Slash|p2a: Mew","|-damage|p2a: Mew|79/404","|cant|p2a: Mew|flinch","|","|-heal|p2a: Mew|104/404|[from] item: Leftovers","|-damage|p1a: Togekiss|254/311 tox|[from] psn","|turn|6","|","|move|p1a: Togekiss|Air Slash|p2a: Mew","|-damage|p2a: Mew|4/404","|cant|p2a: Mew|flinch","|","|-heal|p2a: Mew|29/404|[from] item: Leftovers","|-damage|p1a: Togekiss|197/311 tox|[from] psn","|turn|7","|","|move|p1a: Togekiss|Air Slash|p2a: Mew","|-damage|p2a: Mew|0 fnt","|faint|p2a: Mew","|","|-damage|p1a: Togekiss|121/311 tox|[from] psn","|","|switch|p2a: Deoxys-Speed|Deoxys-Speed|304/304","|-ability|p2a: Deoxys-Speed|Pressure","|turn|8","|","|switch|p1a: Gyarados|Gyarados, M|394/394","|-ability|p1a: Gyarados|Intimidate","|-unboost|p2a: Deoxys-Speed|atk|1","|move|p2a: Deoxys-Speed|Stealth Rock|p1a: Gyarados","|-sidestart|p1: knigkt|move: Stealth Rock","|","|turn|9","|","|move|p2a: Deoxys-Speed|Thunderbolt|p1a: Gyarados","|-supereffective|p1a: Gyarados","|-damage|p1a: Gyarados|174/394","|move|p1a: Gyarados|Thunder Wave|p2a: Deoxys-Speed","|-status|p2a: Deoxys-Speed|par","|","|-heal|p1a: Gyarados|198/394|[from] item: Leftovers","|turn|10","|","|move|p1a: Gyarados|Waterfall|p2a: Deoxys-Speed","|-damage|p2a: Deoxys-Speed|187/304 par","|cant|p2a: Deoxys-Speed|flinch","|","|-heal|p1a: Gyarados|222/394|[from] item: Leftovers","|turn|11","|","|move|p1a: Gyarados|Waterfall|p2a: Deoxys-Speed","|-damage|p2a: Deoxys-Speed|61/304 par","|cant|p2a: Deoxys-Speed|par","|","|-heal|p1a: Gyarados|246/394|[from] item: Leftovers","|turn|12","|","|switch|p2a: Slowbro|Slowbro, M|394/394","|move|p1a: Gyarados|Waterfall|p2a: Slowbro","|-resisted|p2a: Slowbro","|-damage|p2a: Slowbro|355/394","|-damage|p1a: Gyarados|181/394|[from] item: Rocky Helmet|[of] p2a: Slowbro","|","|-heal|p1a: Gyarados|205/394|[from] item: Leftovers","|turn|13","|","|move|p1a: Gyarados|Taunt|p2a: Slowbro","|-start|p2a: Slowbro|move: Taunt","|cant|p2a: Slowbro|move: Taunt|Yawn","|","|-heal|p1a: Gyarados|229/394|[from] item: Leftovers","|turn|14","|","|switch|p1a: Skarmory|Skarmory, F|333/333","|-damage|p1a: Skarmory|292/333|[from] Stealth Rock","|move|p2a: Slowbro|Scald|p1a: Skarmory","|-damage|p1a: Skarmory|172/333","|","|turn|15","|","|move|p1a: Skarmory|Defog|p2a: Slowbro","|-unboost|p2a: Slowbro|evasion|1","|-sideend|p1: knigkt|Stealth Rock|[from] move: Defog|[of] p1a: Skarmory","|move|p2a: Slowbro|Flamethrower|p1a: Skarmory","|-supereffective|p1a: Skarmory","|-damage|p1a: Skarmory|0 fnt","|faint|p1a: Skarmory","|","|-end|p2a: Slowbro|move: Taunt","|","|switch|p1a: Thundurus|Thundurus, M|299/299","|turn|16","|","|switch|p2a: Latias|Latias, F|364/364","|move|p1a: Thundurus|Thunderbolt|p2a: Latias","|-resisted|p2a: Latias","|-damage|p2a: Latias|283/364","|-damage|p1a: Thundurus|270/299|[from] item: Life Orb","|","|-heal|p2a: Latias|305/364|[from] item: Leftovers","|turn|17","|","|switch|p1a: Gyarados|Gyarados, M|229/394","|-ability|p1a: Gyarados|Intimidate","|-unboost|p2a: Latias|atk|1","|move|p2a: Latias|Draco Meteor|p1a: Gyarados","|-damage|p1a: Gyarados|111/394","|-unboost|p2a: Latias|spa|2","|","|-heal|p2a: Latias|327/364|[from] item: Leftovers","|-heal|p1a: Gyarados|135/394|[from] item: Leftovers","|turn|18","|","|switch|p2a: Slowbro|Slowbro, M|394/394","|switch|p1a: Thundurus|Thundurus, M|270/299","|","|turn|19","|","|switch|p2a: Deoxys-Speed|Deoxys-Speed|61/304 par","|-ability|p2a: Deoxys-Speed|Pressure","|move|p1a: Thundurus|Thunderbolt|p2a: Deoxys-Speed","|-damage|p2a: Deoxys-Speed|0 fnt","|-damage|p1a: Thundurus|241/299|[from] item: Life Orb","|faint|p2a: Deoxys-Speed","|","|","|switch|p2a: Gardevoir|Gardevoir-Mega, M|180/277","|turn|20","|","|move|p1a: Thundurus|Thunderbolt|p2a: Gardevoir","|-crit|p2a: Gardevoir","|-damage|p2a: Gardevoir|0 fnt","|-damage|p1a: Thundurus|212/299|[from] item: Life Orb","|faint|p2a: Gardevoir","|","|","|switch|p2a: Latias|Latias, F|327/364","|turn|21","|","|switch|p1a: Gyarados|Gyarados, M|135/394","|-ability|p1a: Gyarados|Intimidate","|-unboost|p2a: Latias|atk|1","|move|p2a: Latias|Psyshock|p1a: Gyarados","|-damage|p1a: Gyarados|12/394","|","|-heal|p2a: Latias|349/364|[from] item: Leftovers","|-heal|p1a: Gyarados|36/394|[from] item: Leftovers","|turn|22","|","|move|p2a: Latias|Psyshock|p1a: Gyarados","|-damage|p1a: Gyarados|0 fnt","|faint|p1a: Gyarados","|","|-heal|p2a: Latias|364/364|[from] item: Leftovers","|","|switch|p1a: Landorus|Landorus, M|319/319","|turn|23","|","|move|p2a: Latias|Psyshock|p1a: Landorus","|-damage|p1a: Landorus|207/319","|move|p1a: Landorus|Sludge Wave|p2a: Latias","|-damage|p2a: Latias|216/364","|","|-heal|p2a: Latias|238/364|[from] item: Leftovers","|turn|24","|","|move|p2a: Latias|Psyshock|p1a: Landorus","|-damage|p1a: Landorus|98/319","|move|p1a: Landorus|Sludge Wave|p2a: Latias","|-damage|p2a: Latias|99/364","|","|-heal|p2a: Latias|121/364|[from] item: Leftovers","|turn|25","|","|move|p2a: Latias|Psyshock|p1a: Landorus","|-damage|p1a: Landorus|0 fnt","|faint|p1a: Landorus","|","|-heal|p2a: Latias|143/364|[from] item: Leftovers","|","|switch|p1a: Togekiss|Togekiss, M|121/311 tox","|turn|26","|","|move|p1a: Togekiss|Dazzling Gleam|p2a: Latias","|-supereffective|p2a: Latias","|-damage|p2a: Latias|0 fnt","|faint|p2a: Latias","|","|-damage|p1a: Togekiss|102/311 tox|[from] psn","|","|switch|p2a: Slowbro|Slowbro, M|394/394","|turn|27","|","|move|p1a: Togekiss|Dazzling Gleam|p2a: Slowbro","|-damage|p2a: Slowbro|231/394","|move|p2a: Slowbro|Scald|p1a: Togekiss","|-damage|p1a: Togekiss|23/311 tox","|","|-damage|p1a: Togekiss|0 fnt|[from] psn","|faint|p1a: Togekiss","|","|switch|p1a: Thundurus|Thundurus, M|212/299","|turn|28","|","|switch|p2a: Hoopa-Unbound|Hoopa-Unbound|301/301","|move|p1a: Thundurus|Thunderbolt|p2a: Hoopa-Unbound","|-damage|p2a: Hoopa-Unbound|126/301","|-damage|p1a: Thundurus|183/299|[from] item: Life Orb","|","|turn|29","|","|move|p1a: Thundurus|Thunderbolt|p2a: Hoopa-Unbound","|-damage|p2a: Hoopa-Unbound|0 fnt","|-damage|p1a: Thundurus|154/299|[from] item: Life Orb","|faint|p2a: Hoopa-Unbound","|","|","|switch|p2a: Slowbro|Slowbro, M|362/394","|turn|30","|","|move|p1a: Thundurus|Thunderbolt|p2a: Slowbro","|-supereffective|p2a: Slowbro","|-damage|p2a: Slowbro|0 fnt","|-damage|p1a: Thundurus|125/299|[from] item: Life Orb","|faint|p2a: Slowbro","|","|win|knigkt"],"p1rating":{"entryid":"7028899","serverid":"eos","formatid":"monotype","userid":"knigkt","username":"Knigkt","w":25,"l":"1","t":"0","gxe":81.4,"r":"1774.632858579","rd":"71.432290590583","sigma":"0","rptime":"1439283600","rpr":1783.0217504226,"rprd":70.222840797421,"rpsigma":"0","acre":1425.3511433165,"lacre":1425.3511433165,"oldacre":"1410.448378129"},"p2rating":{"entryid":"7267988","serverid":"eos","formatid":"monotype","userid":"sevenswell","username":"Seven Swell","w":"51","l":30,"t":"0","gxe":66.4,"r":"1624.6245106123","rd":"42.988182834483","sigma":"0","rptime":"1439283600","rpr":1628.6823622058,"rprd":40.554831809618,"rpsigma":"0","acre":1305.0020067937,"lacre":1305.0020067937,"oldacre":"1319.9047719812"},"endType":"normal"}