{"seed":[62880,47139,48831,29366],"turns":27,"p1":"TIL4-Emil","p2":"Shining Yin","p1team":[{"name":"Scolipede","species":"Scolipede","item":"focussash","ability":"Speed Boost","moves":["earthquake","swordsdance","megahorn","rockslide"],"nature":"Adamant","evs":{"hp":52,"atk":252,"def":0,"spa":0,"spd":160,"spe":44},"ivs":{"hp":31,"atk":31,"def":31,"spa":31,"spd":31,"spe":31}},{"name":"Heracross","species":"Heracross","item":"heracronite","ability":"Swarm","moves":["closecombat","bulletseed","rockblast","pinmissile"],"nature":"Adamant","evs":{"hp":252,"atk":252,"def":0,"spa":0,"spd":4,"spe":0},"ivs":{"hp":31,"atk":31,"def":31,"spa":31,"spd":31,"spe":31}},{"name":"Volcarona","species":"Volcarona","item":"focussash","ability":"Flame Body","moves":["fierydance","quiverdance","bugbuzz","hiddenpowerice"],"nature":"Timid","evs":{"hp":4,"atk":0,"def":0,"spa":252,"spd":0,"spe":252},"ivs":{"hp":31,"atk":30,"def":30,"spa":31,"spd":31,"spe":31}},{"name":"Larvesta","species":"Larvesta","item":"choicescarf","ability":"Flame Body","moves":["flareblitz","uturn","wildcharge","zenheadbutt"],"nature":"Jolly","evs":{"hp":4,"atk":252,"def":0,"spa":0,"spd":0,"spe":252},"ivs":{"hp":31,"atk":31,"def":31,"spa":31,"spd":31,"spe":31}},{"name":"Galvantula","species":"Galvantula","item":"focussash","ability":"Compound Eyes","moves":["thunder","bugbuzz","thunderwave","stickyweb"],"nature":"Timid","evs":{"hp":4,"atk":0,"def":0,"spa":252,"spd":0,"spe":252},"ivs":{"hp":31,"atk":31,"def":31,"spa":31,"spd":31,"spe":31}},{"name":"Genesect","species":"Genesect","item":"focussash","ability":"Download","moves":["extremespeed","blazekick","shiftgear","shadowclaw"],"nature":"Hasty","evs":{"hp":4,"atk":252,"def":0,"spa":0,"spd":0,"spe":252},"shiny":true,"ivs":{"hp":31,"atk":31,"def":31,"spa":31,"spd":31,"spe":31}}],"p2team":[{"name":"Zapdos","species":"Zapdos","item":"leftovers","ability":"Pressure","moves":["roost","defog","heatwave","discharge"],"nature":"Bold","evs":{"hp":248,"atk":0,"def":176,"spa":68,"spd":0,"spe":16},"ivs":{"hp":31,"atk":0,"def":31,"spa":31,"spd":31,"spe":31}},{"name":"Thundurus","species":"Thundurus","item":"lifeorb","ability":"Prankster","moves":["superpower","discharge","knockoff","thunderwave"],"nature":"Naive","evs":{"hp":0,"atk":72,"def":0,"spa":184,"spd":0,"spe":252},"ivs":{"hp":31,"atk":31,"def":31,"spa":31,"spd":31,"spe":31}},{"name":"Rotom-Wash","species":"Rotom-Wash","item":"leftovers","ability":"Levitate","moves":["willowisp","hydropump","voltswitch","painsplit"],"nature":"Calm","evs":{"hp":248,"atk":0,"def":0,"spa":0,"spd":216,"spe":44},"ivs":{"hp":31,"atk":0,"def":31,"spa":31,"spd":31,"spe":31}},{"name":"Magnezone","species":"Magnezone","item":"choicescarf","ability":"Sturdy","moves":["voltswitch","discharge","hiddenpowerice","flashcannon"],"nature":"Timid","evs":{"hp":0,"atk":0,"def":0,"spa":252,"spd":4,"spe":252},"ivs":{"hp":31,"atk":30,"def":30,"spa":31,"spd":31,"spe":31}},{"name":"Ampharos","species":"Ampharos","item":"ampharosite","ability":"Static","moves":["rest","sleeptalk","voltswitch","dragonpulse"],"nature":"Bold","evs":{"hp":248,"atk":0,"def":232,"spa":28,"spd":0,"spe":0},"ivs":{"hp":31,"atk":0,"def":31,"spa":31,"spd":31,"spe":31}},{"name":"Raikou","species":"Raikou","item":"leftovers","ability":"Pressure","moves":["substitute","calmmind","thunderbolt","extrasensory"],"nature":"Timid","evs":{"hp":0,"atk":0,"def":0,"spa":252,"spd":4,"spe":252},"ivs":{"hp":31,"atk":31,"def":31,"spa":31,"spd":31,"spe":31}}],"log":["|player|p1|TIL4-Emil|til4emil.png","|player|p2|Shining Yin|12","|gametype|singles","|gen|6","|tier|Monotype","|rated","|rule|Baton Pass Clause: Limit one Baton Passer, can't pass Spe and other stats simultaneously","|rule|Swagger Clause: Swagger is banned","|rule|Same Type Clause: Pokémon in a team must share a type","|clearpoke","|poke|p1|Scolipede, M","|poke|p1|Heracross, F","|poke|p1|Volcarona, F","|poke|p1|Larvesta, M","|poke|p1|Galvantula, M","|poke|p1|Genesect-*, shiny","|poke|p2|Zapdos","|poke|p2|Thundurus, M","|poke|p2|Rotom-Wash","|poke|p2|Magnezone","|poke|p2|Ampharos, M","|poke|p2|Raikou","|rule|Sleep Clause Mod: Limit one foe put to sleep","|rule|Species Clause: Limit one of each Pokémon","|rule|OHKO Clause: OHKO moves are banned","|rule|Moody Clause: Moody is banned","|rule|Evasion Moves Clause: Evasion moves are banned","|rule|Endless Battle Clause: Forcing endless battles is banned","|rule|HP Percentage Mod: HP is shown in percentages","|teampreview","|","|start","|switch|p1a: Scolipede|Scolipede, M|274/274","|switch|p2a: Zapdos|Zapdos|383/383","|-ability|p2a: Zapdos|Pressure","|turn|1","|","|move|p1a: Scolipede|Swords Dance|p1a: Scolipede","|-boost|p1a: Scolipede|atk|2","|move|p2a: Zapdos|Heat Wave|p1a: Scolipede","|-crit|p1a: Scolipede","|-supereffective|p1a: Scolipede","|-enditem|p1a: Scolipede|Focus Sash","|-damage|p1a: Scolipede|1/274","|","|-boost|p1a: Scolipede|spe|1|[from] ability: Speed Boost","|turn|2","|","|move|p1a: Scolipede|Rock Slide|p2a: Zapdos","|-supereffective|p2a: Zapdos","|-damage|p2a: Zapdos|105/383","|move|p2a: Zapdos|Discharge|p1a: Scolipede","|-damage|p1a: Scolipede|0 fnt","|faint|p1a: Scolipede","|","|-heal|p2a: Zapdos|128/383|[from] item: Leftovers","|","|switch|p1a: Galvantula|Galvantula, M|282/282","|turn|3","|","|move|p1a: Galvantula|Sticky Web|p2a: Zapdos","|-sidestart|p2: Shining Yin|move: Sticky Web","|move|p2a: Zapdos|Roost|p2a: Zapdos","|-heal|p2a: Zapdos|320/383","|","|-heal|p2a: Zapdos|343/383|[from] item: Leftovers","|turn|4","|","|move|p1a: Galvantula|Thunder|p2a: Zapdos","|-damage|p2a: Zapdos|178/383","|move|p2a: Zapdos|Heat Wave|p1a: Galvantula","|-supereffective|p1a: Galvantula","|-damage|p1a: Galvantula|14/282","|","|-heal|p2a: Zapdos|201/383|[from] item: Leftovers","|turn|5","|","|move|p1a: Galvantula|Thunder|p2a: Zapdos","|-damage|p2a: Zapdos|17/383","|move|p2a: Zapdos|Roost|p2a: Zapdos","|-heal|p2a: Zapdos|209/383","|","|-heal|p2a: Zapdos|232/383|[from] item: Leftovers","|turn|6","|","|move|p1a: Galvantula|Thunder|p2a: Zapdos","|-damage|p2a: Zapdos|69/383","|move|p2a: Zapdos|Roost|p2a: Zapdos","|-heal|p2a: Zapdos|261/383","|","|-heal|p2a: Zapdos|284/383|[from] item: Leftovers","|turn|7","|","|move|p1a: Galvantula|Thunder|p2a: Zapdos","|-damage|p2a: Zapdos|110/383","|move|p2a: Zapdos|Roost|p2a: Zapdos","|-heal|p2a: Zapdos|302/383","|","|-heal|p2a: Zapdos|325/383|[from] item: Leftovers","|turn|8","|","|move|p1a: Galvantula|Thunder|p2a: Zapdos","|-damage|p2a: Zapdos|154/383","|move|p2a: Zapdos|Roost|p2a: Zapdos","|-heal|p2a: Zapdos|346/383","|","|-heal|p2a: Zapdos|369/383|[from] item: Leftovers","|turn|9","|","|move|p1a: Galvantula|Thunder|p2a: Zapdos","|-damage|p2a: Zapdos|182/383","|move|p2a: Zapdos|Roost|p2a: Zapdos","|-heal|p2a: Zapdos|374/383","|","|-heal|p2a: Zapdos|383/383|[from] item: Leftovers","|turn|10","|","|move|p1a: Galvantula|Thunder|p2a: Zapdos","|-damage|p2a: Zapdos|214/383","|move|p2a: Zapdos|Roost|p2a: Zapdos","|-heal|p2a: Zapdos|383/383","|","|turn|11","|","|move|p1a: Galvantula|Bug Buzz|p2a: Zapdos","|-resisted|p2a: Zapdos","|-damage|p2a: Zapdos|311/383","|move|p2a: Zapdos|Roost|p2a: Zapdos","|-heal|p2a: Zapdos|383/383","|","|turn|12","|","|move|p1a: Galvantula|Thunder|p2a: Zapdos","|-crit|p2a: Zapdos","|-damage|p2a: Zapdos|122/383","|move|p2a: Zapdos|Defog|p1a: Galvantula","|-unboost|p1a: Galvantula|evasion|1","|-sideend|p2: Shining Yin|Sticky Web|[from] move: Defog|[of] p2a: Zapdos","|","|-heal|p2a: Zapdos|145/383|[from] item: Leftovers","|turn|13","|","|move|p1a: Galvantula|Sticky Web|p2a: Zapdos","|-sidestart|p2: Shining Yin|move: Sticky Web","|move|p2a: Zapdos|Roost|p2a: Zapdos","|-heal|p2a: Zapdos|337/383","|","|-heal|p2a: Zapdos|360/383|[from] item: Leftovers","|turn|14","|","|move|p1a: Galvantula|Bug Buzz|p2a: Zapdos","|-resisted|p2a: Zapdos","|-damage|p2a: Zapdos|285/383","|move|p2a: Zapdos|Defog|p1a: Galvantula","|-unboost|p1a: Galvantula|evasion|1","|-sideend|p2: Shining Yin|Sticky Web|[from] move: Defog|[of] p2a: Zapdos","|","|-heal|p2a: Zapdos|308/383|[from] item: Leftovers","|turn|15","|","|move|p1a: Galvantula|Sticky Web|p2a: Zapdos","|-sidestart|p2: Shining Yin|move: Sticky Web","|move|p2a: Zapdos|Discharge|p1a: Galvantula","|-resisted|p1a: Galvantula","|-damage|p1a: Galvantula|0 fnt","|faint|p1a: Galvantula","|","|-heal|p2a: Zapdos|331/383|[from] item: Leftovers","|","|switch|p1a: Genesect|Genesect, shiny|284/284","|-boost|p1a: Genesect|spa|1|[from] ability: Download","|turn|16","|","|move|p1a: Genesect|Shift Gear|p1a: Genesect","|-boost|p1a: Genesect|spe|2","|-boost|p1a: Genesect|atk|1","|move|p2a: Zapdos|Heat Wave|p1a: Genesect","|-supereffective|p1a: Genesect","|-enditem|p1a: Genesect|Focus Sash","|-damage|p1a: Genesect|1/284","|-status|p1a: Genesect|brn","|","|-heal|p2a: Zapdos|354/383|[from] item: Leftovers","|-damage|p1a: Genesect|0 fnt|[from] brn","|faint|p1a: Genesect","|","|switch|p1a: Heracross|Heracross, F|364/364","|turn|17","|","|detailschange|p1a: Heracross|Heracross-Mega, F","|-mega|p1a: Heracross|Heracross|Heracronite","|move|p2a: Zapdos|Defog|p1a: Heracross","|-unboost|p1a: Heracross|evasion|1","|-sideend|p2: Shining Yin|Sticky Web|[from] move: Defog|[of] p2a: Zapdos","|move|p1a: Heracross|Rock Blast|p2a: Zapdos|[miss]","|-miss|p1a: Heracross|p2a: Zapdos","|","|-heal|p2a: Zapdos|377/383|[from] item: Leftovers","|turn|18","|","|move|p2a: Zapdos|Defog|p1a: Heracross","|-unboost|p1a: Heracross|evasion|1","|move|p1a: Heracross|Rock Blast|p2a: Zapdos|[miss]","|-miss|p1a: Heracross|p2a: Zapdos","|","|-heal|p2a: Zapdos|383/383|[from] item: Leftovers","|turn|19","|","|move|p2a: Zapdos|Defog|p1a: Heracross","|-unboost|p1a: Heracross|evasion|1","|move|p1a: Heracross|Rock Blast|p2a: Zapdos","|-supereffective|p2a: Zapdos","|-damage|p2a: Zapdos|307/383","|-supereffective|p2a: Zapdos","|-damage|p2a: Zapdos|225/383","|-supereffective|p2a: Zapdos","|-damage|p2a: Zapdos|149/383","|-supereffective|p2a: Zapdos","|-damage|p2a: Zapdos|81/383","|-supereffective|p2a: Zapdos","|-damage|p2a: Zapdos|5/383","|-hitcount|p2a: Zapdos|5","|","|-heal|p2a: Zapdos|28/383|[from] item: Leftovers","|turn|20","|","|move|p2a: Zapdos|Defog|p1a: Heracross","|-unboost|p1a: Heracross|evasion|1","|move|p1a: Heracross|Pin Missile|p2a: Zapdos","|-resisted|p2a: Zapdos","|-damage|p2a: Zapdos|3/383","|-resisted|p2a: Zapdos","|-damage|p2a: Zapdos|0 fnt","|-hitcount|p2a: Zapdos|2","|faint|p2a: Zapdos","|","|","|switch|p2a: Rotom-Wash|Rotom-Wash|303/303","|turn|21","|","|move|p2a: Rotom-Wash|Will-O-Wisp|p1a: Heracross","|-status|p1a: Heracross|brn","|move|p1a: Heracross|Bullet Seed|p2a: Rotom-Wash","|-supereffective|p2a: Rotom-Wash","|-damage|p2a: Rotom-Wash|261/303","|-supereffective|p2a: Rotom-Wash","|-damage|p2a: Rotom-Wash|223/303","|-supereffective|p2a: Rotom-Wash","|-damage|p2a: Rotom-Wash|180/303","|-supereffective|p2a: Rotom-Wash","|-damage|p2a: Rotom-Wash|141/303","|-supereffective|p2a: Rotom-Wash","|-damage|p2a: Rotom-Wash|99/303","|-hitcount|p2a: Rotom-Wash|5","|","|-heal|p2a: Rotom-Wash|117/303|[from] item: Leftovers","|-damage|p1a: Heracross|319/364 brn|[from] brn","|turn|22","|","|move|p2a: Rotom-Wash|Volt Switch|p1a: Heracross","|-damage|p1a: Heracross|229/364 brn","|","|switch|p2a: Ampharos|Ampharos, M|383/383","|move|p1a: Heracross|Bullet Seed|p2a: Ampharos","|-damage|p2a: Ampharos|366/383","|-crit|p2a: Ampharos","|-damage|p2a: Ampharos|340/383","|-crit|p2a: Ampharos","|-damage|p2a: Ampharos|315/383","|-damage|p2a: Ampharos|297/383","|-crit|p2a: Ampharos","|-damage|p2a: Ampharos|271/383","|-hitcount|p2a: Ampharos|5","|","|-damage|p1a: Heracross|184/364 brn|[from] brn","|turn|23","|","|detailschange|p2a: Ampharos|Ampharos-Mega, M","|-mega|p2a: Ampharos|Ampharos|Ampharosite","|-ability|p2a: Ampharos|Mold Breaker","|move|p1a: Heracross|Close Combat|p2a: Ampharos","|-damage|p2a: Ampharos|163/383","|-unboost|p1a: Heracross|def|1","|-unboost|p1a: Heracross|spd|1","|move|p2a: Ampharos|Dragon Pulse|p1a: Heracross","|-damage|p1a: Heracross|0 fnt","|faint|p1a: Heracross","|","|","|switch|p1a: Larvesta|Larvesta, M|252/252","|turn|24","|","|move|p1a: Larvesta|U-turn|p2a: Ampharos","|-damage|p2a: Ampharos|97/383","|","|switch|p1a: Volcarona|Volcarona, F|312/312","|move|p2a: Ampharos|Dragon Pulse|p1a: Volcarona","|-damage|p1a: Volcarona|156/312","|","|turn|25","|","|move|p1a: Volcarona|Hidden Power|p2a: Ampharos","|-supereffective|p2a: Ampharos","|-damage|p2a: Ampharos|0 fnt","|faint|p2a: Ampharos","|","|","|switch|p2a: Thundurus|Thundurus, M|299/299","|turn|26","|","|move|p2a: Thundurus|Knock Off|p1a: Volcarona","|-damage|p1a: Volcarona|0 fnt","|-enditem|p1a: Volcarona|Focus Sash|[from] move: Knock Off|[of] p2a: Thundurus","|-damage|p2a: Thundurus|270/299|[from] item: Life Orb","|faint|p1a: Volcarona","|","|","|switch|p1a: Larvesta|Larvesta, M|252/252","|turn|27","|","|move|p1a: Larvesta|Flare Blitz|p2a: Thundurus","|-damage|p2a: Thundurus|65/299","|-damage|p1a: Larvesta|184/252|[from] recoil|[of] p2a: Thundurus","|move|p2a: Thundurus|Knock Off|p1a: Larvesta","|-damage|p1a: Larvesta|0 fnt","|-status|p2a: Thundurus|brn","|-enditem|p1a: Larvesta|Choice Scarf|[from] move: Knock Off|[of] p2a: Thundurus","|-damage|p2a: Thundurus|36/299 brn|[from] item: Life Orb","|faint|p1a: Larvesta","|","|win|Shining Yin"],"p1rating":{"entryid":"6932576","serverid":"eos","formatid":"monotype","userid":"til4emil","username":"TIL4-Emil","w":"31","l":21,"t":"0","gxe":58.7,"r":"1573.4653839893","rd":"53.609958713233","sigma":"0","rptime":"1439283600","rpr":1566.4715531445,"rprd":53.0091714894,"rpsigma":"0","acre":1212.7991936909,"lacre":1212.7991936909,"oldacre":"1235.1886292755"},"p2rating":{"entryid":"7208708","serverid":"eos","formatid":"monotype","userid":"shiningyin","username":"Shining Yin","w":36,"l":"16","t":"0","gxe":66.2,"r":"1617.0110270756","rd":"53.345383594389","sigma":"0","rptime":"1439283600","rpr":1627.9404172391,"rprd":50.954452320327,"rpsigma":"0","acre":1293.9909204592,"lacre":1293.9909204592,"oldacre":"1271.6014848746"},"endType":"normal"}