{"seed":[34806,53823,18631,65286],"turns":22,"p1":"Guard Wulf","p2":"Amateurized","p1team":[{"name":"Braviary","species":"Braviary","item":"choicescarf","ability":"Defiant","moves":["bravebird","rockslide","superpower","zenheadbutt"],"nature":"Jolly","evs":{"hp":0,"atk":252,"def":0,"spa":0,"spd":4,"spe":252},"ivs":{"hp":31,"atk":31,"def":31,"spa":31,"spd":31,"spe":31}},{"name":"Staraptor","species":"Staraptor","item":"leftovers","ability":"Intimidate","moves":["featherdance","roost","bravebird","uturn"],"nature":"Adamant","evs":{"hp":252,"atk":252,"def":0,"spa":0,"spd":4,"spe":0},"ivs":{"hp":31,"atk":31,"def":31,"spa":31,"spd":31,"spe":31}},{"name":"Pidgeot","species":"Pidgeot","item":"pidgeotite","ability":"Big Pecks","moves":["uturn","hurricane","heatwave","roost"],"nature":"Timid","evs":{"hp":0,"atk":0,"def":0,"spa":252,"spd":4,"spe":252},"ivs":{"hp":31,"atk":31,"def":31,"spa":31,"spd":31,"spe":31}},{"name":"Swellow","species":"Swellow","item":"flameorb","ability":"Guts","moves":["protect","facade","doubleedge","bravebird"],"nature":"Jolly","evs":{"hp":0,"atk":252,"def":0,"spa":0,"spd":4,"spe":252},"ivs":{"hp":31,"atk":31,"def":31,"spa":31,"spd":31,"spe":31}},{"name":"Dodrio","species":"Dodrio","item":"choiceband","ability":"Tangled Feet","moves":["bravebird","quickattack","knockoff","return"],"nature":"Jolly","evs":{"hp":0,"atk":252,"def":0,"spa":0,"spd":4,"spe":252},"ivs":{"hp":31,"atk":31,"def":31,"spa":31,"spd":31,"spe":31}},{"name":"Chatot","species":"Chatot","item":"leftovers","ability":"Big Pecks","moves":["boomburst","substitute","roost","nastyplot"],"nature":"Bold","evs":{"hp":248,"atk":0,"def":252,"spa":8,"spd":0,"spe":0},"ivs":{"hp":31,"atk":31,"def":31,"spa":31,"spd":31,"spe":31}}],"p2team":[{"name":"Gyarados","species":"Gyarados","item":"gyaradosite","ability":"Intimidate","moves":["dragondance","waterfall","crunch","icefang"],"nature":"Jolly","evs":{"hp":0,"atk":252,"def":4,"spa":0,"spd":0,"spe":252},"ivs":{"hp":31,"atk":31,"def":31,"spa":31,"spd":31,"spe":31}},{"name":"Manaphy","species":"Manaphy","item":"leftovers","ability":"Hydration","moves":["tailglow","scald","icebeam","energyball"],"nature":"Modest","evs":{"hp":60,"atk":0,"def":0,"spa":252,"spd":0,"spe":196},"ivs":{"hp":31,"atk":31,"def":31,"spa":31,"spd":31,"spe":31}},{"name":"Lanturn","species":"Lanturn","item":"leftovers","ability":"Volt Absorb","moves":["voltswitch","scald","healbell","toxic"],"nature":"Bold","evs":{"hp":252,"atk":0,"def":120,"spa":0,"spd":136,"spe":0},"ivs":{"hp":31,"atk":31,"def":31,"spa":31,"spd":31,"spe":31}},{"name":"Kingdra","species":"Kingdra","item":"scopelens","ability":"Sniper","moves":["dracometeor","surf","flashcannon","focusenergy"],"nature":"Modest","evs":{"hp":0,"atk":0,"def":0,"spa":252,"spd":4,"spe":252},"ivs":{"hp":31,"atk":31,"def":31,"spa":31,"spd":31,"spe":31}},{"name":"Rotom-Wash","species":"Rotom-Wash","item":"lightclay","ability":"Levitate","moves":["lightscreen","reflect","willowisp","voltswitch"],"nature":"Calm","evs":{"hp":248,"atk":0,"def":0,"spa":8,"spd":252,"spe":0},"ivs":{"hp":31,"atk":31,"def":31,"spa":31,"spd":31,"spe":31}},{"name":"Vaporeon","species":"Vaporeon","item":"leftovers","ability":"Water Absorb","moves":["substitute","batonpass","acidarmor","scald"],"nature":"Calm","evs":{"hp":248,"atk":0,"def":8,"spa":0,"spd":252,"spe":0},"ivs":{"hp":31,"atk":31,"def":31,"spa":31,"spd":31,"spe":31}}],"log":["|player|p1|Guard Wulf|163","|player|p2|Amateurized|2","|gametype|singles","|gen|6","|tier|Monotype","|rated","|rule|Baton Pass Clause: Limit one Baton Passer, can't pass Spe and other stats simultaneously","|rule|Swagger Clause: Swagger is banned","|rule|Same Type Clause: Pokémon in a team must share a type","|clearpoke","|poke|p1|Braviary, M","|poke|p1|Staraptor, M","|poke|p1|Pidgeot, M","|poke|p1|Swellow, F","|poke|p1|Dodrio, F","|poke|p1|Chatot, F","|poke|p2|Gyarados, F","|poke|p2|Manaphy","|poke|p2|Lanturn, M","|poke|p2|Kingdra, F","|poke|p2|Rotom-Wash","|poke|p2|Vaporeon, M","|rule|Sleep Clause Mod: Limit one foe put to sleep","|rule|Species Clause: Limit one of each Pokémon","|rule|OHKO Clause: OHKO moves are banned","|rule|Moody Clause: Moody is banned","|rule|Evasion Moves Clause: Evasion moves are banned","|rule|Endless Battle Clause: Forcing endless battles is banned","|rule|HP Percentage Mod: HP is shown in percentages","|teampreview","|","|start","|switch|p1a: Chatot|Chatot, F|355/355","|switch|p2a: Rotom-Wash|Rotom-Wash|303/303","|turn|1","|","|move|p1a: Chatot|Boomburst|p2a: Rotom-Wash","|-damage|p2a: Rotom-Wash|200/303","|move|p2a: Rotom-Wash|Light Screen|p2a: Rotom-Wash","|-sidestart|p2: Amateurized|move: Light Screen","|","|turn|2","|","|move|p1a: Chatot|Substitute|p1a: Chatot","|-start|p1a: Chatot|Substitute","|-damage|p1a: Chatot|267/355","|move|p2a: Rotom-Wash|Reflect|p2a: Rotom-Wash","|-sidestart|p2: Amateurized|Reflect","|","|-heal|p1a: Chatot|289/355|[from] item: Leftovers","|turn|3","|","|move|p1a: Chatot|Nasty Plot|p1a: Chatot","|-boost|p1a: Chatot|spa|2","|move|p2a: Rotom-Wash|Volt Switch|p1a: Chatot","|-supereffective|p1a: Chatot","|-end|p1a: Chatot|Substitute","|","|switch|p2a: Gyarados|Gyarados, F|331/331","|-ability|p2a: Gyarados|Intimidate","|-unboost|p1a: Chatot|atk|1","|","|-heal|p1a: Chatot|311/355|[from] item: Leftovers","|turn|4","|","|detailschange|p2a: Gyarados|Gyarados-Mega, F","|-mega|p2a: Gyarados|Gyarados|Gyaradosite","|-ability|p2a: Gyarados|Mold Breaker","|move|p2a: Gyarados|Dragon Dance|p2a: Gyarados","|-boost|p2a: Gyarados|atk|1","|-boost|p2a: Gyarados|spe|1","|move|p1a: Chatot|Substitute|p1a: Chatot","|-start|p1a: Chatot|Substitute","|-damage|p1a: Chatot|223/355","|","|-heal|p1a: Chatot|245/355|[from] item: Leftovers","|turn|5","|","|move|p2a: Gyarados|Ice Fang|p1a: Chatot","|-supereffective|p1a: Chatot","|-end|p1a: Chatot|Substitute","|move|p1a: Chatot|Boomburst|p2a: Gyarados","|-damage|p2a: Gyarados|205/331","|","|-heal|p1a: Chatot|267/355|[from] item: Leftovers","|turn|6","|","|move|p2a: Gyarados|Crunch|p1a: Chatot","|-damage|p1a: Chatot|12/355","|move|p1a: Chatot|Boomburst|p2a: Gyarados","|-damage|p2a: Gyarados|80/331","|","|-heal|p1a: Chatot|34/355|[from] item: Leftovers","|turn|7","|","|move|p2a: Gyarados|Crunch|p1a: Chatot","|-damage|p1a: Chatot|0 fnt","|faint|p1a: Chatot","|","|","|switch|p1a: Staraptor|Staraptor, M|374/374","|-ability|p1a: Staraptor|Intimidate","|-unboost|p2a: Gyarados|atk|1","|turn|8","|","|move|p2a: Gyarados|Crunch|p1a: Staraptor","|-damage|p1a: Staraptor|137/374","|-unboost|p1a: Staraptor|def|1","|move|p1a: Staraptor|U-turn|p2a: Gyarados","|-supereffective|p2a: Gyarados","|-damage|p2a: Gyarados|5/331","|","|switch|p1a: Dodrio|Dodrio, F|261/261","|","|-sideend|p2: Amateurized|move: Light Screen","|turn|9","|","|move|p1a: Dodrio|Quick Attack|p2a: Gyarados","|-damage|p2a: Gyarados|0 fnt","|faint|p2a: Gyarados","|","|-sideend|p2: Amateurized|Reflect","|","|switch|p2a: Rotom-Wash|Rotom-Wash|200/303","|turn|10","|","|switch|p1a: Swellow|Swellow, F|261/261","|move|p2a: Rotom-Wash|Reflect|p2a: Rotom-Wash","|-sidestart|p2: Amateurized|Reflect","|","|-status|p1a: Swellow|brn|[from] item: Flame Orb","|turn|11","|","|move|p1a: Swellow|Facade|p2a: Rotom-Wash","|-damage|p2a: Rotom-Wash|60/303","|move|p2a: Rotom-Wash|Light Screen|p2a: Rotom-Wash","|-sidestart|p2: Amateurized|move: Light Screen","|","|-damage|p1a: Swellow|229/261 brn|[from] brn","|turn|12","|","|move|p1a: Swellow|Facade|p2a: Rotom-Wash","|-damage|p2a: Rotom-Wash|0 fnt","|faint|p2a: Rotom-Wash","|","|-damage|p1a: Swellow|197/261 brn|[from] brn","|","|switch|p2a: Vaporeon|Vaporeon, M|463/463","|turn|13","|","|switch|p1a: Dodrio|Dodrio, F|261/261","|move|p2a: Vaporeon|Acid Armor|p2a: Vaporeon","|-boost|p2a: Vaporeon|def|2","|","|turn|14","|","|move|p1a: Dodrio|Knock Off|p2a: Vaporeon","|-damage|p2a: Vaporeon|403/463","|-enditem|p2a: Vaporeon|Leftovers|[from] move: Knock Off|[of] p1a: Dodrio","|move|p2a: Vaporeon|Acid Armor|p2a: Vaporeon","|-boost|p2a: Vaporeon|def|2","|","|turn|15","|","|switch|p1a: Pidgeot|Pidgeot, M|307/307","|move|p2a: Vaporeon|Substitute|p2a: Vaporeon","|-start|p2a: Vaporeon|Substitute","|-damage|p2a: Vaporeon|288/463","|","|turn|16","|","|detailschange|p1a: Pidgeot|Pidgeot-Mega, M","|-mega|p1a: Pidgeot|Pidgeot|Pidgeotite","|move|p1a: Pidgeot|Hurricane|p2a: Vaporeon","|-activate|p2a: Vaporeon|Substitute|[damage]","|move|p2a: Vaporeon|Baton Pass|p2a: Vaporeon","|","|switch|p2a: Manaphy|Manaphy|356/356","|","|turn|17","|","|move|p1a: Pidgeot|Hurricane|p2a: Manaphy","|-end|p2a: Manaphy|Substitute","|move|p2a: Manaphy|Tail Glow|p2a: Manaphy","|-boost|p2a: Manaphy|spa|3","|","|-sideend|p2: Amateurized|Reflect","|turn|18","|","|move|p1a: Pidgeot|U-turn|p2a: Manaphy","|-damage|p2a: Manaphy|340/356","|","|switch|p1a: Dodrio|Dodrio, F|261/261","|move|p2a: Manaphy|Ice Beam|p1a: Dodrio","|-supereffective|p1a: Dodrio","|-damage|p1a: Dodrio|0 fnt","|faint|p1a: Dodrio","|","|-heal|p2a: Manaphy|356/356|[from] item: Leftovers","|-sideend|p2: Amateurized|move: Light Screen","|","|switch|p1a: Pidgeot|Pidgeot-Mega, M|307/307","|turn|19","|","|move|p1a: Pidgeot|Hurricane|p2a: Manaphy","|-damage|p2a: Manaphy|140/356","|move|p2a: Manaphy|Ice Beam|p1a: Pidgeot","|-supereffective|p1a: Pidgeot","|-damage|p1a: Pidgeot|0 fnt","|faint|p1a: Pidgeot","|","|-heal|p2a: Manaphy|162/356|[from] item: Leftovers","|","|switch|p1a: Braviary|Braviary, M|341/341","|turn|20","|","|move|p1a: Braviary|Brave Bird|p2a: Manaphy","|-damage|p2a: Manaphy|90/356","|-damage|p1a: Braviary|317/341|[from] recoil|[of] p2a: Manaphy","|move|p2a: Manaphy|Ice Beam|p1a: Braviary","|-supereffective|p1a: Braviary","|-damage|p1a: Braviary|0 fnt","|faint|p1a: Braviary","|","|-heal|p2a: Manaphy|112/356|[from] item: Leftovers","|","|switch|p1a: Swellow|Swellow, F|197/261 brn","|turn|21","|","|move|p1a: Swellow|Brave Bird|p2a: Manaphy","|-damage|p2a: Manaphy|27/356","|-damage|p1a: Swellow|169/261 brn|[from] recoil|[of] p2a: Manaphy","|move|p2a: Manaphy|Ice Beam|p1a: Swellow","|-supereffective|p1a: Swellow","|-damage|p1a: Swellow|0 fnt","|faint|p1a: Swellow","|","|-heal|p2a: Manaphy|49/356|[from] item: Leftovers","|","|switch|p1a: Staraptor|Staraptor, M|137/374","|-ability|p1a: Staraptor|Intimidate","|-unboost|p2a: Manaphy|atk|1","|turn|22","|","|move|p2a: Manaphy|Ice Beam|p1a: Staraptor","|-supereffective|p1a: Staraptor","|-damage|p1a: Staraptor|0 fnt","|faint|p1a: Staraptor","|","|win|Amateurized"],"p1rating":{"entryid":"7326062","serverid":"eos","formatid":"monotype","userid":"guardwulf","username":"Guard Wulf","w":"44","l":25,"t":"0","gxe":60.6,"r":"1588.0764719854","rd":"43.813565601415","sigma":"0","rptime":"1439283600","rpr":1581.5751312256,"rprd":43.496089990611,"rpsigma":"0","acre":1130.428462088,"lacre":1130.428462088,"oldacre":"1152.0859426526"},"p2rating":{"entryid":"6102252","serverid":"eos","formatid":"monotype","userid":"amateurized","username":"Amateurized","w":21,"l":"17","t":"0","gxe":53,"r":"1510.9289960762","rd":"59.219435896186","sigma":"0","rptime":"1439283600","rpr":1522.7689672454,"rprd":58.431089163773,"rpsigma":"0","acre":1220.4756311301,"lacre":1220.4756311301,"oldacre":"1198.8181505655"},"endType":"normal"}