{"seed":[56657,29794,34007,5866],"turns":34,"p1":"WitchOfCaldia","p2":"Alliance ♋ akaFila","p1team":[{"name":"Froslass","species":"Froslass","item":"focussash","ability":"Cursed Body","moves":["icepunch","shadowball","destinybond","icebeam"],"nature":"Timid","evs":{"hp":0,"atk":0,"def":4,"spa":252,"spd":0,"spe":252},"ivs":{"hp":31,"atk":31,"def":31,"spa":31,"spd":31,"spe":31}},{"name":"Weavile","species":"Weavile","item":"lifeorb","ability":"Pressure","moves":["blizzard","knockoff","nightslash","shadowball"],"nature":"Jolly","evs":{"hp":0,"atk":252,"def":0,"spa":0,"spd":4,"spe":252},"ivs":{"hp":31,"atk":31,"def":31,"spa":31,"spd":31,"spe":31}},{"name":"Lapras","species":"Lapras","item":"assaultvest","ability":"Water Absorb","moves":["hydropump","freezedry","thunderbolt","iceshard"],"nature":"Mild","evs":{"hp":248,"atk":8,"def":0,"spa":252,"spd":0,"spe":0},"gender":"F","shiny":true,"ivs":{"hp":31,"atk":31,"def":31,"spa":31,"spd":31,"spe":31}},{"name":"Cloyster","species":"Cloyster","item":"focussash","ability":"Skill Link","moves":["shellsmash","iciclespear","rockblast","razorshell"],"nature":"Adamant","evs":{"hp":0,"atk":252,"def":0,"spa":0,"spd":4,"spe":252},"ivs":{"hp":31,"atk":31,"def":31,"spa":31,"spd":31,"spe":31}},{"name":"Abomasnow","species":"Abomasnow","item":"abomasite","ability":"Soundproof","moves":["blizzard","woodhammer","iceshard","earthquake"],"nature":"Mild","evs":{"hp":8,"atk":68,"def":0,"spa":252,"spd":0,"spe":180},"ivs":{"hp":31,"atk":31,"def":31,"spa":31,"spd":31,"spe":31}},{"name":"Mamoswine","species":"Mamoswine","item":"lifeorb","ability":"Thick Fat","moves":["iceshard","earthquake","iciclecrash","freezedry"],"nature":"Naive","evs":{"hp":0,"atk":244,"def":0,"spa":12,"spd":0,"spe":252},"ivs":{"hp":31,"atk":31,"def":31,"spa":31,"spd":31,"spe":31}}],"p2team":[{"name":"LukAtMahDicks","species":"anorith","item":"choicescarf","ability":"Swift Swim","moves":["xscissor","rockslide","brickbreak","aquajet"],"nature":"Adamant","evs":{"hp":0,"atk":252,"def":0,"spa":0,"spd":4,"spe":252},"shiny":true,"ivs":{"hp":31,"atk":31,"def":31,"spa":31,"spd":31,"spe":31}},{"name":"CatchThisTackle","species":"dwebble","item":"liechiberry","ability":"Sturdy","moves":["shellsmash","xscissor","stoneedge","earthquake"],"nature":"Adamant","evs":{"hp":0,"atk":252,"def":0,"spa":0,"spd":4,"spe":252},"shiny":true,"ivs":{"hp":31,"atk":31,"def":31,"spa":31,"spd":31,"spe":31}},{"name":"BootyCrackOfTerror","species":"golem","item":"custapberry","ability":"Sturdy","moves":["stealthrock","earthquake","endure","explosion"],"nature":"Adamant","evs":{"hp":248,"atk":252,"def":0,"spa":0,"spd":8,"spe":0},"shiny":true,"ivs":{"hp":31,"atk":31,"def":31,"spa":31,"spd":31,"spe":31}},{"name":"GoldenShowers4Life","species":"lileep","item":"eviolite","ability":"Storm Drain","moves":["toxic","stockpile","recover","protect"],"nature":"Calm","evs":{"hp":248,"atk":0,"def":8,"spa":0,"spd":252,"spe":0},"shiny":true,"ivs":{"hp":31,"atk":31,"def":31,"spa":31,"spd":31,"spe":31}},{"name":"MahNigga","species":"aron","item":"shellbell","ability":"Sturdy","moves":["endeavor","ironhead","roar","sandstorm"],"nature":"Impish","evs":{"hp":248,"atk":8,"def":252,"spa":0,"spd":0,"spe":0},"shiny":true,"level":1,"ivs":{"hp":31,"atk":31,"def":31,"spa":31,"spd":31,"spe":31}},{"name":"TotesFab","species":"amaura","item":"choicespecs","ability":"Refrigerate","moves":["naturepower","ancientpower","earthpower","discharge"],"nature":"Modest","evs":{"hp":248,"atk":0,"def":0,"spa":252,"spd":8,"spe":0},"shiny":true,"ivs":{"hp":31,"atk":31,"def":31,"spa":31,"spd":31,"spe":31}}],"log":["|player|p1|WitchOfCaldia|260","|player|p2|Alliance ♋ akaFila|allianceakafila.gif","|gametype|singles","|gen|6","|tier|Monotype","|rated","|rule|Baton Pass Clause: Limit one Baton Passer, can't pass Spe and other stats simultaneously","|rule|Swagger Clause: Swagger is banned","|rule|Same Type Clause: Pokémon in a team must share a type","|clearpoke","|poke|p1|Froslass, F","|poke|p1|Weavile, F","|poke|p1|Lapras, F, shiny","|poke|p1|Cloyster, M","|poke|p1|Abomasnow, M","|poke|p1|Mamoswine, F","|poke|p2|Anorith, M, shiny","|poke|p2|Dwebble, F, shiny","|poke|p2|Golem, F, shiny","|poke|p2|Lileep, M, shiny","|poke|p2|Aron, L1, F, shiny","|poke|p2|Amaura, M, shiny","|rule|Sleep Clause Mod: Limit one foe put to sleep","|rule|Species Clause: Limit one of each Pokémon","|rule|OHKO Clause: OHKO moves are banned","|rule|Moody Clause: Moody is banned","|rule|Evasion Moves Clause: Evasion moves are banned","|rule|Endless Battle Clause: Forcing endless battles is banned","|rule|HP Percentage Mod: HP is shown in percentages","|teampreview","|","|start","|switch|p1a: Cloyster|Cloyster, M|241/241","|switch|p2a: LukAtMahDicks|Anorith, M, shiny|231/231","|turn|1","|","|move|p2a: LukAtMahDicks|Rock Slide|p1a: Cloyster","|-supereffective|p1a: Cloyster","|-damage|p1a: Cloyster|89/241","|move|p1a: Cloyster|Shell Smash|p1a: Cloyster","|-unboost|p1a: Cloyster|def|1","|-unboost|p1a: Cloyster|spd|1","|-boost|p1a: Cloyster|atk|2","|-boost|p1a: Cloyster|spa|2","|-boost|p1a: Cloyster|spe|2","|","|turn|2","|","|switch|p2a: BootyCrackOfTerror|Golem, F, shiny|363/363","|move|p1a: Cloyster|Icicle Spear|p2a: BootyCrackOfTerror","|-supereffective|p2a: BootyCrackOfTerror","|-damage|p2a: BootyCrackOfTerror|247/363","|-supereffective|p2a: BootyCrackOfTerror","|-damage|p2a: BootyCrackOfTerror|131/363","|-supereffective|p2a: BootyCrackOfTerror","|-damage|p2a: BootyCrackOfTerror|0 fnt","|-hitcount|p2a: BootyCrackOfTerror|3","|faint|p2a: BootyCrackOfTerror","|","|","|switch|p2a: LukAtMahDicks|Anorith, M, shiny|231/231","|turn|3","|","|move|p2a: LukAtMahDicks|Aqua Jet|p1a: Cloyster","|-crit|p1a: Cloyster","|-resisted|p1a: Cloyster","|-damage|p1a: Cloyster|61/241","|move|p1a: Cloyster|Icicle Spear|p2a: LukAtMahDicks","|-damage|p2a: LukAtMahDicks|104/231","|-damage|p2a: LukAtMahDicks|0 fnt","|-hitcount|p2a: LukAtMahDicks|2","|faint|p2a: LukAtMahDicks","|","|","|switch|p2a: CatchThisTackle|Dwebble, F, shiny|241/241","|turn|4","|","|move|p1a: Cloyster|Icicle Spear|p2a: CatchThisTackle","|-crit|p2a: CatchThisTackle","|-damage|p2a: CatchThisTackle|106/241","|-damage|p2a: CatchThisTackle|18/241","|-enditem|p2a: CatchThisTackle|Liechi Berry|[eat]","|-boost|p2a: CatchThisTackle|atk|1|[from] item: Liechi Berry","|-damage|p2a: CatchThisTackle|0 fnt","|-hitcount|p2a: CatchThisTackle|3","|faint|p2a: CatchThisTackle","|","|","|switch|p2a: TotesFab|Amaura, M, shiny|357/357","|turn|5","|","|move|p1a: Cloyster|Rock Blast|p2a: TotesFab|[miss]","|-miss|p1a: Cloyster|p2a: TotesFab","|move|p2a: TotesFab|Ancient Power|p1a: Cloyster","|-supereffective|p1a: Cloyster","|-damage|p1a: Cloyster|0 fnt","|faint|p1a: Cloyster","|","|","|switch|p1a: Weavile|Weavile, F|281/281","|-ability|p1a: Weavile|Pressure","|turn|6","|","|move|p1a: Weavile|Knock Off|p2a: TotesFab","|-damage|p2a: TotesFab|0 fnt","|-enditem|p2a: TotesFab|Choice Specs|[from] move: Knock Off|[of] p1a: Weavile","|-damage|p1a: Weavile|253/281|[from] item: Life Orb","|faint|p2a: TotesFab","|","|","|switch|p2a: MahNigga|Aron, L1, F, shiny|12/12","|turn|7","|","|move|p1a: Weavile|Knock Off|p2a: MahNigga","|-ability|p2a: MahNigga|Sturdy","|-damage|p2a: MahNigga|1/12","|-enditem|p2a: MahNigga|Shell Bell|[from] move: Knock Off|[of] p1a: Weavile","|-damage|p1a: Weavile|225/281|[from] item: Life Orb","|move|p2a: MahNigga|Endeavor|p1a: Weavile","|-damage|p1a: Weavile|1/281","|","|turn|8","|","|move|p1a: Weavile|Blizzard|p2a: MahNigga","|-resisted|p2a: MahNigga","|-damage|p2a: MahNigga|0 fnt","|-damage|p1a: Weavile|0 fnt|[from] item: Life Orb","|faint|p2a: MahNigga","|faint|p1a: Weavile","|","|","|switch|p1a: Froslass|Froslass, F|281/281","|switch|p2a: GoldenShowers4Life|Lileep, M, shiny|335/335","|turn|9","|","|move|p1a: Froslass|Ice Beam|p2a: GoldenShowers4Life","|-crit|p2a: GoldenShowers4Life","|-supereffective|p2a: GoldenShowers4Life","|-damage|p2a: GoldenShowers4Life|149/335","|move|p2a: GoldenShowers4Life|Toxic|p1a: Froslass","|-status|p1a: Froslass|tox","|","|-damage|p1a: Froslass|264/281 tox|[from] psn","|turn|10","|","|move|p1a: Froslass|Ice Beam|p2a: GoldenShowers4Life","|-supereffective|p2a: GoldenShowers4Life","|-damage|p2a: GoldenShowers4Life|29/335","|move|p2a: GoldenShowers4Life|Recover|p2a: GoldenShowers4Life","|-heal|p2a: GoldenShowers4Life|197/335","|","|-damage|p1a: Froslass|230/281 tox|[from] psn","|turn|11","|","|move|p1a: Froslass|Ice Beam|p2a: GoldenShowers4Life","|-supereffective|p2a: GoldenShowers4Life","|-damage|p2a: GoldenShowers4Life|81/335","|move|p2a: GoldenShowers4Life|Recover|p2a: GoldenShowers4Life","|-heal|p2a: GoldenShowers4Life|249/335","|","|-damage|p1a: Froslass|179/281 tox|[from] psn","|turn|12","|","|move|p1a: Froslass|Ice Punch|p2a: GoldenShowers4Life","|-supereffective|p2a: GoldenShowers4Life","|-damage|p2a: GoldenShowers4Life|141/335","|move|p2a: GoldenShowers4Life|Stockpile|p2a: GoldenShowers4Life","|-start|p2a: GoldenShowers4Life|stockpile1","|-boost|p2a: GoldenShowers4Life|def|1","|-boost|p2a: GoldenShowers4Life|spd|1","|","|-damage|p1a: Froslass|111/281 tox|[from] psn","|turn|13","|","|move|p1a: Froslass|Destiny Bond|p1a: Froslass","|-singlemove|p1a: Froslass|Destiny Bond","|move|p2a: GoldenShowers4Life|Recover|p2a: GoldenShowers4Life","|-heal|p2a: GoldenShowers4Life|309/335","|","|-damage|p1a: Froslass|26/281 tox|[from] psn","|turn|14","|","|move|p1a: Froslass|Ice Beam|p2a: GoldenShowers4Life","|-supereffective|p2a: GoldenShowers4Life","|-damage|p2a: GoldenShowers4Life|219/335","|move|p2a: GoldenShowers4Life|Stockpile|p2a: GoldenShowers4Life","|-start|p2a: GoldenShowers4Life|stockpile2","|-boost|p2a: GoldenShowers4Life|def|1","|-boost|p2a: GoldenShowers4Life|spd|1","|","|-damage|p1a: Froslass|0 fnt|[from] psn","|faint|p1a: Froslass","|","|switch|p1a: Abomasnow|Abomasnow, M|323/323","|turn|15","|","|detailschange|p1a: Abomasnow|Abomasnow-Mega, M","|-mega|p1a: Abomasnow|Abomasnow|Abomasite","|-weather|Hail","|move|p1a: Abomasnow|Blizzard|p2a: GoldenShowers4Life","|-supereffective|p2a: GoldenShowers4Life","|-damage|p2a: GoldenShowers4Life|115/335","|move|p2a: GoldenShowers4Life|Recover|p2a: GoldenShowers4Life","|-heal|p2a: GoldenShowers4Life|283/335","|","|-weather|Hail|[upkeep]","|-damage|p2a: GoldenShowers4Life|263/335|[from] hail","|turn|16","|","|move|p1a: Abomasnow|Earthquake|p2a: GoldenShowers4Life","|-damage|p2a: GoldenShowers4Life|218/335","|move|p2a: GoldenShowers4Life|Toxic|p1a: Abomasnow","|-status|p1a: Abomasnow|tox","|","|-weather|Hail|[upkeep]","|-damage|p2a: GoldenShowers4Life|198/335|[from] hail","|-damage|p1a: Abomasnow|303/323 tox|[from] psn","|turn|17","|","|move|p1a: Abomasnow|Wood Hammer|p2a: GoldenShowers4Life","|-damage|p2a: GoldenShowers4Life|119/335","|-damage|p1a: Abomasnow|277/323 tox|[from] recoil|[of] p2a: GoldenShowers4Life","|move|p2a: GoldenShowers4Life|Recover|p2a: GoldenShowers4Life","|-heal|p2a: GoldenShowers4Life|287/335","|","|-weather|Hail|[upkeep]","|-damage|p2a: GoldenShowers4Life|267/335|[from] hail","|-damage|p1a: Abomasnow|237/323 tox|[from] psn","|turn|18","|","|move|p1a: Abomasnow|Wood Hammer|p2a: GoldenShowers4Life","|-damage|p2a: GoldenShowers4Life|192/335","|-damage|p1a: Abomasnow|212/323 tox|[from] recoil|[of] p2a: GoldenShowers4Life","|move|p2a: GoldenShowers4Life|Stockpile|p2a: GoldenShowers4Life","|-start|p2a: GoldenShowers4Life|stockpile3","|-boost|p2a: GoldenShowers4Life|def|1","|-boost|p2a: GoldenShowers4Life|spd|1","|","|-weather|Hail|[upkeep]","|-damage|p2a: GoldenShowers4Life|172/335|[from] hail","|-damage|p1a: Abomasnow|152/323 tox|[from] psn","|turn|19","|","|move|p1a: Abomasnow|Wood Hammer|p2a: GoldenShowers4Life","|-damage|p2a: GoldenShowers4Life|106/335","|-damage|p1a: Abomasnow|130/323 tox|[from] recoil|[of] p2a: GoldenShowers4Life","|move|p2a: GoldenShowers4Life|Recover|p2a: GoldenShowers4Life","|-heal|p2a: GoldenShowers4Life|274/335","|","|-weather|none","|-damage|p1a: Abomasnow|50/323 tox|[from] psn","|turn|20","|","|move|p1a: Abomasnow|Earthquake|p2a: GoldenShowers4Life","|-damage|p2a: GoldenShowers4Life|238/335","|move|p2a: GoldenShowers4Life|Recover|p2a: GoldenShowers4Life","|-heal|p2a: GoldenShowers4Life|335/335","|","|-damage|p1a: Abomasnow|0 fnt|[from] psn","|faint|p1a: Abomasnow","|","|switch|p1a: Mamoswine|Mamoswine, F|361/361","|turn|21","|","|move|p1a: Mamoswine|Icicle Crash|p2a: GoldenShowers4Life","|-supereffective|p2a: GoldenShowers4Life","|-damage|p2a: GoldenShowers4Life|208/335","|-damage|p1a: Mamoswine|325/361|[from] item: Life Orb","|cant|p2a: GoldenShowers4Life|flinch","|","|turn|22","|","|move|p1a: Mamoswine|Icicle Crash|p2a: GoldenShowers4Life","|-supereffective|p2a: GoldenShowers4Life","|-damage|p2a: GoldenShowers4Life|68/335","|-damage|p1a: Mamoswine|289/361|[from] item: Life Orb","|move|p2a: GoldenShowers4Life|Recover|p2a: GoldenShowers4Life","|-heal|p2a: GoldenShowers4Life|236/335","|","|turn|23","|","|move|p1a: Mamoswine|Freeze-Dry|p2a: GoldenShowers4Life","|-supereffective|p2a: GoldenShowers4Life","|-damage|p2a: GoldenShowers4Life|202/335","|-damage|p1a: Mamoswine|253/361|[from] item: Life Orb","|move|p2a: GoldenShowers4Life|Recover|p2a: GoldenShowers4Life","|-heal|p2a: GoldenShowers4Life|335/335","|","|turn|24","|","|move|p1a: Mamoswine|Freeze-Dry|p2a: GoldenShowers4Life","|-supereffective|p2a: GoldenShowers4Life","|-damage|p2a: GoldenShowers4Life|301/335","|-damage|p1a: Mamoswine|217/361|[from] item: Life Orb","|move|p2a: GoldenShowers4Life|Toxic|p1a: Mamoswine|[miss]","|-miss|p2a: GoldenShowers4Life|p1a: Mamoswine","|","|turn|25","|","|move|p1a: Mamoswine|Freeze-Dry|p2a: GoldenShowers4Life","|-crit|p2a: GoldenShowers4Life","|-supereffective|p2a: GoldenShowers4Life","|-damage|p2a: GoldenShowers4Life|161/335","|-damage|p1a: Mamoswine|181/361|[from] item: Life Orb","|move|p2a: GoldenShowers4Life|Toxic|p1a: Mamoswine","|-status|p1a: Mamoswine|tox","|","|-damage|p1a: Mamoswine|159/361 tox|[from] psn","|turn|26","|","|move|p2a: GoldenShowers4Life|Protect|p2a: GoldenShowers4Life","|-singleturn|p2a: GoldenShowers4Life|Protect","|move|p1a: Mamoswine|Freeze-Dry|p2a: GoldenShowers4Life","|-activate|p2a: GoldenShowers4Life|Protect","|","|-damage|p1a: Mamoswine|115/361 tox|[from] psn","|turn|27","|","|move|p1a: Mamoswine|Freeze-Dry|p2a: GoldenShowers4Life","|-supereffective|p2a: GoldenShowers4Life","|-damage|p2a: GoldenShowers4Life|122/335","|-damage|p1a: Mamoswine|79/361 tox|[from] item: Life Orb","|move|p2a: GoldenShowers4Life|Recover|p2a: GoldenShowers4Life","|-heal|p2a: GoldenShowers4Life|290/335","|","|-damage|p1a: Mamoswine|13/361 tox|[from] psn","|turn|28","|","|move|p2a: GoldenShowers4Life|Protect|p2a: GoldenShowers4Life","|-singleturn|p2a: GoldenShowers4Life|Protect","|move|p1a: Mamoswine|Freeze-Dry|p2a: GoldenShowers4Life","|-activate|p2a: GoldenShowers4Life|Protect","|","|-damage|p1a: Mamoswine|0 fnt|[from] psn","|faint|p1a: Mamoswine","|","|switch|p1a: Lapras|Lapras, F, shiny|463/463","|turn|29","|","|move|p1a: Lapras|Hydro Pump|p2a: GoldenShowers4Life","|-boost|p2a: GoldenShowers4Life|spa|1|[from] ability: Storm Drain","|move|p2a: GoldenShowers4Life|Toxic|p1a: Lapras","|-status|p1a: Lapras|tox","|","|-damage|p1a: Lapras|435/463 tox|[from] psn","|turn|30","|","|move|p1a: Lapras|Hydro Pump|p2a: GoldenShowers4Life","|-boost|p2a: GoldenShowers4Life|spa|1|[from] ability: Storm Drain","|move|p2a: GoldenShowers4Life|Toxic|p1a: Lapras|[miss]","|-miss|p2a: GoldenShowers4Life|p1a: Lapras","|","|-damage|p1a: Lapras|379/463 tox|[from] psn","|turn|31","|","|move|p1a: Lapras|Thunderbolt|p2a: GoldenShowers4Life","|-resisted|p2a: GoldenShowers4Life","|-damage|p2a: GoldenShowers4Life|280/335","|move|p2a: GoldenShowers4Life|Toxic|p1a: Lapras","|-fail|p1a: Lapras|tox","|","|-damage|p1a: Lapras|295/463 tox|[from] psn","|turn|32","|","|move|p1a: Lapras|Thunderbolt|p2a: GoldenShowers4Life","|-resisted|p2a: GoldenShowers4Life","|-damage|p2a: GoldenShowers4Life|271/335","|move|p2a: GoldenShowers4Life|Toxic|p1a: Lapras","|-fail|p1a: Lapras|tox","|","|-damage|p1a: Lapras|183/463 tox|[from] psn","|turn|33","|","|move|p1a: Lapras|Ice Shard|p2a: GoldenShowers4Life","|-supereffective|p2a: GoldenShowers4Life","|-damage|p2a: GoldenShowers4Life|245/335","|move|p2a: GoldenShowers4Life|Toxic|p1a: Lapras|[miss]","|-miss|p2a: GoldenShowers4Life|p1a: Lapras","|","|-damage|p1a: Lapras|43/463 tox|[from] psn","|turn|34","|","|move|p1a: Lapras|Ice Shard|p2a: GoldenShowers4Life","|-supereffective|p2a: GoldenShowers4Life","|-damage|p2a: GoldenShowers4Life|219/335","|move|p2a: GoldenShowers4Life|Toxic|p1a: Lapras","|-fail|p1a: Lapras|tox","|","|-damage|p1a: Lapras|0 fnt|[from] psn","|faint|p1a: Lapras","|","|win|Alliance ♋ akaFila"],"p1rating":{"entryid":"7188337","serverid":"eos","formatid":"monotype","userid":"witchofcaldia","username":"WitchofCaldia","w":"32","l":59,"t":"0","gxe":36.2,"r":"1401.1239712819","rd":"42.868016564337","sigma":"0","rptime":"1439283600","rpr":1392.5957354405,"rprd":40.818672885967,"rpsigma":"0","acre":1031.7237081163,"lacre":1031.7237081163,"oldacre":"1046.2521201942"},"p2rating":{"entryid":"6670496","serverid":"eos","formatid":"monotype","userid":"allianceakafila","username":"Alliance ♋ akaFila","w":30,"l":"35","t":"0","gxe":45.7,"r":"1462.374543363","rd":"47.094799251827","sigma":"0","rptime":"1439283600","rpr":1467.5419131828,"rprd":45.947276655122,"rpsigma":"0","acre":1117.9691364981,"lacre":1117.9691364981,"oldacre":"1096.0123241777"},"endType":"normal"}