{"seed":[1738,47630,25394,42962],"turns":30,"p1":"Intern Twizz","p2":"my team tho bruh","p1team":[{"name":"Magnezone","species":"Magnezone","item":"leftovers","ability":"Sturdy","moves":["flashcannon","thunderbolt","protect","hiddenpowerice"],"nature":"Modest","evs":{"hp":76,"atk":0,"def":180,"spa":252,"spd":0,"spe":0},"ivs":{"hp":31,"atk":30,"def":30,"spa":31,"spd":31,"spe":31}},{"name":"Zapdos","species":"Zapdos","item":"leftovers","ability":"Pressure","moves":["discharge","heatwave","toxic","roost"],"nature":"Bold","evs":{"hp":4,"atk":0,"def":252,"spa":56,"spd":196,"spe":0},"ivs":{"hp":31,"atk":31,"def":31,"spa":31,"spd":31,"spe":31}},{"name":"Ampharos","species":"Ampharos","item":"ampharosite","ability":"Static","moves":["cottonguard","rest","sleeptalk","dragonpulse"],"nature":"Bold","evs":{"hp":0,"atk":0,"def":252,"spa":136,"spd":120,"spe":0},"ivs":{"hp":31,"atk":31,"def":31,"spa":31,"spd":31,"spe":31}},{"name":"Raikou","species":"Raikou","item":"leftovers","ability":"Pressure","moves":["calmmind","substitute","thunderbolt","extrasensory"],"nature":"Timid","evs":{"hp":0,"atk":0,"def":0,"spa":252,"spd":4,"spe":252},"ivs":{"hp":31,"atk":31,"def":31,"spa":31,"spd":31,"spe":31}},{"name":"Rotom-Wash","species":"Rotom-Wash","item":"choicescarf","ability":"Levitate","moves":["voltswitch","hydropump","willowisp","trick"],"nature":"Timid","evs":{"hp":0,"atk":0,"def":0,"spa":252,"spd":4,"spe":252},"ivs":{"hp":31,"atk":31,"def":31,"spa":31,"spd":31,"spe":31}},{"name":"Condom","species":"eelektross","item":"assaultvest","ability":"Levitate","moves":["gigadrain","thunderbolt","drainpunch","knockoff"],"nature":"Quiet","evs":{"hp":3,"atk":136,"def":0,"spa":108,"spd":252,"spe":0},"ivs":{"hp":31,"atk":31,"def":31,"spa":31,"spd":31,"spe":31}}],"p2team":[{"name":"Braviary","species":"Braviary","item":"choicescarf","ability":"Defiant","moves":["bravebird","rockslide","superpower","zenheadbutt"],"nature":"Jolly","evs":{"hp":0,"atk":252,"def":0,"spa":0,"spd":4,"spe":252},"ivs":{"hp":31,"atk":31,"def":31,"spa":31,"spd":31,"spe":31}},{"name":"Staraptor","species":"Staraptor","item":"leftovers","ability":"Intimidate","moves":["featherdance","roost","bravebird","uturn"],"nature":"Adamant","evs":{"hp":252,"atk":252,"def":0,"spa":0,"spd":4,"spe":0},"ivs":{"hp":31,"atk":31,"def":31,"spa":31,"spd":31,"spe":31}},{"name":"Pidgeot","species":"Pidgeot","item":"pidgeotite","ability":"Big Pecks","moves":["uturn","hurricane","heatwave","roost"],"nature":"Timid","evs":{"hp":0,"atk":0,"def":0,"spa":252,"spd":4,"spe":252},"ivs":{"hp":31,"atk":31,"def":31,"spa":31,"spd":31,"spe":31}},{"name":"Swellow","species":"Swellow","item":"flameorb","ability":"Guts","moves":["protect","facade","doubleedge","bravebird"],"nature":"Jolly","evs":{"hp":0,"atk":252,"def":0,"spa":0,"spd":4,"spe":252},"ivs":{"hp":31,"atk":31,"def":31,"spa":31,"spd":31,"spe":31}},{"name":"Dodrio","species":"Dodrio","item":"choiceband","ability":"Tangled Feet","moves":["bravebird","quickattack","knockoff","return"],"nature":"Jolly","evs":{"hp":0,"atk":252,"def":0,"spa":0,"spd":4,"spe":252},"ivs":{"hp":31,"atk":31,"def":31,"spa":31,"spd":31,"spe":31}},{"name":"Chatot","species":"Chatot","item":"leftovers","ability":"Big Pecks","moves":["boomburst","substitute","roost","nastyplot"],"nature":"Bold","evs":{"hp":248,"atk":0,"def":252,"spa":8,"spd":0,"spe":0},"ivs":{"hp":31,"atk":31,"def":31,"spa":31,"spd":31,"spe":31}}],"log":["|player|p1|Intern Twizz|122","|player|p2|my team tho bruh|163","|gametype|singles","|gen|6","|tier|Monotype","|rated","|rule|Baton Pass Clause: Limit one Baton Passer, can't pass Spe and other stats simultaneously","|rule|Swagger Clause: Swagger is banned","|rule|Same Type Clause: Pokémon in a team must share a type","|clearpoke","|poke|p1|Magnezone","|poke|p1|Zapdos","|poke|p1|Ampharos, F","|poke|p1|Raikou","|poke|p1|Rotom-Wash","|poke|p1|Eelektross, M","|poke|p2|Braviary, M","|poke|p2|Staraptor, F","|poke|p2|Pidgeot, F","|poke|p2|Swellow, M","|poke|p2|Dodrio, M","|poke|p2|Chatot, F","|rule|Sleep Clause Mod: Limit one foe put to sleep","|rule|Species Clause: Limit one of each Pokémon","|rule|OHKO Clause: OHKO moves are banned","|rule|Moody Clause: Moody is banned","|rule|Evasion Moves Clause: Evasion moves are banned","|rule|Endless Battle Clause: Forcing endless battles is banned","|rule|HP Percentage Mod: HP is shown in percentages","|teampreview","|","|start","|switch|p1a: Rotom-Wash|Rotom-Wash|241/241","|switch|p2a: Braviary|Braviary, M|341/341","|turn|1","|","|switch|p2a: Chatot|Chatot, F|355/355","|move|p1a: Rotom-Wash|Will-O-Wisp|p2a: Chatot|[miss]","|-miss|p1a: Rotom-Wash|p2a: Chatot","|","|turn|2","|","|switch|p1a: Condom|Eelektross, M|311/311","|move|p2a: Chatot|Substitute|p2a: Chatot","|-start|p2a: Chatot|Substitute","|-damage|p2a: Chatot|267/355","|","|-heal|p2a: Chatot|289/355|[from] item: Leftovers","|turn|3","|","|move|p2a: Chatot|Nasty Plot|p2a: Chatot","|-boost|p2a: Chatot|spa|2","|move|p1a: Condom|Knock Off|p2a: Chatot","|-end|p2a: Chatot|Substitute","|","|-heal|p2a: Chatot|311/355|[from] item: Leftovers","|turn|4","|","|move|p2a: Chatot|Boomburst|p1a: Condom","|-damage|p1a: Condom|134/311","|move|p1a: Condom|Thunderbolt|p2a: Chatot","|-supereffective|p2a: Chatot","|-damage|p2a: Chatot|0 fnt","|faint|p2a: Chatot","|","|","|switch|p2a: Swellow|Swellow, M|261/261","|turn|5","|","|move|p2a: Swellow|Protect|p2a: Swellow","|-singleturn|p2a: Swellow|Protect","|move|p1a: Condom|Thunderbolt|p2a: Swellow","|-activate|p2a: Swellow|Protect","|","|-status|p2a: Swellow|brn|[from] item: Flame Orb","|turn|6","|","|switch|p1a: Zapdos|Zapdos|322/322","|-ability|p1a: Zapdos|Pressure","|move|p2a: Swellow|Facade|p1a: Zapdos","|-damage|p1a: Zapdos|102/322","|","|-heal|p1a: Zapdos|122/322|[from] item: Leftovers","|-damage|p2a: Swellow|229/261 brn|[from] brn","|turn|7","|","|switch|p1a: Magnezone|Magnezone|300/300","|move|p2a: Swellow|Facade|p1a: Magnezone","|-resisted|p1a: Magnezone","|-damage|p1a: Magnezone|186/300","|","|-heal|p1a: Magnezone|204/300|[from] item: Leftovers","|-damage|p2a: Swellow|197/261 brn|[from] brn","|turn|8","|","|switch|p2a: Dodrio|Dodrio, M|261/261","|move|p1a: Magnezone|Protect|p1a: Magnezone","|-fail|p1a: Magnezone","|","|-heal|p1a: Magnezone|222/300|[from] item: Leftovers","|turn|9","|","|move|p1a: Magnezone|Protect|p1a: Magnezone","|-singleturn|p1a: Magnezone|Protect","|move|p2a: Dodrio|Knock Off|p1a: Magnezone","|-activate|p1a: Magnezone|Protect","|","|-heal|p1a: Magnezone|240/300|[from] item: Leftovers","|turn|10","|","|move|p2a: Dodrio|Knock Off|p1a: Magnezone","|-damage|p1a: Magnezone|130/300","|-enditem|p1a: Magnezone|Leftovers|[from] move: Knock Off|[of] p2a: Dodrio","|move|p1a: Magnezone|Thunderbolt|p2a: Dodrio","|-supereffective|p2a: Dodrio","|-damage|p2a: Dodrio|0 fnt","|faint|p2a: Dodrio","|","|","|switch|p2a: Pidgeot|Pidgeot, F|307/307","|turn|11","|","|detailschange|p2a: Pidgeot|Pidgeot-Mega, F","|-mega|p2a: Pidgeot|Pidgeot|Pidgeotite","|move|p1a: Magnezone|Protect|p1a: Magnezone","|-singleturn|p1a: Magnezone|Protect","|move|p2a: Pidgeot|Heat Wave|p1a: Magnezone","|-activate|p1a: Magnezone|Protect","|","|turn|12","|","|switch|p1a: Rotom-Wash|Rotom-Wash|241/241","|move|p2a: Pidgeot|Heat Wave|p1a: Rotom-Wash","|-resisted|p1a: Rotom-Wash","|-damage|p1a: Rotom-Wash|184/241","|","|turn|13","|","|move|p1a: Rotom-Wash|Volt Switch|p2a: Pidgeot","|-supereffective|p2a: Pidgeot","|-damage|p2a: Pidgeot|61/307","|","|switch|p1a: Condom|Eelektross, M|134/311","|move|p2a: Pidgeot|Hurricane|p1a: Condom","|-resisted|p1a: Condom","|-damage|p1a: Condom|73/311","|","|turn|14","|","|move|p2a: Pidgeot|Heat Wave|p1a: Condom","|-damage|p1a: Condom|8/311","|move|p1a: Condom|Thunderbolt|p2a: Pidgeot","|-supereffective|p2a: Pidgeot","|-damage|p2a: Pidgeot|0 fnt","|faint|p2a: Pidgeot","|","|","|switch|p2a: Staraptor|Staraptor, F|374/374","|-ability|p2a: Staraptor|Intimidate","|-unboost|p1a: Condom|atk|1","|turn|15","|","|switch|p1a: Zapdos|Zapdos|122/322","|-ability|p1a: Zapdos|Pressure","|move|p2a: Staraptor|U-turn|p1a: Zapdos","|-resisted|p1a: Zapdos","|-damage|p1a: Zapdos|85/322","|","|switch|p2a: Swellow|Swellow, M|197/261 brn","|","|-heal|p1a: Zapdos|105/322|[from] item: Leftovers","|-damage|p2a: Swellow|165/261 brn|[from] brn","|turn|16","|","|move|p2a: Swellow|Facade|p1a: Zapdos","|-damage|p1a: Zapdos|0 fnt","|faint|p1a: Zapdos","|","|-damage|p2a: Swellow|133/261 brn|[from] brn","|","|switch|p1a: Magnezone|Magnezone|130/300","|turn|17","|","|move|p1a: Magnezone|Protect|p1a: Magnezone","|-singleturn|p1a: Magnezone|Protect","|move|p2a: Swellow|Brave Bird|p1a: Magnezone","|-activate|p1a: Magnezone|Protect","|","|-damage|p2a: Swellow|101/261 brn|[from] brn","|turn|18","|","|move|p2a: Swellow|Brave Bird|p1a: Magnezone","|-resisted|p1a: Magnezone","|-damage|p1a: Magnezone|83/300","|-damage|p2a: Swellow|85/261 brn|[from] recoil|[of] p1a: Magnezone","|move|p1a: Magnezone|Thunderbolt|p2a: Swellow","|-supereffective|p2a: Swellow","|-damage|p2a: Swellow|0 fnt","|faint|p2a: Swellow","|","|","|switch|p2a: Braviary|Braviary, M|341/341","|turn|19","|","|move|p1a: Magnezone|Protect|p1a: Magnezone","|-singleturn|p1a: Magnezone|Protect","|move|p2a: Braviary|Superpower|p1a: Magnezone","|-activate|p1a: Magnezone|Protect","|","|turn|20","|","|switch|p2a: Staraptor|Staraptor, F|374/374","|-ability|p2a: Staraptor|Intimidate","|-unboost|p1a: Magnezone|atk|1","|switch|p1a: Condom|Eelektross, M|8/311","|","|turn|21","|","|move|p2a: Staraptor|U-turn|p1a: Condom","|-damage|p1a: Condom|0 fnt","|faint|p1a: Condom","|","|switch|p2a: Braviary|Braviary, M|341/341","|","|","|switch|p1a: Ampharos|Ampharos, F|321/321","|turn|22","|","|detailschange|p1a: Ampharos|Ampharos-Mega, F","|-mega|p1a: Ampharos|Ampharos|Ampharosite","|-ability|p1a: Ampharos|Mold Breaker","|move|p2a: Braviary|Zen Headbutt|p1a: Ampharos","|-damage|p1a: Ampharos|251/321","|move|p1a: Ampharos|Cotton Guard|p1a: Ampharos","|-boost|p1a: Ampharos|def|3","|","|turn|23","|","|move|p2a: Braviary|Zen Headbutt|p1a: Ampharos","|-damage|p1a: Ampharos|226/321","|move|p1a: Ampharos|Dragon Pulse|p2a: Braviary","|-damage|p2a: Braviary|142/341","|","|turn|24","|","|move|p2a: Braviary|Zen Headbutt|p1a: Ampharos","|-damage|p1a: Ampharos|198/321","|cant|p1a: Ampharos|flinch","|","|turn|25","|","|move|p2a: Braviary|Zen Headbutt|p1a: Ampharos","|-crit|p1a: Ampharos","|-damage|p1a: Ampharos|95/321","|move|p1a: Ampharos|Rest|p1a: Ampharos","|-status|p1a: Ampharos|slp","|-heal|p1a: Ampharos|321/321 slp|[silent]","|-status|p1a: Ampharos|slp|[from] move: Rest","|","|turn|26","|","|switch|p2a: Staraptor|Staraptor, F|374/374","|-ability|p2a: Staraptor|Intimidate","|-unboost|p1a: Ampharos|atk|1","|cant|p1a: Ampharos|slp","|move|p1a: Ampharos|Sleep Talk|p1a: Ampharos","|move|p1a: Ampharos|Cotton Guard|p1a: Ampharos|[from]Sleep Talk","|-boost|p1a: Ampharos|def|3","|","|turn|27","|","|move|p2a: Staraptor|Brave Bird|p1a: Ampharos","|-resisted|p1a: Ampharos","|-damage|p1a: Ampharos|300/321 slp","|-damage|p2a: Staraptor|367/374|[from] recoil|[of] p1a: Ampharos","|cant|p1a: Ampharos|slp","|move|p1a: Ampharos|Sleep Talk|p1a: Ampharos","|move|p1a: Ampharos|Cotton Guard|p1a: Ampharos|[from]Sleep Talk","|-fail|p1a: Ampharos","|","|-heal|p2a: Staraptor|374/374|[from] item: Leftovers","|turn|28","|","|move|p2a: Staraptor|Brave Bird|p1a: Ampharos","|-resisted|p1a: Ampharos","|-damage|p1a: Ampharos|282/321 slp","|-damage|p2a: Staraptor|368/374|[from] recoil|[of] p1a: Ampharos","|-curestatus|p1a: Ampharos|slp","|move|p1a: Ampharos|Dragon Pulse|p2a: Staraptor","|-damage|p2a: Staraptor|122/374","|","|-heal|p2a: Staraptor|145/374|[from] item: Leftovers","|turn|29","|","|move|p2a: Staraptor|Brave Bird|p1a: Ampharos","|-resisted|p1a: Ampharos","|-damage|p1a: Ampharos|264/321","|-damage|p2a: Staraptor|139/374|[from] recoil|[of] p1a: Ampharos","|move|p1a: Ampharos|Dragon Pulse|p2a: Staraptor","|-damage|p2a: Staraptor|0 fnt","|faint|p2a: Staraptor","|","|","|switch|p2a: Braviary|Braviary, M|142/341","|turn|30","|","|move|p2a: Braviary|Brave Bird|p1a: Ampharos","|-resisted|p1a: Ampharos","|-damage|p1a: Ampharos|245/321","|-damage|p2a: Braviary|136/341|[from] recoil|[of] p1a: Ampharos","|move|p1a: Ampharos|Dragon Pulse|p2a: Braviary","|-damage|p2a: Braviary|0 fnt","|faint|p2a: Braviary","|","|win|Intern Twizz"],"p1rating":{"entryid":"7448162","serverid":"eos","formatid":"monotype","userid":"interntwizz","username":"Intern Twizz","w":26,"l":"19","t":"0","gxe":56.6,"r":"1543.3992484387","rd":"51.111942211206","sigma":"0","rptime":"1439283600","rpr":1550.2095235804,"rprd":50.626628634366,"rpsigma":"0","acre":1255.5844559518,"lacre":1255.5844559518,"oldacre":"1241.0680448611"},"p2rating":{"entryid":"7546123","serverid":"eos","formatid":"monotype","userid":"myteamthobruh","username":"my team tho bruh","w":"3","l":2,"t":"0","gxe":53.3,"r":"1535.3915379847","rd":"110.4606605104","sigma":"0","rptime":"1439283600","rpr":1526.3018554416,"rprd":101.41027381369,"rpsigma":"0","acre":1072.5210559315,"lacre":1072.5210559315,"oldacre":"1085.8007326061"},"endType":"normal"}