{"seed":[29371,24592,62989,61621],"turns":27,"p1":"Carnie Wight","p2":"Guard Wulf - ⒶⒻⓀ","p1team":[{"name":"Peace","species":"victini","item":"choicescarf","ability":"Victory Star","moves":["boltstrike","vcreate","uturn","zenheadbutt"],"nature":"Jolly","evs":{"hp":0,"atk":252,"def":0,"spa":0,"spd":4,"spe":252},"ivs":{"hp":31,"atk":31,"def":31,"spa":31,"spd":31,"spe":31}},{"name":"Innocent","species":"jirachi","item":"choicescarf","ability":"Serene Grace","moves":["ironhead","firepunch","icepunch","healingwish"],"nature":"Adamant","evs":{"hp":224,"atk":252,"def":0,"spa":0,"spd":0,"spe":32},"ivs":{"hp":31,"atk":31,"def":31,"spa":31,"spd":31,"spe":31}},{"name":"Marry me","species":"gardevoir","item":"gardevoirite","ability":"Synchronize","moves":["calmmind","hyperbeam","focusblast","thunderbolt"],"nature":"Modest","evs":{"hp":248,"atk":0,"def":0,"spa":252,"spd":8,"spe":0},"gender":"F","shiny":true,"ivs":{"hp":31,"atk":31,"def":31,"spa":31,"spd":31,"spe":31}},{"name":"Celery","species":"celebi","item":"leftovers","ability":"Natural Cure","moves":["gigadrain","rest","leechseed","stealthrock"],"nature":"Calm","evs":{"hp":252,"atk":0,"def":0,"spa":0,"spd":220,"spe":36},"ivs":{"hp":31,"atk":31,"def":31,"spa":31,"spd":31,"spe":31}},{"name":"Latinos","species":"latios","item":"choicescarf","ability":"Levitate","moves":["defog","thunderbolt","dracometeor","psyshock"],"nature":"Modest","evs":{"hp":0,"atk":0,"def":0,"spa":252,"spd":4,"spe":252},"ivs":{"hp":31,"atk":31,"def":31,"spa":31,"spd":31,"spe":31}},{"name":"Kawaii","species":"reuniclus","item":"leftovers","ability":"Magic Guard","moves":["recover","calmmind","psyshock","shadowball"],"nature":"Bold","evs":{"hp":252,"atk":0,"def":252,"spa":4,"spd":0,"spe":0},"gender":"F","ivs":{"hp":31,"atk":31,"def":31,"spa":31,"spd":31,"spe":31}}],"p2team":[{"name":"Jirachi","species":"Jirachi","item":"choicescarf","ability":"Serene Grace","moves":["ironhead","uturn","firepunch","zenheadbutt"],"nature":"Jolly","evs":{"hp":0,"atk":252,"def":0,"spa":0,"spd":4,"spe":252},"ivs":{"hp":31,"atk":31,"def":31,"spa":31,"spd":31,"spe":31}},{"name":"Heatran","species":"Heatran","item":"airballoon","ability":"Flash Fire","moves":["lavaplume","ancientpower","earthpower","willowisp"],"nature":"Modest","evs":{"hp":248,"atk":0,"def":0,"spa":252,"spd":8,"spe":0},"ivs":{"hp":31,"atk":31,"def":31,"spa":31,"spd":31,"spe":31}},{"name":"Ferrothorn","species":"Ferrothorn","item":"leftovers","ability":"Iron Barbs","moves":["leechseed","spikes","seedbomb","protect"],"nature":"Careful","evs":{"hp":92,"atk":0,"def":164,"spa":0,"spd":252,"spe":0},"ivs":{"hp":31,"atk":31,"def":31,"spa":31,"spd":31,"spe":31}},{"name":"Skarmory","species":"Skarmory","item":"leftovers","ability":"Sturdy","moves":["stealthrock","whirlwind","roost","bravebird"],"nature":"Impish","evs":{"hp":252,"atk":0,"def":232,"spa":0,"spd":0,"spe":24},"ivs":{"hp":31,"atk":31,"def":31,"spa":31,"spd":31,"spe":31}},{"name":"Scizor","species":"Scizor","item":"scizorite","ability":"Technician","moves":["superpower","swordsdance","bulletpunch","bugbite"],"nature":"Adamant","evs":{"hp":248,"atk":252,"def":0,"spa":0,"spd":8,"spe":0},"ivs":{"hp":31,"atk":31,"def":31,"spa":31,"spd":31,"spe":31}},{"name":"Magnezone","species":"Magnezone","item":"airballoon","ability":"Analytic","moves":["thunderbolt","hiddenpowerice","voltswitch","flashcannon"],"nature":"Modest","evs":{"hp":248,"atk":0,"def":0,"spa":252,"spd":8,"spe":0},"ivs":{"hp":31,"atk":30,"def":30,"spa":31,"spd":31,"spe":31}}],"log":["|player|p1|Carnie Wight|106","|player|p2|Guard Wulf - ⒶⒻⓀ|163","|gametype|singles","|gen|6","|tier|Monotype","|rated","|rule|Baton Pass Clause: Limit one Baton Passer, can't pass Spe and other stats simultaneously","|rule|Swagger Clause: Swagger is banned","|rule|Same Type Clause: Pokémon in a team must share a type","|clearpoke","|poke|p1|Victini","|poke|p1|Jirachi","|poke|p1|Gardevoir, F, shiny","|poke|p1|Celebi","|poke|p1|Latios, M","|poke|p1|Reuniclus, F","|poke|p2|Jirachi","|poke|p2|Heatran, F","|poke|p2|Ferrothorn, F","|poke|p2|Skarmory, F","|poke|p2|Scizor, F","|poke|p2|Magnezone","|rule|Sleep Clause Mod: Limit one foe put to sleep","|rule|Species Clause: Limit one of each Pokémon","|rule|OHKO Clause: OHKO moves are banned","|rule|Moody Clause: Moody is banned","|rule|Evasion Moves Clause: Evasion moves are banned","|rule|Endless Battle Clause: Forcing endless battles is banned","|rule|HP Percentage Mod: HP is shown in percentages","|teampreview","|","|start","|switch|p1a: Innocent|Jirachi|397/397","|switch|p2a: Jirachi|Jirachi|341/341","|turn|1","|","|move|p2a: Jirachi|Fire Punch|p1a: Innocent","|-supereffective|p1a: Innocent","|-damage|p1a: Innocent|243/397","|-status|p1a: Innocent|brn","|move|p1a: Innocent|Fire Punch|p2a: Jirachi","|-supereffective|p2a: Jirachi","|-damage|p2a: Jirachi|254/341","|","|-damage|p1a: Innocent|194/397 brn|[from] brn","|turn|2","|","|switch|p2a: Heatran|Heatran, F|385/385","|-item|p2a: Heatran|Air Balloon","|move|p1a: Innocent|Fire Punch|p2a: Heatran","|-start|p2a: Heatran|ability: Flash Fire","|","|-damage|p1a: Innocent|145/397 brn|[from] brn","|turn|3","|","|switch|p1a: Latinos|Latios, M|301/301","|move|p2a: Heatran|Lava Plume|p1a: Latinos","|-resisted|p1a: Latinos","|-damage|p1a: Latinos|192/301","|-status|p1a: Latinos|brn","|","|-damage|p1a: Latinos|155/301 brn|[from] brn","|turn|4","|","|-end|p2a: Heatran|ability: Flash Fire|[silent]","|switch|p2a: Ferrothorn|Ferrothorn, F|312/312","|move|p1a: Latinos|Thunderbolt|p2a: Ferrothorn","|-resisted|p2a: Ferrothorn","|-damage|p2a: Ferrothorn|276/312","|","|-heal|p2a: Ferrothorn|295/312|[from] item: Leftovers","|-damage|p1a: Latinos|118/301 brn|[from] brn","|turn|5","|","|switch|p1a: Kawaii|Reuniclus, F|424/424","|move|p2a: Ferrothorn|Spikes|p1a: Kawaii","|-sidestart|p1: Carnie Wight|Spikes","|","|-heal|p2a: Ferrothorn|312/312|[from] item: Leftovers","|turn|6","|","|move|p1a: Kawaii|Calm Mind|p1a: Kawaii","|-boost|p1a: Kawaii|spa|1","|-boost|p1a: Kawaii|spd|1","|move|p2a: Ferrothorn|Leech Seed|p1a: Kawaii","|-start|p1a: Kawaii|move: Leech Seed","|","|turn|7","|","|move|p1a: Kawaii|Calm Mind|p1a: Kawaii","|-boost|p1a: Kawaii|spa|1","|-boost|p1a: Kawaii|spd|1","|move|p2a: Ferrothorn|Spikes|p1a: Kawaii","|-sidestart|p1: Carnie Wight|Spikes","|","|turn|8","|","|move|p1a: Kawaii|Calm Mind|p1a: Kawaii","|-boost|p1a: Kawaii|spa|1","|-boost|p1a: Kawaii|spd|1","|move|p2a: Ferrothorn|Spikes|p1a: Kawaii","|-sidestart|p1: Carnie Wight|Spikes","|","|turn|9","|","|move|p1a: Kawaii|Calm Mind|p1a: Kawaii","|-boost|p1a: Kawaii|spa|1","|-boost|p1a: Kawaii|spd|1","|move|p2a: Ferrothorn|Seed Bomb|p1a: Kawaii","|-damage|p1a: Kawaii|345/424","|","|-heal|p1a: Kawaii|371/424|[from] item: Leftovers","|turn|10","|","|move|p1a: Kawaii|Shadow Ball|p2a: Ferrothorn","|-damage|p2a: Ferrothorn|175/312","|move|p2a: Ferrothorn|Seed Bomb|p1a: Kawaii","|-damage|p1a: Kawaii|296/424","|","|-heal|p1a: Kawaii|322/424|[from] item: Leftovers","|-heal|p2a: Ferrothorn|194/312|[from] item: Leftovers","|turn|11","|","|move|p1a: Kawaii|Calm Mind|p1a: Kawaii","|-boost|p1a: Kawaii|spa|1","|-boost|p1a: Kawaii|spd|1","|move|p2a: Ferrothorn|Seed Bomb|p1a: Kawaii","|-damage|p1a: Kawaii|247/424","|","|-heal|p1a: Kawaii|273/424|[from] item: Leftovers","|-heal|p2a: Ferrothorn|213/312|[from] item: Leftovers","|turn|12","|","|move|p1a: Kawaii|Recover|p1a: Kawaii","|-heal|p1a: Kawaii|424/424","|move|p2a: Ferrothorn|Seed Bomb|p1a: Kawaii","|-damage|p1a: Kawaii|340/424","|","|-heal|p1a: Kawaii|366/424|[from] item: Leftovers","|-heal|p2a: Ferrothorn|232/312|[from] item: Leftovers","|turn|13","|","|move|p1a: Kawaii|Calm Mind|p1a: Kawaii","|-boost|p1a: Kawaii|spa|1","|-boost|p1a: Kawaii|spd|1","|move|p2a: Ferrothorn|Seed Bomb|p1a: Kawaii","|-damage|p1a: Kawaii|284/424","|","|-heal|p1a: Kawaii|310/424|[from] item: Leftovers","|-heal|p2a: Ferrothorn|251/312|[from] item: Leftovers","|turn|14","|","|move|p1a: Kawaii|Recover|p1a: Kawaii","|-heal|p1a: Kawaii|424/424","|move|p2a: Ferrothorn|Seed Bomb|p1a: Kawaii","|-damage|p1a: Kawaii|348/424","|","|-heal|p1a: Kawaii|374/424|[from] item: Leftovers","|-heal|p2a: Ferrothorn|270/312|[from] item: Leftovers","|turn|15","|","|move|p1a: Kawaii|Psyshock|p2a: Ferrothorn","|-resisted|p2a: Ferrothorn","|-damage|p2a: Ferrothorn|123/312","|move|p2a: Ferrothorn|Seed Bomb|p1a: Kawaii","|-damage|p1a: Kawaii|293/424","|","|-heal|p1a: Kawaii|319/424|[from] item: Leftovers","|-heal|p2a: Ferrothorn|142/312|[from] item: Leftovers","|turn|16","|","|move|p1a: Kawaii|Psyshock|p2a: Ferrothorn","|-resisted|p2a: Ferrothorn","|-damage|p2a: Ferrothorn|0 fnt","|faint|p2a: Ferrothorn","|","|-heal|p1a: Kawaii|345/424|[from] item: Leftovers","|","|switch|p2a: Skarmory|Skarmory, F|334/334","|turn|17","|","|move|p1a: Kawaii|Shadow Ball|p2a: Skarmory","|-ability|p2a: Skarmory|Sturdy","|-damage|p2a: Skarmory|1/334","|-unboost|p2a: Skarmory|spd|1","|move|p2a: Skarmory|Whirlwind|p1a: Kawaii","|drag|p1a: Celery|Celebi|404/404","|-damage|p1a: Celery|303/404|[from] Spikes","|","|-heal|p1a: Celery|328/404|[from] item: Leftovers","|-heal|p2a: Skarmory|21/334|[from] item: Leftovers","|turn|18","|","|move|p1a: Celery|Leech Seed|p2a: Skarmory","|-start|p2a: Skarmory|move: Leech Seed","|move|p2a: Skarmory|Stealth Rock|p1a: Celery","|-sidestart|p1: Carnie Wight|move: Stealth Rock","|","|-heal|p1a: Celery|353/404|[from] item: Leftovers","|-heal|p2a: Skarmory|41/334|[from] item: Leftovers","|-damage|p2a: Skarmory|0 fnt|[from] Leech Seed|[of] p1a: Celery","|-heal|p1a: Celery|394/404|[silent]","|faint|p2a: Skarmory","|","|switch|p2a: Scizor|Scizor, F|343/343","|turn|19","|","|detailschange|p2a: Scizor|Scizor-Mega, F","|-mega|p2a: Scizor|Scizor|Scizorite","|move|p1a: Celery|Stealth Rock|p2a: Scizor","|-sidestart|p2: Guard Wulf - ⒶⒻⓀ|move: Stealth Rock","|move|p2a: Scizor|Swords Dance|p2a: Scizor","|-boost|p2a: Scizor|atk|2","|","|-heal|p1a: Celery|404/404|[from] item: Leftovers","|turn|20","|","|move|p1a: Celery|Leech Seed|p2a: Scizor","|-start|p2a: Scizor|move: Leech Seed","|move|p2a: Scizor|Swords Dance|p2a: Scizor","|-boost|p2a: Scizor|atk|2","|","|-damage|p2a: Scizor|301/343|[from] Leech Seed|[of] p1a: Celery","|turn|21","|","|move|p1a: Celery|Giga Drain|p2a: Scizor","|-resisted|p2a: Scizor","|-damage|p2a: Scizor|279/343","|move|p2a: Scizor|Swords Dance|p2a: Scizor","|-boost|p2a: Scizor|atk|2","|","|-damage|p2a: Scizor|237/343|[from] Leech Seed|[of] p1a: Celery","|turn|22","|","|move|p1a: Celery|Giga Drain|p2a: Scizor","|-resisted|p2a: Scizor","|-damage|p2a: Scizor|214/343","|move|p2a: Scizor|Bug Bite|p1a: Celery","|-supereffective|p1a: Celery","|-damage|p1a: Celery|0 fnt","|faint|p1a: Celery","|","|","|switch|p1a: Peace|Victini|341/341","|-damage|p1a: Peace|256/341|[from] Stealth Rock","|-damage|p1a: Peace|171/341|[from] Spikes","|turn|23","|","|move|p2a: Scizor|Bullet Punch|p1a: Peace","|-resisted|p1a: Peace","|-damage|p1a: Peace|0 fnt","|faint|p1a: Peace","|","|","|switch|p1a: Kawaii|Reuniclus, F|345/424","|turn|24","|","|move|p2a: Scizor|Bullet Punch|p1a: Kawaii","|-damage|p1a: Kawaii|0 fnt","|faint|p1a: Kawaii","|","|","|switch|p1a: Latinos|Latios, M|118/301 brn","|-damage|p1a: Latinos|81/301 brn|[from] Stealth Rock","|turn|25","|","|move|p2a: Scizor|Bullet Punch|p1a: Latinos","|-damage|p1a: Latinos|0 fnt","|faint|p1a: Latinos","|","|","|switch|p1a: Marry me|Gardevoir, F, shiny|339/339","|-damage|p1a: Marry me|297/339|[from] Stealth Rock","|-damage|p1a: Marry me|213/339|[from] Spikes","|turn|26","|","|detailschange|p1a: Marry me|Gardevoir-Mega, F, shiny","|-mega|p1a: Marry me|Gardevoir|Gardevoirite","|move|p2a: Scizor|Bullet Punch|p1a: Marry me","|-supereffective|p1a: Marry me","|-damage|p1a: Marry me|0 fnt","|faint|p1a: Marry me","|","|","|switch|p1a: Innocent|Jirachi|145/397 brn","|-damage|p1a: Innocent|121/397 brn|[from] Stealth Rock","|-damage|p1a: Innocent|22/397 brn|[from] Spikes","|turn|27","|","|switch|p2a: Heatran|Heatran, F|385/385","|-damage|p2a: Heatran|337/385|[from] Stealth Rock","|-item|p2a: Heatran|Air Balloon","|move|p1a: Innocent|Healing Wish|p1a: Innocent","|-fail|p1a: Innocent","|","|-damage|p1a: Innocent|0 fnt|[from] brn","|faint|p1a: Innocent","|","|win|Guard Wulf - ⒶⒻⓀ"],"p1rating":{"entryid":"6265736","serverid":"eos","formatid":"monotype","userid":"carniewight","username":"Carnie Wight","w":"56","l":46,"t":"0","gxe":55.5,"r":"1526.335148725","rd":"44.825413239217","sigma":"0","rptime":"1439283600","rpr":1541.582155056,"rprd":43.217727590113,"rpsigma":"0","acre":1187.3679895484,"lacre":1187.3679895484,"oldacre":"1213.18641716"},"p2rating":{"entryid":"7326062","serverid":"eos","formatid":"monotype","userid":"guardwulf","username":"Guard Wulf","w":49,"l":"25","t":"0","gxe":62.9,"r":"1588.0764719854","rd":"43.813565601415","sigma":"0","rptime":"1439283600","rpr":1600.3687597357,"rprd":42.117434947314,"rpsigma":"0","acre":1227.6267438469,"lacre":1227.6267438469,"oldacre":"1201.8083162353"},"endType":"normal"}