{"seed":[56012,38931,8500,11035],"turns":24,"p1":"Lazulite Leavanny","p2":"GTX♅Prolixity","p1team":[{"name":"Porygon-Z","species":"Porygon-Z","item":"choicespecs","ability":"Adaptability","moves":["triattack","shadowball","discharge","icebeam"],"nature":"Modest","evs":{"hp":248,"atk":0,"def":0,"spa":252,"spd":8,"spe":0},"ivs":{"hp":31,"atk":31,"def":31,"spa":31,"spd":31,"spe":31}},{"name":"Porygon2","species":"Porygon2","item":"eviolite","ability":"Analytic","moves":["thunderbolt","icebeam","recover","triattack"],"nature":"Modest","evs":{"hp":248,"atk":0,"def":0,"spa":252,"spd":8,"spe":0},"ivs":{"hp":31,"atk":31,"def":31,"spa":31,"spd":31,"spe":31}},{"name":"Ditto","species":"Ditto","item":"choicescarf","ability":"Imposter","moves":["transform"],"nature":"","evs":{"hp":0,"atk":0,"def":0,"spa":0,"spd":0,"spe":0},"ivs":{"hp":31,"atk":31,"def":31,"spa":31,"spd":31,"spe":31}},{"name":"Snorlax","species":"Snorlax","item":"leftovers","ability":"Immunity","moves":["rest","sleeptalk","bodyslam","curse"],"nature":"Careful","evs":{"hp":252,"atk":4,"def":0,"spa":0,"spd":252,"spe":0},"ivs":{"hp":31,"atk":31,"def":31,"spa":31,"spd":31,"spe":31}},{"name":"Lopunny","species":"Lopunny","item":"lopunnite","ability":"Cute Charm","moves":["fakeout","return","highjumpkick","thunderpunch"],"nature":"Jolly","evs":{"hp":0,"atk":252,"def":0,"spa":0,"spd":4,"spe":252},"ivs":{"hp":31,"atk":31,"def":31,"spa":31,"spd":31,"spe":31}},{"name":"Chansey","species":"Chansey","item":"eviolite","ability":"Serene Grace","moves":["toxic","seismictoss","psychic","softboiled"],"nature":"Bold","evs":{"hp":248,"atk":0,"def":252,"spa":8,"spd":0,"spe":0},"ivs":{"hp":31,"atk":31,"def":31,"spa":31,"spd":31,"spe":31}}],"p2team":[{"name":"Keldeo","species":"Keldeo","item":"lifeorb","ability":"Justified","moves":["icywind","secretsword","scald","hiddenpowerfire"],"nature":"Timid","evs":{"hp":0,"atk":0,"def":4,"spa":252,"spd":0,"spe":252},"ivs":{"hp":31,"atk":30,"def":31,"spa":30,"spd":31,"spe":30}},{"name":"Sharpedo","species":"Sharpedo","item":"sharpedonite","ability":"Speed Boost","moves":["waterfall","protect","crunch","earthquake"],"nature":"Adamant","evs":{"hp":0,"atk":252,"def":0,"spa":0,"spd":4,"spe":252},"shiny":true,"ivs":{"hp":31,"atk":31,"def":31,"spa":31,"spd":31,"spe":31}},{"name":"Empoleon","species":"Empoleon","item":"assaultvest","ability":"Defiant","moves":["surf","icebeam","flashcannon","grassknot"],"nature":"Sassy","evs":{"hp":252,"atk":0,"def":0,"spa":4,"spd":252,"spe":0},"shiny":true,"ivs":{"hp":31,"atk":31,"def":31,"spa":31,"spd":31,"spe":31}},{"name":"Cloyster","species":"Cloyster","item":"focussash","ability":"Skill Link","moves":["iciclespear","rockblast","shellsmash","razorshell"],"nature":"Adamant","evs":{"hp":0,"atk":252,"def":0,"spa":0,"spd":4,"spe":252},"shiny":true,"ivs":{"hp":31,"atk":31,"def":31,"spa":31,"spd":31,"spe":31}},{"name":"Tentacruel","species":"Tentacruel","item":"leftovers","ability":"Liquid Ooze","moves":["toxicspikes","scald","rapidspin","acidspray"],"nature":"Timid","evs":{"hp":252,"atk":0,"def":0,"spa":0,"spd":244,"spe":12},"shiny":true,"ivs":{"hp":31,"atk":31,"def":31,"spa":31,"spd":31,"spe":31}},{"name":"Seismitoad","species":"Seismitoad","item":"enigmaberry","ability":"Poison Touch","moves":["drainpunch","earthquake","knockoff","sludgebomb"],"nature":"Lonely","evs":{"hp":0,"atk":252,"def":0,"spa":252,"spd":0,"spe":4},"ivs":{"hp":31,"atk":31,"def":31,"spa":31,"spd":31,"spe":31}}],"log":["|player|p1|Lazulite Leavanny|290","|player|p2|GTX♅Prolixity|11","|gametype|singles","|gen|6","|tier|Monotype","|rated","|rule|Baton Pass Clause: Limit one Baton Passer, can't pass Spe and other stats simultaneously","|rule|Swagger Clause: Swagger is banned","|rule|Same Type Clause: Pokémon in a team must share a type","|clearpoke","|poke|p1|Porygon-Z","|poke|p1|Porygon2","|poke|p1|Ditto","|poke|p1|Snorlax, F","|poke|p1|Lopunny, F","|poke|p1|Chansey, F","|poke|p2|Keldeo","|poke|p2|Sharpedo, F, shiny","|poke|p2|Empoleon, F, shiny","|poke|p2|Cloyster, M, shiny","|poke|p2|Tentacruel, M, shiny","|poke|p2|Seismitoad, F","|rule|Sleep Clause Mod: Limit one foe put to sleep","|rule|Species Clause: Limit one of each Pokémon","|rule|OHKO Clause: OHKO moves are banned","|rule|Moody Clause: Moody is banned","|rule|Evasion Moves Clause: Evasion moves are banned","|rule|Endless Battle Clause: Forcing endless battles is banned","|rule|HP Percentage Mod: HP is shown in percentages","|teampreview","|","|start","|switch|p1a: Porygon-Z|Porygon-Z|373/373","|switch|p2a: Empoleon|Empoleon, F, shiny|372/372","|turn|1","|","|move|p1a: Porygon-Z|Tri Attack|p2a: Empoleon","|-resisted|p2a: Empoleon","|-damage|p2a: Empoleon|297/372","|move|p2a: Empoleon|Ice Beam|p1a: Porygon-Z","|-damage|p1a: Porygon-Z|270/373","|","|turn|2","|","|switch|p1a: Porygon2|Porygon2|373/373","|move|p2a: Empoleon|Ice Beam|p1a: Porygon2","|-damage|p1a: Porygon2|320/373","|","|turn|3","|","|move|p1a: Porygon2|Thunderbolt|p2a: Empoleon","|-supereffective|p2a: Empoleon","|-damage|p2a: Empoleon|197/372","|move|p2a: Empoleon|Flash Cannon|p1a: Porygon2","|-damage|p1a: Porygon2|245/373","|-unboost|p1a: Porygon2|spd|1","|","|turn|4","|","|move|p1a: Porygon2|Thunderbolt|p2a: Empoleon","|-supereffective|p2a: Empoleon","|-damage|p2a: Empoleon|97/372","|move|p2a: Empoleon|Surf|p1a: Porygon2","|-damage|p1a: Porygon2|115/373","|","|turn|5","|","|move|p1a: Porygon2|Thunderbolt|p2a: Empoleon","|-supereffective|p2a: Empoleon","|-damage|p2a: Empoleon|7/372","|move|p2a: Empoleon|Surf|p1a: Porygon2","|-damage|p1a: Porygon2|0 fnt","|faint|p1a: Porygon2","|","|","|switch|p1a: Snorlax|Snorlax, F|524/524","|turn|6","|","|move|p2a: Empoleon|Surf|p1a: Snorlax","|-damage|p1a: Snorlax|448/524","|move|p1a: Snorlax|Curse|p1a: Snorlax","|-unboost|p1a: Snorlax|spe|1","|-boost|p1a: Snorlax|atk|1","|-boost|p1a: Snorlax|def|1","|","|-heal|p1a: Snorlax|480/524|[from] item: Leftovers","|turn|7","|","|move|p2a: Empoleon|Ice Beam|p1a: Snorlax","|-damage|p1a: Snorlax|425/524","|move|p1a: Snorlax|Curse|p1a: Snorlax","|-unboost|p1a: Snorlax|spe|1","|-boost|p1a: Snorlax|atk|1","|-boost|p1a: Snorlax|def|1","|","|-heal|p1a: Snorlax|457/524|[from] item: Leftovers","|turn|8","|","|move|p2a: Empoleon|Grass Knot|p1a: Snorlax","|-crit|p1a: Snorlax","|-damage|p1a: Snorlax|356/524","|move|p1a: Snorlax|Body Slam|p2a: Empoleon","|-resisted|p2a: Empoleon","|-damage|p2a: Empoleon|0 fnt","|faint|p2a: Empoleon","|","|-heal|p1a: Snorlax|388/524|[from] item: Leftovers","|","|switch|p2a: Keldeo|Keldeo|323/323","|turn|9","|","|move|p2a: Keldeo|Secret Sword|p1a: Snorlax","|-supereffective|p1a: Snorlax","|-damage|p1a: Snorlax|128/524","|-damage|p2a: Keldeo|291/323|[from] item: Life Orb","|move|p1a: Snorlax|Body Slam|p2a: Keldeo","|-damage|p2a: Keldeo|41/323","|-status|p2a: Keldeo|par","|","|-heal|p1a: Snorlax|160/524|[from] item: Leftovers","|turn|10","|","|cant|p2a: Keldeo|par","|move|p1a: Snorlax|Rest|p1a: Snorlax","|-status|p1a: Snorlax|slp","|-heal|p1a: Snorlax|524/524 slp|[silent]","|-status|p1a: Snorlax|slp|[from] move: Rest","|","|turn|11","|","|move|p2a: Keldeo|Hidden Power|p1a: Snorlax","|-damage|p1a: Snorlax|466/524 slp","|-damage|p2a: Keldeo|9/323 par|[from] item: Life Orb","|cant|p1a: Snorlax|slp","|move|p1a: Snorlax|Sleep Talk|p1a: Snorlax","|move|p1a: Snorlax|Rest|p1a: Snorlax|[from]Sleep Talk","|-fail|p1a: Snorlax","|","|-heal|p1a: Snorlax|498/524 slp|[from] item: Leftovers","|turn|12","|","|move|p2a: Keldeo|Secret Sword|p1a: Snorlax","|-supereffective|p1a: Snorlax","|-damage|p1a: Snorlax|202/524 slp","|-damage|p2a: Keldeo|0 fnt|[from] item: Life Orb","|faint|p2a: Keldeo","|cant|p1a: Snorlax|slp","|move|p1a: Snorlax|Sleep Talk|p1a: Snorlax","|move|p1a: Snorlax|Rest|p1a: Snorlax|[from]Sleep Talk","|-fail|p1a: Snorlax","|","|-heal|p1a: Snorlax|234/524 slp|[from] item: Leftovers","|","|switch|p2a: Seismitoad|Seismitoad, F|351/351","|turn|13","|","|move|p2a: Seismitoad|Drain Punch|p1a: Snorlax","|-supereffective|p1a: Snorlax","|-damage|p1a: Snorlax|124/524 slp","|-curestatus|p1a: Snorlax|slp","|move|p1a: Snorlax|Curse|p1a: Snorlax","|-unboost|p1a: Snorlax|spe|1","|-boost|p1a: Snorlax|atk|1","|-boost|p1a: Snorlax|def|1","|","|-heal|p1a: Snorlax|156/524|[from] item: Leftovers","|turn|14","|","|move|p2a: Seismitoad|Knock Off|p1a: Snorlax","|-damage|p1a: Snorlax|99/524","|-enditem|p1a: Snorlax|Leftovers|[from] move: Knock Off|[of] p2a: Seismitoad","|move|p1a: Snorlax|Rest|p1a: Snorlax","|-status|p1a: Snorlax|slp","|-heal|p1a: Snorlax|524/524 slp|[silent]","|-status|p1a: Snorlax|slp|[from] move: Rest","|","|turn|15","|","|move|p2a: Seismitoad|Sludge Bomb|p1a: Snorlax","|-damage|p1a: Snorlax|472/524 slp","|cant|p1a: Snorlax|slp","|move|p1a: Snorlax|Sleep Talk|p1a: Snorlax","|move|p1a: Snorlax|Curse|p1a: Snorlax|[from]Sleep Talk","|-unboost|p1a: Snorlax|spe|1","|-boost|p1a: Snorlax|atk|1","|-boost|p1a: Snorlax|def|1","|","|turn|16","|","|move|p2a: Seismitoad|Earthquake|p1a: Snorlax","|-damage|p1a: Snorlax|403/524 slp","|cant|p1a: Snorlax|slp","|move|p1a: Snorlax|Sleep Talk|p1a: Snorlax","|move|p1a: Snorlax|Curse|p1a: Snorlax|[from]Sleep Talk","|-unboost|p1a: Snorlax|spe|1","|-boost|p1a: Snorlax|atk|1","|-boost|p1a: Snorlax|def|1","|","|turn|17","|","|move|p2a: Seismitoad|Sludge Bomb|p1a: Snorlax","|-damage|p1a: Snorlax|343/524 slp","|-curestatus|p1a: Snorlax|slp","|move|p1a: Snorlax|Curse|p1a: Snorlax","|-unboost|p1a: Snorlax|spe|1","|-boost|p1a: Snorlax|atk|1","|-boost|p1a: Snorlax|def|1","|","|turn|18","|","|move|p2a: Seismitoad|Sludge Bomb|p1a: Snorlax","|-damage|p1a: Snorlax|283/524","|move|p1a: Snorlax|Body Slam|p2a: Seismitoad","|-damage|p2a: Seismitoad|0 fnt","|faint|p2a: Seismitoad","|","|","|switch|p2a: Cloyster|Cloyster, M, shiny|241/241","|turn|19","|","|move|p2a: Cloyster|Shell Smash|p2a: Cloyster","|-unboost|p2a: Cloyster|def|1","|-unboost|p2a: Cloyster|spd|1","|-boost|p2a: Cloyster|atk|2","|-boost|p2a: Cloyster|spa|2","|-boost|p2a: Cloyster|spe|2","|move|p1a: Snorlax|Body Slam|p2a: Cloyster","|-enditem|p2a: Cloyster|Focus Sash","|-damage|p2a: Cloyster|1/241","|-status|p2a: Cloyster|par","|","|turn|20","|","|move|p2a: Cloyster|Rock Blast|p1a: Snorlax","|-damage|p1a: Snorlax|263/524","|-damage|p1a: Snorlax|243/524","|-damage|p1a: Snorlax|225/524","|-damage|p1a: Snorlax|204/524","|-damage|p1a: Snorlax|182/524","|-hitcount|p1a: Snorlax|5","|move|p1a: Snorlax|Body Slam|p2a: Cloyster","|-damage|p2a: Cloyster|0 fnt","|faint|p2a: Cloyster","|","|","|switch|p2a: Tentacruel|Tentacruel, M, shiny|364/364","|turn|21","|","|move|p2a: Tentacruel|Scald|p1a: Snorlax","|-damage|p1a: Snorlax|131/524","|move|p1a: Snorlax|Rest|p1a: Snorlax","|-status|p1a: Snorlax|slp","|-heal|p1a: Snorlax|524/524 slp|[silent]","|-status|p1a: Snorlax|slp|[from] move: Rest","|","|turn|22","|","|move|p2a: Tentacruel|Acid Spray|p1a: Snorlax","|-damage|p1a: Snorlax|496/524 slp","|-unboost|p1a: Snorlax|spd|2","|cant|p1a: Snorlax|slp","|move|p1a: Snorlax|Sleep Talk|p1a: Snorlax","|move|p1a: Snorlax|Body Slam|p2a: Tentacruel|[from]Sleep Talk","|-crit|p2a: Tentacruel","|-damage|p2a: Tentacruel|0 fnt","|faint|p2a: Tentacruel","|","|","|switch|p2a: Sharpedo|Sharpedo, F, shiny|281/281","|turn|23","|","|move|p2a: Sharpedo|Protect|p2a: Sharpedo","|-singleturn|p2a: Sharpedo|Protect","|cant|p1a: Snorlax|slp","|move|p1a: Snorlax|Sleep Talk|p1a: Snorlax","|move|p1a: Snorlax|Rest|p1a: Snorlax|[from]Sleep Talk","|-fail|p1a: Snorlax","|","|-boost|p2a: Sharpedo|spe|1|[from] ability: Speed Boost","|turn|24","|","|detailschange|p2a: Sharpedo|Sharpedo-Mega, F, shiny","|-mega|p2a: Sharpedo|Sharpedo|Sharpedonite","|move|p2a: Sharpedo|Crunch|p1a: Snorlax","|-damage|p1a: Snorlax|403/524 slp","|-curestatus|p1a: Snorlax|slp","|move|p1a: Snorlax|Body Slam|p2a: Sharpedo","|-damage|p2a: Sharpedo|0 fnt","|faint|p2a: Sharpedo","|","|win|Lazulite Leavanny"],"p1rating":{"entryid":"7549999","serverid":"eos","formatid":"monotype","userid":"lazuliteleavanny","username":"Lazulite Leavanny","w":5,"l":"3","t":"0","gxe":57,"r":"1551.195063629","rd":"122.13325259017","sigma":"0","rptime":"1439283600","rpr":1555.262798558,"rprd":92.650464186322,"rpsigma":"0","acre":1114.4424406086,"lacre":1114.4424406086,"oldacre":"1091.7255259205"},"p2rating":{"entryid":"7554646","serverid":"eos","formatid":"monotype","userid":"gtxprolixity","username":"GTX♅Prolixity","w":"1","l":4,"t":"0","gxe":42.5,"r":"1500","rd":"130","sigma":"0","rptime":"1439283600","rpr":1440.3354337727,"rprd":101.74657294623,"rpsigma":"0","acre":1030.3084967921,"lacre":1030.3084967921,"oldacre":"1044.7804147791"},"endType":"normal"}