{"seed":[60944,51697,40369,3935],"turns":32,"p1":"samuelwade223","p2":"Imp❇ Jk","p1team":[{"name":"Tentacruel","species":"Tentacruel","item":"blacksludge","ability":"Rain Dish","moves":["toxicspikes","rapidspin","raindance","scald"],"nature":"Timid","evs":{"hp":4,"atk":0,"def":0,"spa":0,"spd":252,"spe":252},"gender":"M","shiny":true,"ivs":{"hp":31,"atk":31,"def":31,"spa":31,"spd":31,"spe":31}},{"name":"Suicune","species":"Suicune","item":"leftovers","ability":"Pressure","moves":["calmmind","scald","rest","sleeptalk"],"nature":"Bold","evs":{"hp":252,"atk":0,"def":252,"spa":4,"spd":0,"spe":0},"shiny":true,"ivs":{"hp":31,"atk":31,"def":31,"spa":31,"spd":31,"spe":31}},{"name":"Gyarados","species":"Gyarados","item":"lumberry","ability":"Moxie","moves":["dragondance","waterfall","earthquake","stoneedge"],"nature":"Jolly","evs":{"hp":4,"atk":252,"def":0,"spa":0,"spd":0,"spe":252},"gender":"F","shiny":true,"ivs":{"hp":31,"atk":31,"def":31,"spa":31,"spd":31,"spe":31}},{"name":"Starmie","species":"Starmie","item":"choicescarf","ability":"Natural Cure","moves":["thunderbolt","trick","hydropump","icebeam"],"nature":"Modest","evs":{"hp":4,"atk":0,"def":0,"spa":252,"spd":0,"spe":252},"shiny":true,"ivs":{"hp":31,"atk":31,"def":31,"spa":31,"spd":31,"spe":31}},{"name":"Azumarill","species":"Azumarill","item":"choiceband","ability":"Huge Power","moves":["waterfall","aquajet","superpower","icepunch"],"nature":"Adamant","evs":{"hp":252,"atk":252,"def":0,"spa":0,"spd":0,"spe":4},"gender":"F","shiny":true,"ivs":{"hp":31,"atk":31,"def":31,"spa":31,"spd":31,"spe":31}},{"name":"Lanturn","species":"Lanturn","item":"leftovers","ability":"Volt Absorb","moves":["thunderwave","scald","chargebeam","icebeam"],"nature":"Calm","evs":{"hp":252,"atk":0,"def":4,"spa":0,"spd":252,"spe":0},"shiny":true,"ivs":{"hp":31,"atk":31,"def":31,"spa":31,"spd":31,"spe":31}}],"p2team":[{"name":"Cobalion","species":"Cobalion","item":"leftovers","ability":"Justified","moves":["thunderwave","ironhead","stealthrock","taunt"],"nature":"Impish","evs":{"hp":252,"atk":4,"def":252,"spa":0,"spd":0,"spe":0},"ivs":{"hp":31,"atk":31,"def":31,"spa":31,"spd":31,"spe":31}},{"name":"Scrafty","species":"Scrafty","item":"leftovers","ability":"Shed Skin","moves":["icepunch","crunch","drainpunch","bulkup"],"nature":"Careful","evs":{"hp":252,"atk":4,"def":0,"spa":0,"spd":252,"spe":0},"ivs":{"hp":31,"atk":31,"def":31,"spa":31,"spd":31,"spe":31}},{"name":"Hitmontop","species":"Hitmontop","item":"assaultvest","ability":"Intimidate","moves":["endeavor","highjumpkick","suckerpunch","rapidspin"],"nature":"Impish","evs":{"hp":252,"atk":0,"def":64,"spa":0,"spd":192,"spe":0},"ivs":{"hp":31,"atk":31,"def":31,"spa":31,"spd":31,"spe":31}},{"name":"Infernape","species":"Infernape","item":"focussash","ability":"Blaze","moves":["flamethrower","vacuumwave","nastyplot","encore"],"nature":"Timid","evs":{"hp":0,"atk":0,"def":0,"spa":252,"spd":0,"spe":252},"ivs":{"hp":31,"atk":31,"def":31,"spa":31,"spd":31,"spe":31}},{"name":"Heracross","species":"Heracross","item":"heracronite","ability":"Moxie","moves":["bulletseed","pinmissile","rockblast","closecombat"],"nature":"Adamant","evs":{"hp":252,"atk":124,"def":132,"spa":0,"spd":0,"spe":0},"ivs":{"hp":31,"atk":31,"def":31,"spa":31,"spd":31,"spe":31}},{"name":"Terrakion","species":"Terrakion","item":"choicescarf","ability":"Justified","moves":["closecombat","stoneedge","earthquake","ironhead"],"nature":"Adamant","evs":{"hp":4,"atk":252,"def":0,"spa":0,"spd":0,"spe":252},"ivs":{"hp":31,"atk":31,"def":31,"spa":31,"spd":31,"spe":31}}],"log":["|player|p1|samuelwade223|290","|player|p2|Imp❇ Jk|93","|gametype|singles","|gen|6","|tier|Monotype","|rated","|rule|Baton Pass Clause: Limit one Baton Passer, can't pass Spe and other stats simultaneously","|rule|Swagger Clause: Swagger is banned","|rule|Same Type Clause: Pokémon in a team must share a type","|clearpoke","|poke|p1|Tentacruel, M, shiny","|poke|p1|Suicune, shiny","|poke|p1|Gyarados, F, shiny","|poke|p1|Starmie, shiny","|poke|p1|Azumarill, F, shiny","|poke|p1|Lanturn, M, shiny","|poke|p2|Cobalion","|poke|p2|Scrafty, F","|poke|p2|Hitmontop, M","|poke|p2|Infernape, F","|poke|p2|Heracross, F","|poke|p2|Terrakion","|rule|Sleep Clause Mod: Limit one foe put to sleep","|rule|Species Clause: Limit one of each Pokémon","|rule|OHKO Clause: OHKO moves are banned","|rule|Moody Clause: Moody is banned","|rule|Evasion Moves Clause: Evasion moves are banned","|rule|Endless Battle Clause: Forcing endless battles is banned","|rule|HP Percentage Mod: HP is shown in percentages","|teampreview","|","|start","|switch|p1a: Tentacruel|Tentacruel, M, shiny|302/302","|switch|p2a: Cobalion|Cobalion|386/386","|turn|1","|","|switch|p2a: Scrafty|Scrafty, F|334/334","|move|p1a: Tentacruel|Toxic Spikes|p2a: Scrafty","|-sidestart|p2: Imp❇ Jk|move: Toxic Spikes","|","|turn|2","|","|move|p1a: Tentacruel|Rain Dance|p1a: Tentacruel","|-weather|RainDance","|move|p2a: Scrafty|Bulk Up|p2a: Scrafty","|-boost|p2a: Scrafty|atk|1","|-boost|p2a: Scrafty|def|1","|","|-weather|RainDance|[upkeep]","|turn|3","|","|move|p1a: Tentacruel|Scald|p2a: Scrafty","|-damage|p2a: Scrafty|264/334","|-status|p2a: Scrafty|brn","|move|p2a: Scrafty|Crunch|p1a: Tentacruel","|-damage|p1a: Tentacruel|218/302","|","|-weather|RainDance|[upkeep]","|-heal|p1a: Tentacruel|236/302|[from] ability: Rain Dish","|-heal|p1a: Tentacruel|254/302|[from] item: Black Sludge","|-heal|p2a: Scrafty|284/334 brn|[from] item: Leftovers","|-damage|p2a: Scrafty|243/334 brn|[from] brn","|turn|4","|","|move|p1a: Tentacruel|Scald|p2a: Scrafty","|-damage|p2a: Scrafty|168/334 brn","|move|p2a: Scrafty|Crunch|p1a: Tentacruel","|-damage|p1a: Tentacruel|166/302","|","|-weather|RainDance|[upkeep]","|-heal|p1a: Tentacruel|184/302|[from] ability: Rain Dish","|-heal|p1a: Tentacruel|202/302|[from] item: Black Sludge","|-heal|p2a: Scrafty|188/334 brn|[from] item: Leftovers","|-damage|p2a: Scrafty|147/334 brn|[from] brn","|turn|5","|","|move|p1a: Tentacruel|Toxic Spikes|p2a: Scrafty","|-sidestart|p2: Imp❇ Jk|move: Toxic Spikes","|move|p2a: Scrafty|Crunch|p1a: Tentacruel","|-damage|p1a: Tentacruel|113/302","|","|-weather|RainDance|[upkeep]","|-heal|p1a: Tentacruel|131/302|[from] ability: Rain Dish","|-heal|p1a: Tentacruel|149/302|[from] item: Black Sludge","|-heal|p2a: Scrafty|167/334 brn|[from] item: Leftovers","|-damage|p2a: Scrafty|126/334 brn|[from] brn","|turn|6","|","|move|p1a: Tentacruel|Scald|p2a: Scrafty","|-damage|p2a: Scrafty|50/334 brn","|move|p2a: Scrafty|Crunch|p1a: Tentacruel","|-damage|p1a: Tentacruel|57/302","|-unboost|p1a: Tentacruel|def|1","|","|-weather|none","|-heal|p1a: Tentacruel|75/302|[from] item: Black Sludge","|-heal|p2a: Scrafty|70/334 brn|[from] item: Leftovers","|-damage|p2a: Scrafty|29/334 brn|[from] brn","|turn|7","|","|move|p1a: Tentacruel|Rain Dance|p1a: Tentacruel","|-weather|RainDance","|move|p2a: Scrafty|Crunch|p1a: Tentacruel","|-damage|p1a: Tentacruel|0 fnt","|faint|p1a: Tentacruel","|","|-weather|RainDance|[upkeep]","|-activate|p2a: Scrafty|ability: Shed Skin","|-curestatus|p2a: Scrafty|brn","|-heal|p2a: Scrafty|49/334|[from] item: Leftovers","|","|switch|p1a: Suicune|Suicune, shiny|404/404","|-ability|p1a: Suicune|Pressure","|turn|8","|","|move|p1a: Suicune|Scald|p2a: Scrafty","|-damage|p2a: Scrafty|0 fnt","|faint|p2a: Scrafty","|","|-weather|RainDance|[upkeep]","|","|switch|p2a: Hitmontop|Hitmontop, M|304/304","|-status|p2a: Hitmontop|tox","|-ability|p2a: Hitmontop|Intimidate","|-unboost|p1a: Suicune|atk|1","|turn|9","|","|move|p1a: Suicune|Calm Mind|p1a: Suicune","|-boost|p1a: Suicune|spa|1","|-boost|p1a: Suicune|spd|1","|move|p2a: Hitmontop|Rapid Spin|p1a: Suicune","|-damage|p1a: Suicune|394/404","|-sideend|p2: Imp❇ Jk|Toxic Spikes|[from] move: Rapid Spin|[of] p2a: Hitmontop","|","|-weather|RainDance|[upkeep]","|-heal|p1a: Suicune|404/404|[from] item: Leftovers","|-damage|p2a: Hitmontop|285/304 tox|[from] psn","|turn|10","|","|switch|p2a: Infernape|Infernape, F|293/293","|move|p1a: Suicune|Calm Mind|p1a: Suicune","|-boost|p1a: Suicune|spa|1","|-boost|p1a: Suicune|spd|1","|","|-weather|RainDance|[upkeep]","|turn|11","|","|move|p2a: Infernape|Encore|p1a: Suicune","|-start|p1a: Suicune|Encore","|move|p1a: Suicune|Calm Mind|p1a: Suicune","|-boost|p1a: Suicune|spa|1","|-boost|p1a: Suicune|spd|1","|","|-weather|none","|turn|12","|","|switch|p2a: Heracross|Heracross, F|364/364","|move|p1a: Suicune|Calm Mind|p1a: Suicune","|-boost|p1a: Suicune|spa|1","|-boost|p1a: Suicune|spd|1","|","|turn|13","|","|switch|p1a: Gyarados|Gyarados, F, shiny|332/332","|detailschange|p2a: Heracross|Heracross-Mega, F","|-mega|p2a: Heracross|Heracross|Heracronite","|move|p2a: Heracross|Bullet Seed|p1a: Gyarados","|-damage|p1a: Gyarados|283/332","|-damage|p1a: Gyarados|236/332","|-damage|p1a: Gyarados|186/332","|-damage|p1a: Gyarados|134/332","|-damage|p1a: Gyarados|85/332","|-hitcount|p1a: Gyarados|5","|","|turn|14","|","|switch|p2a: Cobalion|Cobalion|386/386","|move|p1a: Gyarados|Stone Edge|p2a: Cobalion","|-resisted|p2a: Cobalion","|-damage|p2a: Cobalion|370/386","|","|-heal|p2a: Cobalion|386/386|[from] item: Leftovers","|turn|15","|","|move|p1a: Gyarados|Earthquake|p2a: Cobalion","|-supereffective|p2a: Cobalion","|-damage|p2a: Cobalion|244/386","|move|p2a: Cobalion|Stealth Rock|p1a: Gyarados","|-sidestart|p1: samuelwade223|move: Stealth Rock","|","|-heal|p2a: Cobalion|268/386|[from] item: Leftovers","|turn|16","|","|move|p1a: Gyarados|Earthquake|p2a: Cobalion","|-supereffective|p2a: Cobalion","|-damage|p2a: Cobalion|140/386","|move|p2a: Cobalion|Thunder Wave|p1a: Gyarados","|-status|p1a: Gyarados|par","|-enditem|p1a: Gyarados|Lum Berry|[eat]","|-curestatus|p1a: Gyarados|par","|","|-heal|p2a: Cobalion|164/386|[from] item: Leftovers","|turn|17","|","|move|p1a: Gyarados|Earthquake|p2a: Cobalion","|-supereffective|p2a: Cobalion","|-damage|p2a: Cobalion|34/386","|move|p2a: Cobalion|Thunder Wave|p1a: Gyarados","|-status|p1a: Gyarados|par","|","|-heal|p2a: Cobalion|58/386|[from] item: Leftovers","|turn|18","|","|move|p2a: Cobalion|Iron Head|p1a: Gyarados","|-resisted|p1a: Gyarados","|-damage|p1a: Gyarados|34/332 par","|move|p1a: Gyarados|Earthquake|p2a: Cobalion","|-supereffective|p2a: Cobalion","|-damage|p2a: Cobalion|0 fnt","|faint|p2a: Cobalion","|-boost|p1a: Gyarados|atk|1|[from] ability: Moxie","|","|","|switch|p2a: Hitmontop|Hitmontop, M|285/304 tox","|-ability|p2a: Hitmontop|Intimidate","|-unboost|p1a: Gyarados|atk|1","|turn|19","|","|move|p2a: Hitmontop|High Jump Kick|p1a: Gyarados","|-resisted|p1a: Gyarados","|-damage|p1a: Gyarados|0 fnt","|faint|p1a: Gyarados","|","|-damage|p2a: Hitmontop|266/304 tox|[from] psn","|","|switch|p1a: Suicune|Suicune, shiny|404/404","|-damage|p1a: Suicune|354/404|[from] Stealth Rock","|-ability|p1a: Suicune|Pressure","|turn|20","|","|switch|p2a: Infernape|Infernape, F|293/293","|move|p1a: Suicune|Calm Mind|p1a: Suicune","|-boost|p1a: Suicune|spa|1","|-boost|p1a: Suicune|spd|1","|","|-heal|p1a: Suicune|379/404|[from] item: Leftovers","|turn|21","|","|move|p2a: Infernape|Nasty Plot|p2a: Infernape","|-boost|p2a: Infernape|spa|2","|move|p1a: Suicune|Scald|p2a: Infernape","|-supereffective|p2a: Infernape","|-enditem|p2a: Infernape|Focus Sash","|-damage|p2a: Infernape|1/293","|","|-heal|p1a: Suicune|404/404|[from] item: Leftovers","|turn|22","|","|move|p2a: Infernape|Flamethrower|p1a: Suicune","|-resisted|p1a: Suicune","|-damage|p1a: Suicune|272/404","|-status|p1a: Suicune|brn","|move|p1a: Suicune|Scald|p2a: Infernape","|-supereffective|p2a: Infernape","|-damage|p2a: Infernape|0 fnt","|faint|p2a: Infernape","|","|-heal|p1a: Suicune|297/404 brn|[from] item: Leftovers","|-damage|p1a: Suicune|247/404 brn|[from] brn","|","|switch|p2a: Heracross|Heracross-Mega, F|364/364","|turn|23","|","|move|p1a: Suicune|Scald|p2a: Heracross","|-damage|p2a: Heracross|243/364","|move|p2a: Heracross|Bullet Seed|p1a: Suicune","|-supereffective|p1a: Suicune","|-damage|p1a: Suicune|195/404 brn","|-supereffective|p1a: Suicune","|-damage|p1a: Suicune|137/404 brn","|-supereffective|p1a: Suicune","|-damage|p1a: Suicune|87/404 brn","|-supereffective|p1a: Suicune","|-damage|p1a: Suicune|37/404 brn","|-supereffective|p1a: Suicune","|-damage|p1a: Suicune|0 fnt","|-hitcount|p1a: Suicune|5","|faint|p1a: Suicune","|","|","|switch|p1a: Lanturn|Lanturn, M, shiny|454/454","|-damage|p1a: Lanturn|398/454|[from] Stealth Rock","|turn|24","|","|switch|p2a: Hitmontop|Hitmontop, M|266/304 tox","|-ability|p2a: Hitmontop|Intimidate","|-unboost|p1a: Lanturn|atk|1","|move|p1a: Lanturn|Thunder Wave|p2a: Hitmontop","|-fail|p2a: Hitmontop","|","|-heal|p1a: Lanturn|426/454|[from] item: Leftovers","|-damage|p2a: Hitmontop|247/304 tox|[from] psn","|turn|25","|","|move|p2a: Hitmontop|High Jump Kick|p1a: Lanturn|[miss]","|-miss|p2a: Hitmontop|p1a: Lanturn","|-damage|p2a: Hitmontop|95/304 tox|[from] highjumpkick","|move|p1a: Lanturn|Charge Beam|p2a: Hitmontop","|-damage|p2a: Hitmontop|68/304 tox","|","|-heal|p1a: Lanturn|454/454|[from] item: Leftovers","|-damage|p2a: Hitmontop|30/304 tox|[from] psn","|turn|26","|","|move|p2a: Hitmontop|Endeavor|p1a: Lanturn","|-damage|p1a: Lanturn|30/454","|move|p1a: Lanturn|Scald|p2a: Hitmontop","|-damage|p2a: Hitmontop|0 fnt","|faint|p2a: Hitmontop","|","|-heal|p1a: Lanturn|58/454|[from] item: Leftovers","|","|switch|p2a: Terrakion|Terrakion|324/324","|turn|27","|","|move|p2a: Terrakion|Stone Edge|p1a: Lanturn","|-damage|p1a: Lanturn|0 fnt","|faint|p1a: Lanturn","|","|","|switch|p1a: Azumarill|Azumarill, F, shiny|404/404","|-damage|p1a: Azumarill|354/404|[from] Stealth Rock","|turn|28","|","|move|p2a: Terrakion|Stone Edge|p1a: Azumarill|[miss]","|-miss|p2a: Terrakion|p1a: Azumarill","|move|p1a: Azumarill|Waterfall|p2a: Terrakion","|-supereffective|p2a: Terrakion","|-damage|p2a: Terrakion|0 fnt","|faint|p2a: Terrakion","|","|","|switch|p2a: Heracross|Heracross-Mega, F|243/364","|turn|29","|","|move|p2a: Heracross|Bullet Seed|p1a: Azumarill","|-supereffective|p1a: Azumarill","|-damage|p1a: Azumarill|262/404","|-supereffective|p1a: Azumarill","|-damage|p1a: Azumarill|168/404","|-supereffective|p1a: Azumarill","|-damage|p1a: Azumarill|76/404","|-supereffective|p1a: Azumarill","|-damage|p1a: Azumarill|0 fnt","|-hitcount|p1a: Azumarill|4","|faint|p1a: Azumarill","|","|","|switch|p1a: Starmie|Starmie, shiny|262/262","|-damage|p1a: Starmie|230/262|[from] Stealth Rock","|turn|30","|","|move|p1a: Starmie|Ice Beam|p2a: Heracross","|-damage|p2a: Heracross|148/364","|-status|p2a: Heracross|frz","|cant|p2a: Heracross|frz","|","|turn|31","|","|move|p1a: Starmie|Ice Beam|p2a: Heracross","|-damage|p2a: Heracross|52/364 frz","|cant|p2a: Heracross|frz","|","|turn|32","|","|move|p1a: Starmie|Ice Beam|p2a: Heracross","|-damage|p2a: Heracross|0 fnt","|faint|p2a: Heracross","|","|win|samuelwade223"],"p1rating":{"entryid":"7061762","serverid":"eos","formatid":"monotype","userid":"samuelwade223","username":"samuelwade223","w":18,"l":"33","t":"0","gxe":38.7,"r":"1386.253382213","rd":"53.619072865709","sigma":"0","rptime":"1439283600","rpr":1412.6647752867,"rprd":52.062252903269,"rpsigma":"0","acre":1163.5428566402,"lacre":1163.5428566402,"oldacre":"1141.8501489807"},"p2rating":{"entryid":"7537159","serverid":"eos","formatid":"monotype","userid":"impjk","username":"Imp❇ Jk","w":"6","l":10,"t":"0","gxe":38.4,"r":"1442.0800576547","rd":"89.189927896306","sigma":"0","rptime":"1439283600","rpr":1409.4484206189,"rprd":74.872897007617,"rpsigma":"0","acre":1074.4941777412,"lacre":1074.4941777412,"oldacre":"1095.6163223779"},"endType":"normal"}