{"seed":[8268,23084,26541,23729],"turns":24,"p1":"RealDeal360","p2":"GTX♅Bzumzum","p1team":[{"name":"Genesect","species":"Genesect","item":"choicescarf","ability":"Download","moves":["energyball","icebeam","uturn","ironhead"],"nature":"Hasty","evs":{"hp":0,"atk":4,"def":0,"spa":252,"spd":0,"spe":252},"ivs":{"hp":31,"atk":31,"def":31,"spa":31,"spd":31,"spe":31}},{"name":"Pinsir","species":"Pinsir","item":"pinsirite","ability":"Moxie","moves":["feint","earthquake","frustration","swordsdance"],"nature":"Jolly","evs":{"hp":252,"atk":0,"def":0,"spa":0,"spd":4,"spe":252},"happiness":0,"ivs":{"hp":31,"atk":31,"def":31,"spa":31,"spd":31,"spe":31}},{"name":"Shuckle","species":"Shuckle","item":"mentalherb","ability":"Sturdy","moves":["stealthrock","stickyweb","toxic","encore"],"nature":"Calm","evs":{"hp":248,"atk":0,"def":8,"spa":0,"spd":252,"spe":0},"ivs":{"hp":31,"atk":31,"def":31,"spa":31,"spd":31,"spe":31}},{"name":"Volcarona","species":"Volcarona","item":"lumberry","ability":"Flame Body","moves":["quiverdance","roost","hiddenpowerground","fierydance"],"nature":"Bold","evs":{"hp":248,"atk":0,"def":208,"spa":0,"spd":0,"spe":52},"ivs":{"hp":31,"atk":0,"def":31,"spa":30,"spd":30,"spe":31}},{"name":"Scizor","species":"Scizor","item":"leftovers","ability":"Technician","moves":["bulletpunch","uturn","roost","defog"],"nature":"Impish","evs":{"hp":248,"atk":8,"def":0,"spa":0,"spd":0,"spe":252},"ivs":{"hp":31,"atk":31,"def":31,"spa":31,"spd":31,"spe":31}},{"name":"Heracross","species":"Heracross","item":"choicescarf","ability":"Moxie","moves":["closecombat","earthquake","megahorn","stoneedge"],"nature":"Jolly","evs":{"hp":0,"atk":252,"def":0,"spa":0,"spd":4,"spe":252},"ivs":{"hp":31,"atk":31,"def":31,"spa":31,"spd":31,"spe":31}}],"p2team":[{"name":"Flicker-Sparkz","species":"luxray","item":"choiceband","ability":"Intimidate","moves":["icefang","superpower","wildcharge","quickattack"],"nature":"Adamant","evs":{"hp":196,"atk":80,"def":0,"spa":0,"spd":0,"spe":232},"gender":"M","shiny":true,"ivs":{"hp":31,"atk":31,"def":31,"spa":31,"spd":31,"spe":31}},{"name":"Lightning","species":"raichu","item":"choicescarf","ability":"Static","moves":["surf","focusblast","grassknot","voltswitch"],"nature":"Modest","evs":{"hp":0,"atk":0,"def":0,"spa":252,"spd":4,"spe":252},"gender":"M","shiny":true,"ivs":{"hp":31,"atk":31,"def":31,"spa":31,"spd":31,"spe":31}},{"name":"Lumpy Lampsy","species":"lanturn","item":"airballoon","ability":"Water Absorb","moves":["healbell","soak","stockpile","discharge"],"nature":"Calm","evs":{"hp":248,"atk":0,"def":0,"spa":8,"spd":252,"spe":0},"gender":"M","shiny":true,"ivs":{"hp":31,"atk":31,"def":31,"spa":31,"spd":31,"spe":31}},{"name":"Bolts'n'Bugs","species":"galvantula","item":"safetygoggles","ability":"Compound Eyes","moves":["bugbuzz","gigadrain","stickyweb","voltswitch"],"nature":"Timid","evs":{"hp":0,"atk":0,"def":0,"spa":252,"spd":4,"spe":252},"gender":"M","shiny":true,"ivs":{"hp":31,"atk":31,"def":31,"spa":31,"spd":31,"spe":31}},{"name":"MY ZONE!!!","species":"magnezone","item":"choicespecs","ability":"Sturdy","moves":["flashcannon","hiddenpowerice","signalbeam","triattack"],"nature":"Modest","evs":{"hp":252,"atk":0,"def":0,"spa":252,"spd":0,"spe":4},"ivs":{"hp":31,"atk":30,"def":30,"spa":31,"spd":31,"spe":31},"shiny":true},{"name":"Zapz","species":"zapdos","item":"leftovers","ability":"Pressure","moves":["defog","heatwave","roost","extrasensory"],"nature":"","shiny":true,"evs":{"hp":0,"atk":0,"def":0,"spa":0,"spd":0,"spe":0},"ivs":{"hp":31,"atk":31,"def":31,"spa":31,"spd":31,"spe":31}}],"log":["|player|p1|RealDeal360|153","|player|p2|GTX♅Bzumzum|225","|gametype|singles","|gen|6","|tier|Monotype","|rated","|rule|Baton Pass Clause: Limit one Baton Passer, can't pass Spe and other stats simultaneously","|rule|Swagger Clause: Swagger is banned","|rule|Same Type Clause: Pokémon in a team must share a type","|clearpoke","|poke|p1|Genesect-*","|poke|p1|Pinsir, M","|poke|p1|Shuckle, F","|poke|p1|Volcarona, F","|poke|p1|Scizor, M","|poke|p1|Heracross, M","|poke|p2|Luxray, M, shiny","|poke|p2|Raichu, M, shiny","|poke|p2|Lanturn, M, shiny","|poke|p2|Galvantula, M, shiny","|poke|p2|Magnezone, shiny","|poke|p2|Zapdos, shiny","|rule|Sleep Clause Mod: Limit one foe put to sleep","|rule|Species Clause: Limit one of each Pokémon","|rule|OHKO Clause: OHKO moves are banned","|rule|Moody Clause: Moody is banned","|rule|Evasion Moves Clause: Evasion moves are banned","|rule|Endless Battle Clause: Forcing endless battles is banned","|rule|HP Percentage Mod: HP is shown in percentages","|teampreview","|","|start","|switch|p1a: Shuckle|Shuckle, F|243/243","|switch|p2a: Lightning|Raichu, M, shiny|261/261","|turn|1","|","|move|p2a: Lightning|Surf|p1a: Shuckle","|-supereffective|p1a: Shuckle","|-damage|p1a: Shuckle|177/243","|move|p1a: Shuckle|Toxic|p2a: Lightning","|-status|p2a: Lightning|tox","|","|-damage|p2a: Lightning|245/261 tox|[from] psn","|turn|2","|","|switch|p2a: MY ZONE!!!|Magnezone, shiny|344/344","|move|p1a: Shuckle|Stealth Rock|p2a: MY ZONE!!!","|-sidestart|p2: GTX♅Bzumzum|move: Stealth Rock","|","|turn|3","|","|move|p2a: MY ZONE!!!|Tri Attack|p1a: Shuckle","|-crit|p1a: Shuckle","|-resisted|p1a: Shuckle","|-damage|p1a: Shuckle|135/243","|move|p1a: Shuckle|Sticky Web|p2a: MY ZONE!!!","|-sidestart|p2: GTX♅Bzumzum|move: Sticky Web","|","|turn|4","|","|move|p2a: MY ZONE!!!|Tri Attack|p1a: Shuckle","|-crit|p1a: Shuckle","|-resisted|p1a: Shuckle","|-damage|p1a: Shuckle|88/243","|move|p1a: Shuckle|Toxic|p2a: MY ZONE!!!","|-immune|p2a: MY ZONE!!!|[msg]","|","|turn|5","|","|switch|p1a: Volcarona|Volcarona, F|373/373","|move|p2a: MY ZONE!!!|Tri Attack|p1a: Volcarona","|-damage|p1a: Volcarona|219/373","|","|turn|6","|","|move|p1a: Volcarona|Quiver Dance|p1a: Volcarona","|-boost|p1a: Volcarona|spa|1","|-boost|p1a: Volcarona|spd|1","|-boost|p1a: Volcarona|spe|1","|move|p2a: MY ZONE!!!|Tri Attack|p1a: Volcarona","|-damage|p1a: Volcarona|112/373","|","|turn|7","|","|move|p1a: Volcarona|Roost|p1a: Volcarona","|-heal|p1a: Volcarona|299/373","|move|p2a: MY ZONE!!!|Tri Attack|p1a: Volcarona","|-damage|p1a: Volcarona|202/373","|","|turn|8","|","|move|p1a: Volcarona|Quiver Dance|p1a: Volcarona","|-boost|p1a: Volcarona|spa|1","|-boost|p1a: Volcarona|spd|1","|-boost|p1a: Volcarona|spe|1","|move|p2a: MY ZONE!!!|Tri Attack|p1a: Volcarona","|-damage|p1a: Volcarona|125/373","|-status|p1a: Volcarona|frz","|-enditem|p1a: Volcarona|Lum Berry|[eat]","|-curestatus|p1a: Volcarona|frz","|","|turn|9","|","|move|p1a: Volcarona|Roost|p1a: Volcarona","|-heal|p1a: Volcarona|312/373","|move|p2a: MY ZONE!!!|Tri Attack|p1a: Volcarona","|-damage|p1a: Volcarona|233/373","|","|turn|10","|","|move|p1a: Volcarona|Quiver Dance|p1a: Volcarona","|-boost|p1a: Volcarona|spa|1","|-boost|p1a: Volcarona|spd|1","|-boost|p1a: Volcarona|spe|1","|move|p2a: MY ZONE!!!|Tri Attack|p1a: Volcarona","|-damage|p1a: Volcarona|171/373","|","|turn|11","|","|move|p1a: Volcarona|Roost|p1a: Volcarona","|-heal|p1a: Volcarona|358/373","|move|p2a: MY ZONE!!!|Tri Attack|p1a: Volcarona","|-damage|p1a: Volcarona|294/373","|","|turn|12","|","|move|p1a: Volcarona|Quiver Dance|p1a: Volcarona","|-boost|p1a: Volcarona|spa|1","|-boost|p1a: Volcarona|spd|1","|-boost|p1a: Volcarona|spe|1","|move|p2a: MY ZONE!!!|Tri Attack|p1a: Volcarona","|-damage|p1a: Volcarona|240/373","|","|turn|13","|","|move|p1a: Volcarona|Roost|p1a: Volcarona","|-heal|p1a: Volcarona|373/373","|move|p2a: MY ZONE!!!|Tri Attack|p1a: Volcarona","|-damage|p1a: Volcarona|321/373","|","|turn|14","|","|move|p1a: Volcarona|Fiery Dance|p2a: MY ZONE!!!","|-supereffective|p2a: MY ZONE!!!","|-ability|p2a: MY ZONE!!!|Sturdy","|-damage|p2a: MY ZONE!!!|1/344","|-boost|p1a: Volcarona|spa|1","|move|p2a: MY ZONE!!!|Tri Attack|p1a: Volcarona","|-damage|p1a: Volcarona|268/373","|","|turn|15","|","|switch|p2a: Zapz|Zapdos, shiny|321/321","|-damage|p2a: Zapz|241/321|[from] Stealth Rock","|-ability|p2a: Zapz|Pressure","|move|p1a: Volcarona|Fiery Dance|p2a: Zapz","|-crit|p2a: Zapz","|-damage|p2a: Zapz|0 fnt","|faint|p2a: Zapz","|","|","|switch|p2a: Lightning|Raichu, M, shiny|245/261 tox","|-activate|p2a: Lightning|move: Sticky Web","|-unboost|p2a: Lightning|spe|1","|-damage|p2a: Lightning|213/261 tox|[from] Stealth Rock","|turn|16","|","|move|p1a: Volcarona|Hidden Power|p2a: Lightning","|-supereffective|p2a: Lightning","|-damage|p2a: Lightning|0 fnt","|faint|p2a: Lightning","|","|","|switch|p2a: Lumpy Lampsy|Lanturn, M, shiny|453/453","|-damage|p2a: Lumpy Lampsy|397/453|[from] Stealth Rock","|-item|p2a: Lumpy Lampsy|Air Balloon","|turn|17","|","|move|p1a: Volcarona|Hidden Power|p2a: Lumpy Lampsy","|-immune|p2a: Lumpy Lampsy|[msg]","|move|p2a: Lumpy Lampsy|Discharge|p1a: Volcarona","|-damage|p1a: Volcarona|241/373","|","|turn|18","|","|move|p1a: Volcarona|Fiery Dance|p2a: Lumpy Lampsy","|-resisted|p2a: Lumpy Lampsy","|-damage|p2a: Lumpy Lampsy|222/453","|-enditem|p2a: Lumpy Lampsy|Air Balloon","|move|p2a: Lumpy Lampsy|Discharge|p1a: Volcarona","|-damage|p1a: Volcarona|216/373","|-status|p1a: Volcarona|par","|","|turn|19","|","|move|p1a: Volcarona|Hidden Power|p2a: Lumpy Lampsy","|-supereffective|p2a: Lumpy Lampsy","|-damage|p2a: Lumpy Lampsy|0 fnt","|faint|p2a: Lumpy Lampsy","|","|","|switch|p2a: MY ZONE!!!|Magnezone, shiny|1/344","|-activate|p2a: MY ZONE!!!|move: Sticky Web","|-unboost|p2a: MY ZONE!!!|spe|1","|-damage|p2a: MY ZONE!!!|0 fnt|[from] Stealth Rock","|faint|p2a: MY ZONE!!!","|","|switch|p2a: Bolts'n'Bugs|Galvantula, M, shiny|281/281","|-damage|p2a: Bolts'n'Bugs|211/281|[from] Stealth Rock","|-activate|p2a: Bolts'n'Bugs|move: Sticky Web","|-unboost|p2a: Bolts'n'Bugs|spe|1","|turn|20","|","|move|p2a: Bolts'n'Bugs|Bug Buzz|p1a: Volcarona","|-resisted|p1a: Volcarona","|-damage|p1a: Volcarona|195/373 par","|move|p1a: Volcarona|Fiery Dance|p2a: Bolts'n'Bugs","|-supereffective|p2a: Bolts'n'Bugs","|-damage|p2a: Bolts'n'Bugs|0 fnt","|-boost|p1a: Volcarona|spa|1","|faint|p2a: Bolts'n'Bugs","|","|","|switch|p2a: Flicker-Sparkz|Luxray, M, shiny|350/350","|-activate|p2a: Flicker-Sparkz|move: Sticky Web","|-unboost|p2a: Flicker-Sparkz|spe|1","|-damage|p2a: Flicker-Sparkz|307/350|[from] Stealth Rock","|-ability|p2a: Flicker-Sparkz|Intimidate","|-unboost|p1a: Volcarona|atk|1","|turn|21","|","|move|p1a: Volcarona|Quiver Dance|p1a: Volcarona","|-boost|p1a: Volcarona|spd|1","|-boost|p1a: Volcarona|spe|1","|move|p2a: Flicker-Sparkz|Wild Charge|p1a: Volcarona","|-damage|p1a: Volcarona|0 fnt","|-status|p2a: Flicker-Sparkz|brn","|-damage|p2a: Flicker-Sparkz|258/350 brn|[from] recoil|[of] p1a: Volcarona","|faint|p1a: Volcarona","|","|-damage|p2a: Flicker-Sparkz|215/350 brn|[from] brn","|","|switch|p1a: Pinsir|Pinsir, M|334/334","|turn|22","|","|detailschange|p1a: Pinsir|Pinsir-Mega, M","|-mega|p1a: Pinsir|Pinsir|Pinsirite","|move|p1a: Pinsir|Swords Dance|p1a: Pinsir","|-boost|p1a: Pinsir|atk|2","|move|p2a: Flicker-Sparkz|Wild Charge|p1a: Pinsir","|-supereffective|p1a: Pinsir","|-damage|p1a: Pinsir|136/334","|-damage|p2a: Flicker-Sparkz|165/350 brn|[from] recoil|[of] p1a: Pinsir","|","|-damage|p2a: Flicker-Sparkz|122/350 brn|[from] brn","|turn|23","|","|move|p1a: Pinsir|Swords Dance|p1a: Pinsir","|-boost|p1a: Pinsir|atk|2","|move|p2a: Flicker-Sparkz|Wild Charge|p1a: Pinsir","|-supereffective|p1a: Pinsir","|-damage|p1a: Pinsir|0 fnt","|-damage|p2a: Flicker-Sparkz|88/350 brn|[from] recoil|[of] p1a: Pinsir","|faint|p1a: Pinsir","|","|-damage|p2a: Flicker-Sparkz|45/350 brn|[from] brn","|","|switch|p1a: Shuckle|Shuckle, F|88/243","|turn|24","|","|move|p2a: Flicker-Sparkz|Wild Charge|p1a: Shuckle","|-damage|p1a: Shuckle|38/243","|-damage|p2a: Flicker-Sparkz|32/350 brn|[from] recoil|[of] p1a: Shuckle","|move|p1a: Shuckle|Stealth Rock|p2a: Flicker-Sparkz","|-fail|p2a: Flicker-Sparkz","|","|-damage|p2a: Flicker-Sparkz|0 fnt|[from] brn","|faint|p2a: Flicker-Sparkz","|","|win|RealDeal360"],"p1rating":{"entryid":"7525131","serverid":"eos","formatid":"monotype","userid":"realdeal360","username":"RealDeal360","w":8,"l":"16","t":"0","gxe":37.9,"r":"1397.6893012171","rd":"69.969426283324","sigma":"0","rptime":"1439283600","rpr":1405.4278757375,"rprd":66.596351678669,"rpsigma":"0","acre":1096.2732713761,"lacre":1096.2732713761,"oldacre":"1069.4966603469"},"p2rating":{"entryid":"6857825","serverid":"eos","formatid":"monotype","userid":"gtxbzumzum","username":"GTX♅Bzumzum","w":"30","l":112,"t":"0","gxe":22,"r":"1261.8077109272","rd":"34.626524878165","sigma":"0","rptime":"1439283600","rpr":1260.5936387129,"rprd":34.080063403311,"rpsigma":"0","acre":1022.5052650146,"lacre":1022.5052650146,"oldacre":"1036.5182619695"},"endType":"normal"}