{"seed":[42248,51627,1230,11337],"turns":36,"p1":"Shining Yin","p2":"Freelancer Photon","p1team":[{"name":"Zapdos","species":"Zapdos","item":"leftovers","ability":"Pressure","moves":["roost","defog","heatwave","discharge"],"nature":"Bold","evs":{"hp":248,"atk":0,"def":176,"spa":68,"spd":0,"spe":16},"ivs":{"hp":31,"atk":0,"def":31,"spa":31,"spd":31,"spe":31}},{"name":"Thundurus","species":"Thundurus","item":"lifeorb","ability":"Prankster","moves":["superpower","discharge","knockoff","thunderwave"],"nature":"Naive","evs":{"hp":0,"atk":72,"def":0,"spa":184,"spd":0,"spe":252},"ivs":{"hp":31,"atk":31,"def":31,"spa":31,"spd":31,"spe":31}},{"name":"Rotom-Wash","species":"Rotom-Wash","item":"leftovers","ability":"Levitate","moves":["willowisp","hydropump","voltswitch","painsplit"],"nature":"Calm","evs":{"hp":248,"atk":0,"def":0,"spa":0,"spd":216,"spe":44},"ivs":{"hp":31,"atk":0,"def":31,"spa":31,"spd":31,"spe":31}},{"name":"Magnezone","species":"Magnezone","item":"choicescarf","ability":"Sturdy","moves":["voltswitch","discharge","hiddenpowerice","flashcannon"],"nature":"Timid","evs":{"hp":0,"atk":0,"def":0,"spa":252,"spd":4,"spe":252},"ivs":{"hp":31,"atk":30,"def":30,"spa":31,"spd":31,"spe":31}},{"name":"Ampharos","species":"Ampharos","item":"ampharosite","ability":"Static","moves":["rest","sleeptalk","voltswitch","dragonpulse"],"nature":"Bold","evs":{"hp":248,"atk":0,"def":232,"spa":28,"spd":0,"spe":0},"ivs":{"hp":31,"atk":0,"def":31,"spa":31,"spd":31,"spe":31}},{"name":"Raikou","species":"Raikou","item":"leftovers","ability":"Pressure","moves":["substitute","calmmind","thunderbolt","extrasensory"],"nature":"Timid","evs":{"hp":0,"atk":0,"def":0,"spa":252,"spd":4,"spe":252},"ivs":{"hp":31,"atk":31,"def":31,"spa":31,"spd":31,"spe":31}}],"p2team":[{"name":"Sceptile","species":"Sceptile","item":"choiceband","ability":"Unburden","moves":["leafblade","drainpunch","outrage","rockslide"],"nature":"Jolly","evs":{"hp":0,"atk":252,"def":0,"spa":0,"spd":4,"spe":252},"ivs":{"hp":31,"atk":31,"def":31,"spa":31,"spd":31,"spe":31}},{"name":"Venusaur","species":"Venusaur","item":"venusaurite","ability":"Overgrow","moves":["curse","synthesis","earthquake","petalblizzard"],"nature":"Adamant","evs":{"hp":248,"atk":252,"def":0,"spa":0,"spd":8,"spe":0},"ivs":{"hp":31,"atk":31,"def":31,"spa":31,"spd":31,"spe":31}},{"name":"Ludicolo","species":"Ludicolo","item":"choicespecs","ability":"Own Tempo","moves":["energyball","hiddenpowerfire","surf","icebeam"],"nature":"Modest","evs":{"hp":0,"atk":0,"def":0,"spa":252,"spd":4,"spe":252},"ivs":{"hp":31,"atk":30,"def":31,"spa":30,"spd":31,"spe":30}},{"name":"Ferrothorn","species":"Ferrothorn","item":"rockyhelmet","ability":"Iron Barbs","moves":["leechseed","stealthrock","thunderwave","gyroball"],"nature":"Impish","evs":{"hp":248,"atk":8,"def":252,"spa":0,"spd":0,"spe":0},"ivs":{"hp":31,"atk":31,"def":31,"spa":31,"spd":31,"spe":0}},{"name":"Celebi","species":"Celebi","item":"lifeorb","ability":"Natural Cure","moves":["stealthrock","psychic","earthpower","gigadrain"],"nature":"Timid","evs":{"hp":0,"atk":0,"def":0,"spa":252,"spd":4,"spe":252},"ivs":{"hp":31,"atk":31,"def":31,"spa":31,"spd":31,"spe":31}},{"name":"Roserade","species":"Roserade","item":"choicescarf","ability":"Technician","moves":["sludgebomb","energyball","hiddenpowerice","shadowball"],"nature":"Timid","evs":{"hp":0,"atk":0,"def":0,"spa":252,"spd":4,"spe":252},"ivs":{"hp":31,"atk":30,"def":30,"spa":31,"spd":31,"spe":31}}],"log":["|player|p1|Shining Yin|12","|player|p2|Freelancer Photon|66","|gametype|singles","|gen|6","|tier|Monotype","|rated","|rule|Baton Pass Clause: Limit one Baton Passer, can't pass Spe and other stats simultaneously","|rule|Swagger Clause: Swagger is banned","|rule|Same Type Clause: Pokémon in a team must share a type","|clearpoke","|poke|p1|Zapdos","|poke|p1|Thundurus, M","|poke|p1|Rotom-Wash","|poke|p1|Magnezone","|poke|p1|Ampharos, M","|poke|p1|Raikou","|poke|p2|Sceptile, M","|poke|p2|Venusaur, M","|poke|p2|Ludicolo, F","|poke|p2|Ferrothorn, M","|poke|p2|Celebi","|poke|p2|Roserade, M","|rule|Sleep Clause Mod: Limit one foe put to sleep","|rule|Species Clause: Limit one of each Pokémon","|rule|OHKO Clause: OHKO moves are banned","|rule|Moody Clause: Moody is banned","|rule|Evasion Moves Clause: Evasion moves are banned","|rule|Endless Battle Clause: Forcing endless battles is banned","|rule|HP Percentage Mod: HP is shown in percentages","|teampreview","|","|start","|switch|p1a: Zapdos|Zapdos|383/383","|switch|p2a: Sceptile|Sceptile, M|281/281","|-ability|p1a: Zapdos|Pressure","|turn|1","|","|switch|p1a: Rotom-Wash|Rotom-Wash|303/303","|move|p2a: Sceptile|Rock Slide|p1a: Rotom-Wash","|-damage|p1a: Rotom-Wash|212/303","|","|-heal|p1a: Rotom-Wash|230/303|[from] item: Leftovers","|turn|2","|","|switch|p2a: Celebi|Celebi|341/341","|move|p1a: Rotom-Wash|Will-O-Wisp|p2a: Celebi","|-status|p2a: Celebi|brn","|","|-heal|p1a: Rotom-Wash|248/303|[from] item: Leftovers","|-damage|p2a: Celebi|299/341 brn|[from] brn","|turn|3","|","|switch|p1a: Thundurus|Thundurus, M|299/299","|move|p2a: Celebi|Earth Power|p1a: Thundurus","|-immune|p1a: Thundurus|[msg]","|","|-damage|p2a: Celebi|257/341 brn|[from] brn","|turn|4","|","|move|p1a: Thundurus|Knock Off|p2a: Celebi","|-crit|p2a: Celebi","|-supereffective|p2a: Celebi","|-damage|p2a: Celebi|0 fnt","|-enditem|p2a: Celebi|Life Orb|[from] move: Knock Off|[of] p1a: Thundurus","|-damage|p1a: Thundurus|270/299|[from] item: Life Orb","|faint|p2a: Celebi","|","|","|switch|p2a: Ludicolo|Ludicolo, F|301/301","|turn|5","|","|move|p1a: Thundurus|Thunder Wave|p2a: Ludicolo","|-status|p2a: Ludicolo|par","|move|p2a: Ludicolo|Ice Beam|p1a: Thundurus","|-supereffective|p1a: Thundurus","|-damage|p1a: Thundurus|0 fnt","|faint|p1a: Thundurus","|","|","|switch|p1a: Raikou|Raikou|321/321","|-ability|p1a: Raikou|Pressure","|turn|6","|","|switch|p2a: Ferrothorn|Ferrothorn, M|351/351","|move|p1a: Raikou|Calm Mind|p1a: Raikou","|-boost|p1a: Raikou|spa|1","|-boost|p1a: Raikou|spd|1","|","|turn|7","|","|move|p1a: Raikou|Substitute|p1a: Raikou","|-start|p1a: Raikou|Substitute","|-damage|p1a: Raikou|241/321","|move|p2a: Ferrothorn|Leech Seed|p1a: Raikou","|-fail|p1a: Raikou","|","|-heal|p1a: Raikou|261/321|[from] item: Leftovers","|turn|8","|","|move|p1a: Raikou|Calm Mind|p1a: Raikou","|-boost|p1a: Raikou|spa|1","|-boost|p1a: Raikou|spd|1","|move|p2a: Ferrothorn|Stealth Rock|p1a: Raikou","|-sidestart|p1: Shining Yin|move: Stealth Rock","|","|-heal|p1a: Raikou|281/321|[from] item: Leftovers","|turn|9","|","|switch|p2a: Venusaur|Venusaur, M|363/363","|move|p1a: Raikou|Calm Mind|p1a: Raikou","|-boost|p1a: Raikou|spa|1","|-boost|p1a: Raikou|spd|1","|","|-heal|p1a: Raikou|301/321|[from] item: Leftovers","|turn|10","|","|detailschange|p2a: Venusaur|Venusaur-Mega, M","|-mega|p2a: Venusaur|Venusaur|Venusaurite","|move|p1a: Raikou|Extrasensory|p2a: Venusaur","|-supereffective|p2a: Venusaur","|-damage|p2a: Venusaur|3/363","|move|p2a: Venusaur|Earthquake|p1a: Raikou","|-supereffective|p1a: Raikou","|-end|p1a: Raikou|Substitute","|","|-heal|p1a: Raikou|321/321|[from] item: Leftovers","|turn|11","|","|move|p1a: Raikou|Extrasensory|p2a: Venusaur","|-supereffective|p2a: Venusaur","|-damage|p2a: Venusaur|0 fnt","|faint|p2a: Venusaur","|","|","|switch|p2a: Sceptile|Sceptile, M|281/281","|turn|12","|","|move|p2a: Sceptile|Leaf Blade|p1a: Raikou","|-damage|p1a: Raikou|80/321","|move|p1a: Raikou|Extrasensory|p2a: Sceptile","|-damage|p2a: Sceptile|19/281","|","|-heal|p1a: Raikou|100/321|[from] item: Leftovers","|turn|13","|","|switch|p1a: Magnezone|Magnezone|281/281","|-damage|p1a: Magnezone|264/281|[from] Stealth Rock","|move|p2a: Sceptile|Leaf Blade|p1a: Magnezone","|-resisted|p1a: Magnezone","|-damage|p1a: Magnezone|190/281","|","|turn|14","|","|switch|p2a: Ferrothorn|Ferrothorn, M|351/351","|move|p1a: Magnezone|Volt Switch|p2a: Ferrothorn","|-resisted|p2a: Ferrothorn","|-damage|p2a: Ferrothorn|293/351","|","|switch|p1a: Zapdos|Zapdos|383/383","|-damage|p1a: Zapdos|288/383|[from] Stealth Rock","|-ability|p1a: Zapdos|Pressure","|","|-heal|p1a: Zapdos|311/383|[from] item: Leftovers","|turn|15","|","|move|p1a: Zapdos|Defog|p2a: Ferrothorn","|-unboost|p2a: Ferrothorn|evasion|1","|-sideend|p1: Shining Yin|Stealth Rock|[from] move: Defog|[of] p1a: Zapdos","|move|p2a: Ferrothorn|Leech Seed|p1a: Zapdos","|-start|p1a: Zapdos|move: Leech Seed","|","|-heal|p1a: Zapdos|334/383|[from] item: Leftovers","|-damage|p1a: Zapdos|287/383|[from] Leech Seed|[of] p2a: Ferrothorn","|-heal|p2a: Ferrothorn|340/351|[silent]","|turn|16","|","|move|p1a: Zapdos|Heat Wave|p2a: Ferrothorn","|-supereffective|p2a: Ferrothorn","|-damage|p2a: Ferrothorn|28/351","|move|p2a: Ferrothorn|Stealth Rock|p1a: Zapdos","|-sidestart|p1: Shining Yin|move: Stealth Rock","|","|-heal|p1a: Zapdos|310/383|[from] item: Leftovers","|-damage|p1a: Zapdos|263/383|[from] Leech Seed|[of] p2a: Ferrothorn","|-heal|p2a: Ferrothorn|75/351|[silent]","|turn|17","|","|move|p1a: Zapdos|Defog|p2a: Ferrothorn","|-unboost|p2a: Ferrothorn|evasion|1","|-sideend|p1: Shining Yin|Stealth Rock|[from] move: Defog|[of] p1a: Zapdos","|move|p2a: Ferrothorn|Stealth Rock|p1a: Zapdos","|-sidestart|p1: Shining Yin|move: Stealth Rock","|","|-heal|p1a: Zapdos|286/383|[from] item: Leftovers","|-damage|p1a: Zapdos|239/383|[from] Leech Seed|[of] p2a: Ferrothorn","|-heal|p2a: Ferrothorn|122/351|[silent]","|turn|18","|","|move|p1a: Zapdos|Heat Wave|p2a: Ferrothorn","|-crit|p2a: Ferrothorn","|-supereffective|p2a: Ferrothorn","|-damage|p2a: Ferrothorn|0 fnt","|faint|p2a: Ferrothorn","|","|-heal|p1a: Zapdos|262/383|[from] item: Leftovers","|","|switch|p2a: Sceptile|Sceptile, M|19/281","|turn|19","|","|switch|p1a: Rotom-Wash|Rotom-Wash|248/303","|-damage|p1a: Rotom-Wash|211/303|[from] Stealth Rock","|move|p2a: Sceptile|Rock Slide|p1a: Rotom-Wash","|-damage|p1a: Rotom-Wash|115/303","|","|-heal|p1a: Rotom-Wash|133/303|[from] item: Leftovers","|turn|20","|","|switch|p2a: Roserade|Roserade, M|261/261","|move|p1a: Rotom-Wash|Volt Switch|p2a: Roserade","|-resisted|p2a: Roserade","|-damage|p2a: Roserade|222/261","|","|switch|p1a: Ampharos|Ampharos, M|383/383","|-damage|p1a: Ampharos|336/383|[from] Stealth Rock","|","|turn|21","|","|detailschange|p1a: Ampharos|Ampharos-Mega, M","|-mega|p1a: Ampharos|Ampharos|Ampharosite","|-ability|p1a: Ampharos|Mold Breaker","|move|p2a: Roserade|Hidden Power|p1a: Ampharos","|-supereffective|p1a: Ampharos","|-damage|p1a: Ampharos|146/383","|move|p1a: Ampharos|Dragon Pulse|p2a: Roserade","|-damage|p2a: Roserade|84/261","|","|turn|22","|","|switch|p1a: Magnezone|Magnezone|190/281","|-damage|p1a: Magnezone|173/281|[from] Stealth Rock","|move|p2a: Roserade|Hidden Power|p1a: Magnezone","|-resisted|p1a: Magnezone","|-damage|p1a: Magnezone|118/281","|","|turn|23","|","|move|p2a: Roserade|Hidden Power|p1a: Magnezone","|-resisted|p1a: Magnezone","|-damage|p1a: Magnezone|59/281","|move|p1a: Magnezone|Flash Cannon|p2a: Roserade","|-damage|p2a: Roserade|0 fnt","|faint|p2a: Roserade","|","|","|switch|p2a: Sceptile|Sceptile, M|19/281","|turn|24","|","|move|p2a: Sceptile|Drain Punch|p1a: Magnezone","|-supereffective|p1a: Magnezone","|-damage|p1a: Magnezone|0 fnt","|-heal|p2a: Sceptile|49/281|[from] drain|[of] p1a: Magnezone","|faint|p1a: Magnezone","|","|","|switch|p1a: Zapdos|Zapdos|262/383","|-damage|p1a: Zapdos|167/383|[from] Stealth Rock","|-ability|p1a: Zapdos|Pressure","|turn|25","|","|switch|p2a: Ludicolo|Ludicolo, F|301/301 par","|move|p1a: Zapdos|Defog|p2a: Ludicolo","|-unboost|p2a: Ludicolo|evasion|1","|-sideend|p1: Shining Yin|Stealth Rock|[from] move: Defog|[of] p1a: Zapdos","|","|-heal|p1a: Zapdos|190/383|[from] item: Leftovers","|turn|26","|","|move|p1a: Zapdos|Roost|p1a: Zapdos","|-heal|p1a: Zapdos|382/383","|move|p2a: Ludicolo|Ice Beam|p1a: Zapdos","|-damage|p1a: Zapdos|246/383","|","|-heal|p1a: Zapdos|269/383|[from] item: Leftovers","|turn|27","|","|move|p1a: Zapdos|Roost|p1a: Zapdos","|-heal|p1a: Zapdos|383/383","|move|p2a: Ludicolo|Ice Beam|p1a: Zapdos","|-damage|p1a: Zapdos|231/383","|-status|p1a: Zapdos|frz","|","|-heal|p1a: Zapdos|254/383 frz|[from] item: Leftovers","|turn|28","|","|cant|p1a: Zapdos|frz","|move|p2a: Ludicolo|Ice Beam|p1a: Zapdos","|-supereffective|p1a: Zapdos","|-damage|p1a: Zapdos|0 fnt","|faint|p1a: Zapdos","|","|","|switch|p1a: Rotom-Wash|Rotom-Wash|133/303","|turn|29","|","|move|p1a: Rotom-Wash|Pain Split|p2a: Ludicolo","|-sethp|p2a: Ludicolo|217/301 par|p1a: Rotom-Wash|217/303|[from] move: Pain Split","|move|p2a: Ludicolo|Ice Beam|p1a: Rotom-Wash","|-crit|p1a: Rotom-Wash","|-resisted|p1a: Rotom-Wash","|-damage|p1a: Rotom-Wash|147/303","|","|-heal|p1a: Rotom-Wash|165/303|[from] item: Leftovers","|turn|30","|","|switch|p2a: Sceptile|Sceptile, M|49/281","|move|p1a: Rotom-Wash|Volt Switch|p2a: Sceptile","|-resisted|p2a: Sceptile","|-damage|p2a: Sceptile|1/281","|","|switch|p1a: Ampharos|Ampharos-Mega, M|146/383","|-ability|p1a: Ampharos|Mold Breaker","|","|turn|31","|","|switch|p1a: Rotom-Wash|Rotom-Wash|165/303","|move|p2a: Sceptile|Outrage|p1a: Rotom-Wash","|-damage|p1a: Rotom-Wash|1/303","|","|-heal|p1a: Rotom-Wash|19/303|[from] item: Leftovers","|turn|32","|","|move|p2a: Sceptile|Outrage|p1a: Rotom-Wash|[from]lockedmove","|-crit|p1a: Rotom-Wash","|-damage|p1a: Rotom-Wash|0 fnt","|-start|p2a: Sceptile|confusion|[fatigue]","|faint|p1a: Rotom-Wash","|","|","|switch|p1a: Raikou|Raikou|100/321","|-ability|p1a: Raikou|Pressure","|turn|33","|","|switch|p2a: Ludicolo|Ludicolo, F|217/301 par","|move|p1a: Raikou|Thunderbolt|p2a: Ludicolo","|-damage|p2a: Ludicolo|79/301 par","|","|-heal|p1a: Raikou|120/321|[from] item: Leftovers","|turn|34","|","|move|p1a: Raikou|Substitute|p1a: Raikou","|-start|p1a: Raikou|Substitute","|-damage|p1a: Raikou|40/321","|cant|p2a: Ludicolo|par","|","|-heal|p1a: Raikou|60/321|[from] item: Leftovers","|turn|35","|","|move|p1a: Raikou|Thunderbolt|p2a: Ludicolo","|-damage|p2a: Ludicolo|0 fnt","|faint|p2a: Ludicolo","|","|-heal|p1a: Raikou|80/321|[from] item: Leftovers","|","|switch|p2a: Sceptile|Sceptile, M|1/281","|turn|36","|","|move|p2a: Sceptile|Drain Punch|p1a: Raikou","|-end|p1a: Raikou|Substitute","|-heal|p2a: Sceptile|41/281|[from] drain|[of] p1a: Raikou","|move|p1a: Raikou|Extrasensory|p2a: Sceptile","|-damage|p2a: Sceptile|0 fnt","|faint|p2a: Sceptile","|","|win|Shining Yin"],"p1rating":{"entryid":"7208708","serverid":"eos","formatid":"monotype","userid":"shiningyin","username":"Shining Yin","w":35,"l":"15","t":"0","gxe":66.6,"r":"1617.0110270756","rd":"53.345383594389","sigma":"0","rptime":"1439283600","rpr":1631.0862366996,"rprd":52.017987250576,"rpsigma":"0","acre":1298.4471556777,"lacre":1298.4471556777,"oldacre":"1281.4337191266"},"p2rating":{"entryid":"7529200","serverid":"eos","formatid":"monotype","userid":"freelancerphoton","username":"Freelancer Photon","w":"14","l":7,"t":"0","gxe":60.2,"r":"1582.9756651783","rd":"76.453645691392","sigma":"0","rptime":"1439283600","rpr":1579.6343486995,"rprd":70.041288175632,"rpsigma":"0","acre":1149.4022717107,"lacre":1149.4022717107,"oldacre":"1166.4157082618"},"endType":"normal"}