{"seed":[22326,12609,51442,20333],"turns":21,"p1":"RealDeal360","p2":"GTX♅Bzumzum","p1team":[{"name":"Genesect","species":"Genesect","item":"choicescarf","ability":"Download","moves":["energyball","icebeam","uturn","ironhead"],"nature":"Hasty","evs":{"hp":0,"atk":4,"def":0,"spa":252,"spd":0,"spe":252},"ivs":{"hp":31,"atk":31,"def":31,"spa":31,"spd":31,"spe":31}},{"name":"Pinsir","species":"Pinsir","item":"pinsirite","ability":"Moxie","moves":["feint","earthquake","frustration","swordsdance"],"nature":"Jolly","evs":{"hp":252,"atk":0,"def":0,"spa":0,"spd":4,"spe":252},"happiness":0,"ivs":{"hp":31,"atk":31,"def":31,"spa":31,"spd":31,"spe":31}},{"name":"Shuckle","species":"Shuckle","item":"mentalherb","ability":"Sturdy","moves":["stealthrock","stickyweb","toxic","encore"],"nature":"Calm","evs":{"hp":248,"atk":0,"def":8,"spa":0,"spd":252,"spe":0},"ivs":{"hp":31,"atk":31,"def":31,"spa":31,"spd":31,"spe":31}},{"name":"Volcarona","species":"Volcarona","item":"lumberry","ability":"Flame Body","moves":["quiverdance","roost","hiddenpowerground","fierydance"],"nature":"Bold","evs":{"hp":248,"atk":0,"def":208,"spa":0,"spd":0,"spe":52},"ivs":{"hp":31,"atk":0,"def":31,"spa":30,"spd":30,"spe":31}},{"name":"Scizor","species":"Scizor","item":"leftovers","ability":"Technician","moves":["bulletpunch","uturn","roost","defog"],"nature":"Impish","evs":{"hp":248,"atk":8,"def":0,"spa":0,"spd":0,"spe":252},"ivs":{"hp":31,"atk":31,"def":31,"spa":31,"spd":31,"spe":31}},{"name":"Heracross","species":"Heracross","item":"choicescarf","ability":"Moxie","moves":["closecombat","earthquake","megahorn","stoneedge"],"nature":"Jolly","evs":{"hp":0,"atk":252,"def":0,"spa":0,"spd":4,"spe":252},"ivs":{"hp":31,"atk":31,"def":31,"spa":31,"spd":31,"spe":31}}],"p2team":[{"name":"Flicker-Sparkz","species":"luxray","item":"choiceband","ability":"Intimidate","moves":["icefang","superpower","wildcharge","quickattack"],"nature":"Adamant","evs":{"hp":196,"atk":80,"def":0,"spa":0,"spd":0,"spe":232},"gender":"M","shiny":true,"ivs":{"hp":31,"atk":31,"def":31,"spa":31,"spd":31,"spe":31}},{"name":"Lightning","species":"raichu","item":"choicescarf","ability":"Static","moves":["surf","focusblast","grassknot","voltswitch"],"nature":"Modest","evs":{"hp":0,"atk":0,"def":0,"spa":252,"spd":4,"spe":252},"gender":"M","shiny":true,"ivs":{"hp":31,"atk":31,"def":31,"spa":31,"spd":31,"spe":31}},{"name":"Lumpy Lampsy","species":"lanturn","item":"airballoon","ability":"Water Absorb","moves":["healbell","soak","stockpile","discharge"],"nature":"Calm","evs":{"hp":248,"atk":0,"def":0,"spa":8,"spd":252,"spe":0},"gender":"M","shiny":true,"ivs":{"hp":31,"atk":31,"def":31,"spa":31,"spd":31,"spe":31}},{"name":"Bolts'n'Bugs","species":"galvantula","item":"safetygoggles","ability":"Compound Eyes","moves":["bugbuzz","gigadrain","stickyweb","voltswitch"],"nature":"Timid","evs":{"hp":0,"atk":0,"def":0,"spa":252,"spd":4,"spe":252},"gender":"M","shiny":true,"ivs":{"hp":31,"atk":31,"def":31,"spa":31,"spd":31,"spe":31}},{"name":"MY ZONE!!!","species":"magnezone","item":"choicespecs","ability":"Sturdy","moves":["flashcannon","hiddenpowerice","signalbeam","triattack"],"nature":"Modest","evs":{"hp":252,"atk":0,"def":0,"spa":252,"spd":0,"spe":4},"ivs":{"hp":31,"atk":30,"def":30,"spa":31,"spd":31,"spe":31},"shiny":true},{"name":"Zapz","species":"zapdos","item":"leftovers","ability":"Pressure","moves":["defog","heatwave","roost","extrasensory"],"nature":"","shiny":true,"evs":{"hp":0,"atk":0,"def":0,"spa":0,"spd":0,"spe":0},"ivs":{"hp":31,"atk":31,"def":31,"spa":31,"spd":31,"spe":31}}],"log":["|player|p1|RealDeal360|153","|player|p2|GTX♅Bzumzum|225","|gametype|singles","|gen|6","|tier|Monotype","|rated","|rule|Baton Pass Clause: Limit one Baton Passer, can't pass Spe and other stats simultaneously","|rule|Swagger Clause: Swagger is banned","|rule|Same Type Clause: Pokémon in a team must share a type","|clearpoke","|poke|p1|Genesect-*","|poke|p1|Pinsir, F","|poke|p1|Shuckle, M","|poke|p1|Volcarona, M","|poke|p1|Scizor, M","|poke|p1|Heracross, F","|poke|p2|Luxray, M, shiny","|poke|p2|Raichu, M, shiny","|poke|p2|Lanturn, M, shiny","|poke|p2|Galvantula, M, shiny","|poke|p2|Magnezone, shiny","|poke|p2|Zapdos, shiny","|rule|Sleep Clause Mod: Limit one foe put to sleep","|rule|Species Clause: Limit one of each Pokémon","|rule|OHKO Clause: OHKO moves are banned","|rule|Moody Clause: Moody is banned","|rule|Evasion Moves Clause: Evasion moves are banned","|rule|Endless Battle Clause: Forcing endless battles is banned","|rule|HP Percentage Mod: HP is shown in percentages","|teampreview","|","|start","|switch|p1a: Shuckle|Shuckle, M|243/243","|switch|p2a: Bolts'n'Bugs|Galvantula, M, shiny|281/281","|turn|1","|","|move|p2a: Bolts'n'Bugs|Sticky Web|p1a: Shuckle","|-sidestart|p1: RealDeal360|move: Sticky Web","|move|p1a: Shuckle|Encore|p2a: Bolts'n'Bugs","|-start|p2a: Bolts'n'Bugs|Encore","|","|turn|2","|","|move|p2a: Bolts'n'Bugs|Sticky Web|p1a: Shuckle","|-fail|p1a: Shuckle","|move|p1a: Shuckle|Stealth Rock|p2a: Bolts'n'Bugs","|-sidestart|p2: GTX♅Bzumzum|move: Stealth Rock","|","|turn|3","|","|move|p2a: Bolts'n'Bugs|Sticky Web|p1a: Shuckle","|-fail|p1a: Shuckle","|move|p1a: Shuckle|Sticky Web|p2a: Bolts'n'Bugs","|-sidestart|p2: GTX♅Bzumzum|move: Sticky Web","|","|turn|4","|","|move|p2a: Bolts'n'Bugs|Sticky Web|p1a: Shuckle","|-fail|p1a: Shuckle","|move|p1a: Shuckle|Toxic|p2a: Bolts'n'Bugs","|-status|p2a: Bolts'n'Bugs|tox","|","|-damage|p2a: Bolts'n'Bugs|264/281 tox|[from] psn","|-end|p2a: Bolts'n'Bugs|Encore","|turn|5","|","|move|p2a: Bolts'n'Bugs|Volt Switch|p1a: Shuckle","|-damage|p1a: Shuckle|203/243","|","|switch|p2a: Zapz|Zapdos, shiny|321/321","|-damage|p2a: Zapz|241/321|[from] Stealth Rock","|-ability|p2a: Zapz|Pressure","|move|p1a: Shuckle|Encore|p2a: Zapz","|-fail|p2a: Zapz","|","|-heal|p2a: Zapz|261/321|[from] item: Leftovers","|turn|6","|","|move|p2a: Zapz|Defog|p1a: Shuckle","|-unboost|p1a: Shuckle|evasion|1","|-sideend|p1: RealDeal360|Sticky Web|[from] move: Defog|[of] p1a: Shuckle","|-sideend|p2: GTX♅Bzumzum|Stealth Rock|[from] move: Defog|[of] p2a: Zapz","|-sideend|p2: GTX♅Bzumzum|Sticky Web|[from] move: Defog|[of] p2a: Zapz","|move|p1a: Shuckle|Toxic|p2a: Zapz","|-status|p2a: Zapz|tox","|","|-heal|p2a: Zapz|281/321 tox|[from] item: Leftovers","|-damage|p2a: Zapz|261/321 tox|[from] psn","|turn|7","|","|switch|p2a: Lumpy Lampsy|Lanturn, M, shiny|453/453","|-item|p2a: Lumpy Lampsy|Air Balloon","|move|p1a: Shuckle|Stealth Rock|p2a: Lumpy Lampsy","|-sidestart|p2: GTX♅Bzumzum|move: Stealth Rock","|","|turn|8","|","|move|p2a: Lumpy Lampsy|Soak|p1a: Shuckle","|-start|p1a: Shuckle|typechange|Water","|move|p1a: Shuckle|Sticky Web|p2a: Lumpy Lampsy","|-sidestart|p2: GTX♅Bzumzum|move: Sticky Web","|","|turn|9","|","|move|p2a: Lumpy Lampsy|Discharge|p1a: Shuckle","|-supereffective|p1a: Shuckle","|-damage|p1a: Shuckle|147/243","|-status|p1a: Shuckle|par","|move|p1a: Shuckle|Toxic|p2a: Lumpy Lampsy","|-status|p2a: Lumpy Lampsy|tox","|","|-damage|p2a: Lumpy Lampsy|425/453 tox|[from] psn","|turn|10","|","|move|p2a: Lumpy Lampsy|Heal Bell|p2a: Lumpy Lampsy","|-cureteam|p2a: Lumpy Lampsy|[from] move: HealBell","|move|p1a: Shuckle|Toxic|p2a: Lumpy Lampsy","|-status|p2a: Lumpy Lampsy|tox","|","|-damage|p2a: Lumpy Lampsy|397/453 tox|[from] psn","|turn|11","|","|move|p2a: Lumpy Lampsy|Stockpile|p2a: Lumpy Lampsy","|-start|p2a: Lumpy Lampsy|stockpile1","|-boost|p2a: Lumpy Lampsy|def|1","|-boost|p2a: Lumpy Lampsy|spd|1","|cant|p1a: Shuckle|par","|","|-damage|p2a: Lumpy Lampsy|341/453 tox|[from] psn","|turn|12","|","|move|p2a: Lumpy Lampsy|Stockpile|p2a: Lumpy Lampsy","|-start|p2a: Lumpy Lampsy|stockpile2","|-boost|p2a: Lumpy Lampsy|def|1","|-boost|p2a: Lumpy Lampsy|spd|1","|move|p1a: Shuckle|Encore|p2a: Lumpy Lampsy","|-start|p2a: Lumpy Lampsy|Encore","|","|-damage|p2a: Lumpy Lampsy|257/453 tox|[from] psn","|turn|13","|","|switch|p1a: Pinsir|Pinsir, F|334/334","|move|p2a: Lumpy Lampsy|Stockpile|p2a: Lumpy Lampsy","|-start|p2a: Lumpy Lampsy|stockpile3","|-boost|p2a: Lumpy Lampsy|def|1","|-boost|p2a: Lumpy Lampsy|spd|1","|","|-damage|p2a: Lumpy Lampsy|145/453 tox|[from] psn","|turn|14","|","|move|p1a: Pinsir|Swords Dance|p1a: Pinsir","|-boost|p1a: Pinsir|atk|2","|move|p2a: Lumpy Lampsy|Stockpile|p2a: Lumpy Lampsy","|-fail|p2a: Lumpy Lampsy","|","|-damage|p2a: Lumpy Lampsy|5/453 tox|[from] psn","|turn|15","|","|detailschange|p1a: Pinsir|Pinsir-Mega, F","|-mega|p1a: Pinsir|Pinsir|Pinsirite","|move|p1a: Pinsir|Swords Dance|p1a: Pinsir","|-boost|p1a: Pinsir|atk|2","|move|p2a: Lumpy Lampsy|Stockpile|p2a: Lumpy Lampsy","|-fail|p2a: Lumpy Lampsy","|","|-damage|p2a: Lumpy Lampsy|0 fnt|[from] psn","|faint|p2a: Lumpy Lampsy","|","|switch|p2a: Lightning|Raichu, M, shiny|261/261","|-damage|p2a: Lightning|229/261|[from] Stealth Rock","|-activate|p2a: Lightning|move: Sticky Web","|-unboost|p2a: Lightning|spe|1","|turn|16","|","|move|p1a: Pinsir|Frustration|p2a: Lightning","|-resisted|p2a: Lightning","|-damage|p2a: Lightning|0 fnt","|faint|p2a: Lightning","|","|","|switch|p2a: Zapz|Zapdos, shiny|261/321","|-damage|p2a: Zapz|181/321|[from] Stealth Rock","|-ability|p2a: Zapz|Pressure","|turn|17","|","|move|p1a: Pinsir|Frustration|p2a: Zapz","|-resisted|p2a: Zapz","|-damage|p2a: Zapz|0 fnt","|faint|p2a: Zapz","|","|","|switch|p2a: Flicker-Sparkz|Luxray, M, shiny|350/350","|-damage|p2a: Flicker-Sparkz|307/350|[from] Stealth Rock","|-activate|p2a: Flicker-Sparkz|move: Sticky Web","|-unboost|p2a: Flicker-Sparkz|spe|1","|-ability|p2a: Flicker-Sparkz|Intimidate","|-unboost|p1a: Pinsir|atk|1","|turn|18","|","|move|p2a: Flicker-Sparkz|Quick Attack|p1a: Pinsir","|-damage|p1a: Pinsir|277/334","|move|p1a: Pinsir|Earthquake|p2a: Flicker-Sparkz","|-supereffective|p2a: Flicker-Sparkz","|-damage|p2a: Flicker-Sparkz|0 fnt","|faint|p2a: Flicker-Sparkz","|","|","|switch|p2a: MY ZONE!!!|Magnezone, shiny|344/344","|-activate|p2a: MY ZONE!!!|move: Sticky Web","|-unboost|p2a: MY ZONE!!!|spe|1","|-damage|p2a: MY ZONE!!!|323/344|[from] Stealth Rock","|turn|19","|","|move|p1a: Pinsir|Earthquake|p2a: MY ZONE!!!","|-supereffective|p2a: MY ZONE!!!","|-damage|p2a: MY ZONE!!!|0 fnt","|faint|p2a: MY ZONE!!!","|","|","|switch|p2a: Bolts'n'Bugs|Galvantula, M, shiny|264/281","|-damage|p2a: Bolts'n'Bugs|194/281|[from] Stealth Rock","|-activate|p2a: Bolts'n'Bugs|move: Sticky Web","|-unboost|p2a: Bolts'n'Bugs|spe|1","|turn|20","|","|move|p1a: Pinsir|Swords Dance|p1a: Pinsir","|-boost|p1a: Pinsir|atk|2","|move|p2a: Bolts'n'Bugs|Volt Switch|p1a: Pinsir","|-supereffective|p1a: Pinsir","|-damage|p1a: Pinsir|53/334","|","|turn|21","|","|move|p1a: Pinsir|Frustration|p2a: Bolts'n'Bugs","|-damage|p2a: Bolts'n'Bugs|0 fnt","|faint|p2a: Bolts'n'Bugs","|","|win|RealDeal360"],"p1rating":{"entryid":"7525131","serverid":"eos","formatid":"monotype","userid":"realdeal360","username":"RealDeal360","w":7,"l":"15","t":"0","gxe":38,"r":1397.6893012171,"rd":69.969426283324,"sigma":"0","rptime":1439283600,"rpr":1406.2146709482,"rprd":68.790197837957,"rpsigma":"0","acre":1093.6100553145,"lacre":1093.6100553145,"oldacre":"1062.469904451"},"p2rating":{"entryid":"6857825","serverid":"eos","formatid":"monotype","userid":"gtxbzumzum","username":"GTX♅Bzumzum","w":"30","l":110,"t":"0","gxe":22.3,"r":"1261.8077109272","rd":"34.626524878165","sigma":"0","rptime":"1439283600","rpr":1263.7187265038,"rprd":34.29866879445,"rpsigma":"0","acre":1047.6858546323,"lacre":1047.6858546323,"oldacre":"1068.2626747668"},"endType":"normal"}