{"seed":[27191,41533,33210,60086],"turns":36,"p1":"Cryѕtal Cash","p2":"Rain Hoot","p1team":[{"name":"Diancie","species":"Diancie","item":"diancite","ability":"Clear Body","moves":["moonblast","protect","diamondstorm","earthpower"],"nature":"Hasty","evs":{"hp":0,"atk":4,"def":0,"spa":252,"spd":0,"spe":252},"ivs":{"hp":31,"atk":31,"def":31,"spa":31,"spd":31,"spe":31}},{"name":"Klefki","species":"Klefki","item":"lightclay","ability":"Prankster","moves":["lightscreen","reflect","thunderwave","foulplay"],"nature":"Bold","evs":{"hp":248,"atk":0,"def":252,"spa":0,"spd":8,"spe":0},"ivs":{"hp":31,"atk":31,"def":31,"spa":31,"spd":31,"spe":31}},{"name":"Azumarill","species":"Azumarill","item":"assaultvest","ability":"Huge Power","moves":["poweruppunch","waterfall","aquajet","playrough"],"nature":"Adamant","evs":{"hp":248,"atk":252,"def":0,"spa":0,"spd":8,"spe":0},"ivs":{"hp":31,"atk":31,"def":31,"spa":31,"spd":31,"spe":31}},{"name":"Togekiss Deez Nutz","species":"togekiss","item":"leftovers","ability":"Serene Grace","moves":["thunderwave","airslash","nastyplot","roost"],"nature":"Modest","evs":{"hp":0,"atk":0,"def":0,"spa":252,"spd":4,"spe":252},"ivs":{"hp":31,"atk":31,"def":31,"spa":31,"spd":31,"spe":31}},{"name":"Sylveon","species":"Sylveon","item":"choicespecs","ability":"Pixilate","moves":["hypervoice","shadowball","psyshock","hiddenpowerfire"],"nature":"Modest","evs":{"hp":248,"atk":0,"def":0,"spa":252,"spd":8,"spe":0},"ivs":{"hp":31,"atk":30,"def":31,"spa":30,"spd":31,"spe":30}},{"name":"Whimsicott","species":"Whimsicott","item":"leftovers","ability":"Prankster","moves":["gigadrain","leechseed","substitute","stunspore"],"nature":"Bold","evs":{"hp":248,"atk":0,"def":252,"spa":8,"spd":0,"spe":0},"ivs":{"hp":31,"atk":31,"def":31,"spa":31,"spd":31,"spe":31}}],"p2team":[{"name":"Shuckle","species":"Shuckle","item":"leftovers","ability":"Sturdy","moves":["stickyweb","stealthrock","toxic","encore"],"nature":"Calm","evs":{"hp":252,"atk":0,"def":4,"spa":0,"spd":252,"spe":0},"ivs":{"hp":31,"atk":31,"def":31,"spa":31,"spd":31,"spe":31}},{"name":"Diancie","species":"Diancie","item":"diancite","ability":"Clear Body","moves":["moonblast","diamondstorm","earthpower","protect"],"nature":"Hasty","evs":{"hp":0,"atk":0,"def":0,"spa":252,"spd":0,"spe":252},"ivs":{"hp":31,"atk":31,"def":31,"spa":31,"spd":31,"spe":31}},{"name":"Golem","species":"Golem","item":"weaknesspolicy","ability":"Sturdy","moves":["earthquake","rockblast","suckerpunch","rockpolish"],"nature":"Adamant","evs":{"hp":0,"atk":252,"def":0,"spa":0,"spd":4,"spe":252},"ivs":{"hp":31,"atk":31,"def":31,"spa":31,"spd":31,"spe":31}},{"name":"Solrock","species":"Solrock","item":"leftovers","ability":"Levitate","moves":["willowisp","rocktomb","magiccoat","protect"],"nature":"","evs":{"hp":0,"atk":0,"def":0,"spa":0,"spd":0,"spe":0},"ivs":{"hp":31,"atk":31,"def":31,"spa":31,"spd":31,"spe":31}},{"name":"Cradily","species":"Cradily","item":"leftovers","ability":"Storm Drain","moves":["gigadrain","toxic","stockpile","recover"],"nature":"Calm","evs":{"hp":252,"atk":0,"def":0,"spa":4,"spd":252,"spe":0},"ivs":{"hp":31,"atk":31,"def":31,"spa":31,"spd":31,"spe":31}},{"name":"Aerodactyl","species":"Aerodactyl","item":"lifeorb","ability":"Pressure","moves":["aerialace","stoneedge","earthquake","fireblast"],"nature":"Hasty","evs":{"hp":0,"atk":252,"def":0,"spa":4,"spd":0,"spe":252},"ivs":{"hp":31,"atk":31,"def":31,"spa":31,"spd":31,"spe":31}}],"log":["|player|p1|Cryѕtal Cash|1","|player|p2|Rain Hoot|266","|gametype|singles","|gen|6","|tier|Monotype","|rated","|rule|Baton Pass Clause: Limit one Baton Passer, can't pass Spe and other stats simultaneously","|rule|Swagger Clause: Swagger is banned","|rule|Same Type Clause: Pokémon in a team must share a type","|clearpoke","|poke|p1|Diancie","|poke|p1|Klefki, F","|poke|p1|Azumarill, F","|poke|p1|Togekiss, F","|poke|p1|Sylveon, F","|poke|p1|Whimsicott, F","|poke|p2|Shuckle, M","|poke|p2|Diancie","|poke|p2|Golem, M","|poke|p2|Solrock","|poke|p2|Cradily, F","|poke|p2|Aerodactyl, F","|rule|Sleep Clause Mod: Limit one foe put to sleep","|rule|Species Clause: Limit one of each Pokémon","|rule|OHKO Clause: OHKO moves are banned","|rule|Moody Clause: Moody is banned","|rule|Evasion Moves Clause: Evasion moves are banned","|rule|Endless Battle Clause: Forcing endless battles is banned","|rule|HP Percentage Mod: HP is shown in percentages","|teampreview","|","|start","|switch|p1a: Azumarill|Azumarill, F|403/403","|switch|p2a: Solrock|Solrock|281/281","|turn|1","|","|move|p2a: Solrock|Will-O-Wisp|p1a: Azumarill","|-status|p1a: Azumarill|brn","|move|p1a: Azumarill|Power-Up Punch|p2a: Solrock","|-damage|p2a: Solrock|250/281","|-boost|p1a: Azumarill|atk|1","|","|-heal|p2a: Solrock|267/281|[from] item: Leftovers","|-damage|p1a: Azumarill|353/403 brn|[from] brn","|turn|2","|","|move|p1a: Azumarill|Aqua Jet|p2a: Solrock","|-supereffective|p2a: Solrock","|-damage|p2a: Solrock|117/281","|move|p2a: Solrock|Rock Tomb|p1a: Azumarill","|-damage|p1a: Azumarill|263/403 brn","|-unboost|p1a: Azumarill|spe|1","|","|-heal|p2a: Solrock|134/281|[from] item: Leftovers","|-damage|p1a: Azumarill|213/403 brn|[from] brn","|turn|3","|","|move|p2a: Solrock|Protect|p2a: Solrock","|-singleturn|p2a: Solrock|Protect","|move|p1a: Azumarill|Waterfall|p2a: Solrock","|-activate|p2a: Solrock|Protect","|","|-heal|p2a: Solrock|151/281|[from] item: Leftovers","|-damage|p1a: Azumarill|163/403 brn|[from] brn","|turn|4","|","|switch|p2a: Cradily|Cradily, F|376/376","|move|p1a: Azumarill|Aqua Jet|p2a: Cradily","|-boost|p2a: Cradily|spa|1|[from] ability: Storm Drain","|","|-damage|p1a: Azumarill|113/403 brn|[from] brn","|turn|5","|","|move|p2a: Cradily|Giga Drain|p1a: Azumarill","|-supereffective|p1a: Azumarill","|-damage|p1a: Azumarill|0 fnt","|faint|p1a: Azumarill","|","|","|switch|p1a: Togekiss Deez Nutz|Togekiss, F|311/311","|turn|6","|","|move|p1a: Togekiss Deez Nutz|Nasty Plot|p1a: Togekiss Deez Nutz","|-boost|p1a: Togekiss Deez Nutz|spa|2","|move|p2a: Cradily|Toxic|p1a: Togekiss Deez Nutz|[miss]","|-miss|p2a: Cradily|p1a: Togekiss Deez Nutz","|","|turn|7","|","|move|p1a: Togekiss Deez Nutz|Air Slash|p2a: Cradily","|-damage|p2a: Cradily|172/376","|cant|p2a: Cradily|flinch","|","|-heal|p2a: Cradily|195/376|[from] item: Leftovers","|turn|8","|","|move|p1a: Togekiss Deez Nutz|Air Slash|p2a: Cradily","|-crit|p2a: Cradily","|-damage|p2a: Cradily|0 fnt","|faint|p2a: Cradily","|","|","|switch|p2a: Aerodactyl|Aerodactyl, F|301/301","|-ability|p2a: Aerodactyl|Pressure","|turn|9","|","|move|p2a: Aerodactyl|Stone Edge|p1a: Togekiss Deez Nutz","|-supereffective|p1a: Togekiss Deez Nutz","|-damage|p1a: Togekiss Deez Nutz|0 fnt","|-damage|p2a: Aerodactyl|271/301|[from] item: Life Orb","|faint|p1a: Togekiss Deez Nutz","|","|","|switch|p1a: Sylveon|Sylveon, F|393/393","|turn|10","|","|move|p2a: Aerodactyl|Stone Edge|p1a: Sylveon","|-damage|p1a: Sylveon|95/393","|-damage|p2a: Aerodactyl|241/301|[from] item: Life Orb","|move|p1a: Sylveon|Hyper Voice|p2a: Aerodactyl","|-damage|p2a: Aerodactyl|0 fnt","|faint|p2a: Aerodactyl","|","|","|switch|p2a: Solrock|Solrock|151/281","|turn|11","|","|move|p2a: Solrock|Rock Tomb|p1a: Sylveon","|-damage|p1a: Sylveon|0 fnt","|faint|p1a: Sylveon","|","|-heal|p2a: Solrock|168/281|[from] item: Leftovers","|","|switch|p1a: Klefki|Klefki, F|317/317","|turn|12","|","|move|p2a: Solrock|Magic Coat|p2a: Solrock","|-singleturn|p2a: Solrock|move: Magic Coat","|move|p1a: Klefki|Reflect|p1a: Klefki","|-sidestart|p1: Cryѕtal Cash|Reflect","|","|-heal|p2a: Solrock|185/281|[from] item: Leftovers","|turn|13","|","|move|p1a: Klefki|Light Screen|p1a: Klefki","|-sidestart|p1: Cryѕtal Cash|move: Light Screen","|move|p2a: Solrock|Will-O-Wisp|p1a: Klefki","|-status|p1a: Klefki|brn","|","|-heal|p2a: Solrock|202/281|[from] item: Leftovers","|-damage|p1a: Klefki|278/317 brn|[from] brn","|turn|14","|","|switch|p1a: Whimsicott|Whimsicott, F|323/323","|move|p2a: Solrock|Magic Coat|p2a: Solrock","|-singleturn|p2a: Solrock|move: Magic Coat","|","|-heal|p2a: Solrock|219/281|[from] item: Leftovers","|turn|15","|","|move|p2a: Solrock|Magic Coat|p2a: Solrock","|-singleturn|p2a: Solrock|move: Magic Coat","|move|p1a: Whimsicott|Substitute|p1a: Whimsicott","|-start|p1a: Whimsicott|Substitute","|-damage|p1a: Whimsicott|243/323","|","|-heal|p1a: Whimsicott|263/323|[from] item: Leftovers","|-heal|p2a: Solrock|236/281|[from] item: Leftovers","|turn|16","|","|move|p1a: Whimsicott|Leech Seed|p2a: Solrock","|-start|p2a: Solrock|move: Leech Seed","|move|p2a: Solrock|Rock Tomb|p1a: Whimsicott|[miss]","|-miss|p2a: Solrock|p1a: Whimsicott","|","|-heal|p1a: Whimsicott|283/323|[from] item: Leftovers","|-heal|p2a: Solrock|253/281|[from] item: Leftovers","|-damage|p2a: Solrock|218/281|[from] Leech Seed|[of] p1a: Whimsicott","|-heal|p1a: Whimsicott|318/323|[silent]","|turn|17","|","|move|p1a: Whimsicott|Stun Spore|p2a: Solrock","|-status|p2a: Solrock|par","|move|p2a: Solrock|Rock Tomb|p1a: Whimsicott","|-activate|p1a: Whimsicott|Substitute|[damage]","|","|-heal|p1a: Whimsicott|323/323|[from] item: Leftovers","|-heal|p2a: Solrock|235/281 par|[from] item: Leftovers","|-damage|p2a: Solrock|200/281 par|[from] Leech Seed|[of] p1a: Whimsicott","|turn|18","|","|move|p1a: Whimsicott|Giga Drain|p2a: Solrock","|-supereffective|p2a: Solrock","|-damage|p2a: Solrock|14/281 par","|move|p2a: Solrock|Rock Tomb|p1a: Whimsicott","|-crit|p1a: Whimsicott","|-end|p1a: Whimsicott|Substitute","|","|-heal|p2a: Solrock|31/281 par|[from] item: Leftovers","|-damage|p2a: Solrock|0 fnt|[from] Leech Seed|[of] p1a: Whimsicott","|faint|p2a: Solrock","|","|switch|p2a: Shuckle|Shuckle, M|244/244","|turn|19","|","|move|p1a: Whimsicott|Substitute|p1a: Whimsicott","|-start|p1a: Whimsicott|Substitute","|-damage|p1a: Whimsicott|243/323","|move|p2a: Shuckle|Encore|p1a: Whimsicott","|-start|p1a: Whimsicott|Encore","|","|-heal|p1a: Whimsicott|263/323|[from] item: Leftovers","|-sideend|p1: Cryѕtal Cash|Reflect","|turn|20","|","|switch|p2a: Golem|Golem, M|301/301","|move|p1a: Whimsicott|Substitute|p1a: Whimsicott","|-fail|p1a: Whimsicott|move: Substitute","|","|-heal|p1a: Whimsicott|283/323|[from] item: Leftovers","|-sideend|p1: Cryѕtal Cash|move: Light Screen","|turn|21","|","|move|p1a: Whimsicott|Substitute|p1a: Whimsicott","|-fail|p1a: Whimsicott|move: Substitute","|move|p2a: Golem|Rock Blast|p1a: Whimsicott","|-activate|p1a: Whimsicott|Substitute|[damage]","|-activate|p1a: Whimsicott|Substitute|[damage]","|-crit|p1a: Whimsicott","|-end|p1a: Whimsicott|Substitute","|-hitcount|p1a: Whimsicott|3","|","|-heal|p1a: Whimsicott|303/323|[from] item: Leftovers","|turn|22","|","|move|p1a: Whimsicott|Substitute|p1a: Whimsicott","|-start|p1a: Whimsicott|Substitute","|-damage|p1a: Whimsicott|223/323","|move|p2a: Golem|Rock Blast|p1a: Whimsicott","|-activate|p1a: Whimsicott|Substitute|[damage]","|-crit|p1a: Whimsicott","|-end|p1a: Whimsicott|Substitute","|-damage|p1a: Whimsicott|189/323","|-damage|p1a: Whimsicott|149/323","|-hitcount|p1a: Whimsicott|4","|","|-heal|p1a: Whimsicott|169/323|[from] item: Leftovers","|-end|p1a: Whimsicott|Encore","|turn|23","|","|move|p1a: Whimsicott|Giga Drain|p2a: Golem","|-supereffective|p2a: Golem","|-ability|p2a: Golem|Sturdy","|-damage|p2a: Golem|1/301","|-heal|p1a: Whimsicott|319/323|[from] drain|[of] p2a: Golem","|-enditem|p2a: Golem|Weakness Policy","|-boost|p2a: Golem|atk|2|[from] item: Weakness Policy","|-boost|p2a: Golem|spa|2|[from] item: Weakness Policy","|move|p2a: Golem|Rock Blast|p1a: Whimsicott","|-damage|p1a: Whimsicott|252/323","|-damage|p1a: Whimsicott|176/323","|-damage|p1a: Whimsicott|101/323","|-hitcount|p1a: Whimsicott|3","|","|-heal|p1a: Whimsicott|121/323|[from] item: Leftovers","|turn|24","|","|move|p2a: Golem|Sucker Punch|p1a: Whimsicott","|-resisted|p1a: Whimsicott","|-damage|p1a: Whimsicott|38/323","|move|p1a: Whimsicott|Giga Drain|p2a: Golem","|-crit|p2a: Golem","|-supereffective|p2a: Golem","|-damage|p2a: Golem|0 fnt","|-heal|p1a: Whimsicott|39/323|[from] drain|[of] p2a: Golem","|faint|p2a: Golem","|","|-heal|p1a: Whimsicott|59/323|[from] item: Leftovers","|","|switch|p2a: Shuckle|Shuckle, M|244/244","|turn|25","|","|move|p1a: Whimsicott|Giga Drain|p2a: Shuckle","|-damage|p2a: Shuckle|217/244","|-heal|p1a: Whimsicott|73/323|[from] drain|[of] p2a: Shuckle","|move|p2a: Shuckle|Encore|p1a: Whimsicott","|-start|p1a: Whimsicott|Encore","|","|-heal|p1a: Whimsicott|93/323|[from] item: Leftovers","|-heal|p2a: Shuckle|232/244|[from] item: Leftovers","|turn|26","|","|move|p1a: Whimsicott|Giga Drain|p2a: Shuckle","|-damage|p2a: Shuckle|202/244","|-heal|p1a: Whimsicott|108/323|[from] drain|[of] p2a: Shuckle","|move|p2a: Shuckle|Toxic|p1a: Whimsicott","|-status|p1a: Whimsicott|tox","|","|-heal|p1a: Whimsicott|128/323 tox|[from] item: Leftovers","|-heal|p2a: Shuckle|217/244|[from] item: Leftovers","|-damage|p1a: Whimsicott|108/323 tox|[from] psn","|turn|27","|","|move|p1a: Whimsicott|Giga Drain|p2a: Shuckle","|-damage|p2a: Shuckle|190/244","|-heal|p1a: Whimsicott|122/323 tox|[from] drain|[of] p2a: Shuckle","|move|p2a: Shuckle|Sticky Web|p1a: Whimsicott","|-sidestart|p1: Cryѕtal Cash|move: Sticky Web","|","|-heal|p1a: Whimsicott|142/323 tox|[from] item: Leftovers","|-heal|p2a: Shuckle|205/244|[from] item: Leftovers","|-damage|p1a: Whimsicott|102/323 tox|[from] psn","|turn|28","|","|move|p1a: Whimsicott|Giga Drain|p2a: Shuckle","|-damage|p2a: Shuckle|175/244","|-heal|p1a: Whimsicott|117/323 tox|[from] drain|[of] p2a: Shuckle","|move|p2a: Shuckle|Stealth Rock|p1a: Whimsicott","|-sidestart|p1: Cryѕtal Cash|move: Stealth Rock","|","|-heal|p1a: Whimsicott|137/323 tox|[from] item: Leftovers","|-heal|p2a: Shuckle|190/244|[from] item: Leftovers","|-damage|p1a: Whimsicott|77/323 tox|[from] psn","|-end|p1a: Whimsicott|Encore","|turn|29","|","|move|p1a: Whimsicott|Giga Drain|p2a: Shuckle","|-damage|p2a: Shuckle|162/244","|-heal|p1a: Whimsicott|91/323 tox|[from] drain|[of] p2a: Shuckle","|move|p2a: Shuckle|Encore|p1a: Whimsicott","|-start|p1a: Whimsicott|Encore","|","|-heal|p1a: Whimsicott|111/323 tox|[from] item: Leftovers","|-heal|p2a: Shuckle|177/244|[from] item: Leftovers","|-damage|p1a: Whimsicott|31/323 tox|[from] psn","|turn|30","|","|move|p1a: Whimsicott|Giga Drain|p2a: Shuckle","|-damage|p2a: Shuckle|147/244","|-heal|p1a: Whimsicott|46/323 tox|[from] drain|[of] p2a: Shuckle","|move|p2a: Shuckle|Stealth Rock|p1a: Whimsicott","|-fail|p1a: Whimsicott","|","|-heal|p1a: Whimsicott|66/323 tox|[from] item: Leftovers","|-heal|p2a: Shuckle|162/244|[from] item: Leftovers","|-damage|p1a: Whimsicott|0 fnt|[from] psn","|faint|p1a: Whimsicott","|","|switch|p1a: Diancie|Diancie|241/241","|-damage|p1a: Diancie|211/241|[from] Stealth Rock","|-activate|p1a: Diancie|move: Sticky Web","|-fail|p1a: Diancie|unboost|[from] ability: Clear Body|[of] p1a: Diancie","|turn|31","|","|detailschange|p1a: Diancie|Diancie-Mega","|-mega|p1a: Diancie|Diancie|Diancite","|move|p1a: Diancie|Earth Power|p2a: Shuckle","|-damage|p2a: Shuckle|111/244","|move|p2a: Shuckle|Encore|p1a: Diancie","|move|p1a: Diancie|Encore|p2a: Shuckle|[from]Magic Bounce","|-fail|p2a: Shuckle","|","|-heal|p2a: Shuckle|126/244|[from] item: Leftovers","|turn|32","|","|move|p1a: Diancie|Moonblast|p2a: Shuckle","|-damage|p2a: Shuckle|45/244","|move|p2a: Shuckle|Encore|p1a: Diancie","|move|p1a: Diancie|Encore|p2a: Shuckle|[from]Magic Bounce","|-fail|p2a: Shuckle","|","|-heal|p2a: Shuckle|60/244|[from] item: Leftovers","|turn|33","|","|move|p1a: Diancie|Moonblast|p2a: Shuckle","|-damage|p2a: Shuckle|0 fnt","|faint|p2a: Shuckle","|","|","|switch|p2a: Diancie|Diancie|241/241","|turn|34","|","|switch|p1a: Klefki|Klefki, F|278/317 brn","|-activate|p1a: Klefki|move: Sticky Web","|-unboost|p1a: Klefki|spe|1","|-damage|p1a: Klefki|259/317 brn|[from] Stealth Rock","|detailschange|p2a: Diancie|Diancie-Mega","|-mega|p2a: Diancie|Diancie|Diancite","|move|p2a: Diancie|Protect|p2a: Diancie","|-fail|p2a: Diancie","|","|-damage|p1a: Klefki|220/317 brn|[from] brn","|turn|35","|","|move|p1a: Klefki|Light Screen|p1a: Klefki","|-sidestart|p1: Cryѕtal Cash|move: Light Screen","|move|p2a: Diancie|Earth Power|p1a: Klefki","|-crit|p1a: Klefki","|-supereffective|p1a: Klefki","|-damage|p1a: Klefki|0 fnt","|faint|p1a: Klefki","|","|","|switch|p1a: Diancie|Diancie-Mega|211/241","|-damage|p1a: Diancie|181/241|[from] Stealth Rock","|-activate|p1a: Diancie|move: Sticky Web","|-unboost|p1a: Diancie|spe|1","|turn|36","|","|move|p2a: Diancie|Diamond Storm|p1a: Diancie","|-damage|p1a: Diancie|6/241","|move|p1a: Diancie|Earth Power|p2a: Diancie","|-supereffective|p2a: Diancie","|-damage|p2a: Diancie|0 fnt","|faint|p2a: Diancie","|","|win|Cryѕtal Cash"],"p1rating":{"entryid":"7232943","serverid":"eos","formatid":"monotype","userid":"crytalcash","username":"Cryѕtal Cash","w":13,"l":"14","t":"0","gxe":49.2,"r":"1482.0943042726","rd":"65.96702929313","sigma":"0","rptime":"1439283600","rpr":1493.8621025811,"rprd":64.976026413686,"rpsigma":"0","acre":1147.5820631047,"lacre":1147.5820631047,"oldacre":"1126.6628955664"},"p2rating":{"entryid":"7558745","serverid":"eos","formatid":"monotype","userid":"rainhoot","username":"Rain Hoot","w":"3","l":5,"t":"0","gxe":45.4,"r":"1500","rd":"130","sigma":"0","rptime":"1439283600","rpr":1463.8375292432,"rprd":91.101759015606,"rpsigma":"0","acre":1052.3547530241,"lacre":1052.3547530241,"oldacre":"1069.437921065"},"endType":"normal"}