{"seed":[30073,8260,13957,37988],"turns":25,"p1":"GTX♅RyanRotom12","p2":"GTX♅Bzumzum","p1team":[{"name":"Altaria","species":"Altaria","item":"altarianite","ability":"Natural Cure","moves":["return","dragondance","roost","earthquake"],"nature":"Adamant","evs":{"hp":0,"atk":252,"def":0,"spa":0,"spd":4,"spe":252},"ivs":{"hp":31,"atk":31,"def":31,"spa":31,"spd":31,"spe":31}},{"name":"Sigilyph","species":"Sigilyph","item":"lifeorb","ability":"Magic Guard","moves":["thunderwave","psychic","airslash","ancientpower"],"nature":"Timid","evs":{"hp":0,"atk":0,"def":0,"spa":252,"spd":36,"spe":220},"ivs":{"hp":31,"atk":31,"def":31,"spa":31,"spd":31,"spe":31}},{"name":"Gyarados","species":"Gyarados","item":"leftovers","ability":"Intimidate","moves":["dragondance","waterfall","icefang","substitute"],"nature":"Adamant","evs":{"hp":0,"atk":252,"def":0,"spa":0,"spd":4,"spe":252},"ivs":{"hp":31,"atk":31,"def":31,"spa":31,"spd":31,"spe":31}},{"name":"Skarmory","species":"Skarmory","item":"rockyhelmet","ability":"Sturdy","moves":["aerialace","steelwing","whirlwind","spikes"],"nature":"Adamant","evs":{"hp":232,"atk":252,"def":0,"spa":0,"spd":0,"spe":24},"ivs":{"hp":31,"atk":31,"def":31,"spa":31,"spd":31,"spe":31}},{"name":"Tropius","species":"Tropius","item":"yacheberry","ability":"Chlorophyll","moves":["sunnyday","attract","airslash","solarbeam"],"nature":"Modest","evs":{"hp":0,"atk":0,"def":0,"spa":252,"spd":4,"spe":252},"ivs":{"hp":31,"atk":31,"def":31,"spa":31,"spd":31,"spe":31}},{"name":"Honchkrow","species":"Honchkrow","item":"blackglasses","ability":"Moxie","moves":["drillpeck","suckerpunch","icywind","tailwind"],"nature":"Lonely","evs":{"hp":248,"atk":252,"def":0,"spa":8,"spd":0,"spe":0},"ivs":{"hp":31,"atk":31,"def":31,"spa":31,"spd":31,"spe":31}}],"p2team":[{"name":"Flicker-Sparkz","species":"luxray","item":"choiceband","ability":"Intimidate","moves":["icefang","superpower","wildcharge","quickattack"],"nature":"Adamant","evs":{"hp":196,"atk":80,"def":0,"spa":0,"spd":0,"spe":232},"gender":"M","shiny":true,"ivs":{"hp":31,"atk":31,"def":31,"spa":31,"spd":31,"spe":31}},{"name":"Lightning","species":"raichu","item":"choicescarf","ability":"Static","moves":["surf","focusblast","grassknot","voltswitch"],"nature":"Modest","evs":{"hp":0,"atk":0,"def":0,"spa":252,"spd":4,"spe":252},"gender":"M","shiny":true,"ivs":{"hp":31,"atk":31,"def":31,"spa":31,"spd":31,"spe":31}},{"name":"Lumpy Lampsy","species":"lanturn","item":"airballoon","ability":"Water Absorb","moves":["healbell","soak","stockpile","discharge"],"nature":"Calm","evs":{"hp":248,"atk":0,"def":0,"spa":8,"spd":252,"spe":0},"gender":"M","shiny":true,"ivs":{"hp":31,"atk":31,"def":31,"spa":31,"spd":31,"spe":31}},{"name":"Bolts'n'Bugs","species":"galvantula","item":"safetygoggles","ability":"Compound Eyes","moves":["bugbuzz","gigadrain","stickyweb","voltswitch"],"nature":"Timid","evs":{"hp":0,"atk":0,"def":0,"spa":252,"spd":4,"spe":252},"gender":"M","shiny":true,"ivs":{"hp":31,"atk":31,"def":31,"spa":31,"spd":31,"spe":31}},{"name":"MY ZONE!!!","species":"magnezone","item":"choicespecs","ability":"Sturdy","moves":["flashcannon","hiddenpowerice","signalbeam","triattack"],"nature":"Modest","evs":{"hp":252,"atk":0,"def":0,"spa":252,"spd":0,"spe":4},"ivs":{"hp":31,"atk":30,"def":30,"spa":31,"spd":31,"spe":31},"shiny":true},{"name":"Zapz","species":"zapdos","item":"leftovers","ability":"Pressure","moves":["defog","heatwave","roost","extrasensory"],"nature":"","shiny":true,"evs":{"hp":0,"atk":0,"def":0,"spa":0,"spd":0,"spe":0},"ivs":{"hp":31,"atk":31,"def":31,"spa":31,"spd":31,"spe":31}}],"log":["|player|p1|GTX♅RyanRotom12|161","|player|p2|GTX♅Bzumzum|225","|gametype|singles","|gen|6","|tier|Monotype","|rated","|rule|Baton Pass Clause: Limit one Baton Passer, can't pass Spe and other stats simultaneously","|rule|Swagger Clause: Swagger is banned","|rule|Same Type Clause: Pokémon in a team must share a type","|clearpoke","|poke|p1|Altaria, M","|poke|p1|Sigilyph, M","|poke|p1|Gyarados, F","|poke|p1|Skarmory, F","|poke|p1|Tropius, M","|poke|p1|Honchkrow, F","|poke|p2|Luxray, M, shiny","|poke|p2|Raichu, M, shiny","|poke|p2|Lanturn, M, shiny","|poke|p2|Galvantula, M, shiny","|poke|p2|Magnezone, shiny","|poke|p2|Zapdos, shiny","|rule|Sleep Clause Mod: Limit one foe put to sleep","|rule|Species Clause: Limit one of each Pokémon","|rule|OHKO Clause: OHKO moves are banned","|rule|Moody Clause: Moody is banned","|rule|Evasion Moves Clause: Evasion moves are banned","|rule|Endless Battle Clause: Forcing endless battles is banned","|rule|HP Percentage Mod: HP is shown in percentages","|teampreview","|","|start","|switch|p1a: Skarmory|Skarmory, F|329/329","|switch|p2a: Bolts'n'Bugs|Galvantula, M, shiny|281/281","|turn|1","|","|move|p2a: Bolts'n'Bugs|Sticky Web|p1a: Skarmory","|-sidestart|p1: GTX♅RyanRotom12|move: Sticky Web","|move|p1a: Skarmory|Spikes|p2a: Bolts'n'Bugs","|-sidestart|p2: GTX♅Bzumzum|Spikes","|","|turn|2","|","|move|p2a: Bolts'n'Bugs|Volt Switch|p1a: Skarmory","|-supereffective|p1a: Skarmory","|-damage|p1a: Skarmory|47/329","|","|switch|p2a: Zapz|Zapdos, shiny|321/321","|-ability|p2a: Zapz|Pressure","|move|p1a: Skarmory|Aerial Ace|p2a: Zapz","|-resisted|p2a: Zapz","|-damage|p2a: Zapz|270/321","|","|-heal|p2a: Zapz|290/321|[from] item: Leftovers","|turn|3","|","|switch|p1a: Sigilyph|Sigilyph, M|285/285","|move|p2a: Zapz|Heat Wave|p1a: Sigilyph","|-crit|p1a: Sigilyph","|-damage|p1a: Sigilyph|122/285","|","|-heal|p2a: Zapz|310/321|[from] item: Leftovers","|turn|4","|","|move|p1a: Sigilyph|Ancient Power|p2a: Zapz","|-supereffective|p2a: Zapz","|-damage|p2a: Zapz|136/321","|move|p2a: Zapz|Defog|p1a: Sigilyph","|-unboost|p1a: Sigilyph|evasion|1","|-sideend|p1: GTX♅RyanRotom12|Sticky Web|[from] move: Defog|[of] p1a: Sigilyph","|-sideend|p2: GTX♅Bzumzum|Spikes|[from] move: Defog|[of] p2a: Zapz","|","|-heal|p2a: Zapz|156/321|[from] item: Leftovers","|turn|5","|","|move|p1a: Sigilyph|Psychic|p2a: Zapz","|-damage|p2a: Zapz|0 fnt","|faint|p2a: Zapz","|","|","|switch|p2a: Lightning|Raichu, M, shiny|261/261","|turn|6","|","|move|p2a: Lightning|Volt Switch|p1a: Sigilyph","|-supereffective|p1a: Sigilyph","|-damage|p1a: Sigilyph|0 fnt","|faint|p1a: Sigilyph","|","|switch|p2a: Flicker-Sparkz|Luxray, M, shiny|350/350","|","|","|switch|p1a: Altaria|Altaria, M|291/291","|turn|7","|","|detailschange|p1a: Altaria|Altaria-Mega, M","|-mega|p1a: Altaria|Altaria|Altarianite","|move|p1a: Altaria|Dragon Dance|p1a: Altaria","|-boost|p1a: Altaria|atk|1","|-boost|p1a: Altaria|spe|1","|move|p2a: Flicker-Sparkz|Ice Fang|p1a: Altaria","|-supereffective|p1a: Altaria","|-damage|p1a: Altaria|97/291","|","|turn|8","|","|switch|p2a: Lumpy Lampsy|Lanturn, M, shiny|453/453","|-item|p2a: Lumpy Lampsy|Air Balloon","|move|p1a: Altaria|Earthquake|p2a: Lumpy Lampsy","|-immune|p2a: Lumpy Lampsy|[msg]","|","|turn|9","|","|move|p1a: Altaria|Roost|p1a: Altaria","|-heal|p1a: Altaria|243/291","|move|p2a: Lumpy Lampsy|Stockpile|p2a: Lumpy Lampsy","|-start|p2a: Lumpy Lampsy|stockpile1","|-boost|p2a: Lumpy Lampsy|def|1","|-boost|p2a: Lumpy Lampsy|spd|1","|","|turn|10","|","|move|p1a: Altaria|Return|p2a: Lumpy Lampsy","|-damage|p2a: Lumpy Lampsy|104/453","|-enditem|p2a: Lumpy Lampsy|Air Balloon","|move|p2a: Lumpy Lampsy|Soak|p1a: Altaria","|-start|p1a: Altaria|typechange|Water","|","|turn|11","|","|move|p1a: Altaria|Return|p2a: Lumpy Lampsy","|-damage|p2a: Lumpy Lampsy|0 fnt","|faint|p2a: Lumpy Lampsy","|","|","|switch|p2a: Bolts'n'Bugs|Galvantula, M, shiny|281/281","|turn|12","|","|move|p1a: Altaria|Earthquake|p2a: Bolts'n'Bugs","|-damage|p2a: Bolts'n'Bugs|29/281","|move|p2a: Bolts'n'Bugs|Giga Drain|p1a: Altaria","|-supereffective|p1a: Altaria","|-damage|p1a: Altaria|109/291","|-heal|p2a: Bolts'n'Bugs|96/281|[from] drain|[of] p1a: Altaria","|","|turn|13","|","|move|p1a: Altaria|Roost|p1a: Altaria","|-heal|p1a: Altaria|255/291","|move|p2a: Bolts'n'Bugs|Volt Switch|p1a: Altaria","|-supereffective|p1a: Altaria","|-damage|p1a: Altaria|61/291","|","|switch|p2a: Lightning|Raichu, M, shiny|261/261","|","|turn|14","|","|move|p2a: Lightning|Volt Switch|p1a: Altaria","|-supereffective|p1a: Altaria","|-damage|p1a: Altaria|0 fnt","|faint|p1a: Altaria","|","|switch|p2a: MY ZONE!!!|Magnezone, shiny|344/344","|","|","|switch|p1a: Tropius|Tropius, M|339/339","|turn|15","|","|move|p1a: Tropius|Sunny Day|p1a: Tropius","|-weather|SunnyDay","|move|p2a: MY ZONE!!!|Hidden Power|p1a: Tropius","|-supereffective|p1a: Tropius","|-enditem|p1a: Tropius|Yache Berry|[eat]","|-damage|p1a: Tropius|75/339","|","|-weather|SunnyDay|[upkeep]","|turn|16","|","|move|p1a: Tropius|Solar Beam|p2a: MY ZONE!!!|[still]","|-prepare|p1a: Tropius|Solar Beam|p2a: MY ZONE!!!","|-anim|p1a: Tropius|Solar Beam|p2a: MY ZONE!!!","|-resisted|p2a: MY ZONE!!!","|-damage|p2a: MY ZONE!!!|259/344","|move|p2a: MY ZONE!!!|Hidden Power|p1a: Tropius","|-supereffective|p1a: Tropius","|-damage|p1a: Tropius|0 fnt","|faint|p1a: Tropius","|","|-weather|SunnyDay|[upkeep]","|","|switch|p1a: Gyarados|Gyarados, F|331/331","|-ability|p1a: Gyarados|Intimidate","|-unboost|p2a: MY ZONE!!!|atk|1","|turn|17","|","|move|p1a: Gyarados|Substitute|p1a: Gyarados","|-start|p1a: Gyarados|Substitute","|-damage|p1a: Gyarados|249/331","|move|p2a: MY ZONE!!!|Hidden Power|p1a: Gyarados","|-end|p1a: Gyarados|Substitute","|","|-weather|SunnyDay|[upkeep]","|-heal|p1a: Gyarados|269/331|[from] item: Leftovers","|turn|18","|","|move|p1a: Gyarados|Dragon Dance|p1a: Gyarados","|-boost|p1a: Gyarados|atk|1","|-boost|p1a: Gyarados|spe|1","|move|p2a: MY ZONE!!!|Hidden Power|p1a: Gyarados","|-damage|p1a: Gyarados|159/331","|","|-weather|SunnyDay|[upkeep]","|-heal|p1a: Gyarados|179/331|[from] item: Leftovers","|turn|19","|","|move|p1a: Gyarados|Waterfall|p2a: MY ZONE!!!","|-damage|p2a: MY ZONE!!!|162/344","|move|p2a: MY ZONE!!!|Hidden Power|p1a: Gyarados","|-damage|p1a: Gyarados|70/331","|","|-weather|none","|-heal|p1a: Gyarados|90/331|[from] item: Leftovers","|turn|20","|","|move|p1a: Gyarados|Waterfall|p2a: MY ZONE!!!","|-damage|p2a: MY ZONE!!!|0 fnt","|faint|p2a: MY ZONE!!!","|","|-heal|p1a: Gyarados|110/331|[from] item: Leftovers","|","|switch|p2a: Lightning|Raichu, M, shiny|261/261","|turn|21","|","|move|p2a: Lightning|Volt Switch|p1a: Gyarados","|-supereffective|p1a: Gyarados","|-damage|p1a: Gyarados|0 fnt","|faint|p1a: Gyarados","|","|switch|p2a: Flicker-Sparkz|Luxray, M, shiny|350/350","|","|","|switch|p1a: Honchkrow|Honchkrow, F|403/403","|turn|22","|","|move|p2a: Flicker-Sparkz|Superpower|p1a: Honchkrow","|-damage|p1a: Honchkrow|44/403","|-unboost|p2a: Flicker-Sparkz|atk|1","|-unboost|p2a: Flicker-Sparkz|def|1","|move|p1a: Honchkrow|Drill Peck|p2a: Flicker-Sparkz","|-resisted|p2a: Flicker-Sparkz","|-damage|p2a: Flicker-Sparkz|221/350","|","|turn|23","|","|move|p1a: Honchkrow|Sucker Punch|p2a: Flicker-Sparkz","|-damage|p2a: Flicker-Sparkz|0 fnt","|faint|p2a: Flicker-Sparkz","|-boost|p1a: Honchkrow|atk|1|[from] ability: Moxie","|","|","|switch|p2a: Bolts'n'Bugs|Galvantula, M, shiny|96/281","|turn|24","|","|move|p2a: Bolts'n'Bugs|Sticky Web|p1a: Honchkrow","|-sidestart|p1: GTX♅RyanRotom12|move: Sticky Web","|move|p1a: Honchkrow|Drill Peck|p2a: Bolts'n'Bugs","|-damage|p2a: Bolts'n'Bugs|0 fnt","|faint|p2a: Bolts'n'Bugs","|-boost|p1a: Honchkrow|atk|1|[from] ability: Moxie","|","|","|switch|p2a: Lightning|Raichu, M, shiny|261/261","|turn|25","|","|move|p1a: Honchkrow|Sucker Punch|p2a: Lightning","|-damage|p2a: Lightning|0 fnt","|faint|p2a: Lightning","|-boost|p1a: Honchkrow|atk|1|[from] ability: Moxie","|","|win|GTX♅RyanRotom12"],"p1rating":{"entryid":"7561676","serverid":"eos","formatid":"monotype","userid":"gtxryanrotom12","username":"GTX♅RyanRotom12","w":2,"l":"2","t":"0","gxe":47,"r":"1500","rd":"130","sigma":"0","rptime":"1439283600","rpr":1476.1565086491,"rprd":106.78470784768,"rpsigma":"0","acre":1072.930465703,"lacre":1072.930465703,"oldacre":"1030.8461433491"},"p2rating":{"entryid":"6857825","serverid":"eos","formatid":"monotype","userid":"gtxbzumzum","username":"GTX♅Bzumzum","w":"30","l":109,"t":"0","gxe":22.4,"r":"1261.8077109272","rd":"34.626524878165","sigma":"0","rptime":"1439283600","rpr":1265.8169569716,"rprd":34.433390809556,"rpsigma":"0","acre":1068.2626747668,"lacre":1068.2626747668,"oldacre":"1097.572684314"},"endType":"normal"}