{"seed":[22185,58491,51140,19704],"turns":21,"p1":"Guard Wulf - ⒶⒻⓀ","p2":"V Photon","p1team":[{"name":"Jirachi","species":"Jirachi","item":"choicescarf","ability":"Serene Grace","moves":["ironhead","uturn","firepunch","zenheadbutt"],"nature":"Jolly","evs":{"hp":0,"atk":252,"def":0,"spa":0,"spd":4,"spe":252},"ivs":{"hp":31,"atk":31,"def":31,"spa":31,"spd":31,"spe":31}},{"name":"Heatran","species":"Heatran","item":"airballoon","ability":"Flash Fire","moves":["lavaplume","ancientpower","earthpower","willowisp"],"nature":"Modest","evs":{"hp":248,"atk":0,"def":0,"spa":252,"spd":8,"spe":0},"ivs":{"hp":31,"atk":31,"def":31,"spa":31,"spd":31,"spe":31}},{"name":"Ferrothorn","species":"Ferrothorn","item":"leftovers","ability":"Iron Barbs","moves":["leechseed","spikes","seedbomb","protect"],"nature":"Careful","evs":{"hp":92,"atk":0,"def":164,"spa":0,"spd":252,"spe":0},"ivs":{"hp":31,"atk":31,"def":31,"spa":31,"spd":31,"spe":31}},{"name":"Skarmory","species":"Skarmory","item":"leftovers","ability":"Sturdy","moves":["stealthrock","whirlwind","roost","bravebird"],"nature":"Impish","evs":{"hp":252,"atk":0,"def":232,"spa":0,"spd":0,"spe":24},"ivs":{"hp":31,"atk":31,"def":31,"spa":31,"spd":31,"spe":31}},{"name":"Scizor","species":"Scizor","item":"scizorite","ability":"Technician","moves":["superpower","swordsdance","bulletpunch","bugbite"],"nature":"Adamant","evs":{"hp":248,"atk":252,"def":0,"spa":0,"spd":8,"spe":0},"ivs":{"hp":31,"atk":31,"def":31,"spa":31,"spd":31,"spe":31}},{"name":"Magnezone","species":"Magnezone","item":"airballoon","ability":"Analytic","moves":["thunderbolt","hiddenpowerice","voltswitch","flashcannon"],"nature":"Modest","evs":{"hp":248,"atk":0,"def":0,"spa":252,"spd":8,"spe":0},"ivs":{"hp":31,"atk":30,"def":30,"spa":31,"spd":31,"spe":31}}],"p2team":[{"name":"Sceptile","species":"Sceptile","item":"choiceband","ability":"Unburden","moves":["leafblade","drainpunch","outrage","rockslide"],"nature":"Jolly","evs":{"hp":0,"atk":252,"def":0,"spa":0,"spd":4,"spe":252},"ivs":{"hp":31,"atk":31,"def":31,"spa":31,"spd":31,"spe":31}},{"name":"Venusaur","species":"Venusaur","item":"venusaurite","ability":"Overgrow","moves":["curse","synthesis","earthquake","petalblizzard"],"nature":"Adamant","evs":{"hp":248,"atk":252,"def":0,"spa":0,"spd":8,"spe":0},"ivs":{"hp":31,"atk":31,"def":31,"spa":31,"spd":31,"spe":31}},{"name":"Ludicolo","species":"Ludicolo","item":"choicespecs","ability":"Own Tempo","moves":["energyball","hiddenpowerfire","surf","icebeam"],"nature":"Modest","evs":{"hp":0,"atk":0,"def":0,"spa":252,"spd":4,"spe":252},"ivs":{"hp":31,"atk":30,"def":31,"spa":30,"spd":31,"spe":30}},{"name":"Ferrothorn","species":"Ferrothorn","item":"rockyhelmet","ability":"Iron Barbs","moves":["leechseed","stealthrock","thunderwave","gyroball"],"nature":"Impish","evs":{"hp":248,"atk":8,"def":252,"spa":0,"spd":0,"spe":0},"ivs":{"hp":31,"atk":31,"def":31,"spa":31,"spd":31,"spe":0}},{"name":"Cradily","species":"Cradily","item":"leftovers","ability":"Storm Drain","moves":["stealthrock","rockslide","recover","toxic"],"nature":"Careful","evs":{"hp":252,"atk":4,"def":0,"spa":0,"spd":252,"spe":0},"ivs":{"hp":31,"atk":30,"def":31,"spa":30,"spd":31,"spe":30}},{"name":"Roserade","species":"Roserade","item":"choicescarf","ability":"Technician","moves":["sludgebomb","energyball","hiddenpowerice","shadowball"],"nature":"Timid","evs":{"hp":0,"atk":0,"def":0,"spa":252,"spd":4,"spe":252},"ivs":{"hp":31,"atk":30,"def":30,"spa":31,"spd":31,"spe":31}}],"log":["|player|p1|Guard Wulf - ⒶⒻⓀ|163","|player|p2|V Photon|66","|gametype|singles","|gen|6","|tier|Monotype","|rated","|rule|Baton Pass Clause: Limit one Baton Passer, can't pass Spe and other stats simultaneously","|rule|Swagger Clause: Swagger is banned","|rule|Same Type Clause: Pokémon in a team must share a type","|clearpoke","|poke|p1|Jirachi","|poke|p1|Heatran, M","|poke|p1|Ferrothorn, M","|poke|p1|Skarmory, F","|poke|p1|Scizor, M","|poke|p1|Magnezone","|poke|p2|Sceptile, F","|poke|p2|Venusaur, M","|poke|p2|Ludicolo, M","|poke|p2|Ferrothorn, M","|poke|p2|Cradily, M","|poke|p2|Roserade, M","|rule|Sleep Clause Mod: Limit one foe put to sleep","|rule|Species Clause: Limit one of each Pokémon","|rule|OHKO Clause: OHKO moves are banned","|rule|Moody Clause: Moody is banned","|rule|Evasion Moves Clause: Evasion moves are banned","|rule|Endless Battle Clause: Forcing endless battles is banned","|rule|HP Percentage Mod: HP is shown in percentages","|teampreview","|","|start","|switch|p1a: Jirachi|Jirachi|341/341","|switch|p2a: Ferrothorn|Ferrothorn, M|351/351","|turn|1","|","|move|p1a: Jirachi|Fire Punch|p2a: Ferrothorn","|-supereffective|p2a: Ferrothorn","|-damage|p2a: Ferrothorn|183/351","|-damage|p1a: Jirachi|299/341|[from] ability: Iron Barbs|[of] p2a: Ferrothorn","|-damage|p1a: Jirachi|243/341|[from] item: Rocky Helmet|[of] p2a: Ferrothorn","|move|p2a: Ferrothorn|Stealth Rock|p1a: Jirachi","|-sidestart|p1: Guard Wulf - ⒶⒻⓀ|move: Stealth Rock","|","|turn|2","|","|switch|p1a: Ferrothorn|Ferrothorn, M|312/312","|-damage|p1a: Ferrothorn|293/312|[from] Stealth Rock","|move|p2a: Ferrothorn|Thunder Wave|p1a: Ferrothorn","|-status|p1a: Ferrothorn|par","|","|-heal|p1a: Ferrothorn|312/312 par|[from] item: Leftovers","|turn|3","|","|switch|p2a: Ludicolo|Ludicolo, M|301/301","|move|p1a: Ferrothorn|Spikes|p2a: Ludicolo","|-sidestart|p2: V Photon|Spikes","|","|turn|4","|","|move|p2a: Ludicolo|Hidden Power|p1a: Ferrothorn","|-supereffective|p1a: Ferrothorn","|-damage|p1a: Ferrothorn|92/312 par","|cant|p1a: Ferrothorn|par","|","|-heal|p1a: Ferrothorn|111/312 par|[from] item: Leftovers","|turn|5","|","|switch|p2a: Sceptile|Sceptile, F|281/281","|-damage|p2a: Sceptile|246/281|[from] Spikes","|cant|p1a: Ferrothorn|par","|","|-heal|p1a: Ferrothorn|130/312 par|[from] item: Leftovers","|turn|6","|","|move|p2a: Sceptile|Drain Punch|p1a: Ferrothorn","|-supereffective|p1a: Ferrothorn","|-damage|p1a: Ferrothorn|0 fnt","|-heal|p2a: Sceptile|281/281|[from] drain|[of] p1a: Ferrothorn","|-damage|p2a: Sceptile|246/281|[from] ability: Iron Barbs|[of] p1a: Ferrothorn","|faint|p1a: Ferrothorn","|","|","|switch|p1a: Jirachi|Jirachi|243/341","|-damage|p1a: Jirachi|222/341|[from] Stealth Rock","|turn|7","|","|switch|p2a: Ferrothorn|Ferrothorn, M|183/351","|-damage|p2a: Ferrothorn|140/351|[from] Spikes","|move|p1a: Jirachi|Fire Punch|p2a: Ferrothorn","|-supereffective|p2a: Ferrothorn","|-damage|p2a: Ferrothorn|0 fnt","|-damage|p1a: Jirachi|180/341|[from] ability: Iron Barbs|[of] p2a: Ferrothorn","|-damage|p1a: Jirachi|124/341|[from] item: Rocky Helmet|[of] p2a: Ferrothorn","|faint|p2a: Ferrothorn","|","|","|switch|p2a: Roserade|Roserade, M|261/261","|-damage|p2a: Roserade|229/261|[from] Spikes","|turn|8","|","|move|p1a: Jirachi|Fire Punch|p2a: Roserade","|-supereffective|p2a: Roserade","|-damage|p2a: Roserade|3/261","|-status|p2a: Roserade|brn","|move|p2a: Roserade|Shadow Ball|p1a: Jirachi","|-supereffective|p1a: Jirachi","|-damage|p1a: Jirachi|0 fnt","|faint|p1a: Jirachi","|","|-damage|p2a: Roserade|0 fnt|[from] brn","|faint|p2a: Roserade","|","|switch|p2a: Ludicolo|Ludicolo, M|301/301","|switch|p1a: Skarmory|Skarmory, F|334/334","|-damage|p2a: Ludicolo|264/301|[from] Spikes","|-damage|p1a: Skarmory|293/334|[from] Stealth Rock","|turn|9","|","|switch|p1a: Heatran|Heatran, M|385/385","|-damage|p1a: Heatran|337/385|[from] Stealth Rock","|-item|p1a: Heatran|Air Balloon","|move|p2a: Ludicolo|Surf|p1a: Heatran","|-supereffective|p1a: Heatran","|-damage|p1a: Heatran|0 fnt","|-enditem|p1a: Heatran|Air Balloon","|faint|p1a: Heatran","|","|","|switch|p1a: Magnezone|Magnezone|343/343","|-damage|p1a: Magnezone|322/343|[from] Stealth Rock","|-item|p1a: Magnezone|Air Balloon","|turn|10","|","|switch|p2a: Cradily|Cradily, M|376/376","|-damage|p2a: Cradily|329/376|[from] Spikes","|move|p1a: Magnezone|Thunderbolt|p2a: Cradily","|-resisted|p2a: Cradily","|-damage|p2a: Cradily|247/376","|","|-heal|p2a: Cradily|270/376|[from] item: Leftovers","|turn|11","|","|move|p1a: Magnezone|Flash Cannon|p2a: Cradily","|-supereffective|p2a: Cradily","|-damage|p2a: Cradily|46/376","|move|p2a: Cradily|Rock Slide|p1a: Magnezone","|-resisted|p1a: Magnezone","|-damage|p1a: Magnezone|289/343","|-enditem|p1a: Magnezone|Air Balloon","|","|-heal|p2a: Cradily|69/376|[from] item: Leftovers","|turn|12","|","|switch|p1a: Skarmory|Skarmory, F|293/334","|-damage|p1a: Skarmory|252/334|[from] Stealth Rock","|move|p2a: Cradily|Rock Slide|p1a: Skarmory","|-damage|p1a: Skarmory|206/334","|","|-heal|p1a: Skarmory|226/334|[from] item: Leftovers","|-heal|p2a: Cradily|92/376|[from] item: Leftovers","|turn|13","|","|move|p1a: Skarmory|Stealth Rock|p2a: Cradily","|-sidestart|p2: V Photon|move: Stealth Rock","|move|p2a: Cradily|Rock Slide|p1a: Skarmory","|-damage|p1a: Skarmory|183/334","|","|-heal|p1a: Skarmory|203/334|[from] item: Leftovers","|-heal|p2a: Cradily|115/376|[from] item: Leftovers","|turn|14","|","|move|p1a: Skarmory|Roost|p1a: Skarmory","|-heal|p1a: Skarmory|334/334","|move|p2a: Cradily|Rock Slide|p1a: Skarmory","|-resisted|p1a: Skarmory","|-damage|p1a: Skarmory|312/334","|","|-heal|p1a: Skarmory|332/334|[from] item: Leftovers","|-heal|p2a: Cradily|138/376|[from] item: Leftovers","|turn|15","|","|move|p1a: Skarmory|Brave Bird|p2a: Cradily","|-crit|p2a: Cradily","|-damage|p2a: Cradily|0 fnt","|-damage|p1a: Skarmory|286/334|[from] recoil|[of] p2a: Cradily","|faint|p2a: Cradily","|","|-heal|p1a: Skarmory|306/334|[from] item: Leftovers","|","|switch|p2a: Ludicolo|Ludicolo, M|264/301","|-damage|p2a: Ludicolo|227/301|[from] Spikes","|-damage|p2a: Ludicolo|190/301|[from] Stealth Rock","|turn|16","|","|move|p2a: Ludicolo|Hidden Power|p1a: Skarmory","|-supereffective|p1a: Skarmory","|-damage|p1a: Skarmory|82/334","|move|p1a: Skarmory|Brave Bird|p2a: Ludicolo","|-supereffective|p2a: Ludicolo","|-damage|p2a: Ludicolo|0 fnt","|-damage|p1a: Skarmory|19/334|[from] recoil|[of] p2a: Ludicolo","|faint|p2a: Ludicolo","|","|-heal|p1a: Skarmory|39/334|[from] item: Leftovers","|","|switch|p2a: Sceptile|Sceptile, F|246/281","|-damage|p2a: Sceptile|211/281|[from] Stealth Rock","|-damage|p2a: Sceptile|176/281|[from] Spikes","|turn|17","|","|move|p2a: Sceptile|Drain Punch|p1a: Skarmory","|-damage|p1a: Skarmory|0 fnt","|-heal|p2a: Sceptile|196/281|[from] drain|[of] p1a: Skarmory","|faint|p1a: Skarmory","|","|","|switch|p1a: Scizor|Scizor, M|343/343","|-damage|p1a: Scizor|301/343|[from] Stealth Rock","|turn|18","|","|detailschange|p1a: Scizor|Scizor-Mega, M","|-mega|p1a: Scizor|Scizor|Scizorite","|move|p2a: Sceptile|Drain Punch|p1a: Scizor","|-damage|p1a: Scizor|223/343","|-heal|p2a: Sceptile|235/281|[from] drain|[of] p1a: Scizor","|move|p1a: Scizor|Swords Dance|p1a: Scizor","|-boost|p1a: Scizor|atk|2","|","|turn|19","|","|move|p1a: Scizor|Bullet Punch|p2a: Sceptile","|-damage|p2a: Sceptile|0 fnt","|faint|p2a: Sceptile","|","|","|switch|p2a: Venusaur|Venusaur, M|363/363","|-damage|p2a: Venusaur|318/363|[from] Stealth Rock","|-damage|p2a: Venusaur|273/363|[from] Spikes","|turn|20","|","|detailschange|p2a: Venusaur|Venusaur-Mega, M","|-mega|p2a: Venusaur|Venusaur|Venusaurite","|move|p1a: Scizor|Bullet Punch|p2a: Venusaur","|-damage|p2a: Venusaur|51/363","|move|p2a: Venusaur|Synthesis|p2a: Venusaur","|-heal|p2a: Venusaur|232/363","|","|turn|21","|","|move|p1a: Scizor|Bullet Punch|p2a: Venusaur","|-crit|p2a: Venusaur","|-damage|p2a: Venusaur|0 fnt","|faint|p2a: Venusaur","|","|win|Guard Wulf - ⒶⒻⓀ"],"p1rating":{"entryid":"7326062","serverid":"eos","formatid":"monotype","userid":"guardwulf","username":"Guard Wulf","w":46,"l":"25","t":"0","gxe":61.6,"r":"1588.0764719854","rd":"43.813565601415","sigma":"0","rptime":"1439283600","rpr":1589.2947433194,"rprd":42.954674994093,"rpsigma":"0","acre":1167.6955419741,"lacre":1167.6955419741,"oldacre":"1153.0471158785"},"p2rating":{"entryid":7561969,"formatid":"monotype","userid":"vphoton","username":"V Photon","r":1500,"rd":130,"sigma":0,"rpr":1467.8227051303,"rprd":122.34570438643,"rpsigma":0,"rptime":1439283600,"w":0,"l":1,"t":0,"gxe":46,"acre":1000,"lacre":1000,"oldacre":1000},"endType":"normal"}