{"seed":[17298,23198,15029,35545],"turns":19,"p1":"GLReshiram","p2":"Prolixity","p1team":[{"name":"Heatran","species":"Heatran","item":"assaultvest","ability":"Flash Fire","moves":["firespin","earthpower","dragonpulse","flashcannon"],"nature":"Mild","evs":{"hp":148,"atk":0,"def":0,"spa":200,"spd":160,"spe":0},"ivs":{"hp":31,"atk":31,"def":31,"spa":31,"spd":31,"spe":31}},{"name":"Ninetales","species":"Ninetales","item":"focussash","ability":"Drought","moves":["flamethrower","solarbeam","hiddenpowerelectric","nastyplot"],"nature":"Timid","evs":{"hp":0,"atk":0,"def":0,"spa":252,"spd":4,"spe":252},"ivs":{"hp":31,"atk":31,"def":31,"spa":30,"spd":31,"spe":31}},{"name":"Torkoal","species":"Torkoal","item":"leftovers","ability":"Shell Armor","moves":["protect","toxic","lavaplume","rapidspin"],"nature":"Bold","evs":{"hp":252,"atk":0,"def":252,"spa":4,"spd":0,"spe":0},"ivs":{"hp":31,"atk":31,"def":31,"spa":31,"spd":31,"spe":31}},{"name":"Rotom-Heat","species":"Rotom-Heat","item":"lightclay","ability":"Levitate","moves":["voltswitch","painsplit","reflect","lightscreen"],"nature":"Timid","evs":{"hp":236,"atk":0,"def":8,"spa":4,"spd":8,"spe":252},"ivs":{"hp":31,"atk":31,"def":31,"spa":31,"spd":31,"spe":31}},{"name":"Infernape","species":"Infernape","item":"lifeorb","ability":"Iron Fist","moves":["firepunch","machpunch","thunderpunch","uturn"],"nature":"Jolly","evs":{"hp":4,"atk":252,"def":0,"spa":0,"spd":0,"spe":252},"ivs":{"hp":31,"atk":31,"def":31,"spa":31,"spd":31,"spe":31}},{"name":"Charizard","species":"Charizard","item":"charizarditex","ability":"Blaze","moves":["dragondance","roost","dragonclaw","earthquake"],"nature":"Adamant","evs":{"hp":176,"atk":252,"def":0,"spa":0,"spd":0,"spe":80},"ivs":{"hp":31,"atk":31,"def":31,"spa":31,"spd":31,"spe":31}}],"p2team":[{"name":"Milotic","species":"Milotic","item":"razorfang","ability":"Cute Charm","moves":["coil","captivate","scald","ironhead"],"nature":"Mild","evs":{"hp":248,"atk":8,"def":0,"spa":252,"spd":0,"spe":0},"gender":"F","ivs":{"hp":31,"atk":31,"def":31,"spa":31,"spd":31,"spe":31}},{"name":"Keldeo","species":"Keldeo","item":"lifeorb","ability":"Justified","moves":["aquajet","secretsword","scald","closecombat"],"nature":"Hasty","evs":{"hp":0,"atk":4,"def":0,"spa":252,"spd":0,"spe":252},"ivs":{"hp":31,"atk":31,"def":31,"spa":31,"spd":31,"spe":31}},{"name":"Swampert","species":"Swampert","item":"swampertite","ability":"Torrent","moves":["protect","waterfall","earthquake","icepunch"],"nature":"","shiny":true,"evs":{"hp":0,"atk":0,"def":0,"spa":0,"spd":0,"spe":0},"ivs":{"hp":31,"atk":31,"def":31,"spa":31,"spd":31,"spe":31}},{"name":"Politoed","species":"Politoed","item":"quickclaw","ability":"Drizzle","moves":["scald","encore","toxic","protect"],"nature":"Bold","evs":{"hp":248,"atk":0,"def":252,"spa":0,"spd":8,"spe":0},"ivs":{"hp":31,"atk":31,"def":31,"spa":31,"spd":31,"spe":31}},{"name":"Cloyster","species":"Cloyster","item":"focussash","ability":"Skill Link","moves":["iciclespear","rockblast","shellsmash","razorshell"],"nature":"Adamant","evs":{"hp":0,"atk":252,"def":0,"spa":0,"spd":4,"spe":252},"ivs":{"hp":31,"atk":31,"def":31,"spa":31,"spd":31,"spe":31}},{"name":"Tentacruel","species":"Tentacruel","item":"leftovers","ability":"Liquid Ooze","moves":["toxicspikes","scald","rapidspin","acidspray"],"nature":"Timid","evs":{"hp":0,"atk":0,"def":0,"spa":252,"spd":4,"spe":252},"ivs":{"hp":31,"atk":31,"def":31,"spa":31,"spd":31,"spe":31}}],"log":["|player|p1|GLReshiram|68","|player|p2|Prolixity|87","|gametype|singles","|gen|6","|tier|Monotype","|rated","|rule|Baton Pass Clause: Limit one Baton Passer, can't pass Spe and other stats simultaneously","|rule|Swagger Clause: Swagger is banned","|rule|Same Type Clause: Pokémon in a team must share a type","|clearpoke","|poke|p1|Heatran, F","|poke|p1|Ninetales, M","|poke|p1|Torkoal, F","|poke|p1|Rotom-Heat","|poke|p1|Infernape, F","|poke|p1|Charizard, F","|poke|p2|Milotic, F","|poke|p2|Keldeo","|poke|p2|Swampert, M, shiny","|poke|p2|Politoed, M","|poke|p2|Cloyster, F","|poke|p2|Tentacruel, M","|rule|Sleep Clause Mod: Limit one foe put to sleep","|rule|Species Clause: Limit one of each Pokémon","|rule|OHKO Clause: OHKO moves are banned","|rule|Moody Clause: Moody is banned","|rule|Evasion Moves Clause: Evasion moves are banned","|rule|Endless Battle Clause: Forcing endless battles is banned","|rule|HP Percentage Mod: HP is shown in percentages","|teampreview","|","|start","|switch|p1a: Rotom-Heat|Rotom-Heat|300/300","|switch|p2a: Politoed|Politoed, M|383/383","|-weather|RainDance","|turn|1","|","|move|p1a: Rotom-Heat|Light Screen|p1a: Rotom-Heat","|-sidestart|p1: GLReshiram|move: Light Screen","|move|p2a: Politoed|Toxic|p1a: Rotom-Heat","|-status|p1a: Rotom-Heat|tox","|","|-weather|RainDance|[upkeep]","|-damage|p1a: Rotom-Heat|282/300 tox|[from] psn","|turn|2","|","|move|p1a: Rotom-Heat|Volt Switch|p2a: Politoed","|-supereffective|p2a: Politoed","|-damage|p2a: Politoed|201/383","|","|switch|p1a: Heatran|Heatran, F|360/360","|move|p2a: Politoed|Encore|p1a: Heatran","|-fail|p1a: Heatran","|","|-weather|RainDance|[upkeep]","|turn|3","|","|move|p1a: Heatran|Fire Spin|p2a: Politoed","|-resisted|p2a: Politoed","|-damage|p2a: Politoed|186/383","|-activate|p2a: Politoed|move: Fire Spin|[of] p1a: Heatran","|move|p2a: Politoed|Scald|p1a: Heatran","|-supereffective|p1a: Heatran","|-damage|p1a: Heatran|288/360","|","|-weather|RainDance|[upkeep]","|-damage|p2a: Politoed|139/383|[from] move: Fire Spin|[partiallytrapped]","|turn|4","|","|switch|p1a: Ninetales|Ninetales, M|287/287","|-weather|SunnyDay","|move|p2a: Politoed|Protect|p2a: Politoed","|-fail|p2a: Politoed","|","|-weather|SunnyDay|[upkeep]","|turn|5","|","|move|p1a: Ninetales|Nasty Plot|p1a: Ninetales","|-boost|p1a: Ninetales|spa|2","|move|p2a: Politoed|Scald|p1a: Ninetales","|-supereffective|p1a: Ninetales","|-damage|p1a: Ninetales|242/287","|","|-weather|SunnyDay|[upkeep]","|turn|6","|","|move|p1a: Ninetales|Solar Beam|p2a: Politoed|[still]","|-prepare|p1a: Ninetales|Solar Beam|p2a: Politoed","|-anim|p1a: Ninetales|Solar Beam|p2a: Politoed","|-supereffective|p2a: Politoed","|-damage|p2a: Politoed|0 fnt","|faint|p2a: Politoed","|","|-weather|SunnyDay|[upkeep]","|","|switch|p2a: Tentacruel|Tentacruel, M|301/301","|turn|7","|","|switch|p1a: Rotom-Heat|Rotom-Heat|282/300 tox","|move|p2a: Tentacruel|Toxic Spikes|p1a: Rotom-Heat","|-sidestart|p1: GLReshiram|move: Toxic Spikes","|","|-weather|SunnyDay|[upkeep]","|-damage|p1a: Rotom-Heat|264/300 tox|[from] psn","|turn|8","|","|move|p2a: Tentacruel|Scald|p1a: Rotom-Heat","|-supereffective|p1a: Rotom-Heat","|-damage|p1a: Rotom-Heat|213/300 tox","|move|p1a: Rotom-Heat|Volt Switch|p2a: Tentacruel","|-supereffective|p2a: Tentacruel","|-damage|p2a: Tentacruel|163/301","|","|switch|p1a: Torkoal|Torkoal, F|344/344","|-status|p1a: Torkoal|psn","|","|-weather|none","|-heal|p2a: Tentacruel|181/301|[from] item: Leftovers","|-damage|p1a: Torkoal|301/344 psn|[from] psn","|-sideend|p1: GLReshiram|move: Light Screen","|turn|9","|","|switch|p1a: Rotom-Heat|Rotom-Heat|213/300 tox","|move|p2a: Tentacruel|Scald|p1a: Rotom-Heat","|-supereffective|p1a: Rotom-Heat","|-damage|p1a: Rotom-Heat|3/300 tox","|","|-heal|p2a: Tentacruel|199/301|[from] item: Leftovers","|-damage|p1a: Rotom-Heat|0 fnt|[from] psn","|faint|p1a: Rotom-Heat","|","|switch|p1a: Heatran|Heatran, F|288/360","|turn|10","|","|move|p2a: Tentacruel|Scald|p1a: Heatran","|-supereffective|p1a: Heatran","|-damage|p1a: Heatran|172/360","|move|p1a: Heatran|Earth Power|p2a: Tentacruel","|-supereffective|p2a: Tentacruel","|-damage|p2a: Tentacruel|1/301","|","|-heal|p2a: Tentacruel|19/301|[from] item: Leftovers","|turn|11","|","|move|p2a: Tentacruel|Scald|p1a: Heatran","|-supereffective|p1a: Heatran","|-damage|p1a: Heatran|56/360","|move|p1a: Heatran|Dragon Pulse|p2a: Tentacruel","|-damage|p2a: Tentacruel|0 fnt","|faint|p2a: Tentacruel","|","|","|switch|p2a: Keldeo|Keldeo|323/323","|turn|12","|","|move|p2a: Keldeo|Aqua Jet|p1a: Heatran","|-supereffective|p1a: Heatran","|-damage|p1a: Heatran|0 fnt","|-damage|p2a: Keldeo|291/323|[from] item: Life Orb","|faint|p1a: Heatran","|","|","|switch|p1a: Torkoal|Torkoal, F|301/344 psn","|turn|13","|","|move|p2a: Keldeo|Scald|p1a: Torkoal","|-supereffective|p1a: Torkoal","|-damage|p1a: Torkoal|0 fnt","|-damage|p2a: Keldeo|259/323|[from] item: Life Orb","|faint|p1a: Torkoal","|","|","|switch|p1a: Ninetales|Ninetales, M|242/287","|-status|p1a: Ninetales|psn","|-weather|SunnyDay","|turn|14","|","|move|p2a: Keldeo|Scald|p1a: Ninetales","|-supereffective|p1a: Ninetales","|-damage|p1a: Ninetales|63/287 psn","|-damage|p2a: Keldeo|227/323|[from] item: Life Orb","|move|p1a: Ninetales|Solar Beam|p2a: Keldeo|[still]","|-prepare|p1a: Ninetales|Solar Beam|p2a: Keldeo","|-anim|p1a: Ninetales|Solar Beam|p2a: Keldeo","|-supereffective|p2a: Keldeo","|-damage|p2a: Keldeo|11/323","|","|-weather|SunnyDay|[upkeep]","|-damage|p1a: Ninetales|28/287 psn|[from] psn","|turn|15","|","|switch|p1a: Charizard|Charizard, F|341/341","|move|p2a: Keldeo|Aqua Jet|p1a: Charizard","|-supereffective|p1a: Charizard","|-damage|p1a: Charizard|284/341","|-damage|p2a: Keldeo|0 fnt|[from] item: Life Orb","|faint|p2a: Keldeo","|","|-weather|SunnyDay|[upkeep]","|","|switch|p2a: Cloyster|Cloyster, F|241/241","|turn|16","|","|move|p1a: Charizard|Dragon Claw|p2a: Cloyster","|-damage|p2a: Cloyster|195/241","|move|p2a: Cloyster|Shell Smash|p2a: Cloyster","|-unboost|p2a: Cloyster|def|1","|-unboost|p2a: Cloyster|spd|1","|-boost|p2a: Cloyster|atk|2","|-boost|p2a: Cloyster|spa|2","|-boost|p2a: Cloyster|spe|2","|","|-weather|SunnyDay|[upkeep]","|turn|17","|","|detailschange|p1a: Charizard|Charizard-Mega-X, F","|-mega|p1a: Charizard|Charizard|Charizardite X","|move|p2a: Cloyster|Rock Blast|p1a: Charizard","|-supereffective|p1a: Charizard","|-damage|p1a: Charizard|182/341","|-supereffective|p1a: Charizard","|-damage|p1a: Charizard|88/341","|-supereffective|p1a: Charizard","|-damage|p1a: Charizard|0 fnt","|-hitcount|p1a: Charizard|3","|faint|p1a: Charizard","|","|-weather|SunnyDay|[upkeep]","|","|switch|p1a: Infernape|Infernape, F|294/294","|-status|p1a: Infernape|psn","|turn|18","|","|move|p1a: Infernape|Mach Punch|p2a: Cloyster","|-supereffective|p2a: Cloyster","|-damage|p2a: Cloyster|39/241","|-damage|p1a: Infernape|265/294 psn|[from] item: Life Orb","|move|p2a: Cloyster|Rock Blast|p1a: Infernape","|-damage|p1a: Infernape|200/294 psn","|-damage|p1a: Infernape|133/294 psn","|-damage|p1a: Infernape|64/294 psn","|-damage|p1a: Infernape|0 fnt","|-hitcount|p1a: Infernape|4","|faint|p1a: Infernape","|","|-weather|none","|","|switch|p1a: Ninetales|Ninetales, M|28/287 psn","|-weather|SunnyDay","|turn|19","|","|move|p2a: Cloyster|Rock Blast|p1a: Ninetales","|-supereffective|p1a: Ninetales","|-damage|p1a: Ninetales|0 fnt","|-hitcount|p1a: Ninetales|1","|faint|p1a: Ninetales","|","|win|Prolixity"],"p1rating":{"entryid":"6886801","serverid":"eos","formatid":"monotype","userid":"glreshiram","username":"GL♅Reshiram","w":"21","l":23,"t":"0","gxe":48.3,"r":"1486.7972587549","rd":"58.073456274428","sigma":"0","rptime":"1439197200","rpr":1486.7723093417,"rprd":52.595703840105,"rpsigma":"0","acre":1076.8997825536,"lacre":1076.8997825536,"oldacre":"1107.1480766331"},"p2rating":{"entryid":"7546643","serverid":"eos","formatid":"monotype","userid":"prolixity","username":"Prolixity","w":2,"l":"1","t":"0","gxe":53.9,"r":"1500","rd":"130","sigma":"0","rptime":"1439197200","rpr":1531.0567181374,"rprd":110.71204113035,"rpsigma":"0","acre":1075.4977894404,"lacre":1075.4977894404,"oldacre":"1033.1095663036"},"endType":"normal"}