{"seed":[27482,56157,1835,57717],"turns":33,"p1":"Imp❇ Jk","p2":"V SLootBoot","p1team":[{"name":"Cobalion","species":"Cobalion","item":"leftovers","ability":"Justified","moves":["thunderwave","ironhead","stealthrock","taunt"],"nature":"Impish","evs":{"hp":252,"atk":4,"def":252,"spa":0,"spd":0,"spe":0},"ivs":{"hp":31,"atk":31,"def":31,"spa":31,"spd":31,"spe":31}},{"name":"Scrafty","species":"Scrafty","item":"leftovers","ability":"Shed Skin","moves":["icepunch","crunch","drainpunch","bulkup"],"nature":"Careful","evs":{"hp":252,"atk":4,"def":0,"spa":0,"spd":252,"spe":0},"ivs":{"hp":31,"atk":31,"def":31,"spa":31,"spd":31,"spe":31}},{"name":"Hitmontop","species":"Hitmontop","item":"assaultvest","ability":"Intimidate","moves":["endeavor","highjumpkick","suckerpunch","rapidspin"],"nature":"Impish","evs":{"hp":252,"atk":0,"def":64,"spa":0,"spd":192,"spe":0},"ivs":{"hp":31,"atk":31,"def":31,"spa":31,"spd":31,"spe":31}},{"name":"Infernape","species":"Infernape","item":"focussash","ability":"Blaze","moves":["flamethrower","vacuumwave","nastyplot","encore"],"nature":"Timid","evs":{"hp":0,"atk":0,"def":0,"spa":252,"spd":0,"spe":252},"ivs":{"hp":31,"atk":31,"def":31,"spa":31,"spd":31,"spe":31}},{"name":"Heracross","species":"Heracross","item":"heracronite","ability":"Moxie","moves":["bulletseed","pinmissile","rockblast","closecombat"],"nature":"Adamant","evs":{"hp":252,"atk":124,"def":132,"spa":0,"spd":0,"spe":0},"ivs":{"hp":31,"atk":31,"def":31,"spa":31,"spd":31,"spe":31}},{"name":"Terrakion","species":"Terrakion","item":"choicescarf","ability":"Justified","moves":["closecombat","stoneedge","earthquake","ironhead"],"nature":"Adamant","evs":{"hp":4,"atk":252,"def":0,"spa":0,"spd":0,"spe":252},"ivs":{"hp":31,"atk":31,"def":31,"spa":31,"spd":31,"spe":31}}],"p2team":[{"name":"Mandibuzz","species":"Mandibuzz","item":"leftovers","ability":"Overcoat","moves":["foulplay","roost","defog","taunt"],"nature":"Impish","evs":{"hp":248,"atk":0,"def":136,"spa":0,"spd":108,"spe":16},"ivs":{"hp":31,"atk":31,"def":31,"spa":31,"spd":31,"spe":31}},{"name":"Togekiss","species":"Togekiss","item":"leftovers","ability":"Serene Grace","moves":["thunderwave","airslash","nastyplot","roost"],"nature":"Calm","evs":{"hp":248,"atk":0,"def":0,"spa":0,"spd":216,"spe":44},"ivs":{"hp":31,"atk":31,"def":31,"spa":31,"spd":31,"spe":31}},{"name":"Dragonite","species":"Dragonite","item":"weaknesspolicy","ability":"Multiscale","moves":["earthquake","dragonclaw","extremespeed","dragondance"],"nature":"Adamant","evs":{"hp":0,"atk":252,"def":0,"spa":0,"spd":4,"spe":252},"ivs":{"hp":31,"atk":31,"def":31,"spa":31,"spd":31,"spe":31}},{"name":"Skarmory","species":"Skarmory","item":"rockyhelmet","ability":"Sturdy","moves":["roost","spikes","bravebird","stealthrock"],"nature":"Impish","evs":{"hp":252,"atk":0,"def":252,"spa":0,"spd":4,"spe":0},"ivs":{"hp":31,"atk":31,"def":31,"spa":31,"spd":31,"spe":31}},{"name":"Xatu","species":"Xatu","item":"lightclay","ability":"Magic Bounce","moves":["thunderwave","reflect","uturn","nightshade"],"nature":"Jolly","evs":{"hp":248,"atk":0,"def":0,"spa":0,"spd":8,"spe":252},"ivs":{"hp":31,"atk":31,"def":31,"spa":31,"spd":31,"spe":31}},{"name":"Gyarados","species":"Gyarados","item":"gyaradosite","ability":"Intimidate","moves":["dragondance","waterfall","earthquake","icefang"],"nature":"Adamant","evs":{"hp":0,"atk":252,"def":4,"spa":0,"spd":0,"spe":252},"ivs":{"hp":31,"atk":31,"def":31,"spa":31,"spd":31,"spe":31}}],"log":["|player|p1|Imp❇ Jk|93","|player|p2|V SLootBoot|285","|gametype|singles","|gen|6","|tier|Monotype","|rated","|rule|Baton Pass Clause: Limit one Baton Passer, can't pass Spe and other stats simultaneously","|rule|Swagger Clause: Swagger is banned","|rule|Same Type Clause: Pokémon in a team must share a type","|clearpoke","|poke|p1|Cobalion","|poke|p1|Scrafty, F","|poke|p1|Hitmontop, M","|poke|p1|Infernape, M","|poke|p1|Heracross, M","|poke|p1|Terrakion","|poke|p2|Mandibuzz, F","|poke|p2|Togekiss, F","|poke|p2|Dragonite, F","|poke|p2|Skarmory, F","|poke|p2|Xatu, M","|poke|p2|Gyarados, M","|rule|Sleep Clause Mod: Limit one foe put to sleep","|rule|Species Clause: Limit one of each Pokémon","|rule|OHKO Clause: OHKO moves are banned","|rule|Moody Clause: Moody is banned","|rule|Evasion Moves Clause: Evasion moves are banned","|rule|Endless Battle Clause: Forcing endless battles is banned","|rule|HP Percentage Mod: HP is shown in percentages","|teampreview","|","|start","|switch|p1a: Infernape|Infernape, M|293/293","|switch|p2a: Skarmory|Skarmory, F|334/334","|turn|1","|","|switch|p2a: Gyarados|Gyarados, M|331/331","|-ability|p2a: Gyarados|Intimidate","|-unboost|p1a: Infernape|atk|1","|move|p1a: Infernape|Flamethrower|p2a: Gyarados","|-resisted|p2a: Gyarados","|-damage|p2a: Gyarados|256/331","|","|turn|2","|","|switch|p1a: Hitmontop|Hitmontop, M|304/304","|-ability|p1a: Hitmontop|Intimidate","|-unboost|p2a: Gyarados|atk|1","|move|p2a: Gyarados|Dragon Dance|p2a: Gyarados","|-boost|p2a: Gyarados|atk|1","|-boost|p2a: Gyarados|spe|1","|","|turn|3","|","|switch|p1a: Cobalion|Cobalion|386/386","|move|p2a: Gyarados|Waterfall|p1a: Cobalion","|-damage|p1a: Cobalion|298/386","|","|-heal|p1a: Cobalion|322/386|[from] item: Leftovers","|turn|4","|","|switch|p2a: Xatu|Xatu, M|333/333","|move|p1a: Cobalion|Thunder Wave|p2a: Xatu","|move|p2a: Xatu|Thunder Wave|p1a: Cobalion|[from]Magic Bounce","|-status|p1a: Cobalion|par","|","|-heal|p1a: Cobalion|346/386 par|[from] item: Leftovers","|turn|5","|","|switch|p1a: Scrafty|Scrafty, F|334/334","|move|p2a: Xatu|Reflect|p2a: Xatu","|-sidestart|p2: V SLootBoot|Reflect","|","|turn|6","|","|move|p2a: Xatu|U-turn|p1a: Scrafty","|-damage|p1a: Scrafty|293/334","|","|switch|p2a: Skarmory|Skarmory, F|334/334","|move|p1a: Scrafty|Bulk Up|p1a: Scrafty","|-boost|p1a: Scrafty|atk|1","|-boost|p1a: Scrafty|def|1","|","|-heal|p1a: Scrafty|313/334|[from] item: Leftovers","|turn|7","|","|switch|p1a: Infernape|Infernape, M|293/293","|move|p2a: Skarmory|Stealth Rock|p1a: Infernape","|-sidestart|p1: Imp❇ Jk|move: Stealth Rock","|","|turn|8","|","|switch|p2a: Gyarados|Gyarados, M|256/331","|-ability|p2a: Gyarados|Intimidate","|-unboost|p1a: Infernape|atk|1","|move|p1a: Infernape|Flamethrower|p2a: Gyarados","|-resisted|p2a: Gyarados","|-damage|p2a: Gyarados|183/331","|","|turn|9","|","|switch|p1a: Hitmontop|Hitmontop, M|304/304","|-damage|p1a: Hitmontop|285/304|[from] Stealth Rock","|-ability|p1a: Hitmontop|Intimidate","|-unboost|p2a: Gyarados|atk|1","|move|p2a: Gyarados|Dragon Dance|p2a: Gyarados","|-boost|p2a: Gyarados|atk|1","|-boost|p2a: Gyarados|spe|1","|","|turn|10","|","|move|p2a: Gyarados|Waterfall|p1a: Hitmontop","|-damage|p1a: Hitmontop|152/304","|move|p1a: Hitmontop|Rapid Spin|p2a: Gyarados","|-damage|p2a: Gyarados|173/331","|-sideend|p1: Imp❇ Jk|Stealth Rock|[from] move: Rapid Spin|[of] p1a: Hitmontop","|","|turn|11","|","|move|p2a: Gyarados|Waterfall|p1a: Hitmontop","|-damage|p1a: Hitmontop|25/304","|move|p1a: Hitmontop|Endeavor|p2a: Gyarados","|-damage|p2a: Gyarados|25/331","|","|turn|12","|","|switch|p2a: Xatu|Xatu, M|333/333","|move|p1a: Hitmontop|Sucker Punch|p2a: Xatu","|-fail|p1a: Hitmontop","|","|-sideend|p2: V SLootBoot|Reflect","|turn|13","|","|move|p2a: Xatu|Reflect|p2a: Xatu","|-sidestart|p2: V SLootBoot|Reflect","|move|p1a: Hitmontop|Endeavor|p2a: Xatu","|-damage|p2a: Xatu|25/333","|","|turn|14","|","|switch|p1a: Cobalion|Cobalion|346/386 par","|move|p2a: Xatu|Night Shade|p1a: Cobalion","|-damage|p1a: Cobalion|246/386 par","|","|-heal|p1a: Cobalion|270/386 par|[from] item: Leftovers","|turn|15","|","|move|p2a: Xatu|Night Shade|p1a: Cobalion","|-damage|p1a: Cobalion|170/386 par","|move|p1a: Cobalion|Iron Head|p2a: Xatu","|-damage|p2a: Xatu|0 fnt","|faint|p2a: Xatu","|","|-heal|p1a: Cobalion|194/386 par|[from] item: Leftovers","|","|switch|p2a: Dragonite|Dragonite, F|323/323","|turn|16","|","|move|p2a: Dragonite|Earthquake|p1a: Cobalion","|-supereffective|p1a: Cobalion","|-damage|p1a: Cobalion|32/386 par","|move|p1a: Cobalion|Thunder Wave|p2a: Dragonite","|-status|p2a: Dragonite|par","|","|-heal|p1a: Cobalion|56/386 par|[from] item: Leftovers","|turn|17","|","|switch|p1a: Hitmontop|Hitmontop, M|25/304","|-ability|p1a: Hitmontop|Intimidate","|-unboost|p2a: Dragonite|atk|1","|move|p2a: Dragonite|Earthquake|p1a: Hitmontop","|-damage|p1a: Hitmontop|0 fnt","|faint|p1a: Hitmontop","|","|","|switch|p1a: Heracross|Heracross, M|364/364","|turn|18","|","|switch|p2a: Togekiss|Togekiss, F|373/373","|detailschange|p1a: Heracross|Heracross-Mega, M","|-mega|p1a: Heracross|Heracross|Heracronite","|move|p1a: Heracross|Rock Blast|p2a: Togekiss","|-supereffective|p2a: Togekiss","|-damage|p2a: Togekiss|333/373","|-supereffective|p2a: Togekiss","|-damage|p2a: Togekiss|288/373","|-supereffective|p2a: Togekiss","|-damage|p2a: Togekiss|243/373","|-supereffective|p2a: Togekiss","|-damage|p2a: Togekiss|201/373","|-supereffective|p2a: Togekiss","|-damage|p2a: Togekiss|157/373","|-hitcount|p2a: Togekiss|5","|","|-heal|p2a: Togekiss|180/373|[from] item: Leftovers","|turn|19","|","|switch|p1a: Cobalion|Cobalion|56/386 par","|move|p2a: Togekiss|Air Slash|p1a: Cobalion","|-damage|p1a: Cobalion|0 fnt","|faint|p1a: Cobalion","|","|-heal|p2a: Togekiss|203/373|[from] item: Leftovers","|","|switch|p1a: Terrakion|Terrakion|324/324","|turn|20","|","|move|p1a: Terrakion|Stone Edge|p2a: Togekiss","|-supereffective|p2a: Togekiss","|-damage|p2a: Togekiss|10/373","|move|p2a: Togekiss|Thunder Wave|p1a: Terrakion","|-status|p1a: Terrakion|par","|","|-heal|p2a: Togekiss|33/373|[from] item: Leftovers","|-sideend|p2: V SLootBoot|Reflect","|turn|21","|","|move|p2a: Togekiss|Roost|p2a: Togekiss","|-heal|p2a: Togekiss|220/373","|move|p1a: Terrakion|Stone Edge|p2a: Togekiss","|-damage|p2a: Togekiss|3/373","|","|-heal|p2a: Togekiss|26/373|[from] item: Leftovers","|turn|22","|","|move|p2a: Togekiss|Air Slash|p1a: Terrakion","|-damage|p1a: Terrakion|212/324 par","|cant|p1a: Terrakion|flinch","|","|-heal|p2a: Togekiss|49/373|[from] item: Leftovers","|turn|23","|","|move|p2a: Togekiss|Air Slash|p1a: Terrakion","|-crit|p1a: Terrakion","|-damage|p1a: Terrakion|38/324 par","|cant|p1a: Terrakion|flinch","|","|-heal|p2a: Togekiss|72/373|[from] item: Leftovers","|turn|24","|","|move|p2a: Togekiss|Air Slash|p1a: Terrakion","|-damage|p1a: Terrakion|0 fnt","|faint|p1a: Terrakion","|","|-heal|p2a: Togekiss|95/373|[from] item: Leftovers","|","|switch|p1a: Infernape|Infernape, M|293/293","|turn|25","|","|move|p1a: Infernape|Flamethrower|p2a: Togekiss","|-damage|p2a: Togekiss|10/373","|move|p2a: Togekiss|Thunder Wave|p1a: Infernape","|-status|p1a: Infernape|par","|","|-heal|p2a: Togekiss|33/373|[from] item: Leftovers","|turn|26","|","|cant|p1a: Infernape|par","|move|p2a: Togekiss|Roost|p2a: Togekiss","|-heal|p2a: Togekiss|220/373","|","|-heal|p2a: Togekiss|243/373|[from] item: Leftovers","|turn|27","|","|switch|p1a: Scrafty|Scrafty, F|313/334","|move|p2a: Togekiss|Nasty Plot|p2a: Togekiss","|-boost|p2a: Togekiss|spa|2","|","|-heal|p2a: Togekiss|266/373|[from] item: Leftovers","|-heal|p1a: Scrafty|333/334|[from] item: Leftovers","|turn|28","|","|move|p2a: Togekiss|Thunder Wave|p1a: Scrafty","|-status|p1a: Scrafty|par","|cant|p1a: Scrafty|par","|","|-heal|p2a: Togekiss|289/373|[from] item: Leftovers","|-heal|p1a: Scrafty|334/334 par|[from] item: Leftovers","|turn|29","|","|move|p2a: Togekiss|Air Slash|p1a: Scrafty","|-supereffective|p1a: Scrafty","|-damage|p1a: Scrafty|56/334 par","|cant|p1a: Scrafty|par","|","|-heal|p2a: Togekiss|312/373|[from] item: Leftovers","|-activate|p1a: Scrafty|ability: Shed Skin","|-curestatus|p1a: Scrafty|par","|-heal|p1a: Scrafty|76/334|[from] item: Leftovers","|turn|30","|","|move|p2a: Togekiss|Air Slash|p1a: Scrafty","|-supereffective|p1a: Scrafty","|-damage|p1a: Scrafty|0 fnt","|faint|p1a: Scrafty","|","|-heal|p2a: Togekiss|335/373|[from] item: Leftovers","|","|switch|p1a: Infernape|Infernape, M|293/293 par","|turn|31","|","|move|p2a: Togekiss|Air Slash|p1a: Infernape","|-supereffective|p1a: Infernape","|-enditem|p1a: Infernape|Focus Sash","|-damage|p1a: Infernape|1/293 par","|cant|p1a: Infernape|flinch","|","|-heal|p2a: Togekiss|358/373|[from] item: Leftovers","|turn|32","|","|move|p1a: Infernape|Vacuum Wave|p2a: Togekiss","|-crit|p2a: Togekiss","|-resisted|p2a: Togekiss","|-damage|p2a: Togekiss|342/373","|move|p2a: Togekiss|Air Slash|p1a: Infernape","|-supereffective|p1a: Infernape","|-damage|p1a: Infernape|0 fnt","|faint|p1a: Infernape","|","|-heal|p2a: Togekiss|365/373|[from] item: Leftovers","|","|switch|p1a: Heracross|Heracross-Mega, M|364/364","|turn|33","|","|move|p2a: Togekiss|Air Slash|p1a: Heracross","|-supereffective|p1a: Heracross","|-damage|p1a: Heracross|0 fnt","|faint|p1a: Heracross","|","|win|V SLootBoot"],"p1rating":{"entryid":"7537159","serverid":"eos","formatid":"monotype","userid":"impjk","username":"Imp❇ Jk","w":"5","l":9,"t":"0","gxe":37.7,"r":"1442.0800576547","rd":"89.189927896306","sigma":"0","rptime":"1439283600","rpr":1403.2586463803,"rprd":78.136459690473,"rpsigma":"0","acre":1057.6293257515,"lacre":1057.6293257515,"oldacre":"1081.172965199"},"p2rating":{"entryid":"7571098","serverid":"eos","formatid":"monotype","userid":"vslootboot","username":"V SLootBoot","w":2,"l":"0","t":"0","gxe":59,"r":"1500","rd":"130","sigma":"0","rptime":"1439283600","rpr":1571.8632439149,"rprd":115.65117490063,"rpsigma":"0","acre":1092.6746139512,"lacre":1092.6746139512,"oldacre":"1059.7177496455"},"endType":"normal"}