{"seed":[7379,30692,45421,38586],"turns":23,"p1":"Alliance - Elite","p2":"Alliance ♋ akaFila","p1team":[{"name":"Cobalion","species":"Cobalion","item":"leftovers","ability":"Justified","moves":["thunderwave","stealthrock","voltswitch","flashcannon"],"nature":"Timid","evs":{"hp":252,"atk":0,"def":0,"spa":4,"spd":0,"spe":252},"ivs":{"hp":31,"atk":0,"def":31,"spa":31,"spd":31,"spe":31},"shiny":true},{"name":"Terrakion","species":"Terrakion","item":"choicescarf","ability":"Justified","moves":["stoneedge","earthquake","ironhead","closecombat"],"nature":"Jolly","evs":{"hp":0,"atk":252,"def":0,"spa":0,"spd":4,"spe":252},"ivs":{"hp":31,"atk":31,"def":31,"spa":31,"spd":31,"spe":31}},{"name":"Keldeo-Resolute","species":"Keldeo-Resolute","item":"leftovers","ability":"Justified","moves":["calmmind","substitute","surf","secretsword"],"nature":"Timid","evs":{"hp":0,"atk":0,"def":0,"spa":252,"spd":4,"spe":252},"ivs":{"hp":31,"atk":0,"def":31,"spa":31,"spd":31,"spe":31}},{"name":"Heracross","species":"Heracross","item":"choicescarf","ability":"Guts","moves":["megahorn","stoneedge","knockoff","closecombat"],"nature":"Jolly","evs":{"hp":0,"atk":252,"def":4,"spa":0,"spd":0,"spe":252},"gender":"M","ivs":{"hp":31,"atk":31,"def":31,"spa":31,"spd":31,"spe":31}},{"name":"Medicham","species":"Medicham","item":"medichamite","ability":"Pure Power","moves":["icepunch","bulletpunch","highjumpkick","zenheadbutt"],"nature":"Jolly","evs":{"hp":0,"atk":252,"def":4,"spa":0,"spd":0,"spe":252},"gender":"M","ivs":{"hp":31,"atk":31,"def":31,"spa":31,"spd":31,"spe":31}},{"name":"Conkeldurr","species":"Conkeldurr","item":"assaultvest","ability":"Guts","moves":["drainpunch","machpunch","icepunch","poisonjab"],"nature":"Adamant","evs":{"hp":0,"atk":252,"def":8,"spa":0,"spd":248,"spe":0},"gender":"M","ivs":{"hp":31,"atk":31,"def":31,"spa":0,"spd":31,"spe":31}}],"p2team":[{"name":"meme 1","species":"genesect","item":"choicescarf","ability":"Download","moves":["flamethrower","flashcannon","uturn","extremespeed"],"nature":"Hasty","evs":{"hp":0,"atk":4,"def":0,"spa":252,"spd":0,"spe":252},"shiny":true,"ivs":{"hp":31,"atk":31,"def":31,"spa":31,"spd":31,"spe":31}},{"name":"meme 2","species":"armaldo","item":"choiceband","ability":"Battle Armor","moves":["rockblast","aquatail","facade","rapidspin"],"nature":"Adamant","evs":{"hp":248,"atk":252,"def":0,"spa":0,"spd":8,"spe":0},"shiny":true,"ivs":{"hp":31,"atk":31,"def":31,"spa":31,"spd":31,"spe":31}},{"name":"meme 3","species":"beedrill","item":"beedrillite","ability":"Swarm","moves":["xscissor","knockoff","gigaimpact","protect"],"nature":"Jolly","evs":{"hp":0,"atk":252,"def":0,"spa":0,"spd":4,"spe":252},"shiny":true,"ivs":{"hp":31,"atk":31,"def":31,"spa":31,"spd":31,"spe":31}},{"name":"meme 4","species":"shedinja","item":"focussash","ability":"Wonder Guard","moves":["swordsdance","phantomforce","xscissor","shadowsneak"],"nature":"Jolly","evs":{"hp":0,"atk":252,"def":4,"spa":0,"spd":0,"spe":252},"shiny":true,"ivs":{"hp":31,"atk":31,"def":31,"spa":31,"spd":31,"spe":31}},{"name":"meme 5","species":"yanmega","item":"leftovers","ability":"Speed Boost","moves":["airslash","ancientpower","bugbuzz","protect"],"nature":"Modest","evs":{"hp":0,"atk":0,"def":0,"spa":252,"spd":4,"spe":252},"shiny":true,"ivs":{"hp":31,"atk":31,"def":31,"spa":31,"spd":31,"spe":31}},{"name":"meme 6","species":"volcarona","item":"assaultvest","ability":"Flame Body","moves":["fierydance","hurricane","flamecharge","uturn"],"nature":"Calm","evs":{"hp":252,"atk":0,"def":4,"spa":0,"spd":252,"spe":0},"shiny":true,"ivs":{"hp":31,"atk":31,"def":31,"spa":31,"spd":31,"spe":31}}],"log":["|player|p1|Alliance - Elite|92","|player|p2|Alliance ♋ akaFila|allianceakafila.gif","|gametype|singles","|gen|6","|tier|Monotype","|rated","|rule|Baton Pass Clause: Limit one Baton Passer, can't pass Spe and other stats simultaneously","|rule|Swagger Clause: Swagger is banned","|rule|Same Type Clause: Pokémon in a team must share a type","|clearpoke","|poke|p1|Cobalion, shiny","|poke|p1|Terrakion","|poke|p1|Keldeo-Resolute","|poke|p1|Heracross, M","|poke|p1|Medicham, M","|poke|p1|Conkeldurr, M","|poke|p2|Genesect-*, shiny","|poke|p2|Armaldo, F, shiny","|poke|p2|Beedrill, F, shiny","|poke|p2|Shedinja, shiny","|poke|p2|Yanmega, M, shiny","|poke|p2|Volcarona, M, shiny","|rule|Sleep Clause Mod: Limit one foe put to sleep","|rule|Species Clause: Limit one of each Pokémon","|rule|OHKO Clause: OHKO moves are banned","|rule|Moody Clause: Moody is banned","|rule|Evasion Moves Clause: Evasion moves are banned","|rule|Endless Battle Clause: Forcing endless battles is banned","|rule|HP Percentage Mod: HP is shown in percentages","|teampreview","|","|start","|switch|p1a: Cobalion|Cobalion, shiny|386/386","|switch|p2a: meme 6|Volcarona, M, shiny|374/374","|turn|1","|","|move|p1a: Cobalion|Thunder Wave|p2a: meme 6","|-status|p2a: meme 6|par","|cant|p2a: meme 6|par","|","|turn|2","|","|move|p1a: Cobalion|Stealth Rock|p2a: meme 6","|-sidestart|p2: Alliance ♋ akaFila|move: Stealth Rock","|move|p2a: meme 6|Fiery Dance|p1a: Cobalion","|-supereffective|p1a: Cobalion","|-damage|p1a: Cobalion|38/386","|-boost|p2a: meme 6|spa|1","|","|-heal|p1a: Cobalion|62/386|[from] item: Leftovers","|turn|3","|","|move|p1a: Cobalion|Volt Switch|p2a: meme 6","|-damage|p2a: meme 6|348/374 par","|","|switch|p1a: Conkeldurr|Conkeldurr, M|351/351","|move|p2a: meme 6|Fiery Dance|p1a: Conkeldurr","|-damage|p1a: Conkeldurr|228/351","|","|turn|4","|","|move|p1a: Conkeldurr|Drain Punch|p2a: meme 6","|-resisted|p2a: meme 6","|-damage|p2a: meme 6|239/374 par","|-heal|p1a: Conkeldurr|283/351|[from] drain|[of] p2a: meme 6","|-status|p1a: Conkeldurr|brn","|move|p2a: meme 6|Hurricane|p1a: Conkeldurr|[miss]","|-miss|p2a: meme 6|p1a: Conkeldurr","|","|-damage|p1a: Conkeldurr|240/351 brn|[from] brn","|turn|5","|","|move|p1a: Conkeldurr|Drain Punch|p2a: meme 6","|-resisted|p2a: meme 6","|-damage|p2a: meme 6|89/374 par","|-heal|p1a: Conkeldurr|315/351 brn|[from] drain|[of] p2a: meme 6","|move|p2a: meme 6|Hurricane|p1a: Conkeldurr|[miss]","|-miss|p2a: meme 6|p1a: Conkeldurr","|","|-damage|p1a: Conkeldurr|272/351 brn|[from] brn","|turn|6","|","|move|p1a: Conkeldurr|Drain Punch|p2a: meme 6","|-resisted|p2a: meme 6","|-damage|p2a: meme 6|0 fnt","|-heal|p1a: Conkeldurr|317/351 brn|[from] drain|[of] p2a: meme 6","|faint|p2a: meme 6","|","|-damage|p1a: Conkeldurr|274/351 brn|[from] brn","|","|switch|p2a: meme 1|Genesect, shiny|283/283","|-damage|p2a: meme 1|248/283|[from] Stealth Rock","|-boost|p2a: meme 1|spa|1|[from] ability: Download","|turn|7","|","|move|p2a: meme 1|U-turn|p1a: Conkeldurr","|-resisted|p1a: Conkeldurr","|-damage|p1a: Conkeldurr|226/351 brn","|","|switch|p2a: meme 4|Shedinja, shiny|1/1","|-damage|p2a: meme 4|0 fnt|[from] Stealth Rock","|faint|p2a: meme 4","|move|p1a: Conkeldurr|Drain Punch|p2: meme 4|[notarget]","|-notarget","|","|-damage|p1a: Conkeldurr|183/351 brn|[from] brn","|","|switch|p2a: meme 5|Yanmega, M, shiny|313/313","|-damage|p2a: meme 5|157/313|[from] Stealth Rock","|turn|8","|","|move|p2a: meme 5|Protect|p2a: meme 5","|-singleturn|p2a: meme 5|Protect","|move|p1a: Conkeldurr|Ice Punch|p2a: meme 5","|-activate|p2a: meme 5|Protect","|","|-heal|p2a: meme 5|176/313|[from] item: Leftovers","|-damage|p1a: Conkeldurr|140/351 brn|[from] brn","|-boost|p2a: meme 5|spe|1|[from] ability: Speed Boost","|turn|9","|","|move|p2a: meme 5|Air Slash|p1a: Conkeldurr","|-supereffective|p1a: Conkeldurr","|-damage|p1a: Conkeldurr|0 fnt","|faint|p1a: Conkeldurr","|","|-heal|p2a: meme 5|195/313|[from] item: Leftovers","|-boost|p2a: meme 5|spe|1|[from] ability: Speed Boost","|","|switch|p1a: Cobalion|Cobalion, shiny|62/386","|turn|10","|","|move|p2a: meme 5|Protect|p2a: meme 5","|-singleturn|p2a: meme 5|Protect","|move|p1a: Cobalion|Thunder Wave|p2a: meme 5","|-activate|p2a: meme 5|Protect","|","|-heal|p2a: meme 5|214/313|[from] item: Leftovers","|-heal|p1a: Cobalion|86/386|[from] item: Leftovers","|-boost|p2a: meme 5|spe|1|[from] ability: Speed Boost","|turn|11","|","|move|p2a: meme 5|Air Slash|p1a: Cobalion","|-damage|p1a: Cobalion|0 fnt","|faint|p1a: Cobalion","|","|-heal|p2a: meme 5|233/313|[from] item: Leftovers","|-boost|p2a: meme 5|spe|1|[from] ability: Speed Boost","|","|switch|p1a: Terrakion|Terrakion|323/323","|turn|12","|","|move|p2a: meme 5|Protect|p2a: meme 5","|-singleturn|p2a: meme 5|Protect","|move|p1a: Terrakion|Stone Edge|p2a: meme 5","|-activate|p2a: meme 5|Protect","|","|-heal|p2a: meme 5|252/313|[from] item: Leftovers","|-boost|p2a: meme 5|spe|1|[from] ability: Speed Boost","|turn|13","|","|move|p2a: meme 5|Air Slash|p1a: Terrakion","|-damage|p1a: Terrakion|182/323","|move|p1a: Terrakion|Stone Edge|p2a: meme 5|[miss]","|-miss|p1a: Terrakion|p2a: meme 5","|","|-heal|p2a: meme 5|271/313|[from] item: Leftovers","|-boost|p2a: meme 5|spe|1|[from] ability: Speed Boost","|turn|14","|","|move|p2a: meme 5|Air Slash|p1a: Terrakion","|-damage|p1a: Terrakion|41/323","|move|p1a: Terrakion|Stone Edge|p2a: meme 5","|-supereffective|p2a: meme 5","|-damage|p2a: meme 5|0 fnt","|faint|p2a: meme 5","|","|","|switch|p2a: meme 1|Genesect, shiny|248/283","|-damage|p2a: meme 1|213/283|[from] Stealth Rock","|-boost|p2a: meme 1|atk|1|[from] ability: Download","|turn|15","|","|switch|p1a: Keldeo-Resolute|Keldeo-Resolute|323/323","|move|p2a: meme 1|U-turn|p1a: Keldeo-Resolute","|-resisted|p1a: Keldeo-Resolute","|-damage|p1a: Keldeo-Resolute|246/323","|","|switch|p2a: meme 3|Beedrill, F, shiny|271/271","|-damage|p2a: meme 3|204/271|[from] Stealth Rock","|","|-heal|p1a: Keldeo-Resolute|266/323|[from] item: Leftovers","|turn|16","|","|detailschange|p2a: meme 3|Beedrill-Mega, F, shiny","|-mega|p2a: meme 3|Beedrill|Beedrillite","|move|p2a: meme 3|Protect|p2a: meme 3","|-singleturn|p2a: meme 3|Protect","|move|p1a: Keldeo-Resolute|Surf|p2a: meme 3","|-activate|p2a: meme 3|Protect","|","|-heal|p1a: Keldeo-Resolute|286/323|[from] item: Leftovers","|turn|17","|","|move|p2a: meme 3|Giga Impact|p1a: Keldeo-Resolute","|-damage|p1a: Keldeo-Resolute|76/323","|move|p1a: Keldeo-Resolute|Surf|p2a: meme 3","|-damage|p2a: meme 3|24/271","|","|-heal|p1a: Keldeo-Resolute|96/323|[from] item: Leftovers","|turn|18","|-mustrecharge|p2a: meme 3","|-mustrecharge|p2a: meme 3","|","|cant|p2a: meme 3|recharge","|move|p1a: Keldeo-Resolute|Surf|p2a: meme 3","|-damage|p2a: meme 3|0 fnt","|faint|p2a: meme 3","|","|-heal|p1a: Keldeo-Resolute|116/323|[from] item: Leftovers","|","|switch|p2a: meme 1|Genesect, shiny|213/283","|-damage|p2a: meme 1|178/283|[from] Stealth Rock","|-boost|p2a: meme 1|atk|1|[from] ability: Download","|turn|19","|","|move|p2a: meme 1|Extreme Speed|p1a: Keldeo-Resolute","|-damage|p1a: Keldeo-Resolute|0 fnt","|faint|p1a: Keldeo-Resolute","|","|","|switch|p1a: Heracross|Heracross, M|301/301","|turn|20","|","|switch|p2a: meme 2|Armaldo, F, shiny|353/353","|-damage|p2a: meme 2|265/353|[from] Stealth Rock","|move|p1a: Heracross|Close Combat|p2a: meme 2","|-damage|p2a: meme 2|63/353","|-unboost|p1a: Heracross|def|1","|-unboost|p1a: Heracross|spd|1","|","|turn|21","|","|move|p1a: Heracross|Close Combat|p2a: meme 2","|-damage|p2a: meme 2|0 fnt","|-unboost|p1a: Heracross|def|1","|-unboost|p1a: Heracross|spd|1","|faint|p2a: meme 2","|","|","|switch|p2a: meme 1|Genesect, shiny|178/283","|-damage|p2a: meme 1|143/283|[from] Stealth Rock","|-boost|p2a: meme 1|atk|1|[from] ability: Download","|turn|22","|","|switch|p1a: Terrakion|Terrakion|41/323","|move|p2a: meme 1|Flash Cannon|p1a: Terrakion","|-supereffective|p1a: Terrakion","|-damage|p1a: Terrakion|0 fnt","|faint|p1a: Terrakion","|","|","|switch|p1a: Medicham|Medicham, M|261/261","|turn|23","|","|detailschange|p1a: Medicham|Medicham-Mega, M","|-mega|p1a: Medicham|Medicham|Medichamite","|move|p2a: meme 1|Flash Cannon|p1a: Medicham","|-damage|p1a: Medicham|107/261","|move|p1a: Medicham|High Jump Kick|p2a: meme 1","|-damage|p2a: meme 1|0 fnt","|faint|p2a: meme 1","|","|win|Alliance - Elite"],"p1rating":{"entryid":"7539794","serverid":"eos","formatid":"monotype","userid":"allianceelite","username":"Alliance - Elite","w":6,"l":"8","t":"0","gxe":46.2,"r":"1486.5677373655","rd":"115.87876502804","sigma":"0","rptime":"1439283600","rpr":1470.9306314776,"rprd":78.536771174815,"rpsigma":"0","acre":1127.0494558534,"lacre":1127.0494558534,"oldacre":"1102.9930679323"},"p2rating":{"entryid":"6670496","serverid":"eos","formatid":"monotype","userid":"allianceakafila","username":"Alliance ♋ akaFila","w":"28","l":35,"t":"0","gxe":44.3,"r":1462.374543363,"rd":47.094799251827,"sigma":"0","rptime":1439283600,"rpr":1456.8630067077,"rprd":46.719840189397,"rpsigma":"0","acre":1067.2783763793,"lacre":1067.2783763793,"oldacre":"1089.8730585016"},"endType":"normal"}