{"seed":[28427,22092,58818,62609],"turns":24,"p1":"Seven Swell","p2":"DSV","p1team":[{"name":"Mew","species":"Mew","item":"leftovers","ability":"Synchronize","moves":["roost","toxic","healbell","aurasphere"],"nature":"Calm","evs":{"hp":252,"atk":0,"def":0,"spa":4,"spd":252,"spe":0},"ivs":{"hp":31,"atk":31,"def":31,"spa":31,"spd":31,"spe":31}},{"name":"Slowbro","species":"Slowbro","item":"rockyhelmet","ability":"Regenerator","moves":["scald","yawn","flamethrower","slackoff"],"nature":"Bold","evs":{"hp":252,"atk":0,"def":252,"spa":4,"spd":0,"spe":0},"ivs":{"hp":31,"atk":31,"def":31,"spa":31,"spd":31,"spe":31}},{"name":"Deoxys-Speed","species":"Deoxys-Speed","item":"focussash","ability":"Pressure","moves":["stealthrock","thunderbolt","thunderwave","icebeam"],"nature":"Timid","evs":{"hp":252,"atk":0,"def":0,"spa":44,"spd":0,"spe":212},"ivs":{"hp":31,"atk":31,"def":31,"spa":31,"spd":31,"spe":31}},{"name":"Gardevoir","species":"Gardevoir","item":"gardevoirite","ability":"Trace","moves":["hypervoice","psyshock","destinybond","thunderbolt"],"nature":"Timid","evs":{"hp":0,"atk":0,"def":4,"spa":252,"spd":0,"spe":252},"ivs":{"hp":31,"atk":0,"def":31,"spa":31,"spd":31,"spe":31}},{"name":"Latias","species":"Latias","item":"leftovers","ability":"Levitate","moves":["dracometeor","psyshock","roost","defog"],"nature":"Timid","evs":{"hp":252,"atk":0,"def":0,"spa":4,"spd":0,"spe":252},"ivs":{"hp":31,"atk":31,"def":31,"spa":31,"spd":31,"spe":31}},{"name":"Hoopa-Unbound","species":"Hoopa-Unbound","item":"focussash","ability":"Magician","moves":["hyperspacefury","drainpunch","firepunch","gunkshot"],"nature":"Adamant","evs":{"hp":0,"atk":252,"def":0,"spa":0,"spd":4,"spe":252},"ivs":{"hp":31,"atk":31,"def":31,"spa":31,"spd":31,"spe":31}}],"p2team":[{"name":"Sableye","species":"Sableye","item":"sablenite","ability":"Prankster","moves":["willowisp","foulplay","knockoff","recover"],"nature":"Careful","evs":{"hp":252,"atk":0,"def":112,"spa":0,"spd":144,"spe":0},"ivs":{"hp":31,"atk":31,"def":31,"spa":31,"spd":31,"spe":31}},{"name":"Hoopa-Unbound","species":"Hoopa-Unbound","item":"choicescarf","ability":"Magician","moves":["hyperspacehole","hyperspacefury","firepunch","gunkshot"],"nature":"Hasty","evs":{"hp":0,"atk":178,"def":0,"spa":78,"spd":0,"spe":252},"ivs":{"hp":31,"atk":31,"def":31,"spa":31,"spd":31,"spe":31}},{"name":"Sharpedo","species":"Sharpedo","item":"lifeorb","ability":"Speed Boost","moves":["hydropump","icebeam","crunch","protect"],"nature":"Lonely","evs":{"hp":0,"atk":6,"def":0,"spa":250,"spd":0,"spe":252},"ivs":{"hp":31,"atk":31,"def":31,"spa":31,"spd":31,"spe":31}},{"name":"Mandibuzz","species":"Mandibuzz","item":"leftovers","ability":"Overcoat","moves":["foulplay","defog","roost","taunt"],"nature":"Impish","evs":{"hp":248,"atk":0,"def":136,"spa":0,"spd":108,"spe":16},"ivs":{"hp":31,"atk":0,"def":31,"spa":31,"spd":31,"spe":31}},{"name":"Tyranitar","species":"Tyranitar","item":"leftovers","ability":"Sand Stream","moves":["thunderwave","stealthrock","rockslide","pursuit"],"nature":"Careful","evs":{"hp":252,"atk":4,"def":0,"spa":0,"spd":252,"spe":0},"ivs":{"hp":31,"atk":31,"def":31,"spa":31,"spd":31,"spe":31}},{"name":"Weavile","species":"Weavile","item":"lifeorb","ability":"Pressure","moves":["swordsdance","iciclecrash","iceshard","knockoff"],"nature":"Jolly","evs":{"hp":0,"atk":252,"def":0,"spa":0,"spd":4,"spe":252},"ivs":{"hp":31,"atk":31,"def":31,"spa":31,"spd":31,"spe":31}}],"log":["|player|p1|Seven Swell|sevenswell.png","|player|p2|DSV|152","|gametype|singles","|gen|6","|tier|Monotype","|rated","|rule|Baton Pass Clause: Limit one Baton Passer, can't pass Spe and other stats simultaneously","|rule|Swagger Clause: Swagger is banned","|rule|Same Type Clause: Pokémon in a team must share a type","|clearpoke","|poke|p1|Mew","|poke|p1|Slowbro, M","|poke|p1|Deoxys-Speed","|poke|p1|Gardevoir, M","|poke|p1|Latias, F","|poke|p1|Hoopa-Unbound","|poke|p2|Sableye, M","|poke|p2|Hoopa-Unbound","|poke|p2|Sharpedo, F","|poke|p2|Mandibuzz, F","|poke|p2|Tyranitar, M","|poke|p2|Weavile, F","|rule|Sleep Clause Mod: Limit one foe put to sleep","|rule|Species Clause: Limit one of each Pokémon","|rule|OHKO Clause: OHKO moves are banned","|rule|Moody Clause: Moody is banned","|rule|Evasion Moves Clause: Evasion moves are banned","|rule|Endless Battle Clause: Forcing endless battles is banned","|rule|HP Percentage Mod: HP is shown in percentages","|teampreview","|","|start","|switch|p1a: Deoxys-Speed|Deoxys-Speed|304/304","|switch|p2a: Sableye|Sableye, M|304/304","|-ability|p1a: Deoxys-Speed|Pressure","|turn|1","|","|switch|p1a: Gardevoir|Gardevoir, M|277/277","|-ability|p1a: Gardevoir|Prankster|[from] ability: Trace|[of] p2a: Sableye","|detailschange|p2a: Sableye|Sableye-Mega, M","|-mega|p2a: Sableye|Sableye|Sablenite","|move|p2a: Sableye|Knock Off|p1a: Gardevoir","|-damage|p1a: Gardevoir|187/277","|","|turn|2","|","|switch|p2a: Mandibuzz|Mandibuzz, F|423/423","|detailschange|p1a: Gardevoir|Gardevoir-Mega, M","|-mega|p1a: Gardevoir|Gardevoir|Gardevoirite","|move|p1a: Gardevoir|Hyper Voice|p2a: Mandibuzz","|-supereffective|p2a: Mandibuzz","|-damage|p2a: Mandibuzz|0 fnt","|faint|p2a: Mandibuzz","|","|","|switch|p2a: Tyranitar|Tyranitar, M|404/404","|-weather|Sandstorm","|turn|3","|","|move|p1a: Gardevoir|Hyper Voice|p2a: Tyranitar","|-supereffective|p2a: Tyranitar","|-damage|p2a: Tyranitar|164/404","|move|p2a: Tyranitar|Thunder Wave|p1a: Gardevoir","|-status|p1a: Gardevoir|par","|","|-weather|Sandstorm|[upkeep]","|-damage|p1a: Gardevoir|170/277 par|[from] sandstorm","|-heal|p2a: Tyranitar|189/404|[from] item: Leftovers","|turn|4","|","|switch|p1a: Slowbro|Slowbro, M|394/394","|move|p2a: Tyranitar|Rock Slide|p1a: Slowbro","|-damage|p1a: Slowbro|322/394","|","|-weather|Sandstorm|[upkeep]","|-damage|p1a: Slowbro|298/394|[from] sandstorm","|-heal|p2a: Tyranitar|214/404|[from] item: Leftovers","|turn|5","|","|move|p2a: Tyranitar|Stealth Rock|p1a: Slowbro","|-sidestart|p1: Seven Swell|move: Stealth Rock","|move|p1a: Slowbro|Scald|p2a: Tyranitar","|-supereffective|p2a: Tyranitar","|-damage|p2a: Tyranitar|130/404","|","|-weather|Sandstorm|[upkeep]","|-damage|p1a: Slowbro|274/394|[from] sandstorm","|-heal|p2a: Tyranitar|155/404|[from] item: Leftovers","|turn|6","|","|move|p2a: Tyranitar|Rock Slide|p1a: Slowbro","|-miss|p2a: Tyranitar|p1a: Slowbro","|move|p1a: Slowbro|Scald|p2a: Tyranitar","|-supereffective|p2a: Tyranitar","|-damage|p2a: Tyranitar|69/404","|-status|p2a: Tyranitar|brn","|","|-weather|Sandstorm|[upkeep]","|-damage|p1a: Slowbro|250/394|[from] sandstorm","|-heal|p2a: Tyranitar|94/404 brn|[from] item: Leftovers","|-damage|p2a: Tyranitar|44/404 brn|[from] brn","|turn|7","|","|move|p2a: Tyranitar|Rock Slide|p1a: Slowbro","|-damage|p1a: Slowbro|211/394","|move|p1a: Slowbro|Slack Off|p1a: Slowbro","|-heal|p1a: Slowbro|394/394","|","|-weather|none","|-heal|p2a: Tyranitar|69/404 brn|[from] item: Leftovers","|-damage|p2a: Tyranitar|19/404 brn|[from] brn","|turn|8","|","|move|p2a: Tyranitar|Thunder Wave|p1a: Slowbro","|-status|p1a: Slowbro|par","|move|p1a: Slowbro|Slack Off|p1a: Slowbro","|-fail|p1a: Slowbro","|","|-heal|p2a: Tyranitar|44/404 brn|[from] item: Leftovers","|-damage|p2a: Tyranitar|0 fnt|[from] brn","|faint|p2a: Tyranitar","|","|switch|p2a: Weavile|Weavile, F|281/281","|-ability|p2a: Weavile|Pressure","|turn|9","|","|move|p2a: Weavile|Swords Dance|p2a: Weavile","|-boost|p2a: Weavile|atk|2","|cant|p1a: Slowbro|par","|","|turn|10","|","|move|p2a: Weavile|Knock Off|p1a: Slowbro","|-supereffective|p1a: Slowbro","|-damage|p1a: Slowbro|0 fnt","|-damage|p2a: Weavile|235/281|[from] item: Rocky Helmet|[of] p1a: Slowbro","|-enditem|p1a: Slowbro|Rocky Helmet|[from] move: Knock Off|[of] p2a: Weavile","|-damage|p2a: Weavile|207/281|[from] item: Life Orb","|faint|p1a: Slowbro","|","|","|switch|p1a: Deoxys-Speed|Deoxys-Speed|304/304","|-damage|p1a: Deoxys-Speed|266/304|[from] Stealth Rock","|-ability|p1a: Deoxys-Speed|Pressure","|turn|11","|","|move|p2a: Weavile|Ice Shard|p1a: Deoxys-Speed","|-damage|p1a: Deoxys-Speed|91/304","|-damage|p2a: Weavile|179/281|[from] item: Life Orb","|move|p1a: Deoxys-Speed|Thunder Wave|p2a: Weavile","|-status|p2a: Weavile|par","|","|turn|12","|","|switch|p1a: Hoopa-Unbound|Hoopa-Unbound|301/301","|-damage|p1a: Hoopa-Unbound|264/301|[from] Stealth Rock","|move|p2a: Weavile|Ice Shard|p1a: Hoopa-Unbound","|-damage|p1a: Hoopa-Unbound|11/301","|-damage|p2a: Weavile|151/281 par|[from] item: Life Orb","|","|turn|13","|","|move|p2a: Weavile|Ice Shard|p1a: Hoopa-Unbound","|-damage|p1a: Hoopa-Unbound|0 fnt","|-damage|p2a: Weavile|123/281 par|[from] item: Life Orb","|faint|p1a: Hoopa-Unbound","|","|","|switch|p1a: Mew|Mew|404/404","|-damage|p1a: Mew|354/404|[from] Stealth Rock","|turn|14","|","|move|p1a: Mew|Aura Sphere|p2a: Weavile","|-supereffective|p2a: Weavile","|-damage|p2a: Weavile|0 fnt","|faint|p2a: Weavile","|","|-heal|p1a: Mew|379/404|[from] item: Leftovers","|","|switch|p2a: Sableye|Sableye-Mega, M|304/304","|turn|15","|","|move|p1a: Mew|Heal Bell|p1a: Mew","|-cureteam|p1a: Mew|[from] move: HealBell","|move|p2a: Sableye|Knock Off|p1a: Mew","|-supereffective|p1a: Mew","|-damage|p1a: Mew|185/404","|-enditem|p1a: Mew|Leftovers|[from] move: Knock Off|[of] p2a: Sableye","|","|turn|16","|","|move|p1a: Mew|Roost|p1a: Mew","|-heal|p1a: Mew|387/404","|move|p2a: Sableye|Foul Play|p1a: Mew","|-supereffective|p1a: Mew","|-damage|p1a: Mew|169/404","|","|turn|17","|","|move|p1a: Mew|Roost|p1a: Mew","|-heal|p1a: Mew|371/404","|move|p2a: Sableye|Foul Play|p1a: Mew","|-supereffective|p1a: Mew","|-damage|p1a: Mew|155/404","|","|turn|18","|","|move|p1a: Mew|Toxic|p2a: Sableye","|move|p2a: Sableye|Toxic|p1a: Mew|[from]Magic Bounce","|-status|p1a: Mew|tox","|-status|p2a: Sableye|tox","|move|p2a: Sableye|Foul Play|p1a: Mew","|-supereffective|p1a: Mew","|-damage|p1a: Mew|0 fnt","|faint|p1a: Mew","|","|-damage|p2a: Sableye|285/304 tox|[from] psn","|","|switch|p1a: Latias|Latias, F|364/364","|-damage|p1a: Latias|319/364|[from] Stealth Rock","|turn|19","|","|move|p1a: Latias|Defog|p2a: Sableye","|move|p2a: Sableye|Defog|p1a: Latias|[from]Magic Bounce","|-unboost|p1a: Latias|evasion|1","|-sideend|p1: Seven Swell|Stealth Rock|[from] move: Defog|[of] p1a: Latias","|move|p2a: Sableye|Knock Off|p1a: Latias","|-supereffective|p1a: Latias","|-damage|p1a: Latias|89/364","|-enditem|p1a: Latias|Leftovers|[from] move: Knock Off|[of] p2a: Sableye","|","|-damage|p2a: Sableye|247/304 tox|[from] psn","|turn|20","|","|move|p1a: Latias|Draco Meteor|p2a: Sableye","|-damage|p2a: Sableye|126/304 tox","|-unboost|p1a: Latias|spa|2","|move|p2a: Sableye|Foul Play|p1a: Latias","|-supereffective|p1a: Latias","|-damage|p1a: Latias|0 fnt","|faint|p1a: Latias","|","|-damage|p2a: Sableye|69/304 tox|[from] psn","|","|switch|p1a: Gardevoir|Gardevoir-Mega, M|170/277","|turn|21","|","|move|p1a: Gardevoir|Hyper Voice|p2a: Sableye","|-supereffective|p2a: Sableye","|-damage|p2a: Sableye|0 fnt","|faint|p2a: Sableye","|","|","|switch|p2a: Hoopa-Unbound|Hoopa-Unbound|301/301","|turn|22","|","|move|p2a: Hoopa-Unbound|Hyperspace Fury|p1a: Gardevoir","|-damage|p1a: Gardevoir|0 fnt","|-unboost|p2a: Hoopa-Unbound|def|1","|faint|p1a: Gardevoir","|","|","|switch|p1a: Deoxys-Speed|Deoxys-Speed|91/304","|-ability|p1a: Deoxys-Speed|Pressure","|turn|23","|","|move|p1a: Deoxys-Speed|Thunder Wave|p2a: Hoopa-Unbound","|-status|p2a: Hoopa-Unbound|par","|cant|p2a: Hoopa-Unbound|par","|","|turn|24","|","|move|p1a: Deoxys-Speed|Thunderbolt|p2a: Hoopa-Unbound","|-damage|p2a: Hoopa-Unbound|244/301 par","|move|p2a: Hoopa-Unbound|Hyperspace Fury|p1a: Deoxys-Speed","|-supereffective|p1a: Deoxys-Speed","|-damage|p1a: Deoxys-Speed|0 fnt","|-unboost|p2a: Hoopa-Unbound|def|1","|faint|p1a: Deoxys-Speed","|","|win|DSV"],"p1rating":{"entryid":"7267988","serverid":"eos","formatid":"monotype","userid":"sevenswell","username":"Seven Swell","w":"51","l":29,"t":"0","gxe":66.7,"r":"1624.6245106123","rd":"42.988182834483","sigma":"0","rptime":"1439283600","rpr":1631.5377645986,"rprd":40.777842490547,"rpsigma":"0","acre":1319.9047719812,"lacre":1319.9047719812,"oldacre":"1339.9423372625"},"p2rating":{"entryid":"6124841","serverid":"eos","formatid":"monotype","userid":"dsv","username":"DSV","w":49,"l":"22","t":"0","gxe":72.5,"r":"1663.1053447903","rd":"48.4015064528","sigma":"0","rptime":"1439283600","rpr":1684.0117177146,"rprd":46.724235645382,"rpsigma":"0","acre":1359.3273260004,"lacre":1359.3273260004,"oldacre":"1339.2897607191"},"endType":"normal"}