{"seed":[43220,739,15382,57124],"turns":23,"p1":"SL~Kingdra","p2":"Intern Runn","p1team":[{"name":"Azumarill","species":"Azumarill","item":"sitrusberry","ability":"Huge Power","moves":["bellydrum","aquajet","playrough","knockoff"],"nature":"Adamant","evs":{"hp":252,"atk":252,"def":0,"spa":0,"spd":0,"spe":4},"gender":"M","ivs":{"hp":31,"atk":31,"def":31,"spa":31,"spd":31,"spe":31}},{"name":"Gardevoir","species":"Gardevoir","item":"gardevoirite","ability":"Trace","moves":["hypervoice","psyshock","focusblast","calmmind"],"nature":"Timid","evs":{"hp":4,"atk":0,"def":0,"spa":252,"spd":0,"spe":252},"gender":"F","ivs":{"hp":31,"atk":31,"def":31,"spa":31,"spd":31,"spe":31}},{"name":"Sylveon","species":"Sylveon","item":"choicespecs","ability":"Pixilate","moves":["hypervoice","psyshock","hiddenpowerfire","hyperbeam"],"nature":"Modest","evs":{"hp":240,"atk":0,"def":0,"spa":252,"spd":0,"spe":16},"gender":"F","ivs":{"atk":30,"spa":30,"spe":30,"hp":31,"def":31,"spd":31}},{"name":"Klefki","species":"Klefki","item":"lightclay","ability":"Prankster","moves":["lightscreen","reflect","thunderwave","foulplay"],"nature":"Impish","evs":{"hp":252,"atk":0,"def":64,"spa":0,"spd":192,"spe":0},"gender":"M","ivs":{"hp":31,"atk":31,"def":31,"spa":31,"spd":31,"spe":31}},{"name":"Togekiss","species":"Togekiss","item":"leftovers","ability":"Serene Grace","moves":["nastyplot","airslash","thunderwave","roost"],"nature":"Timid","evs":{"hp":248,"atk":0,"def":76,"spa":0,"spd":8,"spe":176},"gender":"M","ivs":{"hp":31,"atk":31,"def":31,"spa":31,"spd":31,"spe":31}},{"name":"Slurpuff","species":"Slurpuff","item":"sitrusberry","ability":"Unburden","moves":["bellydrum","drainpunch","playrough","frustration"],"nature":"Adamant","evs":{"hp":204,"atk":252,"def":0,"spa":0,"spd":0,"spe":52},"gender":"F","happiness":0,"ivs":{"hp":31,"atk":31,"def":31,"spa":31,"spd":31,"spe":31}}],"p2team":[{"name":"Chandelure","species":"Chandelure","item":"choicespecs","ability":"Infiltrator","moves":["shadowball","fireblast","psychic","energyball"],"nature":"Timid","evs":{"hp":0,"atk":0,"def":0,"spa":252,"spd":0,"spe":252},"shiny":true,"ivs":{"hp":31,"atk":31,"def":31,"spa":31,"spd":31,"spe":31}},{"name":"Charizard","species":"Charizard","item":"charizarditey","ability":"Blaze","moves":["solarbeam","airslash","fireblast","focusblast"],"nature":"Modest","evs":{"hp":0,"atk":0,"def":0,"spa":252,"spd":4,"spe":252},"ivs":{"hp":31,"atk":31,"def":31,"spa":31,"spd":31,"spe":31}},{"name":"Heatran","species":"Heatran","item":"airballoon","ability":"Flash Fire","moves":["earthpower","stealthrock","flashcannon","lavaplume"],"nature":"Sassy","evs":{"hp":252,"atk":0,"def":0,"spa":252,"spd":4,"spe":0},"ivs":{"hp":31,"atk":31,"def":31,"spa":31,"spd":31,"spe":31}},{"name":"Pyroar","species":"Pyroar","item":"lifeorb","ability":"Unnerve","moves":["fireblast","hypervoice","hiddenpowergrass","willowisp"],"nature":"Timid","evs":{"hp":0,"atk":0,"def":4,"spa":252,"spd":0,"spe":252},"gender":"M","ivs":{"atk":30,"spa":30,"hp":31,"def":31,"spe":31,"spd":31}},{"name":"Infernape","species":"Infernape","item":"assaultvest","ability":"Iron Fist","moves":["thunderpunch","machpunch","closecombat","flareblitz"],"nature":"Adamant","evs":{"hp":4,"atk":252,"def":0,"spa":0,"spd":0,"spe":252},"ivs":{"hp":31,"atk":31,"def":31,"spa":31,"spd":31,"spe":31}},{"name":"Volcarona","species":"Volcarona","item":"leftovers","ability":"Flame Body","moves":["gigadrain","fierydance","bugbuzz","quiverdance"],"nature":"Modest","evs":{"hp":0,"atk":0,"def":0,"spa":252,"spd":52,"spe":200},"ivs":{"hp":31,"atk":31,"def":31,"spa":31,"spd":31,"spe":31}}],"log":["|player|p1|SL~Kingdra|99","|player|p2|Intern Runn|1","|gametype|singles","|gen|6","|tier|Monotype","|rated","|rule|Baton Pass Clause: Limit one Baton Passer, can't pass Spe and other stats simultaneously","|rule|Swagger Clause: Swagger is banned","|rule|Same Type Clause: Pokémon in a team must share a type","|clearpoke","|poke|p1|Azumarill, M","|poke|p1|Gardevoir, F","|poke|p1|Sylveon, F","|poke|p1|Klefki, M","|poke|p1|Togekiss, M","|poke|p1|Slurpuff, F","|poke|p2|Chandelure, F, shiny","|poke|p2|Charizard, M","|poke|p2|Heatran, M","|poke|p2|Pyroar, M","|poke|p2|Infernape, M","|poke|p2|Volcarona, M","|rule|Sleep Clause Mod: Limit one foe put to sleep","|rule|Species Clause: Limit one of each Pokémon","|rule|OHKO Clause: OHKO moves are banned","|rule|Moody Clause: Moody is banned","|rule|Evasion Moves Clause: Evasion moves are banned","|rule|Endless Battle Clause: Forcing endless battles is banned","|rule|HP Percentage Mod: HP is shown in percentages","|teampreview","|","|start","|switch|p1a: Klefki|Klefki, M|318/318","|switch|p2a: Heatran|Heatran, M|386/386","|-item|p2a: Heatran|Air Balloon","|turn|1","|","|move|p1a: Klefki|Light Screen|p1a: Klefki","|-sidestart|p1: SL~Kingdra|move: Light Screen","|move|p2a: Heatran|Lava Plume|p1a: Klefki","|-supereffective|p1a: Klefki","|-damage|p1a: Klefki|180/318","|","|turn|2","|","|move|p1a: Klefki|Reflect|p1a: Klefki","|-sidestart|p1: SL~Kingdra|Reflect","|move|p2a: Heatran|Stealth Rock|p1a: Klefki","|-sidestart|p1: SL~Kingdra|move: Stealth Rock","|","|turn|3","|","|move|p1a: Klefki|Thunder Wave|p2a: Heatran","|-status|p2a: Heatran|par","|cant|p2a: Heatran|par","|","|turn|4","|","|switch|p1a: Gardevoir|Gardevoir, F|278/278","|-damage|p1a: Gardevoir|244/278|[from] Stealth Rock","|-ability|p1a: Gardevoir|Flash Fire|[from] ability: Trace|[of] p2a: Heatran","|move|p2a: Heatran|Lava Plume|p1a: Gardevoir","|-start|p1a: Gardevoir|ability: Flash Fire","|","|turn|5","|","|detailschange|p1a: Gardevoir|Gardevoir-Mega, F","|-mega|p1a: Gardevoir|Gardevoir|Gardevoirite","|-end|p1a: Gardevoir|ability: Flash Fire|[silent]","|move|p1a: Gardevoir|Focus Blast|p2a: Heatran","|-supereffective|p2a: Heatran","|-damage|p2a: Heatran|86/386 par","|-enditem|p2a: Heatran|Air Balloon","|move|p2a: Heatran|Flash Cannon|p1a: Gardevoir","|-supereffective|p1a: Gardevoir","|-damage|p1a: Gardevoir|141/278","|","|turn|6","|","|move|p1a: Gardevoir|Psyshock|p2a: Heatran","|-resisted|p2a: Heatran","|-damage|p2a: Heatran|7/386 par","|cant|p2a: Heatran|par","|","|turn|7","|","|move|p1a: Gardevoir|Psyshock|p2a: Heatran","|-resisted|p2a: Heatran","|-damage|p2a: Heatran|0 fnt","|faint|p2a: Heatran","|","|","|switch|p2a: Volcarona|Volcarona, M|311/311","|turn|8","|","|move|p1a: Gardevoir|Hyper Voice|p2a: Volcarona","|-resisted|p2a: Volcarona","|-damage|p2a: Volcarona|201/311","|move|p2a: Volcarona|Quiver Dance|p2a: Volcarona","|-boost|p2a: Volcarona|spa|1","|-boost|p2a: Volcarona|spd|1","|-boost|p2a: Volcarona|spe|1","|","|-heal|p2a: Volcarona|220/311|[from] item: Leftovers","|-sideend|p1: SL~Kingdra|move: Light Screen","|turn|9","|","|move|p2a: Volcarona|Quiver Dance|p2a: Volcarona","|-boost|p2a: Volcarona|spa|1","|-boost|p2a: Volcarona|spd|1","|-boost|p2a: Volcarona|spe|1","|move|p1a: Gardevoir|Psyshock|p2a: Volcarona","|-damage|p2a: Volcarona|0 fnt","|faint|p2a: Volcarona","|","|-sideend|p1: SL~Kingdra|Reflect","|","|switch|p2a: Pyroar|Pyroar, M|313/313","|-ability|p2a: Pyroar|Unnerve|p1: SL~Kingdra","|turn|10","|","|move|p2a: Pyroar|Hyper Voice|p1a: Gardevoir","|-damage|p1a: Gardevoir|0 fnt","|-damage|p2a: Pyroar|282/313|[from] item: Life Orb","|faint|p1a: Gardevoir","|","|","|switch|p1a: Azumarill|Azumarill, M|404/404","|-damage|p1a: Azumarill|354/404|[from] Stealth Rock","|turn|11","|","|move|p2a: Pyroar|Hidden Power|p1a: Azumarill","|-crit|p1a: Azumarill","|-supereffective|p1a: Azumarill","|-damage|p1a: Azumarill|45/404","|-damage|p2a: Pyroar|251/313|[from] item: Life Orb","|move|p1a: Azumarill|Belly Drum|p1a: Azumarill","|-fail|p1a: Azumarill","|","|turn|12","|","|move|p1a: Azumarill|Aqua Jet|p2a: Pyroar","|-supereffective|p2a: Pyroar","|-damage|p2a: Pyroar|33/313","|move|p2a: Pyroar|Hidden Power|p1a: Azumarill","|-supereffective|p1a: Azumarill","|-damage|p1a: Azumarill|0 fnt","|-damage|p2a: Pyroar|2/313|[from] item: Life Orb","|faint|p1a: Azumarill","|","|","|switch|p1a: Klefki|Klefki, M|180/318","|-damage|p1a: Klefki|161/318|[from] Stealth Rock","|turn|13","|","|move|p1a: Klefki|Light Screen|p1a: Klefki","|-sidestart|p1: SL~Kingdra|move: Light Screen","|move|p2a: Pyroar|Fire Blast|p1a: Klefki|[miss]","|-miss|p2a: Pyroar|p1a: Klefki","|","|turn|14","|","|move|p1a: Klefki|Reflect|p1a: Klefki","|-sidestart|p1: SL~Kingdra|Reflect","|move|p2a: Pyroar|Fire Blast|p1a: Klefki","|-supereffective|p1a: Klefki","|-damage|p1a: Klefki|0 fnt","|-damage|p2a: Pyroar|0 fnt|[from] item: Life Orb","|faint|p1a: Klefki","|faint|p2a: Pyroar","|","|","|switch|p2a: Chandelure|Chandelure, F, shiny|261/261","|switch|p1a: Slurpuff|Slurpuff, F|356/356","|-damage|p1a: Slurpuff|312/356|[from] Stealth Rock","|turn|15","|","|move|p2a: Chandelure|Fire Blast|p1a: Slurpuff","|-crit|p1a: Slurpuff","|-damage|p1a: Slurpuff|0 fnt","|faint|p1a: Slurpuff","|","|","|switch|p1a: Sylveon|Sylveon, F|391/391","|-damage|p1a: Sylveon|343/391|[from] Stealth Rock","|turn|16","|","|move|p2a: Chandelure|Fire Blast|p1a: Sylveon|[miss]","|-miss|p2a: Chandelure|p1a: Sylveon","|move|p1a: Sylveon|Hyper Voice|p2a: Chandelure","|-resisted|p2a: Chandelure","|-damage|p2a: Chandelure|84/261","|","|turn|17","|","|move|p2a: Chandelure|Fire Blast|p1a: Sylveon","|-damage|p1a: Sylveon|81/391","|move|p1a: Sylveon|Hyper Voice|p2a: Chandelure","|-resisted|p2a: Chandelure","|-damage|p2a: Chandelure|0 fnt","|faint|p2a: Chandelure","|","|","|switch|p2a: Infernape|Infernape, M|294/294","|turn|18","|","|move|p2a: Infernape|Mach Punch|p1a: Sylveon","|-resisted|p1a: Sylveon","|-damage|p1a: Sylveon|53/391","|move|p1a: Sylveon|Hyper Voice|p2a: Infernape","|-damage|p2a: Infernape|39/294","|","|turn|19","|","|move|p2a: Infernape|Thunder Punch|p1a: Sylveon","|-damage|p1a: Sylveon|0 fnt","|faint|p1a: Sylveon","|","|","|switch|p1a: Togekiss|Togekiss, M|373/373","|-damage|p1a: Togekiss|280/373|[from] Stealth Rock","|turn|20","|","|move|p2a: Infernape|Flare Blitz|p1a: Togekiss","|-damage|p1a: Togekiss|190/373","|-damage|p2a: Infernape|9/294|[from] recoil|[of] p1a: Togekiss","|move|p1a: Togekiss|Air Slash|p2a: Infernape","|-supereffective|p2a: Infernape","|-damage|p2a: Infernape|0 fnt","|faint|p2a: Infernape","|","|-heal|p1a: Togekiss|213/373|[from] item: Leftovers","|-sideend|p1: SL~Kingdra|move: Light Screen","|","|switch|p2a: Charizard|Charizard, M|297/297","|turn|21","|","|detailschange|p2a: Charizard|Charizard-Mega-Y, M","|-mega|p2a: Charizard|Charizard|Charizardite Y","|-weather|SunnyDay","|move|p2a: Charizard|Solar Beam|p1a: Togekiss|[still]","|-prepare|p2a: Charizard|Solar Beam|p1a: Togekiss","|-anim|p2a: Charizard|Solar Beam|p1a: Togekiss","|-resisted|p1a: Togekiss","|-damage|p1a: Togekiss|138/373","|move|p1a: Togekiss|Thunder Wave|p2a: Charizard","|-status|p2a: Charizard|par","|","|-weather|SunnyDay|[upkeep]","|-heal|p1a: Togekiss|161/373|[from] item: Leftovers","|-sideend|p1: SL~Kingdra|Reflect","|turn|22","|","|move|p1a: Togekiss|Roost|p1a: Togekiss","|-heal|p1a: Togekiss|348/373","|move|p2a: Charizard|Fire Blast|p1a: Togekiss","|-damage|p1a: Togekiss|3/373","|","|-weather|SunnyDay|[upkeep]","|-heal|p1a: Togekiss|26/373|[from] item: Leftovers","|turn|23","|","|move|p1a: Togekiss|Air Slash|p2a: Charizard","|-damage|p2a: Charizard|212/297 par","|move|p2a: Charizard|Air Slash|p1a: Togekiss","|-damage|p1a: Togekiss|0 fnt","|faint|p1a: Togekiss","|","|win|Intern Runn"],"p1rating":{"entryid":"7548471","serverid":"eos","formatid":"monotype","userid":"slkingdra","username":"SL~Kingdra","w":"8","l":5,"t":"0","gxe":58.1,"r":"1529.4716422691","rd":"111.03844248626","sigma":"0","rptime":"1439283600","rpr":1563.5069421572,"rprd":80.50868853356,"rpsigma":"0","acre":1145.7554523678,"lacre":1145.7554523678,"oldacre":"1179.2878466345"},"p2rating":{"entryid":"7324952","serverid":"eos","formatid":"monotype","userid":"internrunn","username":"Intern Runn","w":3,"l":"5","t":"0","gxe":42.1,"r":"1395.086625067","rd":"102.05886091082","sigma":"0","rptime":"1439283600","rpr":1437.9829337545,"rprd":92.290977757429,"rpsigma":"0","acre":1098.1886041838,"lacre":1098.1886041838,"oldacre":"1055.7542053275"},"endType":"normal"}