{"seed":[21285,54391,39237,29026],"turns":27,"p1":"Emg GL Volco","p2":"Seven Swell","p1team":[{"name":"Conkeldurr","species":"Conkeldurr","item":"assaultvest","ability":"Guts","moves":["machpunch","knockoff","drainpunch","icepunch"],"nature":"Adamant","evs":{"hp":184,"atk":252,"def":16,"spa":0,"spd":56,"spe":0},"gender":"M","shiny":true,"ivs":{"hp":31,"atk":31,"def":31,"spa":31,"spd":31,"spe":31}},{"name":"Infernape","species":"Infernape","item":"focussash","ability":"Blaze","moves":["vacuumwave","stealthrock","taunt","flamethrower"],"nature":"Timid","evs":{"hp":0,"atk":0,"def":0,"spa":252,"spd":4,"spe":252},"gender":"M","shiny":true,"ivs":{"hp":31,"atk":31,"def":31,"spa":31,"spd":31,"spe":31}},{"name":"Gallade","species":"Gallade","item":"galladite","ability":"Steadfast","moves":["swordsdance","drainpunch","shadowsneak","zenheadbutt"],"nature":"Jolly","evs":{"hp":0,"atk":252,"def":0,"spa":0,"spd":4,"spe":252},"shiny":true,"ivs":{"hp":31,"atk":31,"def":31,"spa":31,"spd":31,"spe":31}},{"name":"Hawlucha","species":"Hawlucha","item":"powerherb","ability":"Unburden","moves":["acrobatics","skyattack","highjumpkick","stoneedge"],"nature":"Adamant","evs":{"hp":4,"atk":252,"def":0,"spa":0,"spd":0,"spe":252},"gender":"M","shiny":true,"ivs":{"hp":31,"atk":31,"def":31,"spa":31,"spd":31,"spe":31}},{"name":"Keldeo","species":"Keldeo","item":"choicescarf","ability":"Justified","moves":["secretsword","scald","hiddenpowerelectric","icywind"],"nature":"Timid","evs":{"hp":0,"atk":0,"def":0,"spa":252,"spd":4,"spe":252},"ivs":{"hp":31,"atk":31,"def":31,"spa":30,"spd":31,"spe":31}},{"name":"Breloom","species":"Breloom","item":"focussash","ability":"Technician","moves":["bulletseed","spore","rocktomb","machpunch"],"nature":"Adamant","evs":{"hp":0,"atk":252,"def":0,"spa":0,"spd":4,"spe":252},"gender":"M","shiny":true,"ivs":{"hp":31,"atk":31,"def":31,"spa":31,"spd":31,"spe":31}}],"p2team":[{"name":"Mew","species":"Mew","item":"leftovers","ability":"Synchronize","moves":["roost","toxic","healbell","aurasphere"],"nature":"Calm","evs":{"hp":252,"atk":0,"def":0,"spa":4,"spd":252,"spe":0},"ivs":{"hp":31,"atk":31,"def":31,"spa":31,"spd":31,"spe":31}},{"name":"Slowbro","species":"Slowbro","item":"rockyhelmet","ability":"Regenerator","moves":["scald","yawn","flamethrower","slackoff"],"nature":"Bold","evs":{"hp":252,"atk":0,"def":252,"spa":4,"spd":0,"spe":0},"ivs":{"hp":31,"atk":31,"def":31,"spa":31,"spd":31,"spe":31}},{"name":"Deoxys-Speed","species":"Deoxys-Speed","item":"focussash","ability":"Pressure","moves":["stealthrock","thunderbolt","thunderwave","icebeam"],"nature":"Timid","evs":{"hp":252,"atk":0,"def":0,"spa":44,"spd":0,"spe":212},"ivs":{"hp":31,"atk":31,"def":31,"spa":31,"spd":31,"spe":31}},{"name":"Gardevoir","species":"Gardevoir","item":"gardevoirite","ability":"Trace","moves":["hypervoice","psyshock","destinybond","thunderbolt"],"nature":"Timid","evs":{"hp":0,"atk":0,"def":4,"spa":252,"spd":0,"spe":252},"ivs":{"hp":31,"atk":0,"def":31,"spa":31,"spd":31,"spe":31}},{"name":"Latias","species":"Latias","item":"leftovers","ability":"Levitate","moves":["dracometeor","psyshock","roost","defog"],"nature":"Timid","evs":{"hp":252,"atk":0,"def":0,"spa":4,"spd":0,"spe":252},"ivs":{"hp":31,"atk":31,"def":31,"spa":31,"spd":31,"spe":31}},{"name":"Hoopa-Unbound","species":"Hoopa-Unbound","item":"focussash","ability":"Magician","moves":["hyperspacefury","drainpunch","firepunch","gunkshot"],"nature":"Adamant","evs":{"hp":0,"atk":252,"def":0,"spa":0,"spd":4,"spe":252},"ivs":{"hp":31,"atk":31,"def":31,"spa":31,"spd":31,"spe":31}}],"log":["|player|p1|Emg GL Volco|emgglvolco.png","|player|p2|Seven Swell|sevenswell.png","|gametype|singles","|gen|6","|tier|Monotype","|rated","|rule|Baton Pass Clause: Limit one Baton Passer, can't pass Spe and other stats simultaneously","|rule|Swagger Clause: Swagger is banned","|rule|Same Type Clause: Pokémon in a team must share a type","|clearpoke","|poke|p1|Conkeldurr, M, shiny","|poke|p1|Infernape, M, shiny","|poke|p1|Gallade, M, shiny","|poke|p1|Hawlucha, M, shiny","|poke|p1|Keldeo","|poke|p1|Breloom, M, shiny","|poke|p2|Mew","|poke|p2|Slowbro, M","|poke|p2|Deoxys-Speed","|poke|p2|Gardevoir, F","|poke|p2|Latias, F","|poke|p2|Hoopa-Unbound","|rule|Sleep Clause Mod: Limit one foe put to sleep","|rule|Species Clause: Limit one of each Pokémon","|rule|OHKO Clause: OHKO moves are banned","|rule|Moody Clause: Moody is banned","|rule|Evasion Moves Clause: Evasion moves are banned","|rule|Endless Battle Clause: Forcing endless battles is banned","|rule|HP Percentage Mod: HP is shown in percentages","|teampreview","|","|start","|switch|p1a: Infernape|Infernape, M, shiny|293/293","|switch|p2a: Gardevoir|Gardevoir, F|277/277","|-ability|p2a: Gardevoir|Blaze|[from] ability: Trace|[of] p1a: Infernape","|turn|1","|","|detailschange|p2a: Gardevoir|Gardevoir-Mega, F","|-mega|p2a: Gardevoir|Gardevoir|Gardevoirite","|move|p1a: Infernape|Stealth Rock|p2a: Gardevoir","|-sidestart|p2: Seven Swell|move: Stealth Rock","|move|p2a: Gardevoir|Psyshock|p1a: Infernape","|-supereffective|p1a: Infernape","|-enditem|p1a: Infernape|Focus Sash","|-damage|p1a: Infernape|1/293","|","|turn|2","|","|switch|p2a: Slowbro|Slowbro, M|394/394","|-damage|p2a: Slowbro|345/394|[from] Stealth Rock","|move|p1a: Infernape|Flamethrower|p2a: Slowbro","|-resisted|p2a: Slowbro","|-damage|p2a: Slowbro|231/394","|","|turn|3","|","|move|p1a: Infernape|Flamethrower|p2a: Slowbro","|-resisted|p2a: Slowbro","|-damage|p2a: Slowbro|111/394","|move|p2a: Slowbro|Slack Off|p2a: Slowbro","|-heal|p2a: Slowbro|308/394","|","|turn|4","|","|move|p1a: Infernape|Taunt|p2a: Slowbro","|-start|p2a: Slowbro|move: Taunt","|cant|p2a: Slowbro|move: Taunt|Slack Off","|","|turn|5","|","|switch|p2a: Mew|Mew|404/404","|-damage|p2a: Mew|354/404|[from] Stealth Rock","|move|p1a: Infernape|Flamethrower|p2a: Mew","|-damage|p2a: Mew|192/404","|","|-heal|p2a: Mew|217/404|[from] item: Leftovers","|turn|6","|","|move|p1a: Infernape|Stealth Rock|p2a: Mew","|-fail|p2a: Mew","|move|p2a: Mew|Roost|p2a: Mew","|-heal|p2a: Mew|404/404","|","|turn|7","|","|move|p1a: Infernape|Taunt|p2a: Mew","|-start|p2a: Mew|move: Taunt","|move|p2a: Mew|Aura Sphere|p1a: Infernape","|-crit|p1a: Infernape","|-damage|p1a: Infernape|0 fnt","|faint|p1a: Infernape","|","|","|switch|p1a: Conkeldurr|Conkeldurr, M, shiny|397/397","|turn|8","|","|switch|p2a: Hoopa-Unbound|Hoopa-Unbound|301/301","|-damage|p2a: Hoopa-Unbound|264/301|[from] Stealth Rock","|move|p1a: Conkeldurr|Knock Off|p2a: Hoopa-Unbound","|-damage|p2a: Hoopa-Unbound|48/301","|-enditem|p2a: Hoopa-Unbound|Focus Sash|[from] move: Knock Off|[of] p1a: Conkeldurr","|","|turn|9","|","|move|p1a: Conkeldurr|Mach Punch|p2a: Hoopa-Unbound","|-damage|p2a: Hoopa-Unbound|0 fnt","|faint|p2a: Hoopa-Unbound","|","|","|switch|p2a: Latias|Latias, F|364/364","|-damage|p2a: Latias|319/364|[from] Stealth Rock","|turn|10","|","|move|p2a: Latias|Defog|p1a: Conkeldurr","|-unboost|p1a: Conkeldurr|evasion|1","|-sideend|p2: Seven Swell|Stealth Rock|[from] move: Defog|[of] p2a: Latias","|move|p1a: Conkeldurr|Knock Off|p2a: Latias","|-supereffective|p2a: Latias","|-damage|p2a: Latias|29/364","|-enditem|p2a: Latias|Leftovers|[from] move: Knock Off|[of] p1a: Conkeldurr","|","|turn|11","|","|move|p1a: Conkeldurr|Mach Punch|p2a: Latias","|-resisted|p2a: Latias","|-damage|p2a: Latias|0 fnt","|faint|p2a: Latias","|","|","|switch|p2a: Deoxys-Speed|Deoxys-Speed|304/304","|-ability|p2a: Deoxys-Speed|Pressure","|turn|12","|","|move|p2a: Deoxys-Speed|Stealth Rock|p1a: Conkeldurr","|-sidestart|p1: Emg GL Volco|move: Stealth Rock","|move|p1a: Conkeldurr|Knock Off|p2a: Deoxys-Speed","|-supereffective|p2a: Deoxys-Speed","|-damage|p2a: Deoxys-Speed|14/304","|-enditem|p2a: Deoxys-Speed|Focus Sash|[from] move: Knock Off|[of] p1a: Conkeldurr","|","|turn|13","|","|switch|p2a: Slowbro|Slowbro, M|394/394","|move|p1a: Conkeldurr|Mach Punch|p2a: Slowbro","|-resisted|p2a: Slowbro","|-damage|p2a: Slowbro|369/394","|-damage|p1a: Conkeldurr|331/397|[from] item: Rocky Helmet|[of] p2a: Slowbro","|","|turn|14","|","|switch|p2a: Deoxys-Speed|Deoxys-Speed|14/304","|-ability|p2a: Deoxys-Speed|Pressure","|move|p1a: Conkeldurr|Knock Off|p2a: Deoxys-Speed","|-supereffective|p2a: Deoxys-Speed","|-damage|p2a: Deoxys-Speed|0 fnt","|faint|p2a: Deoxys-Speed","|","|","|switch|p2a: Gardevoir|Gardevoir-Mega, F|277/277","|turn|15","|","|move|p2a: Gardevoir|Hyper Voice|p1a: Conkeldurr","|-supereffective|p1a: Conkeldurr","|-damage|p1a: Conkeldurr|0 fnt","|faint|p1a: Conkeldurr","|","|","|switch|p1a: Keldeo|Keldeo|323/323","|-damage|p1a: Keldeo|303/323|[from] Stealth Rock","|turn|16","|","|move|p1a: Keldeo|Scald|p2a: Gardevoir","|-damage|p2a: Gardevoir|166/277","|-status|p2a: Gardevoir|brn","|move|p2a: Gardevoir|Hyper Voice|p1a: Keldeo","|-supereffective|p1a: Keldeo","|-damage|p1a: Keldeo|0 fnt","|faint|p1a: Keldeo","|","|-damage|p2a: Gardevoir|132/277 brn|[from] brn","|","|switch|p1a: Gallade|Gallade, M, shiny|277/277","|-damage|p1a: Gallade|260/277|[from] Stealth Rock","|turn|17","|","|switch|p2a: Slowbro|Slowbro, M|394/394","|detailschange|p1a: Gallade|Gallade-Mega, M, shiny","|-mega|p1a: Gallade|Gallade|Galladite","|move|p1a: Gallade|Shadow Sneak|p2a: Slowbro","|-supereffective|p2a: Slowbro","|-damage|p2a: Slowbro|310/394","|-damage|p1a: Gallade|214/277|[from] item: Rocky Helmet|[of] p2a: Slowbro","|","|turn|18","|","|move|p1a: Gallade|Swords Dance|p1a: Gallade","|-boost|p1a: Gallade|atk|2","|move|p2a: Slowbro|Yawn|p1a: Gallade","|-start|p1a: Gallade|move: Yawn|[of] p2a: Slowbro","|","|turn|19","|","|switch|p2a: Mew|Mew|404/404","|move|p1a: Gallade|Shadow Sneak|p2a: Mew","|-supereffective|p2a: Mew","|-damage|p2a: Mew|190/404","|","|-end|p1a: Gallade|move: Yawn|[silent]","|-status|p1a: Gallade|slp","|-heal|p2a: Mew|215/404|[from] item: Leftovers","|turn|20","|","|cant|p1a: Gallade|slp","|move|p2a: Mew|Aura Sphere|p1a: Gallade","|-resisted|p1a: Gallade","|-damage|p1a: Gallade|187/277 slp","|","|-heal|p2a: Mew|240/404|[from] item: Leftovers","|turn|21","|","|-curestatus|p1a: Gallade|slp","|move|p1a: Gallade|Shadow Sneak|p2a: Mew","|-supereffective|p2a: Mew","|-damage|p2a: Mew|8/404","|move|p2a: Mew|Aura Sphere|p1a: Gallade","|-resisted|p1a: Gallade","|-damage|p1a: Gallade|159/277","|","|-heal|p2a: Mew|33/404|[from] item: Leftovers","|turn|22","|","|switch|p2a: Slowbro|Slowbro, M|394/394","|move|p1a: Gallade|Shadow Sneak|p2a: Slowbro","|-supereffective|p2a: Slowbro","|-damage|p2a: Slowbro|238/394","|-damage|p1a: Gallade|113/277|[from] item: Rocky Helmet|[of] p2a: Slowbro","|","|turn|23","|","|switch|p2a: Mew|Mew|33/404","|move|p1a: Gallade|Shadow Sneak|p2a: Mew","|-supereffective|p2a: Mew","|-damage|p2a: Mew|0 fnt","|faint|p2a: Mew","|","|","|switch|p2a: Slowbro|Slowbro, M|369/394","|turn|24","|","|move|p1a: Gallade|Shadow Sneak|p2a: Slowbro","|-supereffective|p2a: Slowbro","|-damage|p2a: Slowbro|201/394","|-damage|p1a: Gallade|67/277|[from] item: Rocky Helmet|[of] p2a: Slowbro","|move|p2a: Slowbro|Scald|p1a: Gallade","|-damage|p1a: Gallade|0 fnt","|faint|p1a: Gallade","|","|","|switch|p1a: Breloom|Breloom, M, shiny|261/261","|-damage|p1a: Breloom|245/261|[from] Stealth Rock","|turn|25","|","|move|p1a: Breloom|Bullet Seed|p2a: Slowbro","|-supereffective|p2a: Slowbro","|-damage|p2a: Slowbro|99/394","|-supereffective|p2a: Slowbro","|-damage|p2a: Slowbro|7/394","|-crit|p2a: Slowbro","|-supereffective|p2a: Slowbro","|-damage|p2a: Slowbro|0 fnt","|-hitcount|p2a: Slowbro|3","|faint|p2a: Slowbro","|","|","|switch|p2a: Gardevoir|Gardevoir-Mega, F|132/277 brn","|turn|26","|","|move|p1a: Breloom|Mach Punch|p2a: Gardevoir","|-resisted|p2a: Gardevoir","|-damage|p2a: Gardevoir|93/277 brn","|move|p2a: Gardevoir|Hyper Voice|p1a: Breloom","|-supereffective|p1a: Breloom","|-damage|p1a: Breloom|0 fnt","|faint|p1a: Breloom","|","|-damage|p2a: Gardevoir|59/277 brn|[from] brn","|","|switch|p1a: Hawlucha|Hawlucha, M, shiny|298/298","|-damage|p1a: Hawlucha|261/298|[from] Stealth Rock","|turn|27","|","|move|p1a: Hawlucha|Sky Attack|p2a: Gardevoir|[still]","|-prepare|p1a: Hawlucha|Sky Attack|p2a: Gardevoir","|-enditem|p1a: Hawlucha|Power Herb","|-anim|p1a: Hawlucha|Sky Attack|p2a: Gardevoir","|-damage|p2a: Gardevoir|0 fnt","|faint|p2a: Gardevoir","|","|win|Emg GL Volco"],"p1rating":{"entryid":"7077883","serverid":"eos","formatid":"monotype","userid":"emgglvolco","username":"EMG GL Volco","w":17,"l":"9","t":"0","gxe":59.7,"r":"1559.7156156795","rd":"70.143429112952","sigma":"0","rptime":"1439283600","rpr":1575.6967879442,"rprd":68.825181334779,"rpsigma":"0","acre":1276.545307578,"lacre":1276.545307578,"oldacre":"1244.4147600102"},"p2rating":{"entryid":"7267988","serverid":"eos","formatid":"monotype","userid":"sevenswell","username":"Seven Swell","w":"48","l":27,"t":"0","gxe":66.1,"r":"1624.6245106123","rd":"42.988182834483","sigma":"0","rptime":"1439283600","rpr":1626.2926856112,"rprd":42.130265295662,"rpsigma":"0","acre":1320.633074789,"lacre":1320.633074789,"oldacre":"1346.3375128432"},"endType":"normal"}