{"seed":[37898,8022,58077,18809],"turns":16,"p1":"Tahit","p2":"Alliance - Elite","p1team":[{"name":"Skarmory","species":"Skarmory","item":"rockyhelmet","ability":"Sturdy","moves":["roost","stealthrock","bravebird","defog"],"nature":"Careful","evs":{"hp":4,"atk":0,"def":252,"spa":0,"spd":252,"spe":0},"ivs":{"hp":31,"atk":31,"def":31,"spa":31,"spd":31,"spe":31}},{"name":"Excadrill","species":"Excadrill","item":"airballoon","ability":"Mold Breaker","moves":["earthquake","ironhead","rockslide","rapidspin"],"nature":"Adamant","evs":{"hp":0,"atk":252,"def":4,"spa":0,"spd":0,"spe":252},"gender":"M","ivs":{"hp":29,"atk":31,"def":31,"spa":31,"spd":31,"spe":31}},{"name":"Heatran","species":"Heatran","item":"leftovers","ability":"Flash Fire","moves":["stealthrock","lavaplume","toxic","protect"],"nature":"Calm","evs":{"hp":252,"atk":0,"def":4,"spa":0,"spd":252,"spe":0},"ivs":{"hp":31,"atk":31,"def":31,"spa":31,"spd":31,"spe":31}},{"name":"Ferrothorn","species":"Ferrothorn","item":"rockyhelmet","ability":"Iron Barbs","moves":["leechseed","stealthrock","thunderwave","gyroball"],"nature":"Relaxed","evs":{"hp":252,"atk":0,"def":4,"spa":0,"spd":252,"spe":0},"ivs":{"hp":31,"atk":31,"def":31,"spa":31,"spd":31,"spe":0}},{"name":"Aggron","species":"Aggron","item":"aggronite","ability":"Sturdy","moves":["confide","facade","stoneedge","heavyslam"],"nature":"Careful","evs":{"hp":252,"atk":0,"def":4,"spa":0,"spd":252,"spe":0},"ivs":{"hp":31,"atk":31,"def":31,"spa":31,"spd":31,"spe":31}},{"name":"Jirachi","species":"Jirachi","item":"leftovers","ability":"Serene Grace","moves":["ancientpower","ironhead","zenheadbutt","bodyslam"],"nature":"Relaxed","evs":{"hp":252,"atk":0,"def":124,"spa":0,"spd":132,"spe":0},"ivs":{"hp":31,"atk":31,"def":31,"spa":31,"spd":31,"spe":31}}],"p2team":[{"name":"Pretty In Pink","species":"cofagrigus","item":"leftovers","ability":"Mummy","moves":["toxicspikes","painsplit","hex","willowisp"],"nature":"Bold","evs":{"hp":252,"atk":0,"def":252,"spa":0,"spd":4,"spe":0},"gender":"F","shiny":true,"ivs":{"hp":31,"atk":31,"def":31,"spa":31,"spd":31,"spe":31}},{"name":"Sableye","species":"Sableye","item":"sablenite","ability":"Keen Eye","moves":["calmmind","shadowball","recover","willowisp"],"nature":"Bold","evs":{"hp":252,"atk":0,"def":252,"spa":0,"spd":4,"spe":0},"gender":"M","ivs":{"hp":31,"atk":0,"def":31,"spa":31,"spd":31,"spe":31}},{"name":"Dusclops","species":"Dusclops","item":"eviolite","ability":"Frisk","moves":["toxic","willowisp","painsplit","shadowsneak"],"nature":"Sassy","evs":{"hp":252,"atk":0,"def":98,"spa":0,"spd":158,"spe":0},"gender":"M","ivs":{"hp":31,"atk":31,"def":31,"spa":31,"spd":31,"spe":31}},{"name":"Froslass","species":"Froslass","item":"focussash","ability":"Cursed Body","moves":["spikes","taunt","destinybond","icebeam"],"nature":"Hasty","evs":{"hp":0,"atk":0,"def":0,"spa":252,"spd":4,"spe":252},"ivs":{"hp":31,"atk":31,"def":31,"spa":31,"spd":31,"spe":31}},{"name":"Mismagius","species":"Mismagius","item":"leftovers","ability":"Levitate","moves":["taunt","shadowball","willowisp","dazzlinggleam"],"nature":"Timid","evs":{"hp":252,"atk":0,"def":0,"spa":0,"spd":40,"spe":216},"ivs":{"hp":31,"atk":31,"def":31,"spa":31,"spd":31,"spe":31}},{"name":"Jellicent","species":"Jellicent","item":"leftovers","ability":"Water Absorb","moves":["recover","scald","willowisp","taunt"],"nature":"Bold","evs":{"hp":252,"atk":0,"def":252,"spa":0,"spd":0,"spe":4},"gender":"F","shiny":true,"ivs":{"hp":31,"atk":31,"def":31,"spa":31,"spd":31,"spe":31}}],"log":["|player|p1|Tahit|169","|player|p2|Alliance - Elite|92","|gametype|singles","|gen|6","|tier|Monotype","|rated","|rule|Baton Pass Clause: Limit one Baton Passer, can't pass Spe and other stats simultaneously","|rule|Swagger Clause: Swagger is banned","|rule|Same Type Clause: Pokémon in a team must share a type","|clearpoke","|poke|p1|Skarmory, F","|poke|p1|Excadrill, M","|poke|p1|Heatran, F","|poke|p1|Ferrothorn, M","|poke|p1|Aggron, M","|poke|p1|Jirachi","|poke|p2|Cofagrigus, F, shiny","|poke|p2|Sableye, M","|poke|p2|Dusclops, M","|poke|p2|Froslass, F","|poke|p2|Mismagius, M","|poke|p2|Jellicent, F, shiny","|rule|Sleep Clause Mod: Limit one foe put to sleep","|rule|Species Clause: Limit one of each Pokémon","|rule|OHKO Clause: OHKO moves are banned","|rule|Moody Clause: Moody is banned","|rule|Evasion Moves Clause: Evasion moves are banned","|rule|Endless Battle Clause: Forcing endless battles is banned","|rule|HP Percentage Mod: HP is shown in percentages","|teampreview","|","|start","|switch|p1a: Ferrothorn|Ferrothorn, M|352/352","|switch|p2a: Sableye|Sableye, M|304/304","|turn|1","|","|detailschange|p2a: Sableye|Sableye-Mega, M","|-mega|p2a: Sableye|Sableye|Sablenite","|move|p2a: Sableye|Calm Mind|p2a: Sableye","|-boost|p2a: Sableye|spa|1","|-boost|p2a: Sableye|spd|1","|move|p1a: Ferrothorn|Gyro Ball|p2a: Sableye","|-damage|p2a: Sableye|270/304","|","|turn|2","|","|switch|p1a: Jirachi|Jirachi|404/404","|move|p2a: Sableye|Will-O-Wisp|p1a: Jirachi","|-status|p1a: Jirachi|brn","|","|-damage|p1a: Jirachi|354/404 brn|[from] brn","|turn|3","|","|move|p1a: Jirachi|Ancient Power|p2a: Sableye","|-damage|p2a: Sableye|243/304","|-boost|p1a: Jirachi|atk|1","|-boost|p1a: Jirachi|def|1","|-boost|p1a: Jirachi|spa|1","|-boost|p1a: Jirachi|spd|1","|-boost|p1a: Jirachi|spe|1","|move|p2a: Sableye|Calm Mind|p2a: Sableye","|-boost|p2a: Sableye|spa|1","|-boost|p2a: Sableye|spd|1","|","|-heal|p1a: Jirachi|379/404 brn|[from] item: Leftovers","|-damage|p1a: Jirachi|329/404 brn|[from] brn","|turn|4","|","|move|p1a: Jirachi|Ancient Power|p2a: Sableye","|-crit|p2a: Sableye","|-damage|p2a: Sableye|143/304","|move|p2a: Sableye|Calm Mind|p2a: Sableye","|-boost|p2a: Sableye|spa|1","|-boost|p2a: Sableye|spd|1","|","|-heal|p1a: Jirachi|354/404 brn|[from] item: Leftovers","|-damage|p1a: Jirachi|304/404 brn|[from] brn","|turn|5","|","|move|p1a: Jirachi|Ancient Power|p2a: Sableye","|-damage|p2a: Sableye|118/304","|move|p2a: Sableye|Shadow Ball|p1a: Jirachi","|-supereffective|p1a: Jirachi","|-damage|p1a: Jirachi|82/404 brn","|","|-heal|p1a: Jirachi|107/404 brn|[from] item: Leftovers","|-damage|p1a: Jirachi|57/404 brn|[from] brn","|turn|6","|","|move|p1a: Jirachi|Iron Head|p2a: Sableye","|-damage|p2a: Sableye|72/304","|cant|p2a: Sableye|flinch","|","|-heal|p1a: Jirachi|82/404 brn|[from] item: Leftovers","|-damage|p1a: Jirachi|32/404 brn|[from] brn","|turn|7","|","|move|p1a: Jirachi|Iron Head|p2a: Sableye","|-damage|p2a: Sableye|30/304","|cant|p2a: Sableye|flinch","|","|-heal|p1a: Jirachi|57/404 brn|[from] item: Leftovers","|-damage|p1a: Jirachi|7/404 brn|[from] brn","|turn|8","|","|switch|p2a: Pretty In Pink|Cofagrigus, F, shiny|320/320","|move|p1a: Jirachi|Iron Head|p2a: Pretty In Pink","|-crit|p2a: Pretty In Pink","|-damage|p2a: Pretty In Pink|258/320","|-endability|p1a: Jirachi|serenegrace|[from] Mummy","|-ability|p1a: Jirachi|Mummy|[from] Mummy","|","|-heal|p1a: Jirachi|32/404 brn|[from] item: Leftovers","|-heal|p2a: Pretty In Pink|278/320|[from] item: Leftovers","|-damage|p1a: Jirachi|0 fnt|[from] brn","|faint|p1a: Jirachi","|","|switch|p1a: Ferrothorn|Ferrothorn, M|352/352","|turn|9","|","|move|p2a: Pretty In Pink|Will-O-Wisp|p1a: Ferrothorn","|-status|p1a: Ferrothorn|brn","|move|p1a: Ferrothorn|Leech Seed|p2a: Pretty In Pink","|-start|p2a: Pretty In Pink|move: Leech Seed","|","|-heal|p2a: Pretty In Pink|298/320|[from] item: Leftovers","|-damage|p2a: Pretty In Pink|258/320|[from] Leech Seed|[of] p1a: Ferrothorn","|-damage|p1a: Ferrothorn|308/352 brn|[from] brn","|turn|10","|","|move|p2a: Pretty In Pink|Toxic Spikes|p1a: Ferrothorn","|-sidestart|p1: Tahit|move: Toxic Spikes","|move|p1a: Ferrothorn|Thunder Wave|p2a: Pretty In Pink","|-status|p2a: Pretty In Pink|par","|","|-heal|p2a: Pretty In Pink|278/320 par|[from] item: Leftovers","|-damage|p2a: Pretty In Pink|238/320 par|[from] Leech Seed|[of] p1a: Ferrothorn","|-heal|p1a: Ferrothorn|348/352 brn|[silent]","|-damage|p1a: Ferrothorn|304/352 brn|[from] brn","|turn|11","|","|move|p1a: Ferrothorn|Stealth Rock|p2a: Pretty In Pink","|-sidestart|p2: Alliance - Elite|move: Stealth Rock","|move|p2a: Pretty In Pink|Toxic Spikes|p1a: Ferrothorn","|-sidestart|p1: Tahit|move: Toxic Spikes","|","|-heal|p2a: Pretty In Pink|258/320 par|[from] item: Leftovers","|-damage|p2a: Pretty In Pink|218/320 par|[from] Leech Seed|[of] p1a: Ferrothorn","|-heal|p1a: Ferrothorn|344/352 brn|[silent]","|-damage|p1a: Ferrothorn|300/352 brn|[from] brn","|turn|12","|","|move|p1a: Ferrothorn|Gyro Ball|p2a: Pretty In Pink","|-damage|p2a: Pretty In Pink|213/320 par","|-endability|p1a: Ferrothorn|ironbarbs|[from] Mummy","|-ability|p1a: Ferrothorn|Mummy|[from] Mummy","|cant|p2a: Pretty In Pink|par","|","|-heal|p2a: Pretty In Pink|233/320 par|[from] item: Leftovers","|-damage|p2a: Pretty In Pink|193/320 par|[from] Leech Seed|[of] p1a: Ferrothorn","|-heal|p1a: Ferrothorn|340/352 brn|[silent]","|-damage|p1a: Ferrothorn|296/352 brn|[from] brn","|turn|13","|","|move|p1a: Ferrothorn|Gyro Ball|p2a: Pretty In Pink","|-damage|p2a: Pretty In Pink|189/320 par","|cant|p2a: Pretty In Pink|par","|","|-heal|p2a: Pretty In Pink|209/320 par|[from] item: Leftovers","|-damage|p2a: Pretty In Pink|169/320 par|[from] Leech Seed|[of] p1a: Ferrothorn","|-heal|p1a: Ferrothorn|336/352 brn|[silent]","|-damage|p1a: Ferrothorn|292/352 brn|[from] brn","|turn|14","|","|move|p1a: Ferrothorn|Gyro Ball|p2a: Pretty In Pink","|-damage|p2a: Pretty In Pink|164/320 par","|move|p2a: Pretty In Pink|Hex|p1a: Ferrothorn","|-damage|p1a: Ferrothorn|178/352 brn","|","|-heal|p2a: Pretty In Pink|184/320 par|[from] item: Leftovers","|-damage|p2a: Pretty In Pink|144/320 par|[from] Leech Seed|[of] p1a: Ferrothorn","|-heal|p1a: Ferrothorn|218/352 brn|[silent]","|-damage|p1a: Ferrothorn|174/352 brn|[from] brn","|turn|15","|","|move|p1a: Ferrothorn|Gyro Ball|p2a: Pretty In Pink","|-damage|p2a: Pretty In Pink|139/320 par","|cant|p2a: Pretty In Pink|par","|","|-heal|p2a: Pretty In Pink|159/320 par|[from] item: Leftovers","|-damage|p2a: Pretty In Pink|119/320 par|[from] Leech Seed|[of] p1a: Ferrothorn","|-heal|p1a: Ferrothorn|214/352 brn|[silent]","|-damage|p1a: Ferrothorn|170/352 brn|[from] brn","|turn|16","|","|win|Tahit"],"p1rating":{"entryid":"7556594","serverid":"eos","formatid":"monotype","userid":"tahit","username":"Tahit","w":2,"l":"2","t":"0","gxe":52.3,"r":"1500","rd":"130","sigma":"0","rptime":"1439283600","rpr":1517.754844548,"rprd":106.49705929448,"rpsigma":"0","acre":1079.86912198,"lacre":1079.86912198,"oldacre":"1048.1146492497"},"p2rating":{"entryid":"7539794","serverid":"eos","formatid":"monotype","userid":"allianceelite","username":"Alliance - Elite","w":"1","l":3,"t":"0","gxe":41.5,"r":"1486.5677373655","rd":"115.87876502804","sigma":"0","rptime":"1439283600","rpr":1432.4802766894,"rprd":106.27972749851,"rpsigma":"0","acre":1022.1195886769,"lacre":1022.1195886769,"oldacre":"1037.2127245576"},"endType":"forfeit"}