{"seed":[11399,23682,10156,54775],"turns":24,"p1":"GTX♅Prolixity","p2":"Desolate Nightmare","p1team":[{"name":"Keldeo","species":"Keldeo","item":"lifeorb","ability":"Justified","moves":["icywind","secretsword","scald","hiddenpowerfire"],"nature":"Timid","evs":{"hp":0,"atk":0,"def":4,"spa":252,"spd":0,"spe":252},"ivs":{"hp":31,"atk":30,"def":31,"spa":30,"spd":31,"spe":30}},{"name":"Sharpedo","species":"Sharpedo","item":"sharpedonite","ability":"Speed Boost","moves":["waterfall","protect","crunch","earthquake"],"nature":"Adamant","evs":{"hp":0,"atk":252,"def":0,"spa":0,"spd":4,"spe":252},"shiny":true,"ivs":{"hp":31,"atk":31,"def":31,"spa":31,"spd":31,"spe":31}},{"name":"Empoleon","species":"Empoleon","item":"assaultvest","ability":"Defiant","moves":["surf","icebeam","flashcannon","grassknot"],"nature":"Sassy","evs":{"hp":252,"atk":0,"def":0,"spa":4,"spd":252,"spe":0},"shiny":true,"ivs":{"hp":31,"atk":31,"def":31,"spa":31,"spd":31,"spe":31}},{"name":"Cloyster","species":"Cloyster","item":"focussash","ability":"Skill Link","moves":["iciclespear","rockblast","shellsmash","razorshell"],"nature":"Adamant","evs":{"hp":0,"atk":252,"def":0,"spa":0,"spd":4,"spe":252},"shiny":true,"ivs":{"hp":31,"atk":31,"def":31,"spa":31,"spd":31,"spe":31}},{"name":"Tentacruel","species":"Tentacruel","item":"leftovers","ability":"Liquid Ooze","moves":["toxicspikes","scald","rapidspin","acidspray"],"nature":"Timid","evs":{"hp":252,"atk":0,"def":0,"spa":0,"spd":244,"spe":12},"shiny":true,"ivs":{"hp":31,"atk":31,"def":31,"spa":31,"spd":31,"spe":31}},{"name":"Blastoise","species":"Blastoise","item":"weaknesspolicy","ability":"Torrent","moves":["dragonpulse","earthquake","rapidspin","surf"],"nature":"Mild","evs":{"hp":248,"atk":8,"def":0,"spa":252,"spd":0,"spe":0},"ivs":{"hp":31,"atk":31,"def":31,"spa":31,"spd":31,"spe":31}}],"p2team":[{"name":"Latias","species":"Latias","item":"leftovers","ability":"Levitate","moves":["defog","tailwind","psyshock","shadowball"],"nature":"Bold","evs":{"hp":252,"atk":0,"def":168,"spa":0,"spd":88,"spe":0},"ivs":{"hp":31,"atk":31,"def":31,"spa":31,"spd":31,"spe":31}},{"name":"Latios","species":"Latios","item":"latiosite","ability":"Levitate","moves":["lusterpurge","protect","icebeam","dragonpulse"],"nature":"Timid","evs":{"hp":0,"atk":0,"def":0,"spa":252,"spd":4,"spe":252},"ivs":{"hp":31,"atk":31,"def":31,"spa":31,"spd":31,"spe":31}},{"name":"Dragonite","species":"Dragonite","item":"leftovers","ability":"Inner Focus","moves":["firepunch","healbell","roost","earthquake"],"nature":"Careful","evs":{"hp":252,"atk":0,"def":4,"spa":0,"spd":252,"spe":0},"ivs":{"hp":31,"atk":31,"def":31,"spa":31,"spd":31,"spe":31}},{"name":"Garchomp","species":"Garchomp","item":"rockyhelmet","ability":"Rough Skin","moves":["earthquake","flamethrower","stealthrock","roar"],"nature":"Quiet","evs":{"hp":252,"atk":0,"def":68,"spa":56,"spd":132,"spe":0},"ivs":{"hp":31,"atk":31,"def":31,"spa":31,"spd":31,"spe":31}},{"name":"Dragalge","species":"Dragalge","item":"assaultvest","ability":"Adaptability","moves":["dragonpulse","scald","sludgebomb","thunderbolt"],"nature":"Relaxed","evs":{"hp":252,"atk":0,"def":252,"spa":0,"spd":4,"spe":0},"ivs":{"hp":31,"atk":31,"def":31,"spa":31,"spd":31,"spe":31}},{"name":"Goodra","species":"Goodra","item":"assaultvest","ability":"Sap Sipper","moves":["flamethrower","icebeam","dragonpulse","thunderbolt"],"nature":"Bold","evs":{"hp":252,"atk":0,"def":252,"spa":4,"spd":0,"spe":0},"ivs":{"hp":31,"atk":31,"def":31,"spa":31,"spd":31,"spe":31}}],"log":["|player|p1|GTX♅Prolixity|11","|player|p2|Desolate Nightmare|profnightmare.png","|gametype|singles","|gen|6","|tier|Monotype","|rated","|rule|Baton Pass Clause: Limit one Baton Passer, can't pass Spe and other stats simultaneously","|rule|Swagger Clause: Swagger is banned","|rule|Same Type Clause: Pokémon in a team must share a type","|clearpoke","|poke|p1|Keldeo","|poke|p1|Sharpedo, F, shiny","|poke|p1|Empoleon, M, shiny","|poke|p1|Cloyster, F, shiny","|poke|p1|Tentacruel, M, shiny","|poke|p1|Blastoise, M","|poke|p2|Latias, F","|poke|p2|Latios, M","|poke|p2|Dragonite, M","|poke|p2|Garchomp, F","|poke|p2|Dragalge, M","|poke|p2|Goodra, F","|rule|Sleep Clause Mod: Limit one foe put to sleep","|rule|Species Clause: Limit one of each Pokémon","|rule|OHKO Clause: OHKO moves are banned","|rule|Moody Clause: Moody is banned","|rule|Evasion Moves Clause: Evasion moves are banned","|rule|Endless Battle Clause: Forcing endless battles is banned","|rule|HP Percentage Mod: HP is shown in percentages","|teampreview","|","|start","|switch|p1a: Empoleon|Empoleon, M, shiny|372/372","|switch|p2a: Garchomp|Garchomp, F|420/420","|turn|1","|","|move|p2a: Garchomp|Stealth Rock|p1a: Empoleon","|-sidestart|p1: GTX♅Prolixity|move: Stealth Rock","|move|p1a: Empoleon|Surf|p2a: Garchomp","|-damage|p2a: Garchomp|296/420","|","|turn|2","|","|move|p1a: Empoleon|Surf|p2a: Garchomp","|-damage|p2a: Garchomp|175/420","|move|p2a: Garchomp|Roar|p1a: Empoleon","|drag|p1a: Sharpedo|Sharpedo, F, shiny|281/281","|-damage|p1a: Sharpedo|246/281|[from] Stealth Rock","|","|turn|3","|","|move|p1a: Sharpedo|Protect|p1a: Sharpedo","|-singleturn|p1a: Sharpedo|Protect","|move|p2a: Garchomp|Earthquake|p1a: Sharpedo","|-activate|p1a: Sharpedo|Protect","|","|-boost|p1a: Sharpedo|spe|1|[from] ability: Speed Boost","|turn|4","|","|detailschange|p1a: Sharpedo|Sharpedo-Mega, F, shiny","|-mega|p1a: Sharpedo|Sharpedo|Sharpedonite","|move|p1a: Sharpedo|Crunch|p2a: Garchomp","|-damage|p2a: Garchomp|0 fnt","|-damage|p1a: Sharpedo|211/281|[from] ability: Rough Skin|[of] p2a: Garchomp","|-damage|p1a: Sharpedo|165/281|[from] item: Rocky Helmet|[of] p2a: Garchomp","|faint|p2a: Garchomp","|","|","|switch|p2a: Goodra|Goodra, F|384/384","|turn|5","|","|move|p1a: Sharpedo|Crunch|p2a: Goodra","|-damage|p2a: Goodra|147/384","|move|p2a: Goodra|Thunderbolt|p1a: Sharpedo","|-supereffective|p1a: Sharpedo","|-damage|p1a: Sharpedo|0 fnt","|faint|p1a: Sharpedo","|","|","|switch|p1a: Blastoise|Blastoise, M|361/361","|-damage|p1a: Blastoise|316/361|[from] Stealth Rock","|turn|6","|","|move|p2a: Goodra|Thunderbolt|p1a: Blastoise","|-supereffective|p1a: Blastoise","|-damage|p1a: Blastoise|162/361","|-enditem|p1a: Blastoise|Weakness Policy","|-boost|p1a: Blastoise|atk|2|[from] item: Weakness Policy","|-boost|p1a: Blastoise|spa|2|[from] item: Weakness Policy","|move|p1a: Blastoise|Dragon Pulse|p2a: Goodra","|-supereffective|p2a: Goodra","|-damage|p2a: Goodra|1/384","|","|turn|7","|","|move|p2a: Goodra|Thunderbolt|p1a: Blastoise","|-supereffective|p1a: Blastoise","|-damage|p1a: Blastoise|8/361","|move|p1a: Blastoise|Surf|p2a: Goodra","|-resisted|p2a: Goodra","|-damage|p2a: Goodra|0 fnt","|faint|p2a: Goodra","|","|","|switch|p2a: Dragalge|Dragalge, M|334/334","|turn|8","|","|switch|p1a: Empoleon|Empoleon, M, shiny|372/372","|-damage|p1a: Empoleon|349/372|[from] Stealth Rock","|move|p2a: Dragalge|Thunderbolt|p1a: Empoleon","|-supereffective|p1a: Empoleon","|-damage|p1a: Empoleon|279/372","|","|turn|9","|","|move|p1a: Empoleon|Grass Knot|p2a: Dragalge","|-resisted|p2a: Dragalge","|-damage|p2a: Dragalge|325/334","|move|p2a: Dragalge|Thunderbolt|p1a: Empoleon","|-supereffective|p1a: Empoleon","|-damage|p1a: Empoleon|213/372","|","|turn|10","|","|move|p1a: Empoleon|Surf|p2a: Dragalge","|-crit|p2a: Dragalge","|-resisted|p2a: Dragalge","|-damage|p2a: Dragalge|275/334","|move|p2a: Dragalge|Thunderbolt|p1a: Empoleon","|-supereffective|p1a: Empoleon","|-damage|p1a: Empoleon|149/372","|","|turn|11","|","|move|p1a: Empoleon|Ice Beam|p2a: Dragalge","|-supereffective|p2a: Dragalge","|-damage|p2a: Dragalge|189/334","|move|p2a: Dragalge|Thunderbolt|p1a: Empoleon","|-supereffective|p1a: Empoleon","|-damage|p1a: Empoleon|81/372","|","|turn|12","|","|move|p1a: Empoleon|Ice Beam|p2a: Dragalge","|-supereffective|p2a: Dragalge","|-damage|p2a: Dragalge|107/334","|move|p2a: Dragalge|Thunderbolt|p1a: Empoleon","|-supereffective|p1a: Empoleon","|-damage|p1a: Empoleon|13/372","|","|turn|13","|","|move|p1a: Empoleon|Ice Beam|p2a: Dragalge","|-supereffective|p2a: Dragalge","|-damage|p2a: Dragalge|11/334","|move|p2a: Dragalge|Thunderbolt|p1a: Empoleon","|-supereffective|p1a: Empoleon","|-damage|p1a: Empoleon|0 fnt","|faint|p1a: Empoleon","|","|","|switch|p1a: Keldeo|Keldeo|323/323","|-damage|p1a: Keldeo|303/323|[from] Stealth Rock","|turn|14","|","|move|p1a: Keldeo|Secret Sword|p2a: Dragalge","|-resisted|p2a: Dragalge","|-damage|p2a: Dragalge|0 fnt","|-damage|p1a: Keldeo|271/323|[from] item: Life Orb","|faint|p2a: Dragalge","|","|","|switch|p2a: Latias|Latias, F|364/364","|turn|15","|","|move|p1a: Keldeo|Icy Wind|p2a: Latias","|-supereffective|p2a: Latias","|-damage|p2a: Latias|247/364","|-unboost|p2a: Latias|spe|1","|-damage|p1a: Keldeo|239/323|[from] item: Life Orb","|move|p2a: Latias|Tailwind|p2a: Latias","|-sidestart|p2: Desolate Nightmare|move: Tailwind","|","|-heal|p2a: Latias|269/364|[from] item: Leftovers","|turn|16","|","|move|p1a: Keldeo|Icy Wind|p2a: Latias","|-supereffective|p2a: Latias","|-damage|p2a: Latias|139/364","|-unboost|p2a: Latias|spe|1","|-damage|p1a: Keldeo|207/323|[from] item: Life Orb","|move|p2a: Latias|Psyshock|p1a: Keldeo","|-supereffective|p1a: Keldeo","|-damage|p1a: Keldeo|0 fnt","|faint|p1a: Keldeo","|","|-heal|p2a: Latias|161/364|[from] item: Leftovers","|","|switch|p1a: Tentacruel|Tentacruel, M, shiny|364/364","|-damage|p1a: Tentacruel|319/364|[from] Stealth Rock","|turn|17","|","|move|p1a: Tentacruel|Rapid Spin|p2a: Latias","|-damage|p2a: Latias|152/364","|-sideend|p1: GTX♅Prolixity|Stealth Rock|[from] move: Rapid Spin|[of] p1a: Tentacruel","|move|p2a: Latias|Psyshock|p1a: Tentacruel","|-supereffective|p1a: Tentacruel","|-damage|p1a: Tentacruel|35/364","|","|-heal|p1a: Tentacruel|57/364|[from] item: Leftovers","|-heal|p2a: Latias|174/364|[from] item: Leftovers","|turn|18","|","|move|p1a: Tentacruel|Acid Spray|p2a: Latias","|-damage|p2a: Latias|143/364","|-unboost|p2a: Latias|spd|2","|move|p2a: Latias|Psyshock|p1a: Tentacruel","|-supereffective|p1a: Tentacruel","|-damage|p1a: Tentacruel|0 fnt","|faint|p1a: Tentacruel","|","|-heal|p2a: Latias|165/364|[from] item: Leftovers","|-sideend|p2: Desolate Nightmare|move: Tailwind","|","|switch|p1a: Blastoise|Blastoise, M|8/361","|turn|19","|","|move|p1a: Blastoise|Dragon Pulse|p2a: Latias","|-supereffective|p2a: Latias","|-damage|p2a: Latias|0 fnt","|faint|p2a: Latias","|","|","|switch|p2a: Dragonite|Dragonite, M|386/386","|turn|20","|","|move|p2a: Dragonite|Earthquake|p1a: Blastoise","|-crit|p1a: Blastoise","|-damage|p1a: Blastoise|0 fnt","|faint|p1a: Blastoise","|","|","|switch|p1a: Cloyster|Cloyster, F, shiny|241/241","|turn|21","|","|move|p1a: Cloyster|Shell Smash|p1a: Cloyster","|-unboost|p1a: Cloyster|def|1","|-unboost|p1a: Cloyster|spd|1","|-boost|p1a: Cloyster|atk|2","|-boost|p1a: Cloyster|spa|2","|-boost|p1a: Cloyster|spe|2","|move|p2a: Dragonite|Earthquake|p1a: Cloyster","|-damage|p1a: Cloyster|153/241","|","|turn|22","|","|move|p1a: Cloyster|Rock Blast|p2a: Dragonite","|-supereffective|p2a: Dragonite","|-damage|p2a: Dragonite|284/386","|-supereffective|p2a: Dragonite","|-damage|p2a: Dragonite|176/386","|-supereffective|p2a: Dragonite","|-damage|p2a: Dragonite|66/386","|-supereffective|p2a: Dragonite","|-damage|p2a: Dragonite|0 fnt","|-hitcount|p2a: Dragonite|4","|faint|p2a: Dragonite","|","|","|switch|p2a: Latios|Latios, M|301/301","|turn|23","|","|detailschange|p2a: Latios|Latios-Mega, M","|-mega|p2a: Latios|Latios|Latiosite","|move|p2a: Latios|Protect|p2a: Latios","|-singleturn|p2a: Latios|Protect","|move|p1a: Cloyster|Rock Blast|p2a: Latios","|-activate|p2a: Latios|Protect","|","|turn|24","|","|move|p1a: Cloyster|Rock Blast|p2a: Latios|[miss]","|-miss|p1a: Cloyster|p2a: Latios","|move|p2a: Latios|Dragon Pulse|p1a: Cloyster","|-damage|p1a: Cloyster|0 fnt","|faint|p1a: Cloyster","|","|win|Desolate Nightmare"],"p1rating":{"entryid":"7554646","serverid":"eos","formatid":"monotype","userid":"gtxprolixity","username":"GTX♅Prolixity","w":"1","l":10,"t":"0","gxe":31.6,"r":"1500","rd":"130","sigma":"0","rptime":"1439283600","rpr":1350.4124244872,"rprd":84.195402233978,"rpsigma":"0","acre":1000,"lacre":1000,"oldacre":"1000"},"p2rating":{"entryid":"6455140","serverid":"eos","formatid":"monotype","userid":"desolatenightmare","username":"Desolate Nightmare","w":15,"l":"19","t":"0","gxe":46.2,"r":"1477.3171134385","rd":"75.193596193057","sigma":"0","rptime":"1439283600","rpr":1471.0548675913,"rprd":65.436488324931,"rpsigma":"0","acre":1096.3990742055,"lacre":1096.3990742055,"oldacre":"1073.4549608833"},"endType":"normal"}