{"seed":[6984,27605,63056,41568],"turns":23,"p1":"The Emblem","p2":"Guard Wulf","p1team":[{"name":"Ferrothorn","species":"Ferrothorn","item":"rockyhelmet","ability":"Iron Barbs","moves":["gyroball","leechseed","toxic","protect"],"nature":"Relaxed","evs":{"hp":248,"atk":8,"def":252,"spa":0,"spd":0,"spe":0},"ivs":{"hp":31,"atk":31,"def":31,"spa":31,"spd":31,"spe":0}},{"name":"Breloom","species":"Breloom","item":"focussash","ability":"Technician","moves":["machpunch","swordsdance","seedbomb","focuspunch"],"nature":"Jolly","evs":{"hp":0,"atk":252,"def":0,"spa":0,"spd":8,"spe":248},"ivs":{"hp":31,"atk":31,"def":31,"spa":31,"spd":31,"spe":31}},{"name":"Celebi","species":"Celebi","item":"lifeorb","ability":"Natural Cure","moves":["thunderwave","ancientpower","energyball","earthpower"],"nature":"Timid","evs":{"hp":0,"atk":0,"def":0,"spa":252,"spd":4,"spe":252},"ivs":{"hp":31,"atk":31,"def":31,"spa":31,"spd":31,"spe":31}},{"name":"Serperior","species":"Serperior","item":"lifeorb","ability":"Contrary","moves":["leafstorm","dragonpulse","hiddenpowerfire","substitute"],"nature":"Timid","evs":{"hp":0,"atk":0,"def":0,"spa":252,"spd":4,"spe":252},"ivs":{"hp":31,"atk":30,"def":31,"spa":30,"spd":31,"spe":30}},{"name":"Venusaur","species":"Venusaur","item":"venusaurite","ability":"Chlorophyll","moves":["leechseed","gigadrain","sludgebomb","synthesis"],"nature":"Bold","evs":{"hp":248,"atk":0,"def":96,"spa":0,"spd":144,"spe":20},"ivs":{"hp":31,"atk":30,"def":31,"spa":30,"spd":31,"spe":30}},{"name":"Whimsicott","species":"Whimsicott","item":"leftovers","ability":"Prankster","moves":["moonblast","tailwind","encore","taunt"],"nature":"Timid","evs":{"hp":160,"atk":0,"def":252,"spa":4,"spd":0,"spe":92},"ivs":{"hp":31,"atk":31,"def":31,"spa":31,"spd":31,"spe":31}}],"p2team":[{"name":"Jirachi","species":"Jirachi","item":"choicescarf","ability":"Serene Grace","moves":["ironhead","uturn","firepunch","zenheadbutt"],"nature":"Jolly","evs":{"hp":0,"atk":252,"def":0,"spa":0,"spd":4,"spe":252},"ivs":{"hp":31,"atk":31,"def":31,"spa":31,"spd":31,"spe":31}},{"name":"Heatran","species":"Heatran","item":"airballoon","ability":"Flash Fire","moves":["lavaplume","ancientpower","earthpower","willowisp"],"nature":"Modest","evs":{"hp":248,"atk":0,"def":0,"spa":252,"spd":8,"spe":0},"ivs":{"hp":31,"atk":31,"def":31,"spa":31,"spd":31,"spe":31}},{"name":"Ferrothorn","species":"Ferrothorn","item":"leftovers","ability":"Iron Barbs","moves":["leechseed","spikes","seedbomb","protect"],"nature":"Careful","evs":{"hp":92,"atk":0,"def":164,"spa":0,"spd":252,"spe":0},"ivs":{"hp":31,"atk":31,"def":31,"spa":31,"spd":31,"spe":31}},{"name":"Skarmory","species":"Skarmory","item":"leftovers","ability":"Sturdy","moves":["stealthrock","whirlwind","roost","bravebird"],"nature":"Impish","evs":{"hp":252,"atk":0,"def":232,"spa":0,"spd":0,"spe":24},"ivs":{"hp":31,"atk":31,"def":31,"spa":31,"spd":31,"spe":31}},{"name":"Scizor","species":"Scizor","item":"scizorite","ability":"Technician","moves":["superpower","swordsdance","bulletpunch","bugbite"],"nature":"Adamant","evs":{"hp":248,"atk":252,"def":0,"spa":0,"spd":8,"spe":0},"ivs":{"hp":31,"atk":31,"def":31,"spa":31,"spd":31,"spe":31}},{"name":"Magnezone","species":"Magnezone","item":"airballoon","ability":"Analytic","moves":["thunderbolt","hiddenpowerice","voltswitch","flashcannon"],"nature":"Modest","evs":{"hp":248,"atk":0,"def":0,"spa":252,"spd":8,"spe":0},"ivs":{"hp":31,"atk":30,"def":30,"spa":31,"spd":31,"spe":31}}],"log":["|player|p1|The Emblem|272","|player|p2|Guard Wulf|163","|gametype|singles","|gen|6","|tier|Monotype","|rated","|rule|Baton Pass Clause: Limit one Baton Passer, can't pass Spe and other stats simultaneously","|rule|Swagger Clause: Swagger is banned","|rule|Same Type Clause: Pokémon in a team must share a type","|clearpoke","|poke|p1|Ferrothorn, M","|poke|p1|Breloom, M","|poke|p1|Celebi","|poke|p1|Serperior, F","|poke|p1|Venusaur, M","|poke|p1|Whimsicott, M","|poke|p2|Jirachi","|poke|p2|Heatran, M","|poke|p2|Ferrothorn, M","|poke|p2|Skarmory, F","|poke|p2|Scizor, F","|poke|p2|Magnezone","|rule|Sleep Clause Mod: Limit one foe put to sleep","|rule|Species Clause: Limit one of each Pokémon","|rule|OHKO Clause: OHKO moves are banned","|rule|Moody Clause: Moody is banned","|rule|Evasion Moves Clause: Evasion moves are banned","|rule|Endless Battle Clause: Forcing endless battles is banned","|rule|HP Percentage Mod: HP is shown in percentages","|teampreview","|","|start","|switch|p1a: Venusaur|Venusaur, M|363/363","|switch|p2a: Jirachi|Jirachi|341/341","|turn|1","|","|switch|p1a: Ferrothorn|Ferrothorn, M|351/351","|move|p2a: Jirachi|Zen Headbutt|p1a: Ferrothorn","|-resisted|p1a: Ferrothorn","|-damage|p1a: Ferrothorn|316/351","|-damage|p2a: Jirachi|299/341|[from] ability: Iron Barbs|[of] p1a: Ferrothorn","|-damage|p2a: Jirachi|243/341|[from] item: Rocky Helmet|[of] p1a: Ferrothorn","|","|turn|2","|","|switch|p2a: Heatran|Heatran, M|385/385","|-item|p2a: Heatran|Air Balloon","|move|p1a: Ferrothorn|Leech Seed|p2a: Heatran","|-start|p2a: Heatran|move: Leech Seed","|","|-damage|p2a: Heatran|337/385|[from] Leech Seed|[of] p1a: Ferrothorn","|-heal|p1a: Ferrothorn|351/351|[silent]","|turn|3","|","|switch|p1a: Breloom|Breloom, M|261/261","|move|p2a: Heatran|Lava Plume|p1a: Breloom","|-supereffective|p1a: Breloom","|-enditem|p1a: Breloom|Focus Sash","|-damage|p1a: Breloom|1/261","|","|-damage|p2a: Heatran|289/385|[from] Leech Seed|[of] p1a: Breloom","|-heal|p1a: Breloom|49/261|[silent]","|turn|4","|","|-singleturn|p1a: Breloom|move: Focus Punch","|switch|p2a: Ferrothorn|Ferrothorn, M|312/312","|move|p1a: Breloom|Focus Punch|p2a: Ferrothorn","|-supereffective|p2a: Ferrothorn","|-damage|p2a: Ferrothorn|0 fnt","|-damage|p1a: Breloom|17/261|[from] ability: Iron Barbs|[of] p2a: Ferrothorn","|faint|p2a: Ferrothorn","|","|","|switch|p2a: Jirachi|Jirachi|243/341","|turn|5","|","|switch|p1a: Ferrothorn|Ferrothorn, M|351/351","|move|p2a: Jirachi|U-turn|p1a: Ferrothorn","|-crit|p1a: Ferrothorn","|-damage|p1a: Ferrothorn|293/351","|-damage|p2a: Jirachi|201/341|[from] ability: Iron Barbs|[of] p1a: Ferrothorn","|-damage|p2a: Jirachi|145/341|[from] item: Rocky Helmet|[of] p1a: Ferrothorn","|","|switch|p2a: Heatran|Heatran, M|289/385","|-item|p2a: Heatran|Air Balloon","|","|turn|6","|","|switch|p1a: Breloom|Breloom, M|17/261","|move|p2a: Heatran|Lava Plume|p1a: Breloom","|-supereffective|p1a: Breloom","|-damage|p1a: Breloom|0 fnt","|faint|p1a: Breloom","|","|","|switch|p1a: Whimsicott|Whimsicott, M|301/301","|turn|7","|","|move|p1a: Whimsicott|Moonblast|p2a: Heatran","|-resisted|p2a: Heatran","|-damage|p2a: Heatran|267/385","|-enditem|p2a: Heatran|Air Balloon","|-unboost|p2a: Heatran|spa|1","|move|p2a: Heatran|Lava Plume|p1a: Whimsicott","|-supereffective|p1a: Whimsicott","|-damage|p1a: Whimsicott|29/301","|","|-heal|p1a: Whimsicott|47/301|[from] item: Leftovers","|turn|8","|","|move|p1a: Whimsicott|Tailwind|p1a: Whimsicott","|-sidestart|p1: The Emblem|move: Tailwind","|move|p2a: Heatran|Lava Plume|p1a: Whimsicott","|-crit|p1a: Whimsicott","|-supereffective|p1a: Whimsicott","|-damage|p1a: Whimsicott|0 fnt","|faint|p1a: Whimsicott","|","|","|switch|p1a: Celebi|Celebi|341/341","|turn|9","|","|switch|p2a: Jirachi|Jirachi|145/341","|move|p1a: Celebi|Earth Power|p2a: Jirachi","|-supereffective|p2a: Jirachi","|-damage|p2a: Jirachi|0 fnt","|-damage|p1a: Celebi|307/341|[from] item: Life Orb","|faint|p2a: Jirachi","|","|","|switch|p2a: Scizor|Scizor, F|343/343","|turn|10","|","|switch|p1a: Ferrothorn|Ferrothorn, M|293/351","|detailschange|p2a: Scizor|Scizor-Mega, F","|-mega|p2a: Scizor|Scizor|Scizorite","|move|p2a: Scizor|Bug Bite|p1a: Ferrothorn","|-damage|p1a: Ferrothorn|182/351","|-damage|p2a: Scizor|301/343|[from] ability: Iron Barbs|[of] p1a: Ferrothorn","|-damage|p2a: Scizor|244/343|[from] item: Rocky Helmet|[of] p1a: Ferrothorn","|","|turn|11","|","|switch|p2a: Heatran|Heatran, M|267/385","|move|p1a: Ferrothorn|Leech Seed|p2a: Heatran","|-start|p2a: Heatran|move: Leech Seed","|","|-damage|p2a: Heatran|219/385|[from] Leech Seed|[of] p1a: Ferrothorn","|-heal|p1a: Ferrothorn|230/351|[silent]","|-sideend|p1: The Emblem|move: Tailwind","|turn|12","|","|move|p1a: Ferrothorn|Protect|p1a: Ferrothorn","|-singleturn|p1a: Ferrothorn|Protect","|move|p2a: Heatran|Lava Plume|p1a: Ferrothorn","|-activate|p1a: Ferrothorn|Protect","|","|-damage|p2a: Heatran|171/385|[from] Leech Seed|[of] p1a: Ferrothorn","|-heal|p1a: Ferrothorn|278/351|[silent]","|turn|13","|","|move|p1a: Ferrothorn|Protect|p1a: Ferrothorn","|-singleturn|p1a: Ferrothorn|Protect","|move|p2a: Heatran|Lava Plume|p1a: Ferrothorn","|-activate|p1a: Ferrothorn|Protect","|","|-damage|p2a: Heatran|123/385|[from] Leech Seed|[of] p1a: Ferrothorn","|-heal|p1a: Ferrothorn|326/351|[silent]","|turn|14","|","|move|p1a: Ferrothorn|Protect|p1a: Ferrothorn","|-fail|p1a: Ferrothorn","|move|p2a: Heatran|Lava Plume|p1a: Ferrothorn","|-supereffective|p1a: Ferrothorn","|-damage|p1a: Ferrothorn|0 fnt","|faint|p1a: Ferrothorn","|","|","|switch|p1a: Celebi|Celebi|307/341","|turn|15","|","|switch|p2a: Magnezone|Magnezone|343/343","|-item|p2a: Magnezone|Air Balloon","|move|p1a: Celebi|Earth Power|p2a: Magnezone","|-immune|p2a: Magnezone|[msg]","|","|turn|16","|","|move|p1a: Celebi|Ancient Power|p2a: Magnezone","|-resisted|p2a: Magnezone","|-damage|p2a: Magnezone|300/343","|-enditem|p2a: Magnezone|Air Balloon","|-damage|p1a: Celebi|273/341|[from] item: Life Orb","|move|p2a: Magnezone|Flash Cannon|p1a: Celebi","|-crit|p1a: Celebi","|-damage|p1a: Celebi|0 fnt","|faint|p1a: Celebi","|","|","|switch|p1a: Serperior|Serperior, F|291/291","|turn|17","|","|move|p1a: Serperior|Leaf Storm|p2a: Magnezone","|-resisted|p2a: Magnezone","|-damage|p2a: Magnezone|180/343","|-boost|p1a: Serperior|spa|2","|-damage|p1a: Serperior|262/291|[from] item: Life Orb","|move|p2a: Magnezone|Flash Cannon|p1a: Serperior","|-damage|p1a: Serperior|36/291","|-boost|p1a: Serperior|spd|1","|","|turn|18","|","|move|p1a: Serperior|Hidden Power|p2a: Magnezone","|-supereffective|p2a: Magnezone","|-damage|p2a: Magnezone|0 fnt","|-damage|p1a: Serperior|7/291|[from] item: Life Orb","|faint|p2a: Magnezone","|","|","|switch|p2a: Scizor|Scizor-Mega, F|244/343","|turn|19","|","|move|p2a: Scizor|Bullet Punch|p1a: Serperior","|-damage|p1a: Serperior|0 fnt","|faint|p1a: Serperior","|","|","|switch|p1a: Venusaur|Venusaur, M|363/363","|turn|20","|","|detailschange|p1a: Venusaur|Venusaur-Mega, M","|-mega|p1a: Venusaur|Venusaur|Venusaurite","|move|p1a: Venusaur|Leech Seed|p2a: Scizor","|-start|p2a: Scizor|move: Leech Seed","|move|p2a: Scizor|Bug Bite|p1a: Venusaur","|-damage|p1a: Venusaur|230/363","|","|-damage|p2a: Scizor|202/343|[from] Leech Seed|[of] p1a: Venusaur","|-heal|p1a: Venusaur|272/363|[silent]","|turn|21","|","|move|p1a: Venusaur|Giga Drain|p2a: Scizor","|-resisted|p2a: Scizor","|-damage|p2a: Scizor|178/343","|-heal|p1a: Venusaur|284/363|[from] drain|[of] p2a: Scizor","|move|p2a: Scizor|Swords Dance|p2a: Scizor","|-boost|p2a: Scizor|atk|2","|","|-damage|p2a: Scizor|136/343|[from] Leech Seed|[of] p1a: Venusaur","|-heal|p1a: Venusaur|326/363|[silent]","|turn|22","|","|move|p1a: Venusaur|Giga Drain|p2a: Scizor","|-resisted|p2a: Scizor","|-damage|p2a: Scizor|110/343","|-heal|p1a: Venusaur|339/363|[from] drain|[of] p2a: Scizor","|move|p2a: Scizor|Bug Bite|p1a: Venusaur","|-damage|p1a: Venusaur|53/363","|","|-damage|p2a: Scizor|68/343|[from] Leech Seed|[of] p1a: Venusaur","|-heal|p1a: Venusaur|95/363|[silent]","|turn|23","|","|move|p2a: Scizor|Bullet Punch|p1a: Venusaur","|-damage|p1a: Venusaur|0 fnt","|faint|p1a: Venusaur","|","|win|Guard Wulf"],"p1rating":{"entryid":"7465743","serverid":"eos","formatid":"monotype","userid":"theemblem","username":"The Emblem","w":"2","l":2,"t":"0","gxe":48.9,"r":1517.2332160062,"rd":111.9463954589,"sigma":"0","rptime":1439283600,"rpr":1491.1743975514,"rprd":106.84336819094,"rpsigma":"0","acre":1074.9900726373,"lacre":1074.9900726373,"oldacre":"1097.2332447535"},"p2rating":{"entryid":"7326062","serverid":"eos","formatid":"monotype","userid":"guardwulf","username":"Guard Wulf","w":45,"l":"25","t":"0","gxe":61.1,"r":"1588.0764719854","rd":"43.813565601415","sigma":"0","rptime":"1439283600","rpr":1585.4832809724,"rprd":43.222839511742,"rpsigma":"0","acre":1153.0471158785,"lacre":1153.0471158785,"oldacre":"1130.428462088"},"endType":"normal"}