{"seed":[42787,13758,15768,36244],"turns":29,"p1":"Merciless Marx","p2":"Yung draco","p1team":[{"name":"Victini","species":"Victini","item":"choicescarf","ability":"Victory Star","moves":["vcreate","boltstrike","uturn","zenheadbutt"],"nature":"Jolly","evs":{"hp":0,"atk":252,"def":0,"spa":0,"spd":4,"spe":252},"ivs":{"hp":31,"atk":31,"def":31,"spa":31,"spd":31,"spe":31}},{"name":"Medicham","species":"Medicham","item":"medichamite","ability":"Pure Power","moves":["drainpunch","icepunch","bulletpunch","fakeout"],"nature":"Jolly","evs":{"hp":4,"atk":252,"def":0,"spa":0,"spd":0,"spe":252},"ivs":{"hp":31,"atk":31,"def":31,"spa":31,"spd":31,"spe":31}},{"name":"Latios","species":"Latios","item":"choicespecs","ability":"Levitate","moves":["dracometeor","psyshock","surf","trick"],"nature":"Timid","evs":{"hp":0,"atk":0,"def":0,"spa":252,"spd":4,"spe":252},"ivs":{"hp":31,"atk":31,"def":31,"spa":31,"spd":31,"spe":31}},{"name":"Slowbro","species":"Slowbro","item":"leftovers","ability":"Regenerator","moves":["scald","icebeam","slackoff","toxic"],"nature":"Bold","evs":{"hp":252,"atk":0,"def":252,"spa":4,"spd":0,"spe":0},"ivs":{"hp":31,"atk":31,"def":31,"spa":31,"spd":31,"spe":31}},{"name":"Metagross","species":"Metagross","item":"leftovers","ability":"Clear Body","moves":["stealthrock","meteormash","earthquake","pursuit"],"nature":"Adamant","evs":{"hp":252,"atk":96,"def":0,"spa":0,"spd":160,"spe":0},"ivs":{"hp":31,"atk":31,"def":31,"spa":31,"spd":31,"spe":31}},{"name":"Alakazam","species":"Alakazam","item":"focussash","ability":"Magic Guard","moves":["psychic","hiddenpowerice","shadowball","focusblast"],"nature":"Timid","evs":{"hp":0,"atk":0,"def":0,"spa":252,"spd":4,"spe":252},"ivs":{"hp":31,"atk":30,"def":30,"spa":31,"spd":31,"spe":31}}],"p2team":[{"name":"Ampharos","species":"Ampharos","item":"ampharosite","ability":"Static","moves":["voltswitch","dragonpulse","rest","sleeptalk"],"nature":"Modest","evs":{"hp":248,"atk":0,"def":252,"spa":8,"spd":0,"spe":0},"ivs":{"hp":31,"atk":31,"def":31,"spa":31,"spd":31,"spe":31}},{"name":"Rotom-Wash","species":"Rotom-Wash","item":"leftovers","ability":"Levitate","moves":["hydropump","voltswitch","willowisp","painsplit"],"nature":"Bold","evs":{"hp":248,"atk":0,"def":252,"spa":0,"spd":0,"spe":8},"ivs":{"hp":31,"atk":31,"def":31,"spa":31,"spd":31,"spe":31}},{"name":"Electivire","species":"Electivire","item":"choicescarf","ability":"Motor Drive","moves":["earthquake","icepunch","wildcharge","crosschop"],"nature":"Jolly","evs":{"hp":0,"atk":252,"def":0,"spa":0,"spd":4,"spe":252},"ivs":{"hp":31,"atk":31,"def":31,"spa":31,"spd":31,"spe":31}},{"name":"Zapdos","species":"Zapdos","item":"leftovers","ability":"Pressure","moves":["roost","thunderbolt","heatwave","defog"],"nature":"Calm","evs":{"hp":240,"atk":0,"def":0,"spa":16,"spd":252,"spe":0},"ivs":{"hp":31,"atk":31,"def":31,"spa":31,"spd":31,"spe":31}},{"name":"Lanturn","species":"Lanturn","item":"airballoon","ability":"Water Absorb","moves":["scald","voltswitch","toxic","healbell"],"nature":"Modest","evs":{"hp":96,"atk":0,"def":0,"spa":252,"spd":160,"spe":0},"ivs":{"hp":31,"atk":31,"def":31,"spa":31,"spd":31,"spe":31}},{"name":"Raikou","species":"Raikou","item":"leftovers","ability":"Pressure","moves":["calmmind","hiddenpowerice","thunderbolt","substitute"],"nature":"Timid","evs":{"hp":0,"atk":0,"def":0,"spa":252,"spd":4,"spe":252},"ivs":{"hp":31,"atk":30,"def":30,"spa":31,"spd":31,"spe":31}}],"log":["|player|p1|Merciless Marx|2","|player|p2|Yung draco|24","|gametype|singles","|gen|6","|tier|Monotype","|rated","|rule|Baton Pass Clause: Limit one Baton Passer, can't pass Spe and other stats simultaneously","|rule|Swagger Clause: Swagger is banned","|rule|Same Type Clause: Pokémon in a team must share a type","|clearpoke","|poke|p1|Victini","|poke|p1|Medicham, F","|poke|p1|Latios, M","|poke|p1|Slowbro, F","|poke|p1|Metagross","|poke|p1|Alakazam, F","|poke|p2|Ampharos, F","|poke|p2|Rotom-Wash","|poke|p2|Electivire, M","|poke|p2|Zapdos","|poke|p2|Lanturn, F","|poke|p2|Raikou","|rule|Sleep Clause Mod: Limit one foe put to sleep","|rule|Species Clause: Limit one of each Pokémon","|rule|OHKO Clause: OHKO moves are banned","|rule|Moody Clause: Moody is banned","|rule|Evasion Moves Clause: Evasion moves are banned","|rule|Endless Battle Clause: Forcing endless battles is banned","|rule|HP Percentage Mod: HP is shown in percentages","|teampreview","|","|start","|switch|p1a: Victini|Victini|341/341","|switch|p2a: Ampharos|Ampharos, F|383/383","|turn|1","|","|detailschange|p2a: Ampharos|Ampharos-Mega, F","|-mega|p2a: Ampharos|Ampharos|Ampharosite","|-ability|p2a: Ampharos|Mold Breaker","|move|p1a: Victini|U-turn|p2a: Ampharos","|-damage|p2a: Ampharos|325/383","|","|switch|p1a: Metagross|Metagross|364/364","|move|p2a: Ampharos|Volt Switch|p1a: Metagross","|-damage|p1a: Metagross|238/364","|","|switch|p2a: Rotom-Wash|Rotom-Wash|303/303","|","|-heal|p1a: Metagross|260/364|[from] item: Leftovers","|turn|2","|","|switch|p1a: Victini|Victini|341/341","|move|p2a: Rotom-Wash|Volt Switch|p1a: Victini","|-crit|p1a: Victini","|-damage|p1a: Victini|218/341","|","|switch|p2a: Ampharos|Ampharos-Mega, F|325/383","|-ability|p2a: Ampharos|Mold Breaker","|","|turn|3","|","|move|p1a: Victini|Zen Headbutt|p2a: Ampharos","|-damage|p2a: Ampharos|238/383","|move|p2a: Ampharos|Volt Switch|p1a: Victini","|-damage|p1a: Victini|86/341","|","|switch|p2a: Rotom-Wash|Rotom-Wash|303/303","|","|turn|4","|","|switch|p1a: Latios|Latios, M|301/301","|move|p2a: Rotom-Wash|Volt Switch|p1a: Latios","|-resisted|p1a: Latios","|-damage|p1a: Latios|264/301","|","|switch|p2a: Lanturn|Lanturn, F|415/415","|-item|p2a: Lanturn|Air Balloon","|","|turn|5","|","|move|p1a: Latios|Draco Meteor|p2a: Lanturn","|-damage|p2a: Lanturn|63/415","|-enditem|p2a: Lanturn|Air Balloon","|-unboost|p1a: Latios|spa|2","|move|p2a: Lanturn|Toxic|p1a: Latios","|-status|p1a: Latios|tox","|","|-damage|p1a: Latios|246/301 tox|[from] psn","|turn|6","|","|move|p1a: Latios|Draco Meteor|p2a: Lanturn","|-damage|p2a: Lanturn|0 fnt","|-unboost|p1a: Latios|spa|2","|faint|p2a: Lanturn","|","|-damage|p1a: Latios|210/301 tox|[from] psn","|","|switch|p2a: Electivire|Electivire, M|291/291","|turn|7","|","|switch|p1a: Metagross|Metagross|260/364","|move|p2a: Electivire|Ice Punch|p1a: Metagross","|-resisted|p1a: Metagross","|-damage|p1a: Metagross|224/364","|","|-heal|p1a: Metagross|246/364|[from] item: Leftovers","|turn|8","|","|switch|p2a: Rotom-Wash|Rotom-Wash|303/303","|move|p1a: Metagross|Earthquake|p2a: Rotom-Wash","|-immune|p2a: Rotom-Wash|[msg]","|","|-heal|p1a: Metagross|268/364|[from] item: Leftovers","|turn|9","|","|move|p2a: Rotom-Wash|Hydro Pump|p1a: Metagross","|-damage|p1a: Metagross|145/364","|move|p1a: Metagross|Pursuit|p2a: Rotom-Wash","|-damage|p2a: Rotom-Wash|268/303","|","|-heal|p2a: Rotom-Wash|286/303|[from] item: Leftovers","|-heal|p1a: Metagross|167/364|[from] item: Leftovers","|turn|10","|","|move|p2a: Rotom-Wash|Will-O-Wisp|p1a: Metagross","|-status|p1a: Metagross|brn","|move|p1a: Metagross|Stealth Rock|p2a: Rotom-Wash","|-sidestart|p2: Yung draco|move: Stealth Rock","|","|-heal|p2a: Rotom-Wash|303/303|[from] item: Leftovers","|-heal|p1a: Metagross|189/364 brn|[from] item: Leftovers","|-damage|p1a: Metagross|144/364 brn|[from] brn","|turn|11","|","|move|p2a: Rotom-Wash|Hydro Pump|p1a: Metagross","|-damage|p1a: Metagross|11/364 brn","|move|p1a: Metagross|Pursuit|p2a: Rotom-Wash","|-damage|p2a: Rotom-Wash|287/303","|","|-heal|p2a: Rotom-Wash|303/303|[from] item: Leftovers","|-heal|p1a: Metagross|33/364 brn|[from] item: Leftovers","|-damage|p1a: Metagross|0 fnt|[from] brn","|faint|p1a: Metagross","|","|switch|p1a: Latios|Latios, M|210/301 tox","|turn|12","|","|switch|p2a: Zapdos|Zapdos|381/381","|-damage|p2a: Zapdos|286/381|[from] Stealth Rock","|-ability|p2a: Zapdos|Pressure","|move|p1a: Latios|Draco Meteor|p2a: Zapdos","|-damage|p2a: Zapdos|24/381","|-unboost|p1a: Latios|spa|2","|","|-heal|p2a: Zapdos|47/381|[from] item: Leftovers","|-damage|p1a: Latios|192/301 tox|[from] psn","|turn|13","|","|move|p1a: Latios|Draco Meteor|p2a: Zapdos","|-damage|p2a: Zapdos|0 fnt","|-unboost|p1a: Latios|spa|2","|faint|p2a: Zapdos","|","|-damage|p1a: Latios|156/301 tox|[from] psn","|","|switch|p2a: Raikou|Raikou|321/321","|-damage|p2a: Raikou|281/321|[from] Stealth Rock","|-ability|p2a: Raikou|Pressure","|turn|14","|","|switch|p1a: Medicham|Medicham, F|262/262","|move|p2a: Raikou|Substitute|p2a: Raikou","|-start|p2a: Raikou|Substitute","|-damage|p2a: Raikou|201/321","|","|-heal|p2a: Raikou|221/321|[from] item: Leftovers","|turn|15","|","|detailschange|p1a: Medicham|Medicham-Mega, F","|-mega|p1a: Medicham|Medicham|Medichamite","|move|p1a: Medicham|Fake Out|p2a: Raikou","|-end|p2a: Raikou|Substitute","|move|p2a: Raikou|Calm Mind|p2a: Raikou","|-boost|p2a: Raikou|spa|1","|-boost|p2a: Raikou|spd|1","|","|-heal|p2a: Raikou|241/321|[from] item: Leftovers","|turn|16","|","|move|p2a: Raikou|Thunderbolt|p1a: Medicham","|-damage|p1a: Medicham|0 fnt","|faint|p1a: Medicham","|","|-heal|p2a: Raikou|261/321|[from] item: Leftovers","|","|switch|p1a: Victini|Victini|86/341","|turn|17","|","|switch|p2a: Rotom-Wash|Rotom-Wash|303/303","|-damage|p2a: Rotom-Wash|266/303|[from] Stealth Rock","|move|p1a: Victini|V-create|p2a: Rotom-Wash","|-resisted|p2a: Rotom-Wash","|-damage|p2a: Rotom-Wash|167/303","|-unboost|p1a: Victini|spe|1","|-unboost|p1a: Victini|def|1","|-unboost|p1a: Victini|spd|1","|","|-heal|p2a: Rotom-Wash|185/303|[from] item: Leftovers","|turn|18","|","|switch|p1a: Alakazam|Alakazam, F|251/251","|move|p2a: Rotom-Wash|Volt Switch|p1a: Alakazam","|-damage|p1a: Alakazam|161/251","|","|switch|p2a: Electivire|Electivire, M|291/291","|-damage|p2a: Electivire|255/291|[from] Stealth Rock","|","|turn|19","|","|move|p2a: Electivire|Wild Charge|p1a: Alakazam","|-damage|p1a: Alakazam|0 fnt","|-damage|p2a: Electivire|215/291|[from] recoil|[of] p1a: Alakazam","|faint|p1a: Alakazam","|","|","|switch|p1a: Victini|Victini|86/341","|turn|20","|","|move|p1a: Victini|Zen Headbutt|p2a: Electivire","|-damage|p2a: Electivire|53/291","|cant|p2a: Electivire|flinch","|","|turn|21","|","|move|p1a: Victini|Zen Headbutt|p2a: Electivire","|-damage|p2a: Electivire|0 fnt","|faint|p2a: Electivire","|","|","|switch|p2a: Ampharos|Ampharos-Mega, F|238/383","|-damage|p2a: Ampharos|191/383|[from] Stealth Rock","|-ability|p2a: Ampharos|Mold Breaker","|turn|22","|","|move|p1a: Victini|Zen Headbutt|p2a: Ampharos","|-damage|p2a: Ampharos|104/383","|move|p2a: Ampharos|Dragon Pulse|p1a: Victini","|-damage|p1a: Victini|0 fnt","|faint|p1a: Victini","|","|","|switch|p1a: Latios|Latios, M|156/301 tox","|turn|23","|","|move|p1a: Latios|Psyshock|p2a: Ampharos","|-damage|p2a: Ampharos|0 fnt","|faint|p2a: Ampharos","|","|-damage|p1a: Latios|138/301 tox|[from] psn","|","|switch|p2a: Rotom-Wash|Rotom-Wash|185/303","|-damage|p2a: Rotom-Wash|148/303|[from] Stealth Rock","|turn|24","|","|move|p1a: Latios|Psyshock|p2a: Rotom-Wash","|-damage|p2a: Rotom-Wash|9/303","|move|p2a: Rotom-Wash|Pain Split|p1a: Latios","|-sethp|p1a: Latios|73/301 tox|p2a: Rotom-Wash|73/303|[from] move: Pain Split","|","|-heal|p2a: Rotom-Wash|91/303|[from] item: Leftovers","|-damage|p1a: Latios|37/301 tox|[from] psn","|turn|25","|","|switch|p1a: Slowbro|Slowbro, F|394/394","|move|p2a: Rotom-Wash|Volt Switch|p1a: Slowbro","|-supereffective|p1a: Slowbro","|-damage|p1a: Slowbro|206/394","|","|switch|p2a: Raikou|Raikou|261/321","|-damage|p2a: Raikou|221/321|[from] Stealth Rock","|-ability|p2a: Raikou|Pressure","|","|-heal|p2a: Raikou|241/321|[from] item: Leftovers","|-heal|p1a: Slowbro|230/394|[from] item: Leftovers","|turn|26","|","|move|p2a: Raikou|Substitute|p2a: Raikou","|-start|p2a: Raikou|Substitute","|-damage|p2a: Raikou|161/321","|move|p1a: Slowbro|Scald|p2a: Raikou","|-end|p2a: Raikou|Substitute","|","|-heal|p2a: Raikou|181/321|[from] item: Leftovers","|-heal|p1a: Slowbro|254/394|[from] item: Leftovers","|turn|27","|","|move|p2a: Raikou|Calm Mind|p2a: Raikou","|-boost|p2a: Raikou|spa|1","|-boost|p2a: Raikou|spd|1","|move|p1a: Slowbro|Scald|p2a: Raikou","|-crit|p2a: Raikou","|-damage|p2a: Raikou|34/321","|-status|p2a: Raikou|brn","|","|-heal|p2a: Raikou|54/321 brn|[from] item: Leftovers","|-heal|p1a: Slowbro|278/394|[from] item: Leftovers","|-damage|p2a: Raikou|14/321 brn|[from] brn","|turn|28","|","|move|p2a: Raikou|Thunderbolt|p1a: Slowbro","|-supereffective|p1a: Slowbro","|-damage|p1a: Slowbro|0 fnt","|faint|p1a: Slowbro","|","|-heal|p2a: Raikou|34/321 brn|[from] item: Leftovers","|-damage|p2a: Raikou|0 fnt|[from] brn","|faint|p2a: Raikou","|","|switch|p1a: Latios|Latios, M|37/301 tox","|switch|p2a: Rotom-Wash|Rotom-Wash|91/303","|-damage|p2a: Rotom-Wash|54/303|[from] Stealth Rock","|turn|29","|","|move|p1a: Latios|Psyshock|p2a: Rotom-Wash","|-damage|p2a: Rotom-Wash|0 fnt","|faint|p2a: Rotom-Wash","|","|win|Merciless Marx"],"p1rating":{"entryid":"7565564","serverid":"eos","formatid":"monotype","userid":"mercilessmarx","username":"Merciless Marx","w":3,"l":"1","t":"0","gxe":57.9,"r":"1500","rd":"130","sigma":"0","rptime":"1439283600","rpr":1563.102404145,"rprd":106.67300213107,"rpsigma":"0","acre":1107.9120474618,"lacre":1107.9120474618,"oldacre":"1076.3690991741"},"p2rating":{"entryid":"6653831","serverid":"eos","formatid":"monotype","userid":"yungdraco","username":"Yung draco - ⓦⓐⓘⓣ","w":"31","l":19,"t":"0","gxe":60.4,"r":"1644.6801810856","rd":"57.173061027898","sigma":"0","rptime":"1439283600","rpr":1580.0055168165,"rprd":52.885849773047,"rpsigma":"0","acre":1085.3726736533,"lacre":1085.3726736533,"oldacre":"1112.9986602449"},"endType":"normal"}