{"seed":[36741,19407,19059,12214],"turns":57,"p1":"Etrayu","p2":"Guard Wanderer","p1team":[{"name":"Kou","species":"chandelure","item":"choicescarf","ability":"Flash Fire","moves":["shadowball","darkpulse","overheat","hex"],"nature":"Timid","evs":{"hp":0,"atk":0,"def":0,"spa":252,"spd":4,"spe":252},"gender":"F","ivs":{"hp":31,"atk":31,"def":31,"spa":31,"spd":31,"spe":31}},{"name":"Tek","species":"shedinja","item":"focussash","ability":"Wonder Guard","moves":["swordsdance","suckerpunch","protect","toxic"],"nature":"Jolly","evs":{"hp":0,"atk":252,"def":4,"spa":0,"spd":0,"spe":252},"shiny":true,"ivs":{"hp":31,"atk":31,"def":31,"spa":31,"spd":31,"spe":31}},{"name":"Niv","species":"aegislash","item":"weaknesspolicy","ability":"Stance Change","moves":["shadowball","shadowsneak","sacredsword","kingsshield"],"nature":"Sassy","evs":{"hp":252,"atk":0,"def":4,"spa":0,"spd":252,"spe":0},"gender":"F","ivs":{"hp":31,"atk":31,"def":31,"spa":31,"spd":31,"spe":31}},{"name":"Oru","species":"jellicent","item":"leftovers","ability":"Water Absorb","moves":["scald","icebeam","recover","toxic"],"nature":"Calm","evs":{"hp":252,"atk":0,"def":4,"spa":0,"spd":252,"spe":0},"gender":"F","shiny":true,"ivs":{"hp":31,"atk":31,"def":31,"spa":31,"spd":31,"spe":31}},{"name":"Sen","species":"sableye","item":"sablenite","ability":"Prankster","moves":["darkpulse","calmmind","recover","willowisp"],"nature":"Bold","evs":{"hp":252,"atk":0,"def":252,"spa":0,"spd":4,"spe":0},"gender":"M","ivs":{"hp":31,"atk":31,"def":31,"spa":31,"spd":31,"spe":31}},{"name":"Vos","species":"gengar","item":"lifeorb","ability":"Levitate","moves":["sludgewave","dazzlinggleam","gigadrain","shadowball"],"nature":"Timid","evs":{"hp":0,"atk":0,"def":0,"spa":252,"spd":4,"spe":252},"gender":"M","shiny":true,"ivs":{"hp":31,"atk":31,"def":31,"spa":31,"spd":31,"spe":31}}],"p2team":[{"name":"Weezing","species":"Weezing","item":"sitrusberry","ability":"Levitate","moves":["toxicspikes","willowisp","memento","thief"],"nature":"Careful","evs":{"hp":248,"atk":8,"def":0,"spa":0,"spd":252,"spe":0},"ivs":{"hp":31,"atk":31,"def":31,"spa":31,"spd":31,"spe":31}},{"name":"Tentacruel","species":"Tentacruel","item":"assaultvest","ability":"Liquid Ooze","moves":["scald","acidspray","gigadrain","hex"],"nature":"Timid","evs":{"hp":0,"atk":0,"def":4,"spa":252,"spd":0,"spe":252},"ivs":{"hp":31,"atk":31,"def":31,"spa":31,"spd":31,"spe":31}},{"name":"Skuntank","species":"Skuntank","item":"","ability":"Stench","moves":["snatch","thief","suckerpunch","poisonjab"],"nature":"Adamant","evs":{"hp":248,"atk":252,"def":0,"spa":0,"spd":8,"spe":0},"ivs":{"hp":31,"atk":31,"def":31,"spa":31,"spd":31,"spe":31}},{"name":"Crobat","species":"Crobat","item":"whiteherb","ability":"Infiltrator","moves":["curse","acrobatics","roost","hypnosis"],"nature":"Jolly","evs":{"hp":248,"atk":8,"def":0,"spa":0,"spd":0,"spe":252},"ivs":{"hp":31,"atk":31,"def":31,"spa":31,"spd":31,"spe":31}},{"name":"Gengar","species":"Gengar","item":"choicescarf","ability":"Levitate","moves":["trick","destinybond","venoshock","hex"],"nature":"Timid","evs":{"hp":0,"atk":0,"def":0,"spa":252,"spd":4,"spe":252},"ivs":{"hp":31,"atk":31,"def":31,"spa":31,"spd":31,"spe":31}},{"name":"Amoonguss","species":"Amoonguss","item":"blacksludge","ability":"Regenerator","moves":["spore","gigadrain","gastroacid","stunspore"],"nature":"Calm","evs":{"hp":248,"atk":0,"def":0,"spa":8,"spd":252,"spe":0},"shiny":true,"ivs":{"hp":31,"atk":31,"def":31,"spa":31,"spd":31,"spe":31}}],"log":["|player|p1|Etrayu|etrayu.png","|player|p2|Guard Wanderer|235","|gametype|singles","|gen|6","|tier|Monotype","|rated","|rule|Baton Pass Clause: Limit one Baton Passer, can't pass Spe and other stats simultaneously","|rule|Swagger Clause: Swagger is banned","|rule|Same Type Clause: Pokémon in a team must share a type","|clearpoke","|poke|p1|Chandelure, F","|poke|p1|Shedinja, shiny","|poke|p1|Aegislash, F","|poke|p1|Jellicent, F, shiny","|poke|p1|Sableye, M","|poke|p1|Gengar, M, shiny","|poke|p2|Weezing, F","|poke|p2|Tentacruel, F","|poke|p2|Skuntank, M","|poke|p2|Crobat, F","|poke|p2|Gengar, F","|poke|p2|Amoonguss, F, shiny","|rule|Sleep Clause Mod: Limit one foe put to sleep","|rule|Species Clause: Limit one of each Pokémon","|rule|OHKO Clause: OHKO moves are banned","|rule|Moody Clause: Moody is banned","|rule|Evasion Moves Clause: Evasion moves are banned","|rule|Endless Battle Clause: Forcing endless battles is banned","|rule|HP Percentage Mod: HP is shown in percentages","|teampreview","|","|start","|switch|p1a: Sen|Sableye, M|304/304","|switch|p2a: Tentacruel|Tentacruel, F|301/301","|turn|1","|","|detailschange|p1a: Sen|Sableye-Mega, M","|-mega|p1a: Sen|Sableye|Sablenite","|move|p1a: Sen|Calm Mind|p1a: Sen","|-boost|p1a: Sen|spa|1","|-boost|p1a: Sen|spd|1","|move|p2a: Tentacruel|Acid Spray|p1a: Sen","|-resisted|p1a: Sen","|-damage|p1a: Sen|289/304","|-unboost|p1a: Sen|spd|2","|","|turn|2","|","|move|p2a: Tentacruel|Scald|p1a: Sen","|-damage|p1a: Sen|163/304","|move|p1a: Sen|Will-O-Wisp|p2a: Tentacruel","|-status|p2a: Tentacruel|brn","|","|-damage|p2a: Tentacruel|264/301 brn|[from] brn","|turn|3","|","|switch|p1a: Tek|Shedinja, shiny|1/1","|move|p2a: Tentacruel|Acid Spray|p1a: Tek","|-activate|p1a: Tek|ability: Wonder Guard","|","|-damage|p2a: Tentacruel|227/301 brn|[from] brn","|turn|4","|","|switch|p2a: Weezing|Weezing, F|333/333","|switch|p1a: Sen|Sableye-Mega, M|163/304","|","|turn|5","|","|switch|p2a: Tentacruel|Tentacruel, F|227/301 brn","|move|p1a: Sen|Recover|p1a: Sen","|-heal|p1a: Sen|304/304","|","|-damage|p2a: Tentacruel|190/301 brn|[from] brn","|turn|6","|","|move|p2a: Tentacruel|Acid Spray|p1a: Sen","|-resisted|p1a: Sen","|-damage|p1a: Sen|282/304","|-unboost|p1a: Sen|spd|2","|move|p1a: Sen|Dark Pulse|p2a: Tentacruel","|-damage|p2a: Tentacruel|142/301 brn","|","|-damage|p2a: Tentacruel|105/301 brn|[from] brn","|turn|7","|","|switch|p1a: Tek|Shedinja, shiny|1/1","|move|p2a: Tentacruel|Hex|p1a: Tek","|-supereffective|p1a: Tek","|-enditem|p1a: Tek|Focus Sash","|-damage|p1a: Tek|1/1","|","|-damage|p2a: Tentacruel|68/301 brn|[from] brn","|turn|8","|","|switch|p2a: Amoonguss|Amoonguss, F, shiny|431/431","|move|p1a: Tek|Protect|p1a: Tek","|-fail|p1a: Tek","|","|turn|9","|","|switch|p1a: Sen|Sableye-Mega, M|282/304","|move|p2a: Amoonguss|Gastro Acid|p1a: Sen","|move|p1a: Sen|Gastro Acid|p2a: Amoonguss|[from]Magic Bounce","|-endability|p2a: Amoonguss","|","|turn|10","|","|switch|p2a: Crobat|Crobat, F|373/373","|move|p1a: Sen|Will-O-Wisp|p2a: Crobat","|-status|p2a: Crobat|brn","|","|-damage|p2a: Crobat|327/373 brn|[from] brn","|turn|11","|","|move|p2a: Crobat|Hypnosis|p1a: Sen","|move|p1a: Sen|Hypnosis|p2a: Crobat|[from]Magic Bounce","|-fail|p2a: Crobat","|move|p1a: Sen|Calm Mind|p1a: Sen","|-boost|p1a: Sen|spa|1","|-boost|p1a: Sen|spd|1","|","|-damage|p2a: Crobat|281/373 brn|[from] brn","|turn|12","|","|switch|p2a: Skuntank|Skuntank, M|409/409","|move|p1a: Sen|Dark Pulse|p2a: Skuntank","|-resisted|p2a: Skuntank","|-damage|p2a: Skuntank|319/409","|","|turn|13","|","|move|p2a: Skuntank|Poison Jab|p1a: Sen","|-crit|p1a: Sen","|-resisted|p1a: Sen","|-damage|p1a: Sen|224/304","|-status|p1a: Sen|psn","|move|p1a: Sen|Will-O-Wisp|p2a: Skuntank","|-status|p2a: Skuntank|brn","|","|-damage|p2a: Skuntank|268/409 brn|[from] brn","|-damage|p1a: Sen|186/304 psn|[from] psn","|turn|14","|","|move|p2a: Skuntank|Snatch|p2a: Skuntank","|-singleturn|p2a: Skuntank|Snatch","|move|p1a: Sen|Recover|p1a: Sen","|-activate|p2a: Skuntank|Snatch|[of] p1a: Sen","|move|p2a: Skuntank|Recover|p2a: Skuntank|[from]Snatch","|-heal|p2a: Skuntank|409/409 brn","|","|-damage|p2a: Skuntank|358/409 brn|[from] brn","|-damage|p1a: Sen|148/304 psn|[from] psn","|turn|15","|","|move|p2a: Skuntank|Snatch|p2a: Skuntank","|-singleturn|p2a: Skuntank|Snatch","|move|p1a: Sen|Recover|p1a: Sen","|-activate|p2a: Skuntank|Snatch|[of] p1a: Sen","|move|p2a: Skuntank|Recover|p2a: Skuntank|[from]Snatch","|-heal|p2a: Skuntank|409/409 brn","|","|-damage|p2a: Skuntank|358/409 brn|[from] brn","|-damage|p1a: Sen|110/304 psn|[from] psn","|turn|16","|","|switch|p1a: Tek|Shedinja, shiny|1/1","|move|p2a: Skuntank|Snatch|p2a: Skuntank","|-singleturn|p2a: Skuntank|Snatch","|","|-damage|p2a: Skuntank|307/409 brn|[from] brn","|turn|17","|","|switch|p2a: Crobat|Crobat, F|281/373 brn","|move|p1a: Tek|Protect|p1a: Tek","|-fail|p1a: Tek","|","|-damage|p2a: Crobat|235/373 brn|[from] brn","|turn|18","|","|switch|p2a: Skuntank|Skuntank, M|307/409 brn","|switch|p1a: Niv|Aegislash, F|324/324","|","|-damage|p2a: Skuntank|256/409 brn|[from] brn","|turn|19","|","|move|p2a: Skuntank|Snatch|p2a: Skuntank","|-singleturn|p2a: Skuntank|Snatch","|move|p1a: Niv|King's Shield|p1a: Niv","|-fail|p1a: Niv","|","|-damage|p2a: Skuntank|205/409 brn|[from] brn","|turn|20","|","|switch|p1a: Tek|Shedinja, shiny|1/1","|move|p2a: Skuntank|Thief|p1a: Tek","|-supereffective|p1a: Tek","|-damage|p1a: Tek|0 fnt","|faint|p1a: Tek","|","|-damage|p2a: Skuntank|154/409 brn|[from] brn","|","|switch|p1a: Niv|Aegislash, F|324/324","|turn|21","|","|switch|p2a: Weezing|Weezing, F|333/333","|move|p1a: Niv|King's Shield|p1a: Niv","|-fail|p1a: Niv","|","|turn|22","|","|switch|p1a: Kou|Chandelure, F|261/261","|move|p2a: Weezing|Toxic Spikes|p1a: Kou","|-sidestart|p1: Etrayu|move: Toxic Spikes","|","|turn|23","|","|move|p1a: Kou|Overheat|p2a: Weezing","|-damage|p2a: Weezing|95/333","|-unboost|p1a: Kou|spa|2","|-enditem|p2a: Weezing|Sitrus Berry|[eat]","|-heal|p2a: Weezing|178/333|[from] item: Sitrus Berry","|move|p2a: Weezing|Thief|p1a: Kou","|-supereffective|p1a: Kou","|-damage|p1a: Kou|163/261","|-item|p2a: Weezing|Choice Scarf|[from] move: Thief|[of] p1a: Kou","|","|turn|24","|","|switch|p1a: Sen|Sableye-Mega, M|110/304 psn","|switch|p2a: Amoonguss|Amoonguss, F, shiny|431/431","|","|-damage|p1a: Sen|72/304 psn|[from] psn","|turn|25","|","|move|p2a: Amoonguss|Giga Drain|p1a: Sen","|-damage|p1a: Sen|8/304 psn","|move|p1a: Sen|Recover|p1a: Sen","|-heal|p1a: Sen|160/304 psn","|","|-damage|p1a: Sen|122/304 psn|[from] psn","|turn|26","|","|switch|p2a: Gengar|Gengar, F|261/261","|move|p1a: Sen|Recover|p1a: Sen","|-heal|p1a: Sen|274/304 psn","|","|-damage|p1a: Sen|236/304 psn|[from] psn","|turn|27","|","|move|p2a: Gengar|Hex|p1a: Sen","|-damage|p1a: Sen|17/304 psn","|move|p1a: Sen|Will-O-Wisp|p2a: Gengar","|-status|p2a: Gengar|brn","|","|-damage|p2a: Gengar|229/261 brn|[from] brn","|-damage|p1a: Sen|0 fnt|[from] psn","|faint|p1a: Sen","|","|switch|p1a: Niv|Aegislash, F|324/324","|turn|28","|","|switch|p2a: Amoonguss|Amoonguss, F, shiny|431/431","|-formechange|p1a: Niv|Aegislash-Blade","|move|p1a: Niv|Shadow Ball|p2a: Amoonguss","|-damage|p2a: Amoonguss|329/431","|","|-heal|p2a: Amoonguss|355/431|[from] item: Black Sludge","|turn|29","|","|-formechange|p1a: Niv|Aegislash","|move|p1a: Niv|King's Shield|p1a: Niv","|-singleturn|p1a: Niv|Protect","|move|p2a: Amoonguss|Spore|p1a: Niv","|-status|p1a: Niv|slp","|","|-heal|p2a: Amoonguss|381/431|[from] item: Black Sludge","|turn|30","|","|-formechange|p1a: Niv|Aegislash-Blade","|cant|p1a: Niv|slp","|move|p2a: Amoonguss|Stun Spore|p1a: Niv","|-fail|p1a: Niv","|","|-heal|p2a: Amoonguss|407/431|[from] item: Black Sludge","|turn|31","|","|switch|p2a: Weezing|Weezing, F|178/333","|cant|p1a: Niv|slp","|","|turn|32","|","|-formechange|p1a: Niv|Aegislash","|cant|p1a: Niv|slp","|move|p2a: Weezing|Memento|p1a: Niv","|-unboost|p1a: Niv|atk|2","|-unboost|p1a: Niv|spa|2","|faint|p2a: Weezing","|","|","|switch|p2a: Gengar|Gengar, F|229/261 brn","|turn|33","|","|-curestatus|p1a: Niv|slp","|move|p1a: Niv|King's Shield|p1a: Niv","|-singleturn|p1a: Niv|Protect","|move|p2a: Gengar|Hex|p1a: Niv","|-activate|p1a: Niv|Protect","|","|-damage|p2a: Gengar|197/261 brn|[from] brn","|turn|34","|","|move|p2a: Gengar|Hex|p1a: Niv","|-supereffective|p1a: Niv","|-damage|p1a: Niv|202/324","|-enditem|p1a: Niv|Weakness Policy","|-boost|p1a: Niv|atk|2|[from] item: Weakness Policy","|-boost|p1a: Niv|spa|2|[from] item: Weakness Policy","|-formechange|p1a: Niv|Aegislash-Blade","|move|p1a: Niv|Shadow Ball|p2a: Gengar","|-supereffective|p2a: Gengar","|-damage|p2a: Gengar|0 fnt","|faint|p2a: Gengar","|","|","|switch|p2a: Amoonguss|Amoonguss, F, shiny|431/431","|turn|35","|","|move|p1a: Niv|Shadow Sneak|p2a: Amoonguss","|-damage|p2a: Amoonguss|338/431","|move|p2a: Amoonguss|Stun Spore|p1a: Niv|[miss]","|-miss|p2a: Amoonguss|p1a: Niv","|","|-heal|p2a: Amoonguss|364/431|[from] item: Black Sludge","|turn|36","|","|move|p1a: Niv|Shadow Ball|p2a: Amoonguss","|-damage|p2a: Amoonguss|247/431","|move|p2a: Amoonguss|Stun Spore|p1a: Niv","|-status|p1a: Niv|par","|","|-heal|p2a: Amoonguss|273/431|[from] item: Black Sludge","|turn|37","|","|move|p2a: Amoonguss|Giga Drain|p1a: Niv","|-resisted|p1a: Niv","|-damage|p1a: Niv|158/324 par","|-heal|p2a: Amoonguss|295/431|[from] drain|[of] p1a: Niv","|move|p1a: Niv|Shadow Ball|p2a: Amoonguss","|-damage|p2a: Amoonguss|193/431","|","|-heal|p2a: Amoonguss|219/431|[from] item: Black Sludge","|turn|38","|","|switch|p2a: Skuntank|Skuntank, M|154/409 brn","|move|p1a: Niv|Shadow Ball|p2a: Skuntank","|-resisted|p2a: Skuntank","|-damage|p2a: Skuntank|64/409 brn","|-unboost|p2a: Skuntank|spd|1","|","|-damage|p2a: Skuntank|13/409 brn|[from] brn","|turn|39","|","|-formechange|p1a: Niv|Aegislash","|cant|p1a: Niv|par","|move|p2a: Skuntank|Sucker Punch|p1a: Niv","|-fail|p2a: Skuntank","|","|-damage|p2a: Skuntank|0 fnt|[from] brn","|faint|p2a: Skuntank","|","|switch|p2a: Tentacruel|Tentacruel, F|68/301 brn","|turn|40","|","|-formechange|p1a: Niv|Aegislash-Blade","|move|p1a: Niv|Shadow Sneak|p2a: Tentacruel","|-damage|p2a: Tentacruel|0 fnt","|faint|p2a: Tentacruel","|","|","|switch|p2a: Crobat|Crobat, F|235/373 brn","|turn|41","|","|-formechange|p1a: Niv|Aegislash","|move|p1a: Niv|King's Shield|p1a: Niv","|-singleturn|p1a: Niv|Protect","|move|p2a: Crobat|Curse|p2a: Crobat","|-unboost|p2a: Crobat|spe|1","|-boost|p2a: Crobat|atk|1","|-boost|p2a: Crobat|def|1","|-enditem|p2a: Crobat|White Herb","|-restoreboost|p2a: Crobat|[silent]","|","|-damage|p2a: Crobat|189/373 brn|[from] brn","|turn|42","|","|move|p2a: Crobat|Roost|p2a: Crobat","|-heal|p2a: Crobat|373/373 brn","|-formechange|p1a: Niv|Aegislash-Blade","|move|p1a: Niv|Shadow Ball|p2a: Crobat","|-damage|p2a: Crobat|198/373 brn","|","|-damage|p2a: Crobat|152/373 brn|[from] brn","|turn|43","|","|move|p2a: Crobat|Roost|p2a: Crobat","|-heal|p2a: Crobat|339/373 brn","|move|p1a: Niv|Shadow Ball|p2a: Crobat","|-damage|p2a: Crobat|188/373 brn","|","|-damage|p2a: Crobat|142/373 brn|[from] brn","|turn|44","|","|move|p2a: Crobat|Roost|p2a: Crobat","|-heal|p2a: Crobat|329/373 brn","|move|p1a: Niv|Shadow Ball|p2a: Crobat","|-damage|p2a: Crobat|176/373 brn","|","|-damage|p2a: Crobat|130/373 brn|[from] brn","|turn|45","|","|move|p2a: Crobat|Acrobatics|p1a: Niv","|-resisted|p1a: Niv","|-damage|p1a: Niv|80/324 par","|move|p1a: Niv|Shadow Ball|p2a: Crobat","|-damage|p2a: Crobat|0 fnt","|faint|p2a: Crobat","|","|","|switch|p2a: Amoonguss|Amoonguss, F, shiny|362/431","|turn|46","|","|move|p2a: Amoonguss|Giga Drain|p1a: Niv","|-crit|p1a: Niv","|-resisted|p1a: Niv","|-damage|p1a: Niv|21/324 par","|-heal|p2a: Amoonguss|392/431|[from] drain|[of] p1a: Niv","|cant|p1a: Niv|par","|","|-heal|p2a: Amoonguss|418/431|[from] item: Black Sludge","|turn|47","|","|cant|p1a: Niv|par","|move|p2a: Amoonguss|Giga Drain|p1a: Niv","|-resisted|p1a: Niv","|-damage|p1a: Niv|0 fnt","|-heal|p2a: Amoonguss|429/431|[from] drain|[of] p1a: Niv","|faint|p1a: Niv","|","|-heal|p2a: Amoonguss|431/431|[from] item: Black Sludge","|","|switch|p1a: Oru|Jellicent, F, shiny|404/404","|-status|p1a: Oru|psn","|turn|48","|","|move|p1a: Oru|Ice Beam|p2a: Amoonguss","|-supereffective|p2a: Amoonguss","|-damage|p2a: Amoonguss|327/431","|move|p2a: Amoonguss|Giga Drain|p1a: Oru","|-supereffective|p1a: Oru","|-damage|p1a: Oru|300/404 psn","|-heal|p2a: Amoonguss|379/431|[from] drain|[of] p1a: Oru","|","|-heal|p1a: Oru|325/404 psn|[from] item: Leftovers","|-heal|p2a: Amoonguss|405/431|[from] item: Black Sludge","|-damage|p1a: Oru|275/404 psn|[from] psn","|turn|49","|","|move|p1a: Oru|Ice Beam|p2a: Amoonguss","|-supereffective|p2a: Amoonguss","|-damage|p2a: Amoonguss|309/431","|move|p2a: Amoonguss|Giga Drain|p1a: Oru","|-supereffective|p1a: Oru","|-damage|p1a: Oru|161/404 psn","|-heal|p2a: Amoonguss|366/431|[from] drain|[of] p1a: Oru","|","|-heal|p1a: Oru|186/404 psn|[from] item: Leftovers","|-heal|p2a: Amoonguss|392/431|[from] item: Black Sludge","|-damage|p1a: Oru|136/404 psn|[from] psn","|turn|50","|","|move|p1a: Oru|Recover|p1a: Oru","|-heal|p1a: Oru|338/404 psn","|move|p2a: Amoonguss|Giga Drain|p1a: Oru","|-supereffective|p1a: Oru","|-damage|p1a: Oru|236/404 psn","|-heal|p2a: Amoonguss|431/431|[from] drain|[of] p1a: Oru","|","|-heal|p1a: Oru|261/404 psn|[from] item: Leftovers","|-damage|p1a: Oru|211/404 psn|[from] psn","|turn|51","|","|move|p1a: Oru|Recover|p1a: Oru","|-heal|p1a: Oru|404/404 psn","|move|p2a: Amoonguss|Gastro Acid|p1a: Oru","|-endability|p1a: Oru","|","|-damage|p1a: Oru|354/404 psn|[from] psn","|turn|52","|","|move|p1a: Oru|Scald|p2a: Amoonguss","|-resisted|p2a: Amoonguss","|-damage|p2a: Amoonguss|399/431","|-status|p2a: Amoonguss|brn","|move|p2a: Amoonguss|Giga Drain|p1a: Oru","|-supereffective|p1a: Oru","|-damage|p1a: Oru|252/404 psn","|-heal|p2a: Amoonguss|431/431 brn|[from] drain|[of] p1a: Oru","|","|-heal|p1a: Oru|277/404 psn|[from] item: Leftovers","|-damage|p1a: Oru|227/404 psn|[from] psn","|-damage|p2a: Amoonguss|378/431 brn|[from] brn","|turn|53","|","|move|p1a: Oru|Recover|p1a: Oru","|-heal|p1a: Oru|404/404 psn","|move|p2a: Amoonguss|Giga Drain|p1a: Oru","|-supereffective|p1a: Oru","|-damage|p1a: Oru|290/404 psn","|-heal|p2a: Amoonguss|431/431 brn|[from] drain|[of] p1a: Oru","|","|-heal|p1a: Oru|315/404 psn|[from] item: Leftovers","|-damage|p1a: Oru|265/404 psn|[from] psn","|-damage|p2a: Amoonguss|378/431 brn|[from] brn","|turn|54","|","|move|p1a: Oru|Ice Beam|p2a: Amoonguss","|-supereffective|p2a: Amoonguss","|-damage|p2a: Amoonguss|284/431 brn","|move|p2a: Amoonguss|Stun Spore|p1a: Oru|[miss]","|-miss|p2a: Amoonguss|p1a: Oru","|","|-heal|p1a: Oru|290/404 psn|[from] item: Leftovers","|-heal|p2a: Amoonguss|310/431 brn|[from] item: Black Sludge","|-damage|p1a: Oru|240/404 psn|[from] psn","|-damage|p2a: Amoonguss|257/431 brn|[from] brn","|turn|55","|","|move|p1a: Oru|Ice Beam|p2a: Amoonguss","|-supereffective|p2a: Amoonguss","|-damage|p2a: Amoonguss|159/431 brn","|move|p2a: Amoonguss|Stun Spore|p1a: Oru","|-fail|p1a: Oru","|","|-heal|p1a: Oru|265/404 psn|[from] item: Leftovers","|-heal|p2a: Amoonguss|185/431 brn|[from] item: Black Sludge","|-damage|p1a: Oru|215/404 psn|[from] psn","|-damage|p2a: Amoonguss|132/431 brn|[from] brn","|turn|56","|","|move|p1a: Oru|Ice Beam|p2a: Amoonguss","|-supereffective|p2a: Amoonguss","|-damage|p2a: Amoonguss|32/431 brn","|move|p2a: Amoonguss|Giga Drain|p1a: Oru","|-supereffective|p1a: Oru","|-damage|p1a: Oru|111/404 psn","|-heal|p2a: Amoonguss|84/431 brn|[from] drain|[of] p1a: Oru","|","|-heal|p1a: Oru|136/404 psn|[from] item: Leftovers","|-heal|p2a: Amoonguss|110/431 brn|[from] item: Black Sludge","|-damage|p1a: Oru|86/404 psn|[from] psn","|-damage|p2a: Amoonguss|57/431 brn|[from] brn","|turn|57","|","|move|p1a: Oru|Ice Beam|p2a: Amoonguss","|-supereffective|p2a: Amoonguss","|-damage|p2a: Amoonguss|0 fnt","|faint|p2a: Amoonguss","|","|win|Etrayu"],"p1rating":{"entryid":"6733042","serverid":"eos","formatid":"monotype","userid":"etrayu","username":"Etrayu","w":58,"l":"55","t":"1","gxe":52.4,"r":"1525.9087396648","rd":"39.775057787181","sigma":"0","rptime":"1439197200","rpr":1518.1954294789,"rprd":38.856874974974,"rpsigma":"0","acre":1092.3031088585,"lacre":1092.3031088585,"oldacre":"1061.0642438171"},"p2rating":{"entryid":"6731189","serverid":"eos","formatid":"monotype","userid":"guardwanderer","username":"Guard Wanderer","w":"107","l":138,"t":"0","gxe":43.3,"r":"1453.816465785","rd":"26.10975600504","sigma":"0","rptime":"1439197200","rpr":1449.4936567142,"rprd":25.666816101957,"rpsigma":"0","acre":1045.4645079596,"lacre":1045.4645079596,"oldacre":"1065.5538584816"},"endType":"normal"}