{"seed":[44432,55308,24816,34605],"turns":28,"p1":"Prolixity","p2":"StormiClouds","p1team":[{"name":"Milotic","species":"Milotic","item":"razorfang","ability":"Cute Charm","moves":["coil","captivate","scald","ironhead"],"nature":"Mild","evs":{"hp":248,"atk":8,"def":0,"spa":252,"spd":0,"spe":0},"gender":"F","ivs":{"hp":31,"atk":31,"def":31,"spa":31,"spd":31,"spe":31}},{"name":"Keldeo","species":"Keldeo","item":"lifeorb","ability":"Justified","moves":["aquajet","secretsword","scald","closecombat"],"nature":"Hasty","evs":{"hp":0,"atk":4,"def":0,"spa":252,"spd":0,"spe":252},"ivs":{"hp":31,"atk":31,"def":31,"spa":31,"spd":31,"spe":31}},{"name":"Swampert","species":"Swampert","item":"swampertite","ability":"Torrent","moves":["protect","waterfall","earthquake","icepunch"],"nature":"","shiny":true,"evs":{"hp":0,"atk":0,"def":0,"spa":0,"spd":0,"spe":0},"ivs":{"hp":31,"atk":31,"def":31,"spa":31,"spd":31,"spe":31}},{"name":"Politoed","species":"Politoed","item":"quickclaw","ability":"Drizzle","moves":["scald","encore","toxic","protect"],"nature":"Bold","evs":{"hp":248,"atk":0,"def":252,"spa":0,"spd":8,"spe":0},"ivs":{"hp":31,"atk":31,"def":31,"spa":31,"spd":31,"spe":31}},{"name":"Cloyster","species":"Cloyster","item":"focussash","ability":"Skill Link","moves":["iciclespear","rockblast","shellsmash","razorshell"],"nature":"Adamant","evs":{"hp":0,"atk":252,"def":0,"spa":0,"spd":4,"spe":252},"ivs":{"hp":31,"atk":31,"def":31,"spa":31,"spd":31,"spe":31}},{"name":"Tentacruel","species":"Tentacruel","item":"leftovers","ability":"Liquid Ooze","moves":["toxicspikes","scald","rapidspin","acidspray"],"nature":"Timid","evs":{"hp":0,"atk":0,"def":0,"spa":252,"spd":4,"spe":252},"ivs":{"hp":31,"atk":31,"def":31,"spa":31,"spd":31,"spe":31}}],"p2team":[{"name":"Weezing","species":"Weezing","item":"blacksludge","ability":"Levitate","moves":["sludgewave","flamethrower","darkpulse","willowisp"],"nature":"Modest","evs":{"hp":252,"atk":0,"def":0,"spa":252,"spd":4,"spe":0},"shiny":true,"ivs":{"hp":31,"atk":31,"def":31,"spa":31,"spd":31,"spe":31}},{"name":"Dragalge","species":"Dragalge","item":"blacksludge","ability":"Adaptability","moves":["dragonpulse","sludgewave","toxicspikes","scald"],"nature":"Modest","evs":{"hp":252,"atk":0,"def":0,"spa":252,"spd":4,"spe":0},"shiny":true,"ivs":{"hp":31,"atk":31,"def":31,"spa":31,"spd":31,"spe":31}},{"name":"Crobat","species":"Crobat","item":"blacksludge","ability":"Infiltrator","moves":["bravebird","superfang","crosspoison","confuseray"],"nature":"Jolly","evs":{"hp":0,"atk":252,"def":0,"spa":0,"spd":4,"spe":252},"ivs":{"hp":31,"atk":31,"def":31,"spa":31,"spd":31,"spe":31}},{"name":"Venusaur","species":"Venusaur","item":"venusaurite","ability":"Chlorophyll","moves":["leechseed","earthquake","gigadrain","sludgebomb"],"nature":"Mild","evs":{"hp":0,"atk":4,"def":0,"spa":252,"spd":0,"spe":252},"shiny":true,"ivs":{"hp":31,"atk":31,"def":31,"spa":31,"spd":31,"spe":31}},{"name":"Drapion","species":"Drapion","item":"razorclaw","ability":"Sniper","moves":["crosspoison","nightslash","earthquake","swordsdance"],"nature":"Adamant","evs":{"hp":248,"atk":252,"def":0,"spa":0,"spd":8,"spe":0},"ivs":{"hp":31,"atk":31,"def":31,"spa":31,"spd":31,"spe":31}},{"name":"Scolipede","species":"Scolipede","item":"lifeorb","ability":"Speed Boost","moves":["megahorn","poisonjab","earthquake","protect"],"nature":"Adamant","evs":{"hp":0,"atk":252,"def":0,"spa":0,"spd":4,"spe":252},"shiny":true,"ivs":{"hp":31,"atk":31,"def":31,"spa":31,"spd":31,"spe":31}}],"log":["|player|p1|Prolixity|87","|player|p2|StormiClouds|154","|gametype|singles","|gen|6","|tier|Monotype","|rated","|rule|Baton Pass Clause: Limit one Baton Passer, can't pass Spe and other stats simultaneously","|rule|Swagger Clause: Swagger is banned","|rule|Same Type Clause: Pokémon in a team must share a type","|clearpoke","|poke|p1|Milotic, F","|poke|p1|Keldeo","|poke|p1|Swampert, F, shiny","|poke|p1|Politoed, F","|poke|p1|Cloyster, F","|poke|p1|Tentacruel, F","|poke|p2|Weezing, M, shiny","|poke|p2|Dragalge, M, shiny","|poke|p2|Crobat, M","|poke|p2|Venusaur, F, shiny","|poke|p2|Drapion, F","|poke|p2|Scolipede, F, shiny","|rule|Sleep Clause Mod: Limit one foe put to sleep","|rule|Species Clause: Limit one of each Pokémon","|rule|OHKO Clause: OHKO moves are banned","|rule|Moody Clause: Moody is banned","|rule|Evasion Moves Clause: Evasion moves are banned","|rule|Endless Battle Clause: Forcing endless battles is banned","|rule|HP Percentage Mod: HP is shown in percentages","|teampreview","|","|start","|switch|p1a: Politoed|Politoed, F|383/383","|switch|p2a: Crobat|Crobat, M|311/311","|-weather|RainDance","|turn|1","|","|move|p2a: Crobat|Confuse Ray|p1a: Politoed","|-start|p1a: Politoed|confusion","|-activate|p1a: Politoed|confusion","|-damage|p1a: Politoed|362/383|[from] confusion","|","|-weather|RainDance|[upkeep]","|turn|2","|","|move|p2a: Crobat|Super Fang|p1a: Politoed","|-damage|p1a: Politoed|181/383","|-end|p1a: Politoed|confusion","|move|p1a: Politoed|Encore|p2a: Crobat","|-start|p2a: Crobat|Encore","|","|-weather|RainDance|[upkeep]","|turn|3","|","|move|p1a: Politoed|Protect|p1a: Politoed","|-singleturn|p1a: Politoed|Protect","|move|p2a: Crobat|Super Fang|p1a: Politoed","|-activate|p1a: Politoed|Protect","|","|-weather|RainDance|[upkeep]","|turn|4","|-activate|p1a: Politoed|item: Quick Claw","|","|switch|p2a: Venusaur|Venusaur, F, shiny|301/301","|move|p1a: Politoed|Scald|p2a: Venusaur","|-resisted|p2a: Venusaur","|-damage|p2a: Venusaur|238/301","|-status|p2a: Venusaur|brn","|","|-weather|RainDance|[upkeep]","|-damage|p2a: Venusaur|201/301 brn|[from] brn","|turn|5","|","|detailschange|p2a: Venusaur|Venusaur-Mega, F, shiny","|-mega|p2a: Venusaur|Venusaur|Venusaurite","|move|p2a: Venusaur|Giga Drain|p1a: Politoed","|-crit|p1a: Politoed","|-supereffective|p1a: Politoed","|-damage|p1a: Politoed|0 fnt","|-heal|p2a: Venusaur|292/301 brn|[from] drain|[of] p1a: Politoed","|faint|p1a: Politoed","|","|-weather|none","|-damage|p2a: Venusaur|255/301 brn|[from] brn","|","|switch|p1a: Cloyster|Cloyster, F|241/241","|turn|6","|","|move|p2a: Venusaur|Leech Seed|p1a: Cloyster","|-start|p1a: Cloyster|move: Leech Seed","|move|p1a: Cloyster|Shell Smash|p1a: Cloyster","|-unboost|p1a: Cloyster|def|1","|-unboost|p1a: Cloyster|spd|1","|-boost|p1a: Cloyster|atk|2","|-boost|p1a: Cloyster|spa|2","|-boost|p1a: Cloyster|spe|2","|","|-damage|p1a: Cloyster|211/241|[from] Leech Seed|[of] p2a: Venusaur","|-heal|p2a: Venusaur|285/301 brn|[silent]","|-damage|p2a: Venusaur|248/301 brn|[from] brn","|turn|7","|","|switch|p2a: Weezing|Weezing, M, shiny|334/334","|move|p1a: Cloyster|Icicle Spear|p2a: Weezing","|-damage|p2a: Weezing|265/334","|-damage|p2a: Weezing|192/334","|-damage|p2a: Weezing|119/334","|-damage|p2a: Weezing|52/334","|-damage|p2a: Weezing|0 fnt","|-hitcount|p2a: Weezing|5","|faint|p2a: Weezing","|","|","|switch|p2a: Scolipede|Scolipede, F, shiny|261/261","|turn|8","|","|move|p2a: Scolipede|Protect|p2a: Scolipede","|-singleturn|p2a: Scolipede|Protect","|move|p1a: Cloyster|Icicle Spear|p2a: Scolipede","|-activate|p2a: Scolipede|Protect","|","|-damage|p1a: Cloyster|181/241|[from] Leech Seed|[of] p2a: Scolipede","|-boost|p2a: Scolipede|spe|1|[from] ability: Speed Boost","|turn|9","|","|move|p2a: Scolipede|Earthquake|p1a: Cloyster","|-crit|p1a: Cloyster","|-damage|p1a: Cloyster|0 fnt","|-damage|p2a: Scolipede|235/261|[from] item: Life Orb","|faint|p1a: Cloyster","|","|-boost|p2a: Scolipede|spe|1|[from] ability: Speed Boost","|","|switch|p1a: Milotic|Milotic, F|393/393","|turn|10","|","|switch|p2a: Dragalge|Dragalge, M, shiny|334/334","|move|p1a: Milotic|Captivate|p2a: Dragalge","|-unboost|p2a: Dragalge|spa|2","|","|turn|11","|","|move|p1a: Milotic|Iron Head|p2a: Dragalge","|-damage|p2a: Dragalge|291/334","|move|p2a: Dragalge|Toxic Spikes|p1a: Milotic","|-sidestart|p1: Prolixity|move: Toxic Spikes","|","|-heal|p2a: Dragalge|311/334|[from] item: Black Sludge","|turn|12","|","|move|p1a: Milotic|Scald|p2a: Dragalge","|-resisted|p2a: Dragalge","|-damage|p2a: Dragalge|260/334","|cant|p2a: Dragalge|flinch","|","|-heal|p2a: Dragalge|280/334|[from] item: Black Sludge","|turn|13","|","|move|p1a: Milotic|Coil|p1a: Milotic","|-boost|p1a: Milotic|atk|1","|-boost|p1a: Milotic|def|1","|-boost|p1a: Milotic|accuracy|1","|move|p2a: Dragalge|Toxic Spikes|p1a: Milotic","|-sidestart|p1: Prolixity|move: Toxic Spikes","|","|-heal|p2a: Dragalge|300/334|[from] item: Black Sludge","|turn|14","|","|switch|p2a: Crobat|Crobat, M|311/311","|move|p1a: Milotic|Captivate|p2a: Crobat","|-unboost|p2a: Crobat|spa|2","|","|turn|15","|","|move|p2a: Crobat|Confuse Ray|p1a: Milotic","|-start|p1a: Milotic|confusion","|-activate|p1a: Milotic|confusion","|-damage|p1a: Milotic|362/393|[from] confusion","|","|turn|16","|","|move|p2a: Crobat|Super Fang|p1a: Milotic","|-damage|p1a: Milotic|181/393","|-end|p1a: Milotic|confusion","|move|p1a: Milotic|Iron Head|p2a: Crobat","|-damage|p2a: Crobat|241/311","|","|-heal|p2a: Crobat|260/311|[from] item: Black Sludge","|turn|17","|","|move|p2a: Crobat|Super Fang|p1a: Milotic","|-damage|p1a: Milotic|91/393","|-start|p2a: Crobat|Attract|[from] ability: Cute Charm|[of] p1a: Milotic","|move|p1a: Milotic|Scald|p2a: Crobat","|-damage|p2a: Crobat|107/311","|","|-heal|p2a: Crobat|126/311|[from] item: Black Sludge","|turn|18","|","|switch|p2a: Venusaur|Venusaur-Mega, F, shiny|248/301 brn","|move|p1a: Milotic|Scald|p2a: Venusaur","|-resisted|p2a: Venusaur","|-damage|p2a: Venusaur|194/301 brn","|","|-damage|p2a: Venusaur|157/301 brn|[from] brn","|turn|19","|","|move|p2a: Venusaur|Sludge Bomb|p1a: Milotic","|-damage|p1a: Milotic|0 fnt","|faint|p1a: Milotic","|","|-damage|p2a: Venusaur|120/301 brn|[from] brn","|","|switch|p1a: Tentacruel|Tentacruel, F|301/301","|-sideend|p1: Prolixity|move: Toxic Spikes|[of] p1a: Tentacruel","|turn|20","|","|move|p1a: Tentacruel|Scald|p2a: Venusaur","|-resisted|p2a: Venusaur","|-damage|p2a: Venusaur|74/301 brn","|move|p2a: Venusaur|Earthquake|p1a: Tentacruel","|-supereffective|p1a: Tentacruel","|-damage|p1a: Tentacruel|193/301","|","|-heal|p1a: Tentacruel|211/301|[from] item: Leftovers","|-damage|p2a: Venusaur|37/301 brn|[from] brn","|turn|21","|","|switch|p2a: Dragalge|Dragalge, M, shiny|300/334","|move|p1a: Tentacruel|Scald|p2a: Dragalge","|-resisted|p2a: Dragalge","|-damage|p2a: Dragalge|255/334","|-status|p2a: Dragalge|brn","|","|-heal|p1a: Tentacruel|229/301|[from] item: Leftovers","|-heal|p2a: Dragalge|275/334 brn|[from] item: Black Sludge","|-damage|p2a: Dragalge|234/334 brn|[from] brn","|turn|22","|","|move|p1a: Tentacruel|Scald|p2a: Dragalge","|-resisted|p2a: Dragalge","|-damage|p2a: Dragalge|191/334 brn","|move|p2a: Dragalge|Dragon Pulse|p1a: Tentacruel","|-damage|p1a: Tentacruel|85/301","|","|-heal|p1a: Tentacruel|103/301|[from] item: Leftovers","|-heal|p2a: Dragalge|211/334 brn|[from] item: Black Sludge","|-damage|p2a: Dragalge|170/334 brn|[from] brn","|turn|23","|","|move|p1a: Tentacruel|Scald|p2a: Dragalge","|-resisted|p2a: Dragalge","|-damage|p2a: Dragalge|125/334 brn","|move|p2a: Dragalge|Dragon Pulse|p1a: Tentacruel","|-damage|p1a: Tentacruel|0 fnt","|faint|p1a: Tentacruel","|","|-heal|p2a: Dragalge|145/334 brn|[from] item: Black Sludge","|-damage|p2a: Dragalge|104/334 brn|[from] brn","|","|switch|p1a: Keldeo|Keldeo|323/323","|turn|24","|","|move|p1a: Keldeo|Secret Sword|p2a: Dragalge","|-resisted|p2a: Dragalge","|-damage|p2a: Dragalge|1/334 brn","|-damage|p1a: Keldeo|291/323|[from] item: Life Orb","|move|p2a: Dragalge|Toxic Spikes|p1a: Keldeo","|-sidestart|p1: Prolixity|move: Toxic Spikes","|","|-heal|p2a: Dragalge|21/334 brn|[from] item: Black Sludge","|-damage|p2a: Dragalge|0 fnt|[from] brn","|faint|p2a: Dragalge","|","|switch|p2a: Drapion|Drapion, F|343/343","|turn|25","|","|move|p1a: Keldeo|Scald|p2a: Drapion","|-damage|p2a: Drapion|108/343","|-damage|p1a: Keldeo|259/323|[from] item: Life Orb","|move|p2a: Drapion|Cross Poison|p1a: Keldeo","|-crit|p1a: Keldeo","|-damage|p1a: Keldeo|0 fnt","|faint|p1a: Keldeo","|","|","|switch|p1a: Swampert|Swampert, F, shiny|341/341","|-status|p1a: Swampert|psn","|turn|26","|","|detailschange|p1a: Swampert|Swampert-Mega, F, shiny","|-mega|p1a: Swampert|Swampert|Swampertite","|move|p1a: Swampert|Protect|p1a: Swampert","|-singleturn|p1a: Swampert|Protect","|move|p2a: Drapion|Earthquake|p1a: Swampert","|-activate|p1a: Swampert|Protect","|","|-damage|p1a: Swampert|299/341 psn|[from] psn","|turn|27","|","|switch|p2a: Crobat|Crobat, M|126/311","|move|p1a: Swampert|Waterfall|p2a: Crobat","|-damage|p2a: Crobat|0 fnt","|faint|p2a: Crobat","|","|-damage|p1a: Swampert|257/341 psn|[from] psn","|","|switch|p2a: Venusaur|Venusaur-Mega, F, shiny|37/301 brn","|turn|28","|","|move|p2a: Venusaur|Giga Drain|p1a: Swampert","|-supereffective|p1a: Swampert","|-damage|p1a: Swampert|0 fnt","|-heal|p2a: Venusaur|166/301 brn|[from] drain|[of] p1a: Swampert","|faint|p1a: Swampert","|","|win|StormiClouds"],"p1rating":{"entryid":"7546643","serverid":"eos","formatid":"monotype","userid":"prolixity","username":"Prolixity","w":"1","l":1,"t":"0","gxe":49.7,"r":"1500","rd":"130","sigma":"0","rptime":"1439197200","rpr":1497.40347948,"rprd":116.5756763661,"rpsigma":"0","acre":1033.1095663036,"lacre":1033.1095663036,"oldacre":"1049.7216792017"},"p2rating":{"entryid":"7529280","serverid":"eos","formatid":"monotype","userid":"stormiclouds","username":"StormiClouds","w":6,"l":"12","t":"0","gxe":37.4,"r":"1480.9299357284","rd":"112.13270210657","sigma":"0","rptime":"1439197200","rpr":1401.284944606,"rprd":72.608176344647,"rpsigma":"0","acre":1095.1330982251,"lacre":1095.1330982251,"oldacre":"1066.5738419781"},"endType":"normal"}