{"seed":[42644,25819,8813,25196],"turns":35,"p1":"Tahit","p2":"Shining Yin","p1team":[{"name":"Whirlipede","species":"Whirlipede","item":"eviolite","ability":"Speed Boost","moves":["rest","sleeptalk","strugglebug","steamroller"],"nature":"Sassy","evs":{"hp":252,"atk":0,"def":120,"spa":0,"spd":136,"spe":0},"ivs":{"hp":31,"atk":31,"def":31,"spa":31,"spd":31,"spe":31}},{"name":"Scolipede","species":"Scolipede","item":"focussash","ability":"Speed Boost","moves":["steamroller","spikes","protect","endeavor"],"nature":"Jolly","evs":{"hp":4,"atk":252,"def":0,"spa":0,"spd":0,"spe":252},"ivs":{"hp":31,"atk":31,"def":31,"spa":31,"spd":31,"spe":31}},{"name":"Nidoking","species":"Nidoking","item":"lifeorb","ability":"Sheer Force","moves":["flamethrower","earthpower","venoshock","icebeam"],"nature":"Modest","evs":{"hp":4,"atk":0,"def":0,"spa":252,"spd":0,"spe":252},"ivs":{"hp":31,"atk":31,"def":31,"spa":31,"spd":31,"spe":31}},{"name":"Ariados","species":"Ariados","item":"focussash","ability":"Insomnia","moves":["stickyweb","toxicspikes","megahorn","suckerpunch"],"nature":"Jolly","evs":{"hp":0,"atk":252,"def":0,"spa":0,"spd":4,"spe":252},"ivs":{"hp":31,"atk":31,"def":31,"spa":31,"spd":31,"spe":31}},{"name":"Venusaur","species":"Venusaur","item":"venusaurite","ability":"Chlorophyll","moves":["gigadrain","sludgebomb","synthesis","leechseed"],"nature":"Bold","evs":{"hp":252,"atk":0,"def":112,"spa":0,"spd":144,"spe":0},"ivs":{"hp":31,"atk":31,"def":31,"spa":31,"spd":31,"spe":31}},{"name":"Muk","species":"Muk","item":"blacksludge","ability":"Poison Touch","moves":["poisonjab","curse","shadowsneak","brickbreak"],"nature":"Careful","evs":{"hp":252,"atk":0,"def":100,"spa":0,"spd":156,"spe":0},"ivs":{"hp":31,"atk":31,"def":31,"spa":31,"spd":31,"spe":31}}],"p2team":[{"name":"Zapdos","species":"Zapdos","item":"leftovers","ability":"Pressure","moves":["roost","defog","heatwave","discharge"],"nature":"Bold","evs":{"hp":248,"atk":0,"def":176,"spa":68,"spd":0,"spe":16},"ivs":{"hp":31,"atk":0,"def":31,"spa":31,"spd":31,"spe":31}},{"name":"Thundurus","species":"Thundurus","item":"lifeorb","ability":"Prankster","moves":["superpower","discharge","knockoff","thunderwave"],"nature":"Naive","evs":{"hp":0,"atk":72,"def":0,"spa":184,"spd":0,"spe":252},"ivs":{"hp":31,"atk":31,"def":31,"spa":31,"spd":31,"spe":31}},{"name":"Rotom-Wash","species":"Rotom-Wash","item":"leftovers","ability":"Levitate","moves":["willowisp","hydropump","voltswitch","painsplit"],"nature":"Calm","evs":{"hp":248,"atk":0,"def":0,"spa":0,"spd":216,"spe":44},"ivs":{"hp":31,"atk":0,"def":31,"spa":31,"spd":31,"spe":31}},{"name":"Magnezone","species":"Magnezone","item":"choicescarf","ability":"Sturdy","moves":["voltswitch","discharge","hiddenpowerice","flashcannon"],"nature":"Timid","evs":{"hp":0,"atk":0,"def":0,"spa":252,"spd":4,"spe":252},"ivs":{"hp":31,"atk":30,"def":30,"spa":31,"spd":31,"spe":31}},{"name":"Luxray","species":"Luxray","item":"choiceband","ability":"Guts","moves":["wildcharge","crunch","superpower","icefang"],"nature":"Jolly","evs":{"hp":0,"atk":252,"def":0,"spa":0,"spd":4,"spe":252},"shiny":true,"ivs":{"hp":31,"atk":31,"def":31,"spa":31,"spd":31,"spe":31}},{"name":"Ampharos","species":"Ampharos","item":"ampharosite","ability":"Static","moves":["rest","sleeptalk","voltswitch","dragonpulse"],"nature":"Bold","evs":{"hp":248,"atk":0,"def":252,"spa":4,"spd":0,"spe":0},"ivs":{"hp":31,"atk":0,"def":31,"spa":31,"spd":31,"spe":31}}],"log":["|player|p1|Tahit|169","|player|p2|Shining Yin|12","|gametype|singles","|gen|6","|tier|Monotype","|rated","|rule|Baton Pass Clause: Limit one Baton Passer, can't pass Spe and other stats simultaneously","|rule|Swagger Clause: Swagger is banned","|rule|Same Type Clause: Pokémon in a team must share a type","|clearpoke","|poke|p1|Whirlipede, M","|poke|p1|Scolipede, M","|poke|p1|Nidoking, M","|poke|p1|Ariados, M","|poke|p1|Venusaur, F","|poke|p1|Muk, M","|poke|p2|Zapdos","|poke|p2|Thundurus, M","|poke|p2|Rotom-Wash","|poke|p2|Magnezone","|poke|p2|Luxray, M, shiny","|poke|p2|Ampharos, M","|rule|Sleep Clause Mod: Limit one foe put to sleep","|rule|Species Clause: Limit one of each Pokémon","|rule|OHKO Clause: OHKO moves are banned","|rule|Moody Clause: Moody is banned","|rule|Evasion Moves Clause: Evasion moves are banned","|rule|Endless Battle Clause: Forcing endless battles is banned","|rule|HP Percentage Mod: HP is shown in percentages","|teampreview","|","|start","|switch|p1a: Ariados|Ariados, M|281/281","|switch|p2a: Rotom-Wash|Rotom-Wash|303/303","|turn|1","|","|move|p2a: Rotom-Wash|Hydro Pump|p1a: Ariados","|-damage|p1a: Ariados|71/281","|move|p1a: Ariados|Sticky Web|p2a: Rotom-Wash","|-sidestart|p2: Shining Yin|move: Sticky Web","|","|turn|2","|","|move|p2a: Rotom-Wash|Will-O-Wisp|p1a: Ariados","|-status|p1a: Ariados|brn","|move|p1a: Ariados|Toxic Spikes|p2a: Rotom-Wash","|-sidestart|p2: Shining Yin|move: Toxic Spikes","|","|-damage|p1a: Ariados|36/281 brn|[from] brn","|turn|3","|","|switch|p2a: Zapdos|Zapdos|383/383","|-ability|p2a: Zapdos|Pressure","|move|p1a: Ariados|Megahorn|p2a: Zapdos","|-resisted|p2a: Zapdos","|-damage|p2a: Zapdos|350/383","|","|-heal|p2a: Zapdos|373/383|[from] item: Leftovers","|-damage|p1a: Ariados|1/281 brn|[from] brn","|turn|4","|","|move|p2a: Zapdos|Defog|p1a: Ariados","|-unboost|p1a: Ariados|evasion|1","|-sideend|p2: Shining Yin|Toxic Spikes|[from] move: Defog|[of] p2a: Zapdos","|-sideend|p2: Shining Yin|Sticky Web|[from] move: Defog|[of] p2a: Zapdos","|move|p1a: Ariados|Sticky Web|p2a: Zapdos","|-sidestart|p2: Shining Yin|move: Sticky Web","|","|-heal|p2a: Zapdos|383/383|[from] item: Leftovers","|-damage|p1a: Ariados|0 fnt|[from] brn","|faint|p1a: Ariados","|","|switch|p1a: Whirlipede|Whirlipede, M|284/284","|turn|5","|","|move|p2a: Zapdos|Defog|p1a: Whirlipede","|-unboost|p1a: Whirlipede|evasion|1","|-sideend|p2: Shining Yin|Sticky Web|[from] move: Defog|[of] p2a: Zapdos","|move|p1a: Whirlipede|Struggle Bug|p2a: Zapdos","|-crit|p2a: Zapdos","|-resisted|p2a: Zapdos","|-damage|p2a: Zapdos|359/383","|-unboost|p2a: Zapdos|spa|1","|","|-heal|p2a: Zapdos|382/383|[from] item: Leftovers","|-boost|p1a: Whirlipede|spe|1|[from] ability: Speed Boost","|turn|6","|","|move|p2a: Zapdos|Discharge|p1a: Whirlipede","|-damage|p1a: Whirlipede|232/284","|move|p1a: Whirlipede|Steamroller|p2a: Zapdos","|-resisted|p2a: Zapdos","|-damage|p2a: Zapdos|362/383","|","|-heal|p2a: Zapdos|383/383|[from] item: Leftovers","|-boost|p1a: Whirlipede|spe|1|[from] ability: Speed Boost","|turn|7","|","|move|p2a: Zapdos|Heat Wave|p1a: Whirlipede","|-supereffective|p1a: Whirlipede","|-damage|p1a: Whirlipede|152/284","|move|p1a: Whirlipede|Struggle Bug|p2a: Zapdos","|-resisted|p2a: Zapdos","|-damage|p2a: Zapdos|368/383","|-unboost|p2a: Zapdos|spa|1","|","|-heal|p2a: Zapdos|383/383|[from] item: Leftovers","|-boost|p1a: Whirlipede|spe|1|[from] ability: Speed Boost","|turn|8","|","|switch|p2a: Thundurus|Thundurus, M|299/299","|move|p1a: Whirlipede|Struggle Bug|p2a: Thundurus","|-resisted|p2a: Thundurus","|-damage|p2a: Thundurus|278/299","|-unboost|p2a: Thundurus|spa|1","|","|-boost|p1a: Whirlipede|spe|1|[from] ability: Speed Boost","|turn|9","|","|move|p2a: Thundurus|Thunder Wave|p1a: Whirlipede","|-status|p1a: Whirlipede|par","|move|p1a: Whirlipede|Struggle Bug|p2a: Thundurus","|-resisted|p2a: Thundurus","|-damage|p2a: Thundurus|257/299","|-unboost|p2a: Thundurus|spa|1","|","|-boost|p1a: Whirlipede|spe|1|[from] ability: Speed Boost","|turn|10","|","|move|p2a: Thundurus|Discharge|p1a: Whirlipede","|-damage|p1a: Whirlipede|100/284 par","|-damage|p2a: Thundurus|228/299|[from] item: Life Orb","|move|p1a: Whirlipede|Struggle Bug|p2a: Thundurus","|-resisted|p2a: Thundurus","|-damage|p2a: Thundurus|210/299","|-unboost|p2a: Thundurus|spa|1","|","|-boost|p1a: Whirlipede|spe|1|[from] ability: Speed Boost","|turn|11","|","|switch|p2a: Zapdos|Zapdos|383/383","|-ability|p2a: Zapdos|Pressure","|move|p1a: Whirlipede|Rest|p1a: Whirlipede","|-status|p1a: Whirlipede|slp","|-heal|p1a: Whirlipede|284/284 slp|[silent]","|-status|p1a: Whirlipede|slp|[from] move: Rest","|","|turn|12","|","|cant|p1a: Whirlipede|slp","|move|p1a: Whirlipede|Sleep Talk|p1a: Whirlipede","|move|p1a: Whirlipede|Rest|p1a: Whirlipede|[from]Sleep Talk","|-fail|p1a: Whirlipede","|move|p2a: Zapdos|Heat Wave|p1a: Whirlipede","|-supereffective|p1a: Whirlipede","|-damage|p1a: Whirlipede|172/284 slp","|","|turn|13","|","|cant|p1a: Whirlipede|slp","|move|p1a: Whirlipede|Sleep Talk|p1a: Whirlipede","|move|p1a: Whirlipede|Steamroller|p2a: Zapdos|[from]Sleep Talk","|-resisted|p2a: Zapdos","|-damage|p2a: Zapdos|363/383","|move|p2a: Zapdos|Heat Wave|p1a: Whirlipede","|-supereffective|p1a: Whirlipede","|-damage|p1a: Whirlipede|42/284 slp","|","|-heal|p2a: Zapdos|383/383|[from] item: Leftovers","|turn|14","|","|-curestatus|p1a: Whirlipede|slp","|move|p1a: Whirlipede|Sleep Talk|p1a: Whirlipede","|-fail|p1a: Whirlipede","|move|p2a: Zapdos|Heat Wave|p1a: Whirlipede","|-supereffective|p1a: Whirlipede","|-damage|p1a: Whirlipede|0 fnt","|faint|p1a: Whirlipede","|","|","|switch|p1a: Scolipede|Scolipede, M|262/262","|turn|15","|","|move|p1a: Scolipede|Protect|p1a: Scolipede","|-singleturn|p1a: Scolipede|Protect","|move|p2a: Zapdos|Discharge|p1a: Scolipede","|-activate|p1a: Scolipede|Protect","|","|-boost|p1a: Scolipede|spe|1|[from] ability: Speed Boost","|turn|16","|","|move|p1a: Scolipede|Steamroller|p2a: Zapdos","|-resisted|p2a: Zapdos","|-damage|p2a: Zapdos|339/383","|move|p2a: Zapdos|Discharge|p1a: Scolipede","|-damage|p1a: Scolipede|111/262","|","|-heal|p2a: Zapdos|362/383|[from] item: Leftovers","|-boost|p1a: Scolipede|spe|1|[from] ability: Speed Boost","|turn|17","|","|move|p1a: Scolipede|Endeavor|p2a: Zapdos","|-damage|p2a: Zapdos|111/383","|move|p2a: Zapdos|Heat Wave|p1a: Scolipede","|-supereffective|p1a: Scolipede","|-damage|p1a: Scolipede|0 fnt","|faint|p1a: Scolipede","|","|-heal|p2a: Zapdos|134/383|[from] item: Leftovers","|","|switch|p1a: Muk|Muk, M|414/414","|turn|18","|","|move|p2a: Zapdos|Roost|p2a: Zapdos","|-heal|p2a: Zapdos|326/383","|move|p1a: Muk|Curse|p1a: Muk","|-unboost|p1a: Muk|spe|1","|-boost|p1a: Muk|atk|1","|-boost|p1a: Muk|def|1","|","|-heal|p2a: Zapdos|349/383|[from] item: Leftovers","|turn|19","|","|move|p2a: Zapdos|Discharge|p1a: Muk","|-damage|p1a: Muk|318/414","|move|p1a: Muk|Curse|p1a: Muk","|-unboost|p1a: Muk|spe|1","|-boost|p1a: Muk|atk|1","|-boost|p1a: Muk|def|1","|","|-heal|p2a: Zapdos|372/383|[from] item: Leftovers","|-heal|p1a: Muk|343/414|[from] item: Black Sludge","|turn|20","|","|move|p2a: Zapdos|Discharge|p1a: Muk","|-damage|p1a: Muk|240/414","|move|p1a: Muk|Curse|p1a: Muk","|-unboost|p1a: Muk|spe|1","|-boost|p1a: Muk|atk|1","|-boost|p1a: Muk|def|1","|","|-heal|p2a: Zapdos|383/383|[from] item: Leftovers","|-heal|p1a: Muk|265/414|[from] item: Black Sludge","|turn|21","|","|move|p2a: Zapdos|Discharge|p1a: Muk","|-damage|p1a: Muk|166/414","|move|p1a: Muk|Poison Jab|p2a: Zapdos","|-damage|p2a: Zapdos|176/383","|-status|p2a: Zapdos|psn","|","|-heal|p2a: Zapdos|199/383 psn|[from] item: Leftovers","|-heal|p1a: Muk|191/414|[from] item: Black Sludge","|-damage|p2a: Zapdos|152/383 psn|[from] psn","|turn|22","|","|move|p2a: Zapdos|Discharge|p1a: Muk","|-damage|p1a: Muk|91/414","|-status|p1a: Muk|par","|move|p1a: Muk|Curse|p1a: Muk","|-unboost|p1a: Muk|spe|1","|-boost|p1a: Muk|atk|1","|-boost|p1a: Muk|def|1","|","|-heal|p2a: Zapdos|175/383 psn|[from] item: Leftovers","|-heal|p1a: Muk|116/414 par|[from] item: Black Sludge","|-damage|p2a: Zapdos|128/383 psn|[from] psn","|turn|23","|","|switch|p2a: Magnezone|Magnezone|281/281","|cant|p1a: Muk|par","|","|-heal|p1a: Muk|141/414 par|[from] item: Black Sludge","|turn|24","|","|move|p2a: Magnezone|Flash Cannon|p1a: Muk","|-damage|p1a: Muk|23/414 par","|move|p1a: Muk|Brick Break|p2a: Magnezone","|-supereffective|p2a: Magnezone","|-ability|p2a: Magnezone|Sturdy","|-damage|p2a: Magnezone|1/281","|","|-heal|p1a: Muk|48/414 par|[from] item: Black Sludge","|turn|25","|","|move|p1a: Muk|Shadow Sneak|p2a: Magnezone","|-damage|p2a: Magnezone|0 fnt","|faint|p2a: Magnezone","|","|-heal|p1a: Muk|73/414 par|[from] item: Black Sludge","|","|switch|p2a: Ampharos|Ampharos, M|383/383","|turn|26","|","|detailschange|p2a: Ampharos|Ampharos-Mega, M","|-mega|p2a: Ampharos|Ampharos|Ampharosite","|-ability|p2a: Ampharos|Mold Breaker","|move|p1a: Muk|Shadow Sneak|p2a: Ampharos","|-damage|p2a: Ampharos|317/383","|move|p2a: Ampharos|Dragon Pulse|p1a: Muk","|-damage|p1a: Muk|0 fnt","|faint|p1a: Muk","|","|","|switch|p1a: Nidoking|Nidoking, M|304/304","|turn|27","|","|switch|p2a: Thundurus|Thundurus, M|210/299","|move|p1a: Nidoking|Ice Beam|p2a: Thundurus","|-supereffective|p2a: Thundurus","|-damage|p2a: Thundurus|0 fnt","|faint|p2a: Thundurus","|","|","|switch|p2a: Rotom-Wash|Rotom-Wash|303/303","|turn|28","|","|move|p1a: Nidoking|Venoshock|p2a: Rotom-Wash","|-damage|p2a: Rotom-Wash|208/303","|-damage|p1a: Nidoking|274/304|[from] item: Life Orb","|move|p2a: Rotom-Wash|Hydro Pump|p1a: Nidoking","|-supereffective|p1a: Nidoking","|-damage|p1a: Nidoking|0 fnt","|faint|p1a: Nidoking","|","|-heal|p2a: Rotom-Wash|226/303|[from] item: Leftovers","|","|switch|p1a: Venusaur|Venusaur, F|364/364","|turn|29","|","|detailschange|p1a: Venusaur|Venusaur-Mega, F","|-mega|p1a: Venusaur|Venusaur|Venusaurite","|move|p2a: Rotom-Wash|Will-O-Wisp|p1a: Venusaur","|-status|p1a: Venusaur|brn","|move|p1a: Venusaur|Leech Seed|p2a: Rotom-Wash","|-start|p2a: Rotom-Wash|move: Leech Seed","|","|-heal|p2a: Rotom-Wash|244/303|[from] item: Leftovers","|-damage|p2a: Rotom-Wash|207/303|[from] Leech Seed|[of] p1a: Venusaur","|-damage|p1a: Venusaur|319/364 brn|[from] brn","|turn|30","|","|move|p2a: Rotom-Wash|Volt Switch|p1a: Venusaur","|-resisted|p1a: Venusaur","|-damage|p1a: Venusaur|284/364 brn","|","|switch|p2a: Luxray|Luxray, M, shiny|301/301","|move|p1a: Venusaur|Giga Drain|p2a: Luxray","|-crit|p2a: Luxray","|-damage|p2a: Luxray|120/301","|-heal|p1a: Venusaur|364/364 brn|[from] drain|[of] p2a: Luxray","|","|-damage|p1a: Venusaur|319/364 brn|[from] brn","|turn|31","|","|move|p2a: Luxray|Crunch|p1a: Venusaur","|-damage|p1a: Venusaur|225/364 brn","|move|p1a: Venusaur|Leech Seed|p2a: Luxray","|-start|p2a: Luxray|move: Leech Seed","|","|-damage|p2a: Luxray|83/301|[from] Leech Seed|[of] p1a: Venusaur","|-heal|p1a: Venusaur|262/364 brn|[silent]","|-damage|p1a: Venusaur|217/364 brn|[from] brn","|turn|32","|","|move|p2a: Luxray|Crunch|p1a: Venusaur","|-damage|p1a: Venusaur|120/364 brn","|-unboost|p1a: Venusaur|def|1","|move|p1a: Venusaur|Synthesis|p1a: Venusaur","|-heal|p1a: Venusaur|302/364 brn","|","|-damage|p2a: Luxray|46/301|[from] Leech Seed|[of] p1a: Venusaur","|-heal|p1a: Venusaur|339/364 brn|[silent]","|-damage|p1a: Venusaur|294/364 brn|[from] brn","|turn|33","|","|move|p2a: Luxray|Crunch|p1a: Venusaur","|-damage|p1a: Venusaur|142/364 brn","|move|p1a: Venusaur|Giga Drain|p2a: Luxray","|-damage|p2a: Luxray|0 fnt","|-heal|p1a: Venusaur|165/364 brn|[from] drain|[of] p2a: Luxray","|faint|p2a: Luxray","|","|-damage|p1a: Venusaur|120/364 brn|[from] brn","|","|switch|p2a: Ampharos|Ampharos-Mega, M|317/383","|-ability|p2a: Ampharos|Mold Breaker","|turn|34","|","|move|p1a: Venusaur|Synthesis|p1a: Venusaur","|-heal|p1a: Venusaur|302/364 brn","|move|p2a: Ampharos|Dragon Pulse|p1a: Venusaur","|-damage|p1a: Venusaur|184/364 brn","|","|-damage|p1a: Venusaur|139/364 brn|[from] brn","|turn|35","|","|move|p1a: Venusaur|Sludge Bomb|p2a: Ampharos","|-damage|p2a: Ampharos|211/383","|-status|p2a: Ampharos|psn","|move|p2a: Ampharos|Dragon Pulse|p1a: Venusaur","|-damage|p1a: Venusaur|27/364 brn","|","|-damage|p1a: Venusaur|0 fnt|[from] brn","|-damage|p2a: Ampharos|164/383 psn|[from] psn","|faint|p1a: Venusaur","|","|win|Shining Yin"],"p1rating":{"entryid":"7556594","serverid":"eos","formatid":"monotype","userid":"tahit","username":"Tahit","w":"0","l":2,"t":"0","gxe":43.1,"r":"1500","rd":"130","sigma":"0","rptime":"1439283600","rpr":1444.6185316016,"rprd":116.39300916385,"rpsigma":"0","acre":1000,"lacre":1000,"oldacre":"1000"},"p2rating":{"entryid":"7208708","serverid":"eos","formatid":"monotype","userid":"shiningyin","username":"Shining Yin","w":33,"l":"15","t":"0","gxe":65.5,"r":"1617.0110270756","rd":"53.345383594389","sigma":"0","rptime":"1439283600","rpr":1622.2035735029,"rprd":52.863550353538,"rpsigma":"0","acre":1266.273259015,"lacre":1266.273259015,"oldacre":"1256.9973219197"},"endType":"normal"}