{"seed":[20502,29421,23841,37004],"turns":20,"p1":"SL~Kingdra","p2":"Lazulite Leavanny","p1team":[{"name":"Smegle","species":"smeargle","item":"focussash","ability":"Own Tempo","moves":["spore","stickyweb","stealthrock","transform"],"nature":"Timid","evs":{"hp":252,"atk":0,"def":4,"spa":0,"spd":0,"spe":252},"ivs":{"hp":31,"atk":31,"def":31,"spa":31,"spd":31,"spe":31}},{"name":"Pun Pun","species":"lopunny","item":"lopunnite","ability":"Limber","moves":["fakeout","icepunch","highjumpkick","return"],"nature":"Jolly","evs":{"hp":4,"atk":252,"def":0,"spa":0,"spd":0,"spe":252},"ivs":{"hp":31,"atk":31,"def":31,"spa":31,"spd":31,"spe":31}},{"name":"Mel-B","species":"meloetta","item":"leftovers","ability":"Serene Grace","moves":["psychic","shadowball","hypervoice","calmmind"],"nature":"Calm","evs":{"hp":252,"atk":0,"def":0,"spa":4,"spd":252,"spe":0},"ivs":{"hp":31,"atk":31,"def":30,"spa":30,"spd":30,"spe":31}},{"name":"Demolition","species":"diggersby","item":"lifeorb","ability":"Huge Power","moves":["earthquake","quickattack","return","firepunch"],"nature":"Adamant","evs":{"hp":4,"atk":252,"def":0,"spa":0,"spd":0,"spe":252},"ivs":{"hp":31,"atk":31,"def":31,"spa":31,"spd":31,"spe":31}},{"name":"Cute Blob","species":"ditto","item":"choicescarf","ability":"Imposter","moves":["transform"],"nature":"Timid","evs":{"hp":252,"atk":0,"def":4,"spa":0,"spd":0,"spe":252},"ivs":{"hp":31,"atk":31,"def":31,"spa":31,"spd":31,"spe":31}},{"name":"Corey","species":"porygonz","item":"focussash","ability":"Adaptability","moves":["triattack","icebeam","hiddenpowerfire","nastyplot"],"nature":"Timid","evs":{"hp":4,"atk":0,"def":0,"spa":0,"spd":0,"spe":252},"ivs":{"hp":31,"atk":30,"def":31,"spa":30,"spd":31,"spe":30}}],"p2team":[{"name":"Forretress","species":"Forretress","item":"leftovers","ability":"Sturdy","moves":["toxicspikes","spikes","stealthrock","rapidspin"],"nature":"Bold","evs":{"hp":252,"atk":0,"def":252,"spa":0,"spd":4,"spe":0},"ivs":{"hp":31,"atk":31,"def":31,"spa":31,"spd":31,"spe":31}},{"name":"Scolipede","species":"Scolipede","item":"focussash","ability":"Speed Boost","moves":["protect","agility","batonpass","steamroller"],"nature":"Adamant","evs":{"hp":0,"atk":252,"def":0,"spa":0,"spd":4,"spe":252},"ivs":{"hp":31,"atk":31,"def":31,"spa":31,"spd":31,"spe":31}},{"name":"Volcarona","species":"Volcarona","item":"leftovers","ability":"Flame Body","moves":["quiverdance","fierydance","bugbuzz","roost"],"nature":"Bold","evs":{"hp":252,"atk":0,"def":204,"spa":0,"spd":0,"spe":52},"ivs":{"hp":31,"atk":31,"def":31,"spa":31,"spd":31,"spe":31}},{"name":"Galvantula","species":"Galvantula","item":"focussash","ability":"Compound Eyes","moves":["stickyweb","thunder","bugbuzz","energyball"],"nature":"Timid","evs":{"hp":0,"atk":0,"def":0,"spa":252,"spd":4,"spe":252},"ivs":{"hp":31,"atk":31,"def":31,"spa":31,"spd":31,"spe":31}},{"name":"Pinsir","species":"Pinsir","item":"pinsirite","ability":"Moxie","moves":["xscissor","frustration","quickattack","earthquake"],"nature":"Adamant","evs":{"hp":248,"atk":252,"def":0,"spa":0,"spd":8,"spe":0},"gender":"F","happiness":0,"ivs":{"hp":31,"atk":31,"def":31,"spa":31,"spd":31,"spe":31}},{"name":"Crustle","species":"Crustle","item":"liechiberry","ability":"Sturdy","moves":["shellsmash","earthquake","stoneedge","xscissor"],"nature":"Adamant","evs":{"hp":0,"atk":252,"def":0,"spa":0,"spd":4,"spe":252},"ivs":{"hp":31,"atk":31,"def":31,"spa":31,"spd":31,"spe":31}}],"log":["|player|p1|SL~Kingdra|99","|player|p2|Lazulite Leavanny|290","|gametype|singles","|gen|6","|tier|Monotype","|rated","|rule|Baton Pass Clause: Limit one Baton Passer, can't pass Spe and other stats simultaneously","|rule|Swagger Clause: Swagger is banned","|rule|Same Type Clause: Pokémon in a team must share a type","|clearpoke","|poke|p1|Smeargle, F","|poke|p1|Lopunny, F","|poke|p1|Meloetta","|poke|p1|Diggersby, F","|poke|p1|Ditto","|poke|p1|Porygon-Z","|poke|p2|Forretress, F","|poke|p2|Scolipede, M","|poke|p2|Volcarona, F","|poke|p2|Galvantula, F","|poke|p2|Pinsir, F","|poke|p2|Crustle, F","|rule|Sleep Clause Mod: Limit one foe put to sleep","|rule|Species Clause: Limit one of each Pokémon","|rule|OHKO Clause: OHKO moves are banned","|rule|Moody Clause: Moody is banned","|rule|Evasion Moves Clause: Evasion moves are banned","|rule|Endless Battle Clause: Forcing endless battles is banned","|rule|HP Percentage Mod: HP is shown in percentages","|teampreview","|","|start","|switch|p1a: Smegle|Smeargle, F|314/314","|switch|p2a: Volcarona|Volcarona, F|374/374","|turn|1","|","|move|p1a: Smegle|Sticky Web|p2a: Volcarona","|-sidestart|p2: Lazulite Leavanny|move: Sticky Web","|move|p2a: Volcarona|Quiver Dance|p2a: Volcarona","|-boost|p2a: Volcarona|spa|1","|-boost|p2a: Volcarona|spd|1","|-boost|p2a: Volcarona|spe|1","|","|turn|2","|","|move|p2a: Volcarona|Quiver Dance|p2a: Volcarona","|-boost|p2a: Volcarona|spa|1","|-boost|p2a: Volcarona|spd|1","|-boost|p2a: Volcarona|spe|1","|move|p1a: Smegle|Stealth Rock|p2a: Volcarona","|-sidestart|p2: Lazulite Leavanny|move: Stealth Rock","|","|turn|3","|","|move|p2a: Volcarona|Fiery Dance|p1a: Smegle","|-enditem|p1a: Smegle|Focus Sash","|-damage|p1a: Smegle|1/314","|move|p1a: Smegle|Stealth Rock|p2a: Volcarona","|-fail|p2a: Volcarona","|","|turn|4","|","|move|p2a: Volcarona|Bug Buzz|p1a: Smegle","|-damage|p1a: Smegle|0 fnt","|faint|p1a: Smegle","|","|","|switch|p1a: Cute Blob|Ditto|300/300","|-transform|p1a: Cute Blob|p2a: Volcarona","|turn|5","|","|move|p1a: Cute Blob|Fiery Dance|p2a: Volcarona","|-damage|p2a: Volcarona|247/374","|move|p2a: Volcarona|Fiery Dance|p1a: Cute Blob","|-damage|p1a: Cute Blob|182/300","|-boost|p2a: Volcarona|spa|1","|","|-heal|p2a: Volcarona|270/374|[from] item: Leftovers","|turn|6","|","|move|p1a: Cute Blob|Fiery Dance|p2a: Volcarona","|-damage|p2a: Volcarona|146/374","|-boost|p1a: Cute Blob|spa|1","|move|p2a: Volcarona|Fiery Dance|p1a: Cute Blob","|-damage|p1a: Cute Blob|47/300","|","|-heal|p2a: Volcarona|169/374|[from] item: Leftovers","|turn|7","|","|move|p1a: Cute Blob|Fiery Dance|p2a: Volcarona","|-damage|p2a: Volcarona|27/374","|move|p2a: Volcarona|Fiery Dance|p1a: Cute Blob","|-damage|p1a: Cute Blob|0 fnt","|-boost|p2a: Volcarona|spa|1","|faint|p1a: Cute Blob","|","|-heal|p2a: Volcarona|50/374|[from] item: Leftovers","|","|switch|p1a: Pun Pun|Lopunny, F|272/272","|turn|8","|","|detailschange|p1a: Pun Pun|Lopunny-Mega, F","|-mega|p1a: Pun Pun|Lopunny|Lopunnite","|move|p1a: Pun Pun|Fake Out|p2a: Volcarona","|-damage|p2a: Volcarona|0 fnt","|-status|p1a: Pun Pun|brn","|faint|p2a: Volcarona","|","|-damage|p1a: Pun Pun|238/272 brn|[from] brn","|","|switch|p2a: Forretress|Forretress, F|354/354","|-activate|p2a: Forretress|move: Sticky Web","|-unboost|p2a: Forretress|spe|1","|-damage|p2a: Forretress|310/354|[from] Stealth Rock","|turn|9","|","|switch|p1a: Demolition|Diggersby, F|312/312","|move|p2a: Forretress|Toxic Spikes|p1a: Demolition","|-sidestart|p1: SL~Kingdra|move: Toxic Spikes","|","|-heal|p2a: Forretress|332/354|[from] item: Leftovers","|turn|10","|","|move|p1a: Demolition|Fire Punch|p2a: Forretress","|-supereffective|p2a: Forretress","|-damage|p2a: Forretress|0 fnt","|-damage|p1a: Demolition|281/312|[from] item: Life Orb","|faint|p2a: Forretress","|","|","|switch|p2a: Scolipede|Scolipede, M|261/261","|-damage|p2a: Scolipede|196/261|[from] Stealth Rock","|-activate|p2a: Scolipede|move: Sticky Web","|-unboost|p2a: Scolipede|spe|1","|turn|11","|","|move|p1a: Demolition|Fire Punch|p2a: Scolipede","|-supereffective|p2a: Scolipede","|-damage|p2a: Scolipede|0 fnt","|-damage|p1a: Demolition|250/312|[from] item: Life Orb","|faint|p2a: Scolipede","|","|","|switch|p2a: Galvantula|Galvantula, F|281/281","|-damage|p2a: Galvantula|211/281|[from] Stealth Rock","|-activate|p2a: Galvantula|move: Sticky Web","|-unboost|p2a: Galvantula|spe|1","|turn|12","|","|move|p1a: Demolition|Fire Punch|p2a: Galvantula","|-supereffective|p2a: Galvantula","|-damage|p2a: Galvantula|0 fnt","|-damage|p1a: Demolition|219/312|[from] item: Life Orb","|faint|p2a: Galvantula","|","|","|switch|p2a: Pinsir|Pinsir, F|333/333","|-activate|p2a: Pinsir|move: Sticky Web","|-unboost|p2a: Pinsir|spe|1","|-damage|p2a: Pinsir|250/333|[from] Stealth Rock","|turn|13","|","|detailschange|p2a: Pinsir|Pinsir-Mega, F","|-mega|p2a: Pinsir|Pinsir|Pinsirite","|move|p1a: Demolition|Quick Attack|p2a: Pinsir","|-damage|p2a: Pinsir|141/333","|-damage|p1a: Demolition|188/312|[from] item: Life Orb","|move|p2a: Pinsir|Quick Attack|p1a: Demolition","|-damage|p1a: Demolition|41/312","|","|turn|14","|","|move|p1a: Demolition|Quick Attack|p2a: Pinsir","|-damage|p2a: Pinsir|40/333","|-damage|p1a: Demolition|10/312|[from] item: Life Orb","|move|p2a: Pinsir|Quick Attack|p1a: Demolition","|-crit|p1a: Demolition","|-damage|p1a: Demolition|0 fnt","|faint|p1a: Demolition","|","|","|switch|p1a: Pun Pun|Lopunny-Mega, F|238/272 brn","|turn|15","|","|switch|p2a: Crustle|Crustle, F|281/281","|-activate|p2a: Crustle|move: Sticky Web","|-unboost|p2a: Crustle|spe|1","|-damage|p2a: Crustle|211/281|[from] Stealth Rock","|move|p1a: Pun Pun|Fake Out|p2a: Crustle","|-resisted|p2a: Crustle","|-damage|p2a: Crustle|196/281","|","|-damage|p1a: Pun Pun|204/272 brn|[from] brn","|turn|16","|","|move|p1a: Pun Pun|Ice Punch|p2a: Crustle","|-damage|p2a: Crustle|159/281","|-status|p2a: Crustle|frz","|cant|p2a: Crustle|frz","|","|-damage|p1a: Pun Pun|170/272 brn|[from] brn","|turn|17","|","|switch|p1a: Corey|Porygon-Z|312/312","|-status|p1a: Corey|psn","|cant|p2a: Crustle|frz","|","|-damage|p1a: Corey|273/312 psn|[from] psn","|turn|18","|","|move|p1a: Corey|Nasty Plot|p1a: Corey","|-boost|p1a: Corey|spa|2","|cant|p2a: Crustle|frz","|","|-damage|p1a: Corey|234/312 psn|[from] psn","|turn|19","|","|move|p1a: Corey|Hidden Power|p2a: Crustle","|-damage|p2a: Crustle|2/281 frz","|-curestatus|p2a: Crustle|frz","|-enditem|p2a: Crustle|Liechi Berry|[eat]","|-boost|p2a: Crustle|atk|1|[from] item: Liechi Berry","|move|p2a: Crustle|Shell Smash|p2a: Crustle","|-unboost|p2a: Crustle|def|1","|-unboost|p2a: Crustle|spd|1","|-boost|p2a: Crustle|atk|2","|-boost|p2a: Crustle|spa|2","|-boost|p2a: Crustle|spe|2","|","|-damage|p1a: Corey|195/312 psn|[from] psn","|turn|20","|","|move|p1a: Corey|Hidden Power|p2a: Crustle","|-damage|p2a: Crustle|0 fnt","|faint|p2a: Crustle","|","|-damage|p1a: Corey|156/312 psn|[from] psn","|","|switch|p2a: Pinsir|Pinsir-Mega, F|40/333","|-damage|p2a: Pinsir|0 fnt|[from] Stealth Rock","|faint|p2a: Pinsir","|","|win|SL~Kingdra"],"p1rating":{"entryid":"7548471","serverid":"eos","formatid":"monotype","userid":"slkingdra","username":"SL~Kingdra","w":7,"l":"2","t":"0","gxe":64,"r":"1529.4716422691","rd":"111.03844248626","sigma":"0","rptime":"1439283600","rpr":1611.7170496905,"rprd":89.161161359734,"rpsigma":"0","acre":1189.1317113747,"lacre":1189.1317113747,"oldacre":"1170.8473577507"},"p2rating":{"entryid":"7549999","serverid":"eos","formatid":"monotype","userid":"lazuliteleavanny","username":"Lazulite Leavanny","w":"3","l":3,"t":"0","gxe":51.4,"r":"1551.195063629","rd":"122.13325259017","sigma":"0","rptime":"1439283600","rpr":1510.9682597296,"rprd":98.726994848527,"rpsigma":"0","acre":1059.6094497905,"lacre":1059.6094497905,"oldacre":"1075.1697758174"},"endType":"normal"}