{"seed":[49150,22303,53575,5425],"turns":37,"p1":"Alliance - Mxy","p2":"Intern Twizz","p1team":[{"name":"Beedrill","species":"Beedrill","item":"beedrillite","ability":"Swarm","moves":["uturn","poisonjab","knockoff","protect"],"nature":"Jolly","evs":{"hp":0,"atk":252,"def":0,"spa":0,"spd":4,"spe":252},"ivs":{"hp":31,"atk":31,"def":31,"spa":31,"spd":31,"spe":31}},{"name":"Weezing","species":"Weezing","item":"blacksludge","ability":"Levitate","moves":["fireblast","sludgewave","willowisp","painsplit"],"nature":"Bold","evs":{"hp":248,"atk":0,"def":252,"spa":8,"spd":0,"spe":0},"ivs":{"hp":31,"atk":31,"def":31,"spa":31,"spd":31,"spe":31}},{"name":"Roserade","species":"Roserade","item":"choicescarf","ability":"Natural Cure","moves":["leafstorm","dazzlinggleam","sludgebomb","shadowball"],"nature":"Timid","evs":{"hp":0,"atk":0,"def":0,"spa":252,"spd":4,"spe":252},"ivs":{"hp":31,"atk":31,"def":31,"spa":31,"spd":31,"spe":31}},{"name":"Gengar","species":"Gengar","item":"focussash","ability":"Levitate","moves":["shadowball","sludgewave","focusblast","destinybond"],"nature":"Timid","evs":{"hp":0,"atk":0,"def":0,"spa":252,"spd":4,"spe":252},"ivs":{"hp":31,"atk":31,"def":31,"spa":31,"spd":31,"spe":31}},{"name":"Skuntank","species":"Skuntank","item":"blackglasses","ability":"Aftermath","moves":["suckerpunch","pursuit","toxic","defog"],"nature":"Adamant","evs":{"hp":0,"atk":252,"def":0,"spa":0,"spd":0,"spe":252},"ivs":{"hp":31,"atk":31,"def":31,"spa":31,"spd":31,"spe":31}},{"name":"Nidoking","species":"Nidoking","item":"lifeorb","ability":"Sheer Force","moves":["earthpower","flamethrower","icebeam","thunderbolt"],"nature":"Timid","evs":{"hp":0,"atk":0,"def":0,"spa":252,"spd":4,"spe":252},"ivs":{"hp":31,"atk":31,"def":31,"spa":31,"spd":31,"spe":31}}],"p2team":[{"name":"Magnezone","species":"Magnezone","item":"leftovers","ability":"Sturdy","moves":["flashcannon","thunderbolt","protect","hiddenpowerice"],"nature":"Modest","evs":{"hp":76,"atk":0,"def":180,"spa":252,"spd":0,"spe":0},"ivs":{"hp":31,"atk":30,"def":30,"spa":31,"spd":31,"spe":31}},{"name":"Zapdos","species":"Zapdos","item":"leftovers","ability":"Pressure","moves":["discharge","heatwave","toxic","roost"],"nature":"Bold","evs":{"hp":4,"atk":0,"def":252,"spa":56,"spd":196,"spe":0},"ivs":{"hp":31,"atk":31,"def":31,"spa":31,"spd":31,"spe":31}},{"name":"Ampharos","species":"Ampharos","item":"ampharosite","ability":"Static","moves":["cottonguard","rest","sleeptalk","dragonpulse"],"nature":"Bold","evs":{"hp":0,"atk":0,"def":252,"spa":136,"spd":120,"spe":0},"ivs":{"hp":31,"atk":31,"def":31,"spa":31,"spd":31,"spe":31}},{"name":"Raikou","species":"Raikou","item":"leftovers","ability":"Pressure","moves":["calmmind","substitute","thunderbolt","extrasensory"],"nature":"Timid","evs":{"hp":0,"atk":0,"def":0,"spa":252,"spd":4,"spe":252},"ivs":{"hp":31,"atk":31,"def":31,"spa":31,"spd":31,"spe":31}},{"name":"Rotom-Wash","species":"Rotom-Wash","item":"choicescarf","ability":"Levitate","moves":["voltswitch","hydropump","willowisp","trick"],"nature":"Timid","evs":{"hp":0,"atk":0,"def":0,"spa":252,"spd":4,"spe":252},"ivs":{"hp":31,"atk":31,"def":31,"spa":31,"spd":31,"spe":31}},{"name":"Condom","species":"eelektross","item":"assaultvest","ability":"Levitate","moves":["gigadrain","thunderbolt","drainpunch","knockoff"],"nature":"Quiet","evs":{"hp":3,"atk":136,"def":0,"spa":108,"spd":252,"spe":0},"ivs":{"hp":31,"atk":31,"def":31,"spa":31,"spd":31,"spe":31}}],"log":["|player|p1|Alliance - Mxy|270","|player|p2|Intern Twizz|122","|gametype|singles","|gen|6","|tier|Monotype","|rated","|rule|Baton Pass Clause: Limit one Baton Passer, can't pass Spe and other stats simultaneously","|rule|Swagger Clause: Swagger is banned","|rule|Same Type Clause: Pokémon in a team must share a type","|clearpoke","|poke|p1|Beedrill, F","|poke|p1|Weezing, M","|poke|p1|Roserade, F","|poke|p1|Gengar, M","|poke|p1|Skuntank, M","|poke|p1|Nidoking, M","|poke|p2|Magnezone","|poke|p2|Zapdos","|poke|p2|Ampharos, M","|poke|p2|Raikou","|poke|p2|Rotom-Wash","|poke|p2|Eelektross, F","|rule|Sleep Clause Mod: Limit one foe put to sleep","|rule|Species Clause: Limit one of each Pokémon","|rule|OHKO Clause: OHKO moves are banned","|rule|Moody Clause: Moody is banned","|rule|Evasion Moves Clause: Evasion moves are banned","|rule|Endless Battle Clause: Forcing endless battles is banned","|rule|HP Percentage Mod: HP is shown in percentages","|teampreview","|","|start","|switch|p1a: Beedrill|Beedrill, F|271/271","|switch|p2a: Rotom-Wash|Rotom-Wash|241/241","|turn|1","|","|switch|p2a: Magnezone|Magnezone|300/300","|detailschange|p1a: Beedrill|Beedrill-Mega, F","|-mega|p1a: Beedrill|Beedrill|Beedrillite","|move|p1a: Beedrill|U-turn|p2a: Magnezone","|-resisted|p2a: Magnezone","|-damage|p2a: Magnezone|227/300","|","|switch|p1a: Nidoking|Nidoking, M|303/303","|","|-heal|p2a: Magnezone|245/300|[from] item: Leftovers","|turn|2","|","|switch|p1a: Roserade|Roserade, F|261/261","|move|p2a: Magnezone|Protect|p2a: Magnezone","|-fail|p2a: Magnezone","|","|-heal|p2a: Magnezone|263/300|[from] item: Leftovers","|turn|3","|","|switch|p1a: Nidoking|Nidoking, M|303/303","|move|p2a: Magnezone|Protect|p2a: Magnezone","|-fail|p2a: Magnezone","|","|-heal|p2a: Magnezone|281/300|[from] item: Leftovers","|turn|4","|","|move|p2a: Magnezone|Protect|p2a: Magnezone","|-singleturn|p2a: Magnezone|Protect","|move|p1a: Nidoking|Flamethrower|p2a: Magnezone","|-activate|p2a: Magnezone|Protect","|","|-heal|p2a: Magnezone|299/300|[from] item: Leftovers","|turn|5","|","|switch|p2a: Rotom-Wash|Rotom-Wash|241/241","|move|p1a: Nidoking|Earth Power|p2a: Rotom-Wash","|-immune|p2a: Rotom-Wash|[msg]","|","|turn|6","|","|switch|p1a: Roserade|Roserade, F|261/261","|move|p2a: Rotom-Wash|Hydro Pump|p1a: Roserade","|-resisted|p1a: Roserade","|-damage|p1a: Roserade|187/261","|","|turn|7","|","|switch|p2a: Condom|Eelektross, F|311/311","|move|p1a: Roserade|Leaf Storm|p2a: Condom","|-damage|p2a: Condom|182/311","|-unboost|p1a: Roserade|spa|2","|","|turn|8","|","|switch|p1a: Weezing|Weezing, M|333/333","|move|p2a: Condom|Knock Off|p1a: Weezing","|-damage|p1a: Weezing|269/333","|-enditem|p1a: Weezing|Black Sludge|[from] move: Knock Off|[of] p2a: Condom","|","|turn|9","|","|switch|p2a: Rotom-Wash|Rotom-Wash|241/241","|move|p1a: Weezing|Will-O-Wisp|p2a: Rotom-Wash","|-status|p2a: Rotom-Wash|brn","|","|-damage|p2a: Rotom-Wash|211/241 brn|[from] brn","|turn|10","|","|switch|p1a: Roserade|Roserade, F|187/261","|move|p2a: Rotom-Wash|Trick|p1a: Roserade","|-activate|p2a: Rotom-Wash|move: Trick|[of] p1a: Roserade","|-item|p1a: Roserade|Choice Scarf|[from] move: Trick","|-item|p2a: Rotom-Wash|Choice Scarf|[from] move: Trick","|","|-damage|p2a: Rotom-Wash|181/241 brn|[from] brn","|turn|11","|","|switch|p2a: Condom|Eelektross, F|182/311","|move|p1a: Roserade|Leaf Storm|p2a: Condom","|-damage|p2a: Condom|47/311","|-unboost|p1a: Roserade|spa|2","|","|turn|12","|","|move|p1a: Roserade|Leaf Storm|p2a: Condom|[miss]","|-miss|p1a: Roserade|p2a: Condom","|move|p2a: Condom|Knock Off|p1a: Roserade","|-damage|p1a: Roserade|52/261","|-enditem|p1a: Roserade|Choice Scarf|[from] move: Knock Off|[of] p2a: Condom","|","|turn|13","|","|move|p1a: Roserade|Leaf Storm|p2a: Condom","|-damage|p2a: Condom|0 fnt","|-unboost|p1a: Roserade|spa|2","|faint|p2a: Condom","|","|","|switch|p2a: Raikou|Raikou|321/321","|-ability|p2a: Raikou|Pressure","|turn|14","|","|move|p2a: Raikou|Substitute|p2a: Raikou","|-start|p2a: Raikou|Substitute","|-damage|p2a: Raikou|241/321","|move|p1a: Roserade|Shadow Ball|p2a: Raikou","|-activate|p2a: Raikou|Substitute|[damage]","|","|-heal|p2a: Raikou|261/321|[from] item: Leftovers","|turn|15","|","|move|p2a: Raikou|Calm Mind|p2a: Raikou","|-boost|p2a: Raikou|spa|1","|-boost|p2a: Raikou|spd|1","|move|p1a: Roserade|Sludge Bomb|p2a: Raikou","|-activate|p2a: Raikou|Substitute|[damage]","|","|-heal|p2a: Raikou|281/321|[from] item: Leftovers","|turn|16","|","|move|p2a: Raikou|Calm Mind|p2a: Raikou","|-boost|p2a: Raikou|spa|1","|-boost|p2a: Raikou|spd|1","|move|p1a: Roserade|Sludge Bomb|p2a: Raikou","|-crit|p2a: Raikou","|-end|p2a: Raikou|Substitute","|","|-heal|p2a: Raikou|301/321|[from] item: Leftovers","|turn|17","|","|move|p2a: Raikou|Substitute|p2a: Raikou","|-start|p2a: Raikou|Substitute","|-damage|p2a: Raikou|221/321","|move|p1a: Roserade|Leaf Storm|p2a: Raikou","|-activate|p2a: Raikou|Substitute|[damage]","|-unboost|p1a: Roserade|spa|2","|","|-heal|p2a: Raikou|241/321|[from] item: Leftovers","|turn|18","|","|move|p2a: Raikou|Calm Mind|p2a: Raikou","|-boost|p2a: Raikou|spa|1","|-boost|p2a: Raikou|spd|1","|move|p1a: Roserade|Leaf Storm|p2a: Raikou","|-crit|p2a: Raikou","|-end|p2a: Raikou|Substitute","|","|-heal|p2a: Raikou|261/321|[from] item: Leftovers","|turn|19","|","|move|p2a: Raikou|Substitute|p2a: Raikou","|-start|p2a: Raikou|Substitute","|-damage|p2a: Raikou|181/321","|move|p1a: Roserade|Sludge Bomb|p2a: Raikou","|-activate|p2a: Raikou|Substitute|[damage]","|","|-heal|p2a: Raikou|201/321|[from] item: Leftovers","|turn|20","|","|switch|p1a: Gengar|Gengar, M|261/261","|move|p2a: Raikou|Calm Mind|p2a: Raikou","|-boost|p2a: Raikou|spa|1","|-boost|p2a: Raikou|spd|1","|","|-heal|p2a: Raikou|221/321|[from] item: Leftovers","|turn|21","|","|move|p2a: Raikou|Extrasensory|p1a: Gengar","|-supereffective|p1a: Gengar","|-enditem|p1a: Gengar|Focus Sash","|-damage|p1a: Gengar|1/261","|move|p1a: Gengar|Shadow Ball|p2a: Raikou","|-activate|p2a: Raikou|Substitute|[damage]","|","|-heal|p2a: Raikou|241/321|[from] item: Leftovers","|turn|22","|","|move|p2a: Raikou|Thunderbolt|p1a: Gengar","|-damage|p1a: Gengar|0 fnt","|faint|p1a: Gengar","|","|-heal|p2a: Raikou|261/321|[from] item: Leftovers","|","|switch|p1a: Skuntank|Skuntank, M|347/347","|turn|23","|","|move|p1a: Skuntank|Sucker Punch|p2a: Raikou","|-end|p2a: Raikou|Substitute","|move|p2a: Raikou|Thunderbolt|p1a: Skuntank","|-damage|p1a: Skuntank|0 fnt","|faint|p1a: Skuntank","|","|-heal|p2a: Raikou|281/321|[from] item: Leftovers","|","|switch|p1a: Beedrill|Beedrill-Mega, F|271/271","|turn|24","|","|move|p1a: Beedrill|Poison Jab|p2a: Raikou","|-damage|p2a: Raikou|5/321","|move|p2a: Raikou|Substitute|p2a: Raikou","|-fail|p2a: Raikou|move: Substitute|[weak]","|","|-heal|p2a: Raikou|25/321|[from] item: Leftovers","|turn|25","|","|move|p1a: Beedrill|Knock Off|p2a: Raikou","|-damage|p2a: Raikou|0 fnt","|-enditem|p2a: Raikou|Leftovers|[from] move: Knock Off|[of] p1a: Beedrill","|faint|p2a: Raikou","|","|","|switch|p2a: Rotom-Wash|Rotom-Wash|181/241 brn","|turn|26","|","|move|p1a: Beedrill|Protect|p1a: Beedrill","|-singleturn|p1a: Beedrill|Protect","|move|p2a: Rotom-Wash|Will-O-Wisp|p1a: Beedrill","|-activate|p1a: Beedrill|Protect","|","|-damage|p2a: Rotom-Wash|151/241 brn|[from] brn","|turn|27","|","|switch|p1a: Roserade|Roserade, F|52/261","|move|p2a: Rotom-Wash|Will-O-Wisp|p1a: Roserade","|-status|p1a: Roserade|brn","|","|-damage|p2a: Rotom-Wash|121/241 brn|[from] brn","|-damage|p1a: Roserade|20/261 brn|[from] brn","|turn|28","|","|switch|p2a: Zapdos|Zapdos|322/322","|-ability|p2a: Zapdos|Pressure","|move|p1a: Roserade|Shadow Ball|p2a: Zapdos","|-damage|p2a: Zapdos|241/322","|","|-heal|p2a: Zapdos|261/322|[from] item: Leftovers","|-damage|p1a: Roserade|0 fnt|[from] brn","|faint|p1a: Roserade","|","|switch|p1a: Nidoking|Nidoking, M|303/303","|turn|29","|","|switch|p2a: Rotom-Wash|Rotom-Wash|121/241 brn","|move|p1a: Nidoking|Ice Beam|p2a: Rotom-Wash","|-resisted|p2a: Rotom-Wash","|-damage|p2a: Rotom-Wash|60/241 brn","|","|-damage|p2a: Rotom-Wash|30/241 brn|[from] brn","|turn|30","|","|switch|p1a: Weezing|Weezing, M|269/333","|move|p2a: Rotom-Wash|Hydro Pump|p1a: Weezing","|-damage|p1a: Weezing|53/333","|","|-damage|p2a: Rotom-Wash|0 fnt|[from] brn","|faint|p2a: Rotom-Wash","|","|switch|p2a: Zapdos|Zapdos|261/322","|-ability|p2a: Zapdos|Pressure","|turn|31","|","|switch|p1a: Nidoking|Nidoking, M|303/303","|move|p2a: Zapdos|Heat Wave|p1a: Nidoking","|-damage|p1a: Nidoking|188/303","|","|-heal|p2a: Zapdos|281/322|[from] item: Leftovers","|turn|32","|","|move|p1a: Nidoking|Ice Beam|p2a: Zapdos","|-supereffective|p2a: Zapdos","|-damage|p2a: Zapdos|55/322","|move|p2a: Zapdos|Roost|p2a: Zapdos","|-heal|p2a: Zapdos|216/322","|","|-heal|p2a: Zapdos|236/322|[from] item: Leftovers","|turn|33","|","|switch|p2a: Magnezone|Magnezone|299/300","|move|p1a: Nidoking|Ice Beam|p2a: Magnezone","|-resisted|p2a: Magnezone","|-damage|p2a: Magnezone|225/300","|","|-heal|p2a: Magnezone|243/300|[from] item: Leftovers","|turn|34","|","|move|p1a: Nidoking|Flamethrower|p2a: Magnezone","|-supereffective|p2a: Magnezone","|-damage|p2a: Magnezone|0 fnt","|faint|p2a: Magnezone","|","|","|switch|p2a: Ampharos|Ampharos, M|321/321","|turn|35","|","|detailschange|p2a: Ampharos|Ampharos-Mega, M","|-mega|p2a: Ampharos|Ampharos|Ampharosite","|-ability|p2a: Ampharos|Mold Breaker","|move|p1a: Nidoking|Earth Power|p2a: Ampharos","|-supereffective|p2a: Ampharos","|-damage|p2a: Ampharos|0 fnt","|faint|p2a: Ampharos","|","|","|switch|p2a: Zapdos|Zapdos|236/322","|-ability|p2a: Zapdos|Pressure","|turn|36","|","|move|p1a: Nidoking|Ice Beam|p2a: Zapdos","|-supereffective|p2a: Zapdos","|-damage|p2a: Zapdos|15/322","|move|p2a: Zapdos|Roost|p2a: Zapdos","|-heal|p2a: Zapdos|176/322","|","|-heal|p2a: Zapdos|196/322|[from] item: Leftovers","|turn|37","|","|move|p1a: Nidoking|Ice Beam|p2a: Zapdos","|-supereffective|p2a: Zapdos","|-damage|p2a: Zapdos|0 fnt","|faint|p2a: Zapdos","|","|win|Alliance - Mxy"],"p1rating":{"entryid":"6690851","serverid":"eos","formatid":"monotype","userid":"alliancemxy","username":"Alliance - Mxy","w":73,"l":"46","t":"0","gxe":60.1,"r":"1578.3010914634","rd":"36.260044301362","sigma":"0","rptime":"1439283600","rpr":1577.4668845016,"rprd":35.912932772693,"rpsigma":"0","acre":1123.2874001561,"lacre":1123.2874001561,"oldacre":"1086.7806156097"},"p2rating":{"entryid":"7448162","serverid":"eos","formatid":"monotype","userid":"interntwizz","username":"Intern Twizz","w":"26","l":21,"t":"0","gxe":54.8,"r":"1543.3992484387","rd":"51.111942211206","sigma":"0","rptime":"1439283600","rpr":1536.2814899814,"rprd":49.675683811205,"rpsigma":"0","acre":1181.0980059951,"lacre":1181.0980059951,"oldacre":"1214.9219965453"},"endType":"normal"}