{"seed":[56917,3066,7608,19983],"turns":24,"p1":"GTX Lynxice","p2":"Pastor Jeff","p1team":[{"name":"W5 Swampert","species":"swampert","item":"focussash","ability":"Torrent","moves":["protect","counter","mirrorcoat","waterfall"],"nature":"Jolly","evs":{"hp":0,"atk":252,"def":0,"spa":0,"spd":0,"spe":248},"ivs":{"hp":31,"atk":31,"def":31,"spa":31,"spd":31,"spe":31}},{"name":"W3 Cloyster","species":"cloyster","item":"focussash","ability":"Skill Link","moves":["rockblast","iciclespear","rapidspin","shellsmash"],"nature":"Naive","evs":{"hp":0,"atk":252,"def":0,"spa":0,"spd":0,"spe":252},"ivs":{"hp":31,"atk":31,"def":31,"spa":31,"spd":31,"spe":31}},{"name":"W4 Lapras","species":"lapras","item":"chestoberry","ability":"Shell Armor","moves":["whirlpool","freezedry","rest","thunderbolt"],"nature":"Timid","evs":{"hp":252,"atk":0,"def":40,"spa":0,"spd":0,"spe":216},"ivs":{"hp":31,"atk":31,"def":31,"spa":31,"spd":31,"spe":31}},{"name":"W1 Milotic","species":"milotic","item":"wacanberry","ability":"Marvel Scale","moves":["recover","hypnosis","surf","icebeam"],"nature":"Timid","evs":{"hp":252,"atk":0,"def":252,"spa":0,"spd":0,"spe":4},"ivs":{"hp":31,"atk":31,"def":31,"spa":31,"spd":31,"spe":31}},{"name":"W2 Lanturn","species":"lanturn","item":"leftovers","ability":"Volt Absorb","moves":["thunderbolt","toxic","healbell","scald"],"nature":"","evs":{"hp":252,"atk":0,"def":0,"spa":252,"spd":0,"spe":4},"ivs":{"hp":31,"atk":31,"def":31,"spa":31,"spd":31,"spe":31}},{"name":"W5 Azumarill","species":"azumarill","item":"leftovers","ability":"Sap Sipper","moves":["icepunch","waterfall","aquajet","playrough"],"nature":"Adamant","evs":{"hp":252,"atk":252,"def":0,"spa":0,"spd":0,"spe":0},"ivs":{"hp":31,"atk":31,"def":31,"spa":31,"spd":31,"spe":31}}],"p2team":[{"name":"Azumarill","species":"Azumarill","item":"sitrusberry","ability":"Huge Power","moves":["aquajet","bellydrum","knockoff","icepunch"],"nature":"Adamant","evs":{"hp":248,"atk":252,"def":0,"spa":0,"spd":8,"spe":0},"gender":"M","shiny":true,"ivs":{"hp":31,"atk":31,"def":31,"spa":31,"spd":31,"spe":31}},{"name":"Gardevoir","species":"Gardevoir","item":"gardevoirite","ability":"Trace","moves":["hypervoice","psyshock","focusblast","willowisp"],"nature":"Timid","evs":{"hp":0,"atk":0,"def":24,"spa":232,"spd":0,"spe":252},"gender":"F","shiny":true,"ivs":{"hp":31,"atk":31,"def":31,"spa":31,"spd":31,"spe":31}},{"name":"Sylveon","species":"Sylveon","item":"choicespecs","ability":"Pixilate","moves":["hypervoice","psyshock","hiddenpowerfire","doubleedge"],"nature":"Modest","evs":{"hp":240,"atk":0,"def":0,"spa":252,"spd":0,"spe":16},"gender":"M","shiny":true,"ivs":{"atk":30,"spa":30,"spe":30,"hp":31,"def":31,"spd":31}},{"name":"Togekiss","species":"Togekiss","item":"leftovers","ability":"Serene Grace","moves":["nastyplot","airslash","thunderwave","roost"],"nature":"Timid","evs":{"hp":248,"atk":0,"def":76,"spa":0,"spd":8,"spe":176},"gender":"M","shiny":true,"ivs":{"hp":31,"atk":31,"def":31,"spa":31,"spd":31,"spe":31}},{"name":"Florges","species":"Florges","item":"leftovers","ability":"Flower Veil","moves":["calmmind","moonblast","synthesis","aromatherapy"],"nature":"Bold","evs":{"hp":252,"atk":0,"def":252,"spa":4,"spd":0,"spe":0},"shiny":true,"ivs":{"hp":31,"atk":31,"def":31,"spa":31,"spd":31,"spe":31}},{"name":"Klefki","species":"Klefki","item":"leftovers","ability":"Prankster","moves":["spikes","thunderwave","magnetrise","playrough"],"nature":"Careful","evs":{"hp":252,"atk":0,"def":4,"spa":0,"spd":252,"spe":0},"gender":"M","shiny":true,"ivs":{"hp":31,"atk":31,"def":31,"spa":31,"spd":31,"spe":31}}],"log":["|player|p1|GTX Lynxice|281","|player|p2|Pastor Jeff|165","|gametype|singles","|gen|6","|tier|Monotype","|rated","|rule|Baton Pass Clause: Limit one Baton Passer, can't pass Spe and other stats simultaneously","|rule|Swagger Clause: Swagger is banned","|rule|Same Type Clause: Pokémon in a team must share a type","|clearpoke","|poke|p1|Swampert, F","|poke|p1|Cloyster, M","|poke|p1|Lapras, M","|poke|p1|Milotic, M","|poke|p1|Lanturn, M","|poke|p1|Azumarill, M","|poke|p2|Azumarill, M, shiny","|poke|p2|Gardevoir, F, shiny","|poke|p2|Sylveon, M, shiny","|poke|p2|Togekiss, M, shiny","|poke|p2|Florges, F, shiny","|poke|p2|Klefki, M, shiny","|rule|Sleep Clause Mod: Limit one foe put to sleep","|rule|Species Clause: Limit one of each Pokémon","|rule|OHKO Clause: OHKO moves are banned","|rule|Moody Clause: Moody is banned","|rule|Evasion Moves Clause: Evasion moves are banned","|rule|Endless Battle Clause: Forcing endless battles is banned","|rule|HP Percentage Mod: HP is shown in percentages","|teampreview","|","|start","|switch|p1a: W1 Milotic|Milotic, M|394/394","|switch|p2a: Azumarill|Azumarill, M, shiny|403/403","|turn|1","|","|move|p1a: W1 Milotic|Hypnosis|p2a: Azumarill","|-status|p2a: Azumarill|slp","|cant|p2a: Azumarill|slp","|","|turn|2","|","|switch|p1a: W4 Lapras|Lapras, M|464/464","|cant|p2a: Azumarill|slp","|","|turn|3","|","|move|p1a: W4 Lapras|Thunderbolt|p2a: Azumarill","|-supereffective|p2a: Azumarill","|-damage|p2a: Azumarill|247/403 slp","|-curestatus|p2a: Azumarill|slp","|move|p2a: Azumarill|Belly Drum|p2a: Azumarill","|-damage|p2a: Azumarill|46/403","|-setboost|p2a: Azumarill|atk|6|[from] move: Belly Drum","|-enditem|p2a: Azumarill|Sitrus Berry|[eat]","|-heal|p2a: Azumarill|146/403|[from] item: Sitrus Berry","|","|turn|4","|","|move|p2a: Azumarill|Aqua Jet|p1a: W4 Lapras","|-resisted|p1a: W4 Lapras","|-damage|p1a: W4 Lapras|254/464","|move|p1a: W4 Lapras|Thunderbolt|p2a: Azumarill","|-supereffective|p2a: Azumarill","|-damage|p2a: Azumarill|0 fnt","|faint|p2a: Azumarill","|","|","|switch|p2a: Sylveon|Sylveon, M, shiny|391/391","|turn|5","|","|move|p1a: W4 Lapras|Whirlpool|p2a: Sylveon","|-damage|p2a: Sylveon|364/391","|-activate|p2a: Sylveon|move: Whirlpool|[of] p1a: W4 Lapras","|move|p2a: Sylveon|Hyper Voice|p1a: W4 Lapras","|-damage|p1a: W4 Lapras|0 fnt","|faint|p1a: W4 Lapras","|","|","|switch|p1a: W5 Swampert|Swampert, F|341/341","|turn|6","|","|move|p1a: W5 Swampert|Protect|p1a: W5 Swampert","|-singleturn|p1a: W5 Swampert|Protect","|move|p2a: Sylveon|Hyper Voice|p1a: W5 Swampert","|-activate|p1a: W5 Swampert|Protect","|","|turn|7","|","|move|p2a: Sylveon|Hyper Voice|p1a: W5 Swampert","|-damage|p1a: W5 Swampert|37/341","|move|p1a: W5 Swampert|Mirror Coat|p2a: Sylveon","|-damage|p2a: Sylveon|0 fnt","|faint|p2a: Sylveon","|","|","|switch|p2a: Togekiss|Togekiss, M, shiny|373/373","|turn|8","|","|move|p2a: Togekiss|Air Slash|p1a: W5 Swampert","|-damage|p1a: W5 Swampert|0 fnt","|faint|p1a: W5 Swampert","|","|","|switch|p1a: W2 Lanturn|Lanturn, M|454/454","|turn|9","|","|move|p2a: Togekiss|Thunder Wave|p1a: W2 Lanturn","|-immune|p1a: W2 Lanturn|[msg]","|move|p1a: W2 Lanturn|Toxic|p2a: Togekiss","|-status|p2a: Togekiss|tox","|","|-damage|p2a: Togekiss|350/373 tox|[from] psn","|turn|10","|","|move|p2a: Togekiss|Nasty Plot|p2a: Togekiss","|-boost|p2a: Togekiss|spa|2","|move|p1a: W2 Lanturn|Thunderbolt|p2a: Togekiss","|-supereffective|p2a: Togekiss","|-damage|p2a: Togekiss|152/373 tox","|","|-heal|p2a: Togekiss|175/373 tox|[from] item: Leftovers","|-damage|p2a: Togekiss|129/373 tox|[from] psn","|turn|11","|","|move|p2a: Togekiss|Air Slash|p1a: W2 Lanturn","|-resisted|p1a: W2 Lanturn","|-damage|p1a: W2 Lanturn|319/454","|cant|p1a: W2 Lanturn|flinch","|","|-heal|p2a: Togekiss|152/373 tox|[from] item: Leftovers","|-heal|p1a: W2 Lanturn|347/454|[from] item: Leftovers","|-damage|p2a: Togekiss|83/373 tox|[from] psn","|turn|12","|","|move|p2a: Togekiss|Roost|p2a: Togekiss","|-heal|p2a: Togekiss|270/373 tox","|move|p1a: W2 Lanturn|Thunderbolt|p2a: Togekiss","|-damage|p2a: Togekiss|165/373 tox","|","|-heal|p2a: Togekiss|188/373 tox|[from] item: Leftovers","|-heal|p1a: W2 Lanturn|375/454|[from] item: Leftovers","|-damage|p2a: Togekiss|96/373 tox|[from] psn","|turn|13","|","|move|p2a: Togekiss|Air Slash|p1a: W2 Lanturn","|-resisted|p1a: W2 Lanturn","|-damage|p1a: W2 Lanturn|253/454","|cant|p1a: W2 Lanturn|flinch","|","|-heal|p2a: Togekiss|119/373 tox|[from] item: Leftovers","|-heal|p1a: W2 Lanturn|281/454|[from] item: Leftovers","|-damage|p2a: Togekiss|4/373 tox|[from] psn","|turn|14","|","|move|p2a: Togekiss|Air Slash|p1a: W2 Lanturn","|-resisted|p1a: W2 Lanturn","|-damage|p1a: W2 Lanturn|149/454","|cant|p1a: W2 Lanturn|flinch","|","|-heal|p2a: Togekiss|27/373 tox|[from] item: Leftovers","|-heal|p1a: W2 Lanturn|177/454|[from] item: Leftovers","|-damage|p2a: Togekiss|0 fnt|[from] psn","|faint|p2a: Togekiss","|","|switch|p2a: Gardevoir|Gardevoir, F, shiny|277/277","|-ability|p2a: Gardevoir|Volt Absorb|[from] ability: Trace|[of] p1a: W2 Lanturn","|turn|15","|","|detailschange|p2a: Gardevoir|Gardevoir-Mega, F, shiny","|-mega|p2a: Gardevoir|Gardevoir|Gardevoirite","|move|p2a: Gardevoir|Hyper Voice|p1a: W2 Lanturn","|-damage|p1a: W2 Lanturn|0 fnt","|faint|p1a: W2 Lanturn","|","|","|switch|p1a: W1 Milotic|Milotic, M|394/394","|turn|16","|","|move|p2a: Gardevoir|Hyper Voice|p1a: W1 Milotic","|-damage|p1a: W1 Milotic|177/394","|move|p1a: W1 Milotic|Hypnosis|p2a: Gardevoir|[miss]","|-miss|p1a: W1 Milotic|p2a: Gardevoir","|","|turn|17","|","|move|p2a: Gardevoir|Hyper Voice|p1a: W1 Milotic","|-damage|p1a: W1 Milotic|0 fnt","|faint|p1a: W1 Milotic","|","|","|switch|p1a: W3 Cloyster|Cloyster, M|241/241","|turn|18","|","|move|p2a: Gardevoir|Hyper Voice|p1a: W3 Cloyster","|-enditem|p1a: W3 Cloyster|Focus Sash","|-damage|p1a: W3 Cloyster|1/241","|move|p1a: W3 Cloyster|Icicle Spear|p2a: Gardevoir","|-damage|p2a: Gardevoir|231/277","|-damage|p2a: Gardevoir|176/277","|-damage|p2a: Gardevoir|130/277","|-damage|p2a: Gardevoir|75/277","|-damage|p2a: Gardevoir|21/277","|-hitcount|p2a: Gardevoir|5","|","|turn|19","|","|move|p2a: Gardevoir|Hyper Voice|p1a: W3 Cloyster","|-damage|p1a: W3 Cloyster|0 fnt","|faint|p1a: W3 Cloyster","|","|","|switch|p1a: W5 Azumarill|Azumarill, M|404/404","|turn|20","|","|move|p1a: W5 Azumarill|Aqua Jet|p2a: Gardevoir","|-damage|p2a: Gardevoir|0 fnt","|faint|p2a: Gardevoir","|","|","|switch|p2a: Florges|Florges, F, shiny|360/360","|turn|21","|","|move|p2a: Florges|Moonblast|p1a: W5 Azumarill","|-damage|p1a: W5 Azumarill|259/404","|-unboost|p1a: W5 Azumarill|spa|1","|move|p1a: W5 Azumarill|Play Rough|p2a: Florges","|-damage|p2a: Florges|266/360","|","|-heal|p2a: Florges|288/360|[from] item: Leftovers","|-heal|p1a: W5 Azumarill|284/404|[from] item: Leftovers","|turn|22","|","|move|p2a: Florges|Moonblast|p1a: W5 Azumarill","|-damage|p1a: W5 Azumarill|130/404","|move|p1a: W5 Azumarill|Waterfall|p2a: Florges","|-damage|p2a: Florges|204/360","|","|-heal|p2a: Florges|226/360|[from] item: Leftovers","|-heal|p1a: W5 Azumarill|155/404|[from] item: Leftovers","|turn|23","|","|move|p2a: Florges|Moonblast|p1a: W5 Azumarill","|-damage|p1a: W5 Azumarill|5/404","|move|p1a: W5 Azumarill|Play Rough|p2a: Florges","|-damage|p2a: Florges|142/360","|","|-heal|p2a: Florges|164/360|[from] item: Leftovers","|-heal|p1a: W5 Azumarill|30/404|[from] item: Leftovers","|turn|24","|","|move|p2a: Florges|Moonblast|p1a: W5 Azumarill","|-damage|p1a: W5 Azumarill|0 fnt","|faint|p1a: W5 Azumarill","|","|win|Pastor Jeff"],"p1rating":{"entryid":"7503497","serverid":"eos","formatid":"monotype","userid":"gtxlynxice","username":"GTX Lynxice","w":"2","l":5,"t":"0","gxe":38.9,"r":1431.5251347207,"rd":99.109470069719,"sigma":"0","rptime":1439283600,"rpr":1411.4503049379,"rprd":95.934820871766,"rpsigma":"0","acre":1009.4660778012,"lacre":1009.4660778012,"oldacre":"1024.0050469881"},"p2rating":{"entryid":"7544816","serverid":"eos","formatid":"monotype","userid":"pastorjeff","username":"Pastor Jeff","w":1,"l":"1","t":"0","gxe":48.8,"r":1452.6466101426,"rd":121.93605339156,"sigma":"0","rptime":1439283600,"rpr":1490.1698459486,"rprd":115.67377379539,"rpsigma":"0","acre":1042.7592938697,"lacre":1042.7592938697,"oldacre":"1000"},"endType":"normal"}