{"seed":[62294,16167,672,28732],"turns":43,"p1":"Yung draco","p2":"DSV","p1team":[{"name":"Cradily","species":"Cradily","item":"leftovers","ability":"Storm Drain","moves":["gigadrain","recover","toxic","stealthrock"],"nature":"Calm","evs":{"hp":252,"atk":0,"def":0,"spa":4,"spd":252,"spe":0},"ivs":{"hp":31,"atk":31,"def":31,"spa":31,"spd":31,"spe":31}},{"name":"Shuckle","species":"Shuckle","item":"leftovers","ability":"Sturdy","moves":["stickyweb","encore","infestation","toxic"],"nature":"Calm","evs":{"hp":252,"atk":0,"def":0,"spa":4,"spd":252,"spe":0},"ivs":{"hp":31,"atk":31,"def":31,"spa":31,"spd":31,"spe":31}},{"name":"Tyranitar","species":"Tyranitar","item":"tyranitarite","ability":"Sand Stream","moves":["dragondance","stoneedge","crunch","thunderpunch"],"nature":"Jolly","evs":{"hp":0,"atk":252,"def":0,"spa":0,"spd":4,"spe":252},"ivs":{"hp":31,"atk":31,"def":31,"spa":31,"spd":31,"spe":31}},{"name":"Rhyperior","species":"Rhyperior","item":"weaknesspolicy","ability":"Solid Rock","moves":["earthquake","firepunch","rockslide","crunch"],"nature":"Adamant","evs":{"hp":248,"atk":252,"def":0,"spa":0,"spd":8,"spe":0},"ivs":{"hp":31,"atk":31,"def":31,"spa":31,"spd":31,"spe":31}},{"name":"Omastar","species":"Omastar","item":"focussash","ability":"Shell Armor","moves":["shellsmash","scald","ancientpower","icebeam"],"nature":"Timid","evs":{"hp":0,"atk":0,"def":0,"spa":252,"spd":4,"spe":252},"ivs":{"hp":31,"atk":31,"def":31,"spa":31,"spd":31,"spe":31}},{"name":"Terrakion","species":"Terrakion","item":"choicescarf","ability":"Justified","moves":["stoneedge","poisonjab","earthquake","closecombat"],"nature":"Jolly","evs":{"hp":0,"atk":252,"def":0,"spa":0,"spd":4,"spe":252},"ivs":{"hp":31,"atk":31,"def":31,"spa":31,"spd":31,"spe":31}}],"p2team":[{"name":"Golurk","species":"Golurk","item":"focussash","ability":"No Guard","moves":["dynamicpunch","earthquake","stoneedge","stealthrock"],"nature":"Adamant","evs":{"hp":248,"atk":252,"def":0,"spa":0,"spd":8,"spe":0},"ivs":{"hp":31,"atk":31,"def":31,"spa":31,"spd":31,"spe":31}},{"name":"Aegislash","species":"Aegislash","item":"leftovers","ability":"Stance Change","moves":["kingsshield","sacredsword","shadowsneak","swordsdance"],"nature":"Brave","evs":{"hp":248,"atk":250,"def":5,"spa":0,"spd":5,"spe":0},"ivs":{"hp":31,"atk":31,"def":31,"spa":31,"spd":31,"spe":31}},{"name":"Chandelure","species":"Chandelure","item":"choicescarf","ability":"Flash Fire","moves":["fireblast","shadowball","energyball","trick"],"nature":"Timid","evs":{"hp":0,"atk":0,"def":0,"spa":252,"spd":4,"spe":252},"ivs":{"hp":31,"atk":31,"def":31,"spa":31,"spd":31,"spe":31}},{"name":"Sableye","species":"Sableye","item":"sablenite","ability":"Prankster","moves":["calmmind","snarl","recover","willowisp"],"nature":"","evs":{"hp":252,"atk":0,"def":196,"spa":0,"spd":60,"spe":0},"ivs":{"hp":31,"atk":31,"def":31,"spa":31,"spd":31,"spe":31}},{"name":"Gengar","species":"Gengar","item":"focussash","ability":"Levitate","moves":["gigadrain","shadowball","sludgewave","destinybond"],"nature":"Timid","evs":{"hp":0,"atk":0,"def":0,"spa":252,"spd":4,"spe":252},"ivs":{"hp":31,"atk":31,"def":31,"spa":31,"spd":31,"spe":31}},{"name":"Jellicent","species":"Jellicent","item":"leftovers","ability":"Cursed Body","moves":["taunt","scald","recover","toxic"],"nature":"Bold","evs":{"hp":248,"atk":0,"def":216,"spa":0,"spd":0,"spe":44},"ivs":{"hp":31,"atk":31,"def":31,"spa":31,"spd":31,"spe":31}}],"log":["|player|p1|Yung draco|163","|player|p2|DSV|152","|gametype|singles","|gen|6","|tier|Monotype","|rated","|rule|Baton Pass Clause: Limit one Baton Passer, can't pass Spe and other stats simultaneously","|rule|Swagger Clause: Swagger is banned","|rule|Same Type Clause: Pokémon in a team must share a type","|clearpoke","|poke|p1|Cradily, M","|poke|p1|Shuckle, F","|poke|p1|Tyranitar, F","|poke|p1|Rhyperior, F","|poke|p1|Omastar, F","|poke|p1|Terrakion","|poke|p2|Golurk","|poke|p2|Aegislash, M","|poke|p2|Chandelure, F","|poke|p2|Sableye, M","|poke|p2|Gengar, M","|poke|p2|Jellicent, M","|rule|Sleep Clause Mod: Limit one foe put to sleep","|rule|Species Clause: Limit one of each Pokémon","|rule|OHKO Clause: OHKO moves are banned","|rule|Moody Clause: Moody is banned","|rule|Evasion Moves Clause: Evasion moves are banned","|rule|Endless Battle Clause: Forcing endless battles is banned","|rule|HP Percentage Mod: HP is shown in percentages","|teampreview","|","|start","|switch|p1a: Omastar|Omastar, F|281/281","|switch|p2a: Sableye|Sableye, M|304/304","|turn|1","|","|switch|p2a: Aegislash|Aegislash, M|323/323","|move|p1a: Omastar|Shell Smash|p1a: Omastar","|-unboost|p1a: Omastar|def|1","|-unboost|p1a: Omastar|spd|1","|-boost|p1a: Omastar|atk|2","|-boost|p1a: Omastar|spa|2","|-boost|p1a: Omastar|spe|2","|","|turn|2","|","|move|p1a: Omastar|Scald|p2a: Aegislash","|-damage|p2a: Aegislash|124/323","|-status|p2a: Aegislash|brn","|-formechange|p2a: Aegislash|Aegislash-Blade","|move|p2a: Aegislash|Sacred Sword|p1a: Omastar","|-supereffective|p1a: Omastar","|-damage|p1a: Omastar|175/281","|","|-heal|p2a: Aegislash|144/323 brn|[from] item: Leftovers","|-damage|p2a: Aegislash|104/323 brn|[from] brn","|turn|3","|","|move|p2a: Aegislash|Shadow Sneak|p1a: Omastar","|-damage|p1a: Omastar|125/281","|move|p1a: Omastar|Scald|p2a: Aegislash","|-damage|p2a: Aegislash|0 fnt","|faint|p2a: Aegislash","|","|","|switch|p2a: Golurk|Golurk|381/381","|turn|4","|","|move|p1a: Omastar|Ice Beam|p2a: Golurk","|-supereffective|p2a: Golurk","|-enditem|p2a: Golurk|Focus Sash","|-damage|p2a: Golurk|1/381","|move|p2a: Golurk|Earthquake|p1a: Omastar","|-supereffective|p1a: Omastar","|-damage|p1a: Omastar|0 fnt","|faint|p1a: Omastar","|","|","|switch|p1a: Terrakion|Terrakion|323/323","|turn|5","|","|switch|p2a: Jellicent|Jellicent, M|403/403","|move|p1a: Terrakion|Earthquake|p2a: Jellicent","|-damage|p2a: Jellicent|289/403","|-start|p1a: Terrakion|Disable|Earthquake","|","|-heal|p2a: Jellicent|314/403|[from] item: Leftovers","|turn|6","|","|switch|p1a: Cradily|Cradily, M|376/376","|move|p2a: Jellicent|Toxic|p1a: Cradily","|-status|p1a: Cradily|tox","|","|-heal|p2a: Jellicent|339/403|[from] item: Leftovers","|-damage|p1a: Cradily|353/376 tox|[from] psn","|turn|7","|","|move|p2a: Jellicent|Taunt|p1a: Cradily","|-start|p1a: Cradily|move: Taunt","|cant|p1a: Cradily|move: Taunt|Toxic","|","|-heal|p2a: Jellicent|364/403|[from] item: Leftovers","|-heal|p1a: Cradily|376/376 tox|[from] item: Leftovers","|-damage|p1a: Cradily|330/376 tox|[from] psn","|turn|8","|","|switch|p2a: Chandelure|Chandelure, F|261/261","|move|p1a: Cradily|Giga Drain|p2a: Chandelure","|-resisted|p2a: Chandelure","|-damage|p2a: Chandelure|223/261","|-heal|p1a: Cradily|349/376 tox|[from] drain|[of] p2a: Chandelure","|","|-heal|p1a: Cradily|372/376 tox|[from] item: Leftovers","|-damage|p1a: Cradily|303/376 tox|[from] psn","|turn|9","|","|switch|p1a: Shuckle|Shuckle, F|244/244","|move|p2a: Chandelure|Trick|p1a: Shuckle","|-activate|p2a: Chandelure|move: Trick|[of] p1a: Shuckle","|-item|p1a: Shuckle|Choice Scarf|[from] move: Trick","|-item|p2a: Chandelure|Leftovers|[from] move: Trick","|","|-heal|p2a: Chandelure|239/261|[from] item: Leftovers","|turn|10","|","|move|p2a: Chandelure|Fire Blast|p1a: Shuckle","|-damage|p1a: Shuckle|168/244","|move|p1a: Shuckle|Sticky Web|p2a: Chandelure","|-sidestart|p2: DSV|move: Sticky Web","|","|-heal|p2a: Chandelure|255/261|[from] item: Leftovers","|turn|11","|","|switch|p1a: Rhyperior|Rhyperior, F|433/433","|move|p2a: Chandelure|Energy Ball|p1a: Rhyperior","|-supereffective|p1a: Rhyperior","|-damage|p1a: Rhyperior|0 fnt","|faint|p1a: Rhyperior","|","|-heal|p2a: Chandelure|261/261|[from] item: Leftovers","|","|switch|p1a: Terrakion|Terrakion|323/323","|turn|12","|","|switch|p2a: Golurk|Golurk|1/381","|-activate|p2a: Golurk|move: Sticky Web","|-unboost|p2a: Golurk|spe|1","|move|p1a: Terrakion|Stone Edge|p2a: Golurk","|-resisted|p2a: Golurk","|-damage|p2a: Golurk|0 fnt","|faint|p2a: Golurk","|","|","|switch|p2a: Jellicent|Jellicent, M|364/403","|-activate|p2a: Jellicent|move: Sticky Web","|-unboost|p2a: Jellicent|spe|1","|turn|13","|","|switch|p1a: Shuckle|Shuckle, F|168/244","|move|p2a: Jellicent|Scald|p1a: Shuckle","|-supereffective|p1a: Shuckle","|-damage|p1a: Shuckle|102/244","|","|-heal|p2a: Jellicent|389/403|[from] item: Leftovers","|turn|14","|","|move|p2a: Jellicent|Taunt|p1a: Shuckle","|-start|p1a: Shuckle|move: Taunt","|cant|p1a: Shuckle|move: Taunt|Toxic","|","|-heal|p2a: Jellicent|403/403|[from] item: Leftovers","|turn|15","|","|switch|p1a: Cradily|Cradily, M|303/376 tox","|move|p2a: Jellicent|Taunt|p1a: Cradily","|-start|p1a: Cradily|move: Taunt","|","|-heal|p1a: Cradily|326/376 tox|[from] item: Leftovers","|-damage|p1a: Cradily|303/376 tox|[from] psn","|turn|16","|","|switch|p2a: Sableye|Sableye, M|304/304","|-activate|p2a: Sableye|move: Sticky Web","|-unboost|p2a: Sableye|spe|1","|move|p1a: Cradily|Giga Drain|p2a: Sableye","|-damage|p2a: Sableye|207/304","|-heal|p1a: Cradily|352/376 tox|[from] drain|[of] p2a: Sableye","|","|-heal|p1a: Cradily|375/376 tox|[from] item: Leftovers","|-damage|p1a: Cradily|329/376 tox|[from] psn","|turn|17","|","|move|p2a: Sableye|Calm Mind|p2a: Sableye","|-boost|p2a: Sableye|spa|1","|-boost|p2a: Sableye|spd|1","|move|p1a: Cradily|Giga Drain|p2a: Sableye","|-damage|p2a: Sableye|143/304","|-heal|p1a: Cradily|361/376 tox|[from] drain|[of] p2a: Sableye","|","|-heal|p1a: Cradily|376/376 tox|[from] item: Leftovers","|-damage|p1a: Cradily|307/376 tox|[from] psn","|-end|p1a: Cradily|move: Taunt","|turn|18","|","|detailschange|p2a: Sableye|Sableye-Mega, M","|-mega|p2a: Sableye|Sableye|Sablenite","|move|p2a: Sableye|Recover|p2a: Sableye","|-heal|p2a: Sableye|295/304","|move|p1a: Cradily|Giga Drain|p2a: Sableye","|-damage|p2a: Sableye|256/304","|-heal|p1a: Cradily|327/376 tox|[from] drain|[of] p2a: Sableye","|","|-heal|p1a: Cradily|350/376 tox|[from] item: Leftovers","|-damage|p1a: Cradily|258/376 tox|[from] psn","|turn|19","|","|move|p1a: Cradily|Giga Drain|p2a: Sableye","|-damage|p2a: Sableye|214/304","|-heal|p1a: Cradily|279/376 tox|[from] drain|[of] p2a: Sableye","|move|p2a: Sableye|Will-O-Wisp|p1a: Cradily","|-fail|p1a: Cradily","|","|-heal|p1a: Cradily|302/376 tox|[from] item: Leftovers","|-damage|p1a: Cradily|187/376 tox|[from] psn","|turn|20","|","|switch|p1a: Tyranitar|Tyranitar, F|341/341","|-weather|Sandstorm","|move|p2a: Sableye|Calm Mind|p2a: Sableye","|-boost|p2a: Sableye|spa|1","|-boost|p2a: Sableye|spd|1","|","|-weather|Sandstorm|[upkeep]","|-damage|p2a: Sableye|195/304|[from] sandstorm","|turn|21","|","|detailschange|p1a: Tyranitar|Tyranitar-Mega, F","|-mega|p1a: Tyranitar|Tyranitar|Tyranitarite","|move|p1a: Tyranitar|Crunch|p2a: Sableye","|-damage|p2a: Sableye|77/304","|-unboost|p2a: Sableye|def|1","|move|p2a: Sableye|Will-O-Wisp|p1a: Tyranitar","|-status|p1a: Tyranitar|brn","|","|-weather|Sandstorm|[upkeep]","|-damage|p2a: Sableye|58/304|[from] sandstorm","|-damage|p1a: Tyranitar|299/341 brn|[from] brn","|turn|22","|","|move|p1a: Tyranitar|Crunch|p2a: Sableye","|-damage|p2a: Sableye|0 fnt","|faint|p2a: Sableye","|","|-weather|Sandstorm|[upkeep]","|-damage|p1a: Tyranitar|257/341 brn|[from] brn","|","|switch|p2a: Jellicent|Jellicent, M|403/403","|-activate|p2a: Jellicent|move: Sticky Web","|-unboost|p2a: Jellicent|spe|1","|turn|23","|","|move|p1a: Tyranitar|Thunder Punch|p2a: Jellicent","|-supereffective|p2a: Jellicent","|-damage|p2a: Jellicent|311/403","|move|p2a: Jellicent|Scald|p1a: Tyranitar","|-supereffective|p1a: Tyranitar","|-damage|p1a: Tyranitar|159/341 brn","|","|-weather|Sandstorm|[upkeep]","|-damage|p2a: Jellicent|286/403|[from] sandstorm","|-heal|p2a: Jellicent|311/403|[from] item: Leftovers","|-damage|p1a: Tyranitar|117/341 brn|[from] brn","|turn|24","|","|switch|p1a: Cradily|Cradily, M|187/376 tox","|move|p2a: Jellicent|Recover|p2a: Jellicent","|-heal|p2a: Jellicent|403/403","|","|-weather|none","|-heal|p1a: Cradily|210/376 tox|[from] item: Leftovers","|-damage|p1a: Cradily|187/376 tox|[from] psn","|turn|25","|","|move|p1a: Cradily|Giga Drain|p2a: Jellicent","|-supereffective|p2a: Jellicent","|-damage|p2a: Jellicent|271/403","|-heal|p1a: Cradily|253/376 tox|[from] drain|[of] p2a: Jellicent","|move|p2a: Jellicent|Taunt|p1a: Cradily","|-start|p1a: Cradily|move: Taunt","|","|-heal|p1a: Cradily|276/376 tox|[from] item: Leftovers","|-heal|p2a: Jellicent|296/403|[from] item: Leftovers","|-damage|p1a: Cradily|230/376 tox|[from] psn","|turn|26","|","|switch|p2a: Chandelure|Chandelure, F|261/261","|-activate|p2a: Chandelure|move: Sticky Web","|-unboost|p2a: Chandelure|spe|1","|move|p1a: Cradily|Giga Drain|p2a: Chandelure","|-crit|p2a: Chandelure","|-resisted|p2a: Chandelure","|-damage|p2a: Chandelure|203/261","|-heal|p1a: Cradily|259/376 tox|[from] drain|[of] p2a: Chandelure","|","|-heal|p2a: Chandelure|219/261|[from] item: Leftovers","|-heal|p1a: Cradily|282/376 tox|[from] item: Leftovers","|-damage|p1a: Cradily|213/376 tox|[from] psn","|turn|27","|","|switch|p1a: Tyranitar|Tyranitar-Mega, F|117/341 brn","|-weather|Sandstorm","|move|p2a: Chandelure|Energy Ball|p1a: Tyranitar","|-supereffective|p1a: Tyranitar","|-damage|p1a: Tyranitar|0 fnt","|faint|p1a: Tyranitar","|","|-weather|Sandstorm|[upkeep]","|-damage|p2a: Chandelure|203/261|[from] sandstorm","|-heal|p2a: Chandelure|219/261|[from] item: Leftovers","|","|switch|p1a: Terrakion|Terrakion|323/323","|turn|28","|","|move|p1a: Terrakion|Stone Edge|p2a: Chandelure","|-supereffective|p2a: Chandelure","|-damage|p2a: Chandelure|0 fnt","|faint|p2a: Chandelure","|","|-weather|Sandstorm|[upkeep]","|","|switch|p2a: Jellicent|Jellicent, M|296/403","|-activate|p2a: Jellicent|move: Sticky Web","|-unboost|p2a: Jellicent|spe|1","|turn|29","|","|switch|p1a: Cradily|Cradily, M|213/376 tox","|move|p2a: Jellicent|Recover|p2a: Jellicent","|-heal|p2a: Jellicent|403/403","|","|-weather|Sandstorm|[upkeep]","|-damage|p2a: Jellicent|378/403|[from] sandstorm","|-heal|p1a: Cradily|236/376 tox|[from] item: Leftovers","|-heal|p2a: Jellicent|403/403|[from] item: Leftovers","|-damage|p1a: Cradily|213/376 tox|[from] psn","|turn|30","|","|move|p1a: Cradily|Toxic|p2a: Jellicent","|-status|p2a: Jellicent|tox","|move|p2a: Jellicent|Taunt|p1a: Cradily","|-start|p1a: Cradily|move: Taunt","|","|-weather|Sandstorm|[upkeep]","|-damage|p2a: Jellicent|378/403 tox|[from] sandstorm","|-heal|p1a: Cradily|236/376 tox|[from] item: Leftovers","|-heal|p2a: Jellicent|403/403 tox|[from] item: Leftovers","|-damage|p1a: Cradily|190/376 tox|[from] psn","|-damage|p2a: Jellicent|378/403 tox|[from] psn","|turn|31","|","|switch|p2a: Gengar|Gengar, M|261/261","|move|p1a: Cradily|Giga Drain|p2a: Gengar","|-resisted|p2a: Gengar","|-damage|p2a: Gengar|215/261","|-heal|p1a: Cradily|213/376 tox|[from] drain|[of] p2a: Gengar","|","|-weather|none","|-heal|p1a: Cradily|236/376 tox|[from] item: Leftovers","|-damage|p1a: Cradily|167/376 tox|[from] psn","|turn|32","|","|switch|p1a: Shuckle|Shuckle, F|102/244","|move|p2a: Gengar|Shadow Ball|p1a: Shuckle","|-damage|p1a: Shuckle|47/244","|","|turn|33","|","|move|p2a: Gengar|Shadow Ball|p1a: Shuckle","|-damage|p1a: Shuckle|0 fnt","|faint|p1a: Shuckle","|","|","|switch|p1a: Terrakion|Terrakion|323/323","|turn|34","|","|switch|p2a: Jellicent|Jellicent, M|378/403 tox","|-activate|p2a: Jellicent|move: Sticky Web","|-unboost|p2a: Jellicent|spe|1","|move|p1a: Terrakion|Stone Edge|p2a: Jellicent","|-damage|p2a: Jellicent|210/403 tox","|-start|p1a: Terrakion|Disable|Stone Edge","|","|-heal|p2a: Jellicent|235/403 tox|[from] item: Leftovers","|-damage|p2a: Jellicent|210/403 tox|[from] psn","|turn|35","|","|switch|p1a: Cradily|Cradily, M|167/376 tox","|switch|p2a: Gengar|Gengar, M|215/261","|","|-heal|p1a: Cradily|190/376 tox|[from] item: Leftovers","|-damage|p1a: Cradily|167/376 tox|[from] psn","|turn|36","|","|switch|p1a: Terrakion|Terrakion|323/323","|move|p2a: Gengar|Shadow Ball|p1a: Terrakion","|-damage|p1a: Terrakion|170/323","|","|turn|37","|","|switch|p2a: Jellicent|Jellicent, M|210/403 tox","|-activate|p2a: Jellicent|move: Sticky Web","|-unboost|p2a: Jellicent|spe|1","|move|p1a: Terrakion|Stone Edge|p2a: Jellicent","|-damage|p2a: Jellicent|53/403 tox","|","|-heal|p2a: Jellicent|78/403 tox|[from] item: Leftovers","|-damage|p2a: Jellicent|53/403 tox|[from] psn","|turn|38","|","|move|p1a: Terrakion|Stone Edge|p2a: Jellicent","|-damage|p2a: Jellicent|0 fnt","|faint|p2a: Jellicent","|","|","|switch|p2a: Gengar|Gengar, M|215/261","|turn|39","|","|move|p1a: Terrakion|Stone Edge|p2a: Gengar|[miss]","|-miss|p1a: Terrakion|p2a: Gengar","|move|p2a: Gengar|Giga Drain|p1a: Terrakion","|-supereffective|p1a: Terrakion","|-damage|p1a: Terrakion|0 fnt","|-heal|p2a: Gengar|261/261|[from] drain|[of] p1a: Terrakion","|faint|p1a: Terrakion","|","|","|switch|p1a: Cradily|Cradily, M|167/376 tox","|turn|40","|","|move|p2a: Gengar|Shadow Ball|p1a: Cradily","|-damage|p1a: Cradily|76/376 tox","|move|p1a: Cradily|Recover|p1a: Cradily","|-heal|p1a: Cradily|264/376 tox","|","|-heal|p1a: Cradily|287/376 tox|[from] item: Leftovers","|-damage|p1a: Cradily|264/376 tox|[from] psn","|turn|41","|","|move|p2a: Gengar|Shadow Ball|p1a: Cradily","|-damage|p1a: Cradily|170/376 tox","|move|p1a: Cradily|Giga Drain|p2a: Gengar","|-resisted|p2a: Gengar","|-damage|p2a: Gengar|217/261","|-heal|p1a: Cradily|192/376 tox|[from] drain|[of] p2a: Gengar","|","|-heal|p1a: Cradily|215/376 tox|[from] item: Leftovers","|-damage|p1a: Cradily|169/376 tox|[from] psn","|turn|42","|","|move|p2a: Gengar|Shadow Ball|p1a: Cradily","|-damage|p1a: Cradily|73/376 tox","|-unboost|p1a: Cradily|spd|1","|move|p1a: Cradily|Giga Drain|p2a: Gengar","|-resisted|p2a: Gengar","|-damage|p2a: Gengar|173/261","|-heal|p1a: Cradily|95/376 tox|[from] drain|[of] p2a: Gengar","|","|-heal|p1a: Cradily|118/376 tox|[from] item: Leftovers","|-damage|p1a: Cradily|49/376 tox|[from] psn","|turn|43","|","|move|p2a: Gengar|Giga Drain|p1a: Cradily","|-damage|p1a: Cradily|0 fnt","|-heal|p2a: Gengar|198/261|[from] drain|[of] p1a: Cradily","|faint|p1a: Cradily","|","|win|DSV"],"p1rating":{"entryid":"6653831","serverid":"eos","formatid":"monotype","userid":"yungdraco","username":"Yung draco - ⓦⓐⓘⓣ","w":"31","l":15,"t":"0","gxe":65,"r":"1644.6801810856","rd":"57.173061027898","sigma":"0","rptime":"1439283600","rpr":1617.4395507401,"rprd":54.841396930571,"rpsigma":"0","acre":1199.9510931572,"lacre":1199.9510931572,"oldacre":"1215.1328145562"},"p2rating":{"entryid":"6124841","serverid":"eos","formatid":"monotype","userid":"dsv","username":"DSV","w":50,"l":"22","t":"0","gxe":73.1,"r":"1663.1053447903","rd":"48.4015064528","sigma":"0","rptime":"1439283600","rpr":1689.4126969332,"rprd":46.321560323056,"rpsigma":"0","acre":1371.4727031196,"lacre":1371.4727031196,"oldacre":"1359.3273260004"},"endType":"normal"}