{"seed":[62203,61387,27818,38214],"turns":22,"p1":"Sovereign♕Cookie","p2":"Rain Hoot","p1team":[{"name":"Breloom","species":"Breloom","item":"toxicorb","ability":"Poison Heal","moves":["spore","substitute","focuspunch","seedbomb"],"nature":"Adamant","evs":{"hp":252,"atk":252,"def":0,"spa":0,"spd":0,"spe":4},"ivs":{"hp":31,"atk":31,"def":31,"spa":31,"spd":31,"spe":31}},{"name":"Terrakion","species":"Terrakion","item":"choicescarf","ability":"Justified","moves":["earthquake","closecombat","stoneedge","sacredsword"],"nature":"Jolly","evs":{"hp":0,"atk":252,"def":0,"spa":0,"spd":4,"spe":252},"ivs":{"hp":31,"atk":31,"def":31,"spa":31,"spd":31,"spe":31}},{"name":"Lucario","species":"Lucario","item":"choicespecs","ability":"Justified","moves":["vacuumwave","darkpulse","flashcannon","aurasphere"],"nature":"Timid","evs":{"hp":0,"atk":0,"def":0,"spa":252,"spd":4,"spe":252},"ivs":{"hp":31,"atk":31,"def":31,"spa":31,"spd":31,"spe":31}},{"name":"Conkeldurr","species":"Conkeldurr","item":"assaultvest","ability":"Guts","moves":["drainpunch","earthquake","knockoff","machpunch"],"nature":"Adamant","evs":{"hp":0,"atk":252,"def":252,"spa":0,"spd":4,"spe":0},"ivs":{"hp":31,"atk":31,"def":31,"spa":31,"spd":31,"spe":31}},{"name":"Hitmontop","species":"Hitmontop","item":"assaultvest","ability":"Intimidate","moves":["rapidspin","pursuit","bulletpunch","facade"],"nature":"Impish","evs":{"hp":0,"atk":4,"def":252,"spa":0,"spd":252,"spe":0},"ivs":{"hp":31,"atk":31,"def":31,"spa":31,"spd":31,"spe":31}},{"name":"Medicham","species":"Medicham","item":"medichamite","ability":"Pure Power","moves":["fakeout","bulletpunch","drainpunch","zenheadbutt"],"nature":"Adamant","evs":{"hp":4,"atk":252,"def":0,"spa":0,"spd":0,"spe":252},"ivs":{"hp":31,"atk":31,"def":31,"spa":31,"spd":31,"spe":31}}],"p2team":[{"name":"Shuckle","species":"Shuckle","item":"leftovers","ability":"Sturdy","moves":["stickyweb","stealthrock","toxic","encore"],"nature":"Calm","evs":{"hp":252,"atk":0,"def":4,"spa":0,"spd":252,"spe":0},"ivs":{"hp":31,"atk":31,"def":31,"spa":31,"spd":31,"spe":31}},{"name":"Diancie","species":"Diancie","item":"diancite","ability":"Clear Body","moves":["moonblast","diamondstorm","earthpower","protect"],"nature":"Hasty","evs":{"hp":0,"atk":0,"def":0,"spa":252,"spd":0,"spe":252},"ivs":{"hp":31,"atk":31,"def":31,"spa":31,"spd":31,"spe":31}},{"name":"Golem","species":"Golem","item":"weaknesspolicy","ability":"Sturdy","moves":["earthquake","rockblast","suckerpunch","rockpolish"],"nature":"Adamant","evs":{"hp":0,"atk":252,"def":0,"spa":0,"spd":4,"spe":252},"ivs":{"hp":31,"atk":31,"def":31,"spa":31,"spd":31,"spe":31}},{"name":"Probopass","species":"Probopass","item":"airballoon","ability":"Sturdy","moves":["gravity","hiddenpowerfire","dazzlinggleam","zapcannon"],"nature":"Modest","evs":{"hp":248,"atk":0,"def":0,"spa":252,"spd":8,"spe":0},"ivs":{"hp":31,"atk":30,"def":31,"spa":30,"spd":31,"spe":30}},{"name":"Cradily","species":"Cradily","item":"leftovers","ability":"Storm Drain","moves":["gigadrain","toxic","stockpile","recover"],"nature":"Calm","evs":{"hp":252,"atk":0,"def":0,"spa":4,"spd":252,"spe":0},"ivs":{"hp":31,"atk":31,"def":31,"spa":31,"spd":31,"spe":31}},{"name":"Aerodactyl","species":"Aerodactyl","item":"lifeorb","ability":"Pressure","moves":["aerialace","stoneedge","earthquake","fireblast"],"nature":"Hasty","evs":{"hp":0,"atk":252,"def":0,"spa":4,"spd":0,"spe":252},"ivs":{"hp":31,"atk":31,"def":31,"spa":31,"spd":31,"spe":31}}],"log":["|player|p1|Sovereign♕Cookie|69","|player|p2|Rain Hoot|266","|gametype|singles","|gen|6","|tier|Monotype","|rated","|rule|Baton Pass Clause: Limit one Baton Passer, can't pass Spe and other stats simultaneously","|rule|Swagger Clause: Swagger is banned","|rule|Same Type Clause: Pokémon in a team must share a type","|clearpoke","|poke|p1|Breloom, M","|poke|p1|Terrakion","|poke|p1|Lucario, M","|poke|p1|Conkeldurr, M","|poke|p1|Hitmontop, M","|poke|p1|Medicham, F","|poke|p2|Shuckle, M","|poke|p2|Diancie","|poke|p2|Golem, M","|poke|p2|Probopass, F","|poke|p2|Cradily, F","|poke|p2|Aerodactyl, M","|rule|Sleep Clause Mod: Limit one foe put to sleep","|rule|Species Clause: Limit one of each Pokémon","|rule|OHKO Clause: OHKO moves are banned","|rule|Moody Clause: Moody is banned","|rule|Evasion Moves Clause: Evasion moves are banned","|rule|Endless Battle Clause: Forcing endless battles is banned","|rule|HP Percentage Mod: HP is shown in percentages","|teampreview","|","|start","|switch|p1a: Medicham|Medicham, F|262/262","|switch|p2a: Aerodactyl|Aerodactyl, M|301/301","|-ability|p2a: Aerodactyl|Pressure","|turn|1","|","|detailschange|p1a: Medicham|Medicham-Mega, F","|-mega|p1a: Medicham|Medicham|Medichamite","|move|p1a: Medicham|Fake Out|p2a: Aerodactyl","|-resisted|p2a: Aerodactyl","|-damage|p2a: Aerodactyl|233/301","|cant|p2a: Aerodactyl|flinch","|","|turn|2","|","|move|p1a: Medicham|Bullet Punch|p2a: Aerodactyl","|-supereffective|p2a: Aerodactyl","|-damage|p2a: Aerodactyl|0 fnt","|faint|p2a: Aerodactyl","|","|","|switch|p2a: Golem|Golem, M|301/301","|turn|3","|","|move|p1a: Medicham|Drain Punch|p2a: Golem","|-supereffective|p2a: Golem","|-ability|p2a: Golem|Sturdy","|-damage|p2a: Golem|1/301","|-enditem|p2a: Golem|Weakness Policy","|-boost|p2a: Golem|atk|2|[from] item: Weakness Policy","|-boost|p2a: Golem|spa|2|[from] item: Weakness Policy","|move|p2a: Golem|Earthquake|p1a: Medicham","|-damage|p1a: Medicham|0 fnt","|faint|p1a: Medicham","|","|","|switch|p1a: Hitmontop|Hitmontop, M|241/241","|-ability|p1a: Hitmontop|Intimidate","|-unboost|p2a: Golem|atk|1","|turn|4","|","|move|p2a: Golem|Sucker Punch|p1a: Hitmontop","|-resisted|p1a: Hitmontop","|-damage|p1a: Hitmontop|183/241","|move|p1a: Hitmontop|Bullet Punch|p2a: Golem","|-supereffective|p2a: Golem","|-damage|p2a: Golem|0 fnt","|faint|p2a: Golem","|","|","|switch|p2a: Shuckle|Shuckle, M|244/244","|turn|5","|","|switch|p1a: Breloom|Breloom, M|324/324","|move|p2a: Shuckle|Sticky Web|p1a: Breloom","|-sidestart|p1: Sovereign♕Cookie|move: Sticky Web","|","|-status|p1a: Breloom|tox|[from] item: Toxic Orb","|turn|6","|","|move|p1a: Breloom|Spore|p2a: Shuckle","|-status|p2a: Shuckle|slp","|cant|p2a: Shuckle|slp","|","|turn|7","|","|move|p1a: Breloom|Substitute|p1a: Breloom","|-start|p1a: Breloom|Substitute","|-damage|p1a: Breloom|243/324 tox","|cant|p2a: Shuckle|slp","|","|-heal|p1a: Breloom|283/324 tox|[from] ability: Poison Heal","|turn|8","|","|-singleturn|p1a: Breloom|move: Focus Punch","|-curestatus|p2a: Shuckle|slp","|move|p2a: Shuckle|Encore|p1a: Breloom","|-start|p1a: Breloom|Encore","|move|p1a: Breloom|Substitute|p1a: Breloom","|-fail|p1a: Breloom|move: Substitute","|","|-heal|p1a: Breloom|323/324 tox|[from] ability: Poison Heal","|turn|9","|","|move|p1a: Breloom|Substitute|p1a: Breloom","|-fail|p1a: Breloom|move: Substitute","|move|p2a: Shuckle|Stealth Rock|p1a: Breloom","|-sidestart|p1: Sovereign♕Cookie|move: Stealth Rock","|","|-heal|p1a: Breloom|324/324 tox|[from] ability: Poison Heal","|turn|10","|","|switch|p2a: Diancie|Diancie|241/241","|move|p1a: Breloom|Substitute|p1a: Breloom","|-fail|p1a: Breloom|move: Substitute","|","|-end|p1a: Breloom|Encore","|turn|11","|","|detailschange|p2a: Diancie|Diancie-Mega","|-mega|p2a: Diancie|Diancie|Diancite","|move|p2a: Diancie|Protect|p2a: Diancie","|-singleturn|p2a: Diancie|Protect","|move|p1a: Breloom|Spore|p2a: Diancie","|-activate|p2a: Diancie|Protect","|","|turn|12","|","|switch|p2a: Shuckle|Shuckle, M|244/244","|move|p1a: Breloom|Spore|p2a: Shuckle","|-status|p2a: Shuckle|slp","|","|turn|13","|","|-singleturn|p1a: Breloom|move: Focus Punch","|switch|p2a: Cradily|Cradily, F|376/376","|move|p1a: Breloom|Focus Punch|p2a: Cradily","|-supereffective|p2a: Cradily","|-damage|p2a: Cradily|0 fnt","|faint|p2a: Cradily","|","|","|switch|p2a: Probopass|Probopass, F|323/323","|-item|p2a: Probopass|Air Balloon","|turn|14","|","|-singleturn|p1a: Breloom|move: Focus Punch","|move|p2a: Probopass|Dazzling Gleam|p1a: Breloom","|-supereffective|p1a: Breloom","|-end|p1a: Breloom|Substitute","|move|p1a: Breloom|Focus Punch|p2a: Probopass","|-supereffective|p2a: Probopass","|-ability|p2a: Probopass|Sturdy","|-damage|p2a: Probopass|1/323","|-enditem|p2a: Probopass|Air Balloon","|","|turn|15","|","|switch|p1a: Hitmontop|Hitmontop, M|183/241","|-activate|p1a: Hitmontop|move: Sticky Web","|-unboost|p1a: Hitmontop|spe|1","|-damage|p1a: Hitmontop|168/241|[from] Stealth Rock","|-ability|p1a: Hitmontop|Intimidate","|-unboost|p2a: Probopass|atk|1","|move|p2a: Probopass|Dazzling Gleam|p1a: Hitmontop","|-supereffective|p1a: Hitmontop","|-damage|p1a: Hitmontop|92/241","|","|turn|16","|","|move|p1a: Hitmontop|Rapid Spin|p2a: Probopass","|-resisted|p2a: Probopass","|-damage|p2a: Probopass|0 fnt","|-sideend|p1: Sovereign♕Cookie|Stealth Rock|[from] move: Rapid Spin|[of] p1a: Hitmontop","|-sideend|p1: Sovereign♕Cookie|Sticky Web|[from] move: Rapid Spin|[of] p1a: Hitmontop","|faint|p2a: Probopass","|","|","|switch|p2a: Shuckle|Shuckle, M|244/244 slp","|turn|17","|","|switch|p1a: Breloom|Breloom, M|324/324 tox","|cant|p2a: Shuckle|slp","|","|turn|18","|","|-singleturn|p1a: Breloom|move: Focus Punch","|cant|p2a: Shuckle|slp","|move|p1a: Breloom|Focus Punch|p2a: Shuckle","|-damage|p2a: Shuckle|106/244 slp","|","|-heal|p2a: Shuckle|121/244 slp|[from] item: Leftovers","|turn|19","|","|-singleturn|p1a: Breloom|move: Focus Punch","|-curestatus|p2a: Shuckle|slp","|move|p2a: Shuckle|Encore|p1a: Breloom","|-start|p1a: Breloom|Encore","|move|p1a: Breloom|Focus Punch|p2a: Shuckle","|-damage|p2a: Shuckle|0 fnt","|faint|p2a: Shuckle","|","|","|switch|p2a: Diancie|Diancie-Mega|241/241","|turn|20","|","|switch|p1a: Hitmontop|Hitmontop, M|92/241","|-ability|p1a: Hitmontop|Intimidate","|-unboost|p2a: Diancie|atk|1","|move|p2a: Diancie|Moonblast|p1a: Hitmontop","|-supereffective|p1a: Hitmontop","|-damage|p1a: Hitmontop|0 fnt","|faint|p1a: Hitmontop","|","|","|switch|p1a: Terrakion|Terrakion|323/323","|turn|21","|","|move|p1a: Terrakion|Close Combat|p2a: Diancie","|-damage|p2a: Diancie|4/241","|-unboost|p1a: Terrakion|def|1","|-unboost|p1a: Terrakion|spd|1","|move|p2a: Diancie|Moonblast|p1a: Terrakion","|-supereffective|p1a: Terrakion","|-damage|p1a: Terrakion|0 fnt","|faint|p1a: Terrakion","|","|","|switch|p1a: Lucario|Lucario, M|281/281","|turn|22","|","|move|p1a: Lucario|Vacuum Wave|p2a: Diancie","|-damage|p2a: Diancie|0 fnt","|faint|p2a: Diancie","|","|win|Sovereign♕Cookie"],"p1rating":{"entryid":"7557713","serverid":"eos","formatid":"monotype","userid":"sovereigncookie","username":"Sovereign♕Cookie","w":2,"l":"1","t":"0","gxe":54.1,"r":"1500","rd":"130","sigma":"0","rptime":"1439283600","rpr":1532.5948740961,"rprd":110.25251343861,"rpsigma":"0","acre":1081.9540798755,"lacre":1081.9540798755,"oldacre":"1048.863624191"},"p2rating":{"entryid":"7558745","serverid":"eos","formatid":"monotype","userid":"rainhoot","username":"Rain Hoot","w":"1","l":1,"t":"0","gxe":49.8,"r":"1500","rd":"130","sigma":"0","rptime":"1439283600","rpr":1498.4463932742,"rprd":116.0000995789,"rpsigma":"0","acre":1035.0994220532,"lacre":1035.0994220532,"oldacre":"1053.3303737575"},"endType":"normal"}