{"seed":[49829,50008,41629,24308],"turns":33,"p1":"Traine✘ Sebastian","p2":"Desolate Nightmare","p1team":[{"name":"Charizard","species":"Charizard","item":"charizarditex","ability":"Blaze","moves":["dragondance","dragonclaw","flareblitz","earthquake"],"nature":"Adamant","evs":{"hp":0,"atk":252,"def":0,"spa":0,"spd":4,"spe":252},"gender":"M","shiny":true,"ivs":{"hp":31,"atk":31,"def":31,"spa":31,"spd":31,"spe":31}},{"name":"Staraptor","species":"Staraptor","item":"choiceband","ability":"Reckless","moves":["bravebird","doubleedge","closecombat","uturn"],"nature":"Jolly","evs":{"hp":0,"atk":252,"def":4,"spa":0,"spd":0,"spe":252},"gender":"F","shiny":true,"ivs":{"hp":31,"atk":31,"def":31,"spa":31,"spd":31,"spe":31}},{"name":"Skarmory","species":"Skarmory","item":"leftovers","ability":"Sturdy","moves":["bravebird","roost","defog","roar"],"nature":"Impish","evs":{"hp":252,"atk":0,"def":232,"spa":0,"spd":0,"spe":24},"gender":"M","ivs":{"hp":31,"atk":31,"def":31,"spa":31,"spd":31,"spe":31}},{"name":"Landorus","species":"Landorus","item":"lifeorb","ability":"Sheer Force","moves":["rockpolish","earthpower","psychic","focusblast"],"nature":"Modest","evs":{"hp":0,"atk":0,"def":0,"spa":252,"spd":4,"spe":252},"ivs":{"hp":31,"atk":31,"def":31,"spa":31,"spd":31,"spe":31}},{"name":"Yanmega","species":"Yanmega","item":"lifeorb","ability":"Speed Boost","moves":["gigadrain","airslash","bugbuzz","hiddenpowerfire"],"nature":"Modest","evs":{"hp":0,"atk":0,"def":0,"spa":252,"spd":4,"spe":252},"gender":"M","ivs":{"hp":31,"atk":30,"def":31,"spa":30,"spd":31,"spe":30},"shiny":true},{"name":"Alucard","species":"gliscor","item":"toxicorb","ability":"Poison Heal","moves":["earthquake","knockoff","protect","toxic"],"nature":"Careful","evs":{"hp":244,"atk":0,"def":0,"spa":0,"spd":192,"spe":72},"gender":"M","shiny":true,"ivs":{"hp":31,"atk":31,"def":31,"spa":31,"spd":31,"spe":31}}],"p2team":[{"name":"Latias","species":"Latias","item":"leftovers","ability":"Levitate","moves":["defog","tailwind","psyshock","shadowball"],"nature":"Bold","evs":{"hp":252,"atk":0,"def":168,"spa":0,"spd":88,"spe":0},"ivs":{"hp":31,"atk":31,"def":31,"spa":31,"spd":31,"spe":31}},{"name":"Latios","species":"Latios","item":"latiosite","ability":"Levitate","moves":["lusterpurge","protect","icebeam","dragonpulse"],"nature":"Timid","evs":{"hp":0,"atk":0,"def":0,"spa":252,"spd":4,"spe":252},"ivs":{"hp":31,"atk":31,"def":31,"spa":31,"spd":31,"spe":31}},{"name":"Dragonite","species":"Dragonite","item":"leftovers","ability":"Inner Focus","moves":["firepunch","healbell","roost","earthquake"],"nature":"Careful","evs":{"hp":252,"atk":0,"def":4,"spa":0,"spd":252,"spe":0},"ivs":{"hp":31,"atk":31,"def":31,"spa":31,"spd":31,"spe":31}},{"name":"Garchomp","species":"Garchomp","item":"rockyhelmet","ability":"Rough Skin","moves":["earthquake","flamethrower","stealthrock","roar"],"nature":"Quiet","evs":{"hp":252,"atk":0,"def":68,"spa":56,"spd":132,"spe":0},"ivs":{"hp":31,"atk":31,"def":31,"spa":31,"spd":31,"spe":31}},{"name":"Dragalge","species":"Dragalge","item":"assaultvest","ability":"Adaptability","moves":["dragonpulse","scald","sludgebomb","thunderbolt"],"nature":"Relaxed","evs":{"hp":252,"atk":0,"def":252,"spa":0,"spd":4,"spe":0},"ivs":{"hp":31,"atk":31,"def":31,"spa":31,"spd":31,"spe":31}},{"name":"Goodra","species":"Goodra","item":"assaultvest","ability":"Sap Sipper","moves":["flamethrower","icebeam","dragonpulse","thunderbolt"],"nature":"Bold","evs":{"hp":252,"atk":0,"def":252,"spa":4,"spd":0,"spe":0},"ivs":{"hp":31,"atk":31,"def":31,"spa":31,"spd":31,"spe":31}}],"log":["|player|p1|Traine✘ Sebastian|161","|player|p2|Desolate Nightmare|profnightmare.png","|gametype|singles","|gen|6","|tier|Monotype","|rated","|rule|Baton Pass Clause: Limit one Baton Passer, can't pass Spe and other stats simultaneously","|rule|Swagger Clause: Swagger is banned","|rule|Same Type Clause: Pokémon in a team must share a type","|clearpoke","|poke|p1|Charizard, M, shiny","|poke|p1|Staraptor, F, shiny","|poke|p1|Skarmory, M","|poke|p1|Landorus, M","|poke|p1|Yanmega, M, shiny","|poke|p1|Gliscor, M, shiny","|poke|p2|Latias, F","|poke|p2|Latios, M","|poke|p2|Dragonite, F","|poke|p2|Garchomp, F","|poke|p2|Dragalge, M","|poke|p2|Goodra, F","|rule|Sleep Clause Mod: Limit one foe put to sleep","|rule|Species Clause: Limit one of each Pokémon","|rule|OHKO Clause: OHKO moves are banned","|rule|Moody Clause: Moody is banned","|rule|Evasion Moves Clause: Evasion moves are banned","|rule|Endless Battle Clause: Forcing endless battles is banned","|rule|HP Percentage Mod: HP is shown in percentages","|teampreview","|","|start","|switch|p1a: Alucard|Gliscor, M, shiny|352/352","|switch|p2a: Garchomp|Garchomp, F|420/420","|turn|1","|","|move|p1a: Alucard|Toxic|p2a: Garchomp","|-status|p2a: Garchomp|tox","|move|p2a: Garchomp|Stealth Rock|p1a: Alucard","|-sidestart|p1: Traine✘ Sebastian|move: Stealth Rock","|","|-damage|p2a: Garchomp|394/420 tox|[from] psn","|-status|p1a: Alucard|tox|[from] item: Toxic Orb","|turn|2","|","|move|p1a: Alucard|Knock Off|p2a: Garchomp","|-damage|p2a: Garchomp|320/420 tox","|-damage|p1a: Alucard|308/352 tox|[from] ability: Rough Skin|[of] p2a: Garchomp","|-damage|p1a: Alucard|250/352 tox|[from] item: Rocky Helmet|[of] p2a: Garchomp","|-enditem|p2a: Garchomp|Rocky Helmet|[from] move: Knock Off|[of] p1a: Alucard","|move|p2a: Garchomp|Flamethrower|p1a: Alucard","|-damage|p1a: Alucard|192/352 tox","|","|-heal|p1a: Alucard|236/352 tox|[from] ability: Poison Heal","|-damage|p2a: Garchomp|268/420 tox|[from] psn","|turn|3","|","|move|p1a: Alucard|Protect|p1a: Alucard","|-singleturn|p1a: Alucard|Protect","|move|p2a: Garchomp|Flamethrower|p1a: Alucard","|-activate|p1a: Alucard|Protect","|","|-heal|p1a: Alucard|280/352 tox|[from] ability: Poison Heal","|-damage|p2a: Garchomp|190/420 tox|[from] psn","|turn|4","|","|move|p1a: Alucard|Earthquake|p2a: Garchomp","|-damage|p2a: Garchomp|76/420 tox","|move|p2a: Garchomp|Roar|p1a: Alucard","|drag|p1a: Yanmega|Yanmega, M, shiny|313/313","|-damage|p1a: Yanmega|157/313|[from] Stealth Rock","|","|-damage|p2a: Garchomp|0 fnt|[from] psn","|faint|p2a: Garchomp","|","|switch|p2a: Dragalge|Dragalge, M|334/334","|turn|5","|","|switch|p1a: Skarmory|Skarmory, M|334/334","|-damage|p1a: Skarmory|293/334|[from] Stealth Rock","|move|p2a: Dragalge|Thunderbolt|p1a: Skarmory","|-supereffective|p1a: Skarmory","|-damage|p1a: Skarmory|99/334","|","|-heal|p1a: Skarmory|119/334|[from] item: Leftovers","|turn|6","|","|move|p1a: Skarmory|Defog|p2a: Dragalge","|-unboost|p2a: Dragalge|evasion|1","|-sideend|p1: Traine✘ Sebastian|Stealth Rock|[from] move: Defog|[of] p1a: Skarmory","|move|p2a: Dragalge|Thunderbolt|p1a: Skarmory","|-supereffective|p1a: Skarmory","|-damage|p1a: Skarmory|0 fnt","|faint|p1a: Skarmory","|","|","|switch|p1a: Alucard|Gliscor, M, shiny|280/352 tox","|turn|7","|","|move|p1a: Alucard|Earthquake|p2a: Dragalge","|-supereffective|p2a: Dragalge","|-damage|p2a: Dragalge|160/334","|move|p2a: Dragalge|Scald|p1a: Alucard","|-supereffective|p1a: Alucard","|-damage|p1a: Alucard|160/352 tox","|","|-heal|p1a: Alucard|204/352 tox|[from] ability: Poison Heal","|turn|8","|","|move|p1a: Alucard|Knock Off|p2a: Dragalge","|-damage|p2a: Dragalge|98/334","|-enditem|p2a: Dragalge|Assault Vest|[from] move: Knock Off|[of] p1a: Alucard","|move|p2a: Dragalge|Scald|p1a: Alucard","|-crit|p1a: Alucard","|-supereffective|p1a: Alucard","|-damage|p1a: Alucard|42/352 tox","|","|-heal|p1a: Alucard|86/352 tox|[from] ability: Poison Heal","|turn|9","|","|move|p1a: Alucard|Protect|p1a: Alucard","|-singleturn|p1a: Alucard|Protect","|move|p2a: Dragalge|Scald|p1a: Alucard","|-activate|p1a: Alucard|Protect","|","|-heal|p1a: Alucard|130/352 tox|[from] ability: Poison Heal","|turn|10","|","|move|p1a: Alucard|Earthquake|p2a: Dragalge","|-supereffective|p2a: Dragalge","|-damage|p2a: Dragalge|0 fnt","|faint|p2a: Dragalge","|","|-heal|p1a: Alucard|174/352 tox|[from] ability: Poison Heal","|","|switch|p2a: Latias|Latias, F|364/364","|turn|11","|","|move|p2a: Latias|Tailwind|p2a: Latias","|-sidestart|p2: Desolate Nightmare|move: Tailwind","|move|p1a: Alucard|Knock Off|p2a: Latias","|-supereffective|p2a: Latias","|-damage|p2a: Latias|248/364","|-enditem|p2a: Latias|Leftovers|[from] move: Knock Off|[of] p1a: Alucard","|","|-heal|p1a: Alucard|218/352 tox|[from] ability: Poison Heal","|turn|12","|","|move|p1a: Alucard|Protect|p1a: Alucard","|-singleturn|p1a: Alucard|Protect","|move|p2a: Latias|Shadow Ball|p1a: Alucard","|-activate|p1a: Alucard|Protect","|","|-heal|p1a: Alucard|262/352 tox|[from] ability: Poison Heal","|turn|13","|","|move|p2a: Latias|Shadow Ball|p1a: Alucard","|-damage|p1a: Alucard|201/352 tox","|move|p1a: Alucard|Toxic|p2a: Latias","|-status|p2a: Latias|tox","|","|-damage|p2a: Latias|226/364 tox|[from] psn","|-heal|p1a: Alucard|245/352 tox|[from] ability: Poison Heal","|turn|14","|","|switch|p2a: Goodra|Goodra, F|384/384","|move|p1a: Alucard|Protect|p1a: Alucard","|-fail|p1a: Alucard","|","|-heal|p1a: Alucard|289/352 tox|[from] ability: Poison Heal","|-sideend|p2: Desolate Nightmare|move: Tailwind","|turn|15","|","|move|p1a: Alucard|Toxic|p2a: Goodra","|-status|p2a: Goodra|tox","|move|p2a: Goodra|Ice Beam|p1a: Alucard","|-supereffective|p1a: Alucard","|-damage|p1a: Alucard|25/352 tox","|","|-heal|p1a: Alucard|69/352 tox|[from] ability: Poison Heal","|-damage|p2a: Goodra|360/384 tox|[from] psn","|turn|16","|","|move|p1a: Alucard|Protect|p1a: Alucard","|-singleturn|p1a: Alucard|Protect","|move|p2a: Goodra|Ice Beam|p1a: Alucard","|-activate|p1a: Alucard|Protect","|","|-heal|p1a: Alucard|113/352 tox|[from] ability: Poison Heal","|-damage|p2a: Goodra|312/384 tox|[from] psn","|turn|17","|","|switch|p2a: Latias|Latias, F|226/364 tox","|move|p1a: Alucard|Knock Off|p2a: Latias","|-supereffective|p2a: Latias","|-damage|p2a: Latias|144/364 tox","|","|-damage|p2a: Latias|122/364 tox|[from] psn","|-heal|p1a: Alucard|157/352 tox|[from] ability: Poison Heal","|turn|18","|","|move|p2a: Latias|Tailwind|p2a: Latias","|-sidestart|p2: Desolate Nightmare|move: Tailwind","|move|p1a: Alucard|Knock Off|p2a: Latias","|-supereffective|p2a: Latias","|-damage|p2a: Latias|40/364 tox","|","|-damage|p2a: Latias|0 fnt|[from] psn","|-heal|p1a: Alucard|201/352 tox|[from] ability: Poison Heal","|faint|p2a: Latias","|","|switch|p2a: Goodra|Goodra, F|312/384 tox","|turn|19","|","|move|p1a: Alucard|Protect|p1a: Alucard","|-singleturn|p1a: Alucard|Protect","|move|p2a: Goodra|Ice Beam|p1a: Alucard","|-activate|p1a: Alucard|Protect","|","|-damage|p2a: Goodra|288/384 tox|[from] psn","|-heal|p1a: Alucard|245/352 tox|[from] ability: Poison Heal","|turn|20","|","|move|p2a: Goodra|Ice Beam|p1a: Alucard","|-supereffective|p1a: Alucard","|-damage|p1a: Alucard|0 fnt","|faint|p1a: Alucard","|","|-damage|p2a: Goodra|240/384 tox|[from] psn","|","|switch|p1a: Charizard|Charizard, M, shiny|297/297","|turn|21","|","|detailschange|p1a: Charizard|Charizard-Mega-X, M, shiny","|-mega|p1a: Charizard|Charizard|Charizardite X","|move|p2a: Goodra|Dragon Pulse|p1a: Charizard","|-supereffective|p1a: Charizard","|-damage|p1a: Charizard|43/297","|move|p1a: Charizard|Dragon Dance|p1a: Charizard","|-boost|p1a: Charizard|atk|1","|-boost|p1a: Charizard|spe|1","|","|-damage|p2a: Goodra|168/384 tox|[from] psn","|-sideend|p2: Desolate Nightmare|move: Tailwind","|turn|22","|","|move|p1a: Charizard|Earthquake|p2a: Goodra","|-damage|p2a: Goodra|0 fnt","|faint|p2a: Goodra","|","|","|switch|p2a: Dragonite|Dragonite, F|386/386","|turn|23","|","|move|p1a: Charizard|Flare Blitz|p2a: Dragonite","|-resisted|p2a: Dragonite","|-damage|p2a: Dragonite|129/386","|-damage|p1a: Charizard|0 fnt|[from] recoil|[of] p2a: Dragonite","|faint|p1a: Charizard","|move|p2a: Dragonite|Earthquake|p1: Charizard|[notarget]","|-notarget","|","|-heal|p2a: Dragonite|153/386|[from] item: Leftovers","|","|switch|p1a: Landorus|Landorus, M|319/319","|turn|24","|","|move|p1a: Landorus|Psychic|p2a: Dragonite","|-damage|p2a: Dragonite|27/386","|move|p2a: Dragonite|Roost|p2a: Dragonite","|-heal|p2a: Dragonite|220/386","|","|-heal|p2a: Dragonite|244/386|[from] item: Leftovers","|turn|25","|","|move|p1a: Landorus|Psychic|p2a: Dragonite","|-damage|p2a: Dragonite|101/386","|move|p2a: Dragonite|Roost|p2a: Dragonite","|-heal|p2a: Dragonite|294/386","|","|-heal|p2a: Dragonite|318/386|[from] item: Leftovers","|turn|26","|","|move|p1a: Landorus|Psychic|p2a: Dragonite","|-damage|p2a: Dragonite|175/386","|move|p2a: Dragonite|Fire Punch|p1a: Landorus","|-damage|p1a: Landorus|242/319","|","|-heal|p2a: Dragonite|199/386|[from] item: Leftovers","|turn|27","|","|move|p1a: Landorus|Psychic|p2a: Dragonite","|-crit|p2a: Dragonite","|-damage|p2a: Dragonite|13/386","|move|p2a: Dragonite|Roost|p2a: Dragonite","|-heal|p2a: Dragonite|206/386","|","|-heal|p2a: Dragonite|230/386|[from] item: Leftovers","|turn|28","|","|switch|p1a: Yanmega|Yanmega, M, shiny|157/313","|move|p2a: Dragonite|Roost|p2a: Dragonite","|-heal|p2a: Dragonite|386/386","|","|turn|29","|","|move|p1a: Yanmega|Air Slash|p2a: Dragonite","|-damage|p2a: Dragonite|257/386","|-damage|p1a: Yanmega|126/313|[from] item: Life Orb","|move|p2a: Dragonite|Fire Punch|p1a: Yanmega","|-supereffective|p1a: Yanmega","|-damage|p1a: Yanmega|0 fnt","|faint|p1a: Yanmega","|","|-heal|p2a: Dragonite|281/386|[from] item: Leftovers","|","|switch|p1a: Staraptor|Staraptor, F, shiny|311/311","|turn|30","|","|move|p1a: Staraptor|Brave Bird|p2a: Dragonite","|-damage|p2a: Dragonite|0 fnt","|-damage|p1a: Staraptor|218/311|[from] recoil|[of] p2a: Dragonite","|faint|p2a: Dragonite","|","|","|switch|p2a: Latios|Latios, M|301/301","|turn|31","|","|detailschange|p2a: Latios|Latios-Mega, M","|-mega|p2a: Latios|Latios|Latiosite","|move|p2a: Latios|Protect|p2a: Latios","|-singleturn|p2a: Latios|Protect","|move|p1a: Staraptor|Brave Bird|p2a: Latios","|-activate|p2a: Latios|Protect","|","|turn|32","|","|move|p2a: Latios|Ice Beam|p1a: Staraptor","|-supereffective|p1a: Staraptor","|-damage|p1a: Staraptor|0 fnt","|faint|p1a: Staraptor","|","|","|switch|p1a: Landorus|Landorus, M|242/319","|turn|33","|","|move|p2a: Latios|Ice Beam|p1a: Landorus","|-crit|p1a: Landorus","|-supereffective|p1a: Landorus","|-damage|p1a: Landorus|0 fnt","|faint|p1a: Landorus","|","|win|Desolate Nightmare"],"p1rating":{"entryid":"7497648","serverid":"eos","formatid":"monotype","userid":"trainesebastian","username":"Traine✘ Sebastian","w":"10","l":5,"t":"0","gxe":59.7,"r":"1620.7327883205","rd":"80.759772108228","sigma":"0","rptime":"1439283600","rpr":1575.6317391855,"rprd":77.51253492173,"rpsigma":"0","acre":1121.3004110594,"lacre":1121.3004110594,"oldacre":"1155.3322438134"},"p2rating":{"entryid":"6455140","serverid":"eos","formatid":"monotype","userid":"desolatenightmare","username":"Desolate Nightmare","w":14,"l":"19","t":"0","gxe":44.6,"r":"1477.3171134385","rd":"75.193596193057","sigma":"0","rptime":"1439283600","rpr":1458.4040852675,"rprd":66.447620802839,"rpsigma":"0","acre":1073.4549608833,"lacre":1073.4549608833,"oldacre":"1023.880137563"},"endType":"normal"}