{"seed":[43896,32631,31974,16560],"turns":31,"p1":"emforbes","p2":"DSV","p1team":[{"name":"Aegislash","species":"Aegislash","item":"weaknesspolicy","ability":"Stance Change","moves":["shadowsneak","swordsdance","kingsshield","sacredsword"],"nature":"Adamant","evs":{"hp":248,"atk":252,"def":0,"spa":0,"spd":8,"spe":0},"ivs":{"hp":31,"atk":31,"def":31,"spa":31,"spd":31,"spe":31}},{"name":"Sableye","species":"Sableye","item":"sablenite","ability":"Prankster","moves":["recover","calmmind","shadowball","darkpulse"],"nature":"Bold","evs":{"hp":248,"atk":0,"def":252,"spa":8,"spd":0,"spe":0},"ivs":{"hp":31,"atk":31,"def":31,"spa":31,"spd":31,"spe":31}},{"name":"Golurk","species":"Golurk","item":"focussash","ability":"No Guard","moves":["stealthrock","earthquake","dynamicpunch","shadowpunch"],"nature":"Adamant","evs":{"hp":248,"atk":252,"def":0,"spa":0,"spd":8,"spe":0},"ivs":{"hp":31,"atk":31,"def":31,"spa":31,"spd":31,"spe":31}},{"name":"Chandelure","species":"Chandelure","item":"choicescarf","ability":"Infiltrator","moves":["shadowball","fireblast","energyball","hiddenpowerground"],"nature":"Timid","evs":{"hp":0,"atk":0,"def":0,"spa":252,"spd":4,"spe":252},"ivs":{"hp":31,"atk":31,"def":31,"spa":30,"spd":30,"spe":31},"shiny":true},{"name":"Gengar","species":"Gengar","item":"focussash","ability":"Levitate","moves":["sludgewave","destinybond","shadowball","willowisp"],"nature":"Timid","evs":{"hp":0,"atk":0,"def":0,"spa":252,"spd":4,"spe":252},"ivs":{"hp":31,"atk":31,"def":31,"spa":31,"spd":31,"spe":31}},{"name":"Hoopa","species":"Hoopa","item":"lifeorb","ability":"Magician","moves":["psychic","substitute","focusblast","grassknot"],"nature":"Timid","evs":{"hp":0,"atk":0,"def":0,"spa":252,"spd":4,"spe":252},"ivs":{"hp":31,"atk":31,"def":31,"spa":31,"spd":31,"spe":31}}],"p2team":[{"name":"Scizor","species":"Scizor","item":"scizorite","ability":"Technician","moves":["bulletpunch","knockoff","swordsdance","roost"],"nature":"Adamant","evs":{"hp":248,"atk":252,"def":0,"spa":0,"spd":8,"spe":0},"ivs":{"hp":31,"atk":31,"def":31,"spa":31,"spd":31,"spe":31}},{"name":"Volcarona","species":"Volcarona","item":"leftovers","ability":"Flame Body","moves":["quiverdance","gigadrain","hiddenpowerground","fierydance"],"nature":"Bold","evs":{"hp":252,"atk":0,"def":204,"spa":0,"spd":0,"spe":52},"ivs":{"hp":31,"atk":31,"def":31,"spa":30,"spd":30,"spe":31}},{"name":"Yanmega","species":"Yanmega","item":"focussash","ability":"Speed Boost","moves":["protect","airslash","bugbuzz","hiddenpowerrock"],"nature":"Modest","evs":{"hp":0,"atk":0,"def":4,"spa":252,"spd":0,"spe":252},"ivs":{"hp":31,"atk":31,"def":30,"spa":31,"spd":30,"spe":30}},{"name":"Heracross","species":"Heracross","item":"choicescarf","ability":"Moxie","moves":["closecombat","earthquake","rockslide","megahorn"],"nature":"Jolly","evs":{"hp":0,"atk":252,"def":0,"spa":0,"spd":4,"spe":252},"ivs":{"hp":31,"atk":31,"def":31,"spa":31,"spd":31,"spe":31}},{"name":"Durant","species":"Durant","item":"focussash","ability":"Hustle","moves":["honeclaws","ironhead","rockslide","superpower"],"nature":"Jolly","evs":{"hp":0,"atk":252,"def":0,"spa":0,"spd":4,"spe":252},"ivs":{"hp":31,"atk":31,"def":31,"spa":31,"spd":31,"spe":31}},{"name":"Armaldo","species":"Armaldo","item":"assaultvest","ability":"Battle Armor","moves":["smackdown","earthquake","aquajet","rapidspin"],"nature":"Adamant","evs":{"hp":248,"atk":252,"def":0,"spa":0,"spd":8,"spe":0},"ivs":{"hp":31,"atk":31,"def":31,"spa":31,"spd":31,"spe":31}}],"log":["|player|p1|emforbes|148","|player|p2|DSV|152","|gametype|singles","|gen|6","|tier|Monotype","|rated","|rule|Baton Pass Clause: Limit one Baton Passer, can't pass Spe and other stats simultaneously","|rule|Swagger Clause: Swagger is banned","|rule|Same Type Clause: Pokémon in a team must share a type","|clearpoke","|poke|p1|Aegislash, M","|poke|p1|Sableye, F","|poke|p1|Golurk","|poke|p1|Chandelure, F, shiny","|poke|p1|Gengar, F","|poke|p1|Hoopa","|poke|p2|Scizor, M","|poke|p2|Volcarona, M","|poke|p2|Yanmega, F","|poke|p2|Heracross, F","|poke|p2|Durant, F","|poke|p2|Armaldo, F","|rule|Sleep Clause Mod: Limit one foe put to sleep","|rule|Species Clause: Limit one of each Pokémon","|rule|OHKO Clause: OHKO moves are banned","|rule|Moody Clause: Moody is banned","|rule|Evasion Moves Clause: Evasion moves are banned","|rule|Endless Battle Clause: Forcing endless battles is banned","|rule|HP Percentage Mod: HP is shown in percentages","|teampreview","|","|start","|switch|p1a: Chandelure|Chandelure, F, shiny|261/261","|switch|p2a: Yanmega|Yanmega, F|313/313","|turn|1","|","|move|p1a: Chandelure|Fire Blast|p2a: Yanmega","|-supereffective|p2a: Yanmega","|-enditem|p2a: Yanmega|Focus Sash","|-damage|p2a: Yanmega|1/313","|move|p2a: Yanmega|Air Slash|p1a: Chandelure","|-damage|p1a: Chandelure|125/261","|","|-boost|p2a: Yanmega|spe|1|[from] ability: Speed Boost","|turn|2","|","|switch|p1a: Aegislash|Aegislash, M|323/323","|move|p2a: Yanmega|Air Slash|p1a: Aegislash|[miss]","|-miss|p2a: Yanmega|p1a: Aegislash","|","|-boost|p2a: Yanmega|spe|1|[from] ability: Speed Boost","|turn|3","|","|switch|p2a: Volcarona|Volcarona, M|374/374","|-formechange|p1a: Aegislash|Aegislash-Blade","|move|p1a: Aegislash|Shadow Sneak|p2a: Volcarona","|-damage|p2a: Volcarona|289/374","|","|-heal|p2a: Volcarona|312/374|[from] item: Leftovers","|turn|4","|","|switch|p1a: Hoopa|Hoopa|301/301","|move|p2a: Volcarona|Quiver Dance|p2a: Volcarona","|-boost|p2a: Volcarona|spa|1","|-boost|p2a: Volcarona|spd|1","|-boost|p2a: Volcarona|spe|1","|","|-heal|p2a: Volcarona|335/374|[from] item: Leftovers","|turn|5","|","|move|p2a: Volcarona|Fiery Dance|p1a: Hoopa","|-damage|p1a: Hoopa|156/301","|-boost|p2a: Volcarona|spa|1","|move|p1a: Hoopa|Psychic|p2a: Volcarona","|-damage|p2a: Volcarona|179/374","|-damage|p1a: Hoopa|126/301|[from] item: Life Orb","|","|-heal|p2a: Volcarona|202/374|[from] item: Leftovers","|turn|6","|","|move|p2a: Volcarona|Giga Drain|p1a: Hoopa","|-damage|p1a: Hoopa|5/301","|-heal|p2a: Volcarona|263/374|[from] drain|[of] p1a: Hoopa","|move|p1a: Hoopa|Psychic|p2a: Volcarona","|-damage|p2a: Volcarona|125/374","|-damage|p1a: Hoopa|0 fnt|[from] item: Life Orb","|faint|p1a: Hoopa","|","|-heal|p2a: Volcarona|148/374|[from] item: Leftovers","|","|switch|p1a: Golurk|Golurk|381/381","|turn|7","|","|switch|p2a: Yanmega|Yanmega, F|1/313","|move|p1a: Golurk|Earthquake|p2a: Yanmega","|-immune|p2a: Yanmega|[msg]","|","|turn|8","|","|move|p2a: Yanmega|Air Slash|p1a: Golurk","|-damage|p1a: Golurk|230/381","|move|p1a: Golurk|Stealth Rock|p2a: Yanmega","|-sidestart|p2: DSV|move: Stealth Rock","|","|-boost|p2a: Yanmega|spe|1|[from] ability: Speed Boost","|turn|9","|","|move|p2a: Yanmega|Air Slash|p1a: Golurk","|-damage|p1a: Golurk|73/381","|move|p1a: Golurk|Dynamic Punch|p2a: Yanmega","|-resisted|p2a: Yanmega","|-damage|p2a: Yanmega|0 fnt","|faint|p2a: Yanmega","|","|","|switch|p2a: Scizor|Scizor, M|343/343","|-damage|p2a: Scizor|301/343|[from] Stealth Rock","|turn|10","|","|detailschange|p2a: Scizor|Scizor-Mega, M","|-mega|p2a: Scizor|Scizor|Scizorite","|move|p2a: Scizor|Bullet Punch|p1a: Golurk","|-damage|p1a: Golurk|0 fnt","|faint|p1a: Golurk","|","|","|switch|p1a: Chandelure|Chandelure, F, shiny|125/261","|turn|11","|","|switch|p2a: Volcarona|Volcarona, M|148/374","|-damage|p2a: Volcarona|0 fnt|[from] Stealth Rock","|faint|p2a: Volcarona","|move|p1a: Chandelure|Fire Blast|p2: Volcarona|[notarget]","|-notarget","|","|","|switch|p2a: Armaldo|Armaldo, F|353/353","|-damage|p2a: Armaldo|265/353|[from] Stealth Rock","|turn|12","|","|move|p1a: Chandelure|Fire Blast|p2a: Armaldo","|-damage|p2a: Armaldo|93/353","|move|p2a: Armaldo|Smack Down|p1a: Chandelure","|-supereffective|p1a: Chandelure","|-damage|p1a: Chandelure|0 fnt","|faint|p1a: Chandelure","|","|","|switch|p1a: Gengar|Gengar, F|261/261","|turn|13","|","|move|p2a: Armaldo|Aqua Jet|p1a: Gengar","|-damage|p1a: Gengar|189/261","|move|p1a: Gengar|Shadow Ball|p2a: Armaldo","|-damage|p2a: Armaldo|0 fnt","|faint|p2a: Armaldo","|","|","|switch|p2a: Scizor|Scizor-Mega, M|301/343","|-damage|p2a: Scizor|259/343|[from] Stealth Rock","|turn|14","|","|move|p1a: Gengar|Will-O-Wisp|p2a: Scizor","|-status|p2a: Scizor|brn","|move|p2a: Scizor|Swords Dance|p2a: Scizor","|-boost|p2a: Scizor|atk|2","|","|-damage|p2a: Scizor|217/343 brn|[from] brn","|turn|15","|","|move|p1a: Gengar|Destiny Bond|p1a: Gengar","|-singlemove|p1a: Gengar|Destiny Bond","|move|p2a: Scizor|Roost|p2a: Scizor","|-heal|p2a: Scizor|343/343 brn","|","|-damage|p2a: Scizor|301/343 brn|[from] brn","|turn|16","|","|move|p1a: Gengar|Shadow Ball|p2a: Scizor","|-damage|p2a: Scizor|156/343 brn","|-unboost|p2a: Scizor|spd|1","|move|p2a: Scizor|Swords Dance|p2a: Scizor","|-boost|p2a: Scizor|atk|2","|","|-damage|p2a: Scizor|114/343 brn|[from] brn","|turn|17","|","|move|p2a: Scizor|Bullet Punch|p1a: Gengar","|-damage|p1a: Gengar|0 fnt","|faint|p1a: Gengar","|","|-damage|p2a: Scizor|72/343 brn|[from] brn","|","|switch|p1a: Sableye|Sableye, F|303/303","|turn|18","|","|detailschange|p1a: Sableye|Sableye-Mega, F","|-mega|p1a: Sableye|Sableye|Sablenite","|move|p2a: Scizor|Roost|p2a: Scizor","|-heal|p2a: Scizor|244/343 brn","|move|p1a: Sableye|Shadow Ball|p2a: Scizor","|-damage|p2a: Scizor|123/343 brn","|","|-damage|p2a: Scizor|81/343 brn|[from] brn","|turn|19","|player|p2","|player|p2|DSV|152","|","|move|p2a: Scizor|Roost|p2a: Scizor","|-heal|p2a: Scizor|253/343 brn","|move|p1a: Sableye|Calm Mind|p1a: Sableye","|-boost|p1a: Sableye|spa|1","|-boost|p1a: Sableye|spd|1","|","|-damage|p2a: Scizor|211/343 brn|[from] brn","|turn|20","|","|move|p2a: Scizor|Knock Off|p1a: Sableye","|-damage|p1a: Sableye|210/303","|move|p1a: Sableye|Shadow Ball|p2a: Scizor","|-damage|p2a: Scizor|42/343 brn","|","|-damage|p2a: Scizor|0 fnt|[from] brn","|faint|p2a: Scizor","|","|switch|p2a: Durant|Durant, F|257/257","|-damage|p2a: Durant|225/257|[from] Stealth Rock","|turn|21","|","|move|p2a: Durant|Iron Head|p1a: Sableye|[miss]","|-miss|p2a: Durant|p1a: Sableye","|move|p1a: Sableye|Recover|p1a: Sableye","|-heal|p1a: Sableye|303/303","|","|turn|22","|","|move|p2a: Durant|Iron Head|p1a: Sableye","|-damage|p1a: Sableye|179/303","|move|p1a: Sableye|Shadow Ball|p2a: Durant","|-damage|p2a: Durant|18/257","|","|turn|23","|","|move|p2a: Durant|Iron Head|p1a: Sableye","|-damage|p1a: Sableye|55/303","|cant|p1a: Sableye|flinch","|","|turn|24","|","|move|p2a: Durant|Iron Head|p1a: Sableye","|-damage|p1a: Sableye|0 fnt","|faint|p1a: Sableye","|","|","|switch|p1a: Aegislash|Aegislash, M|323/323","|turn|25","|","|move|p1a: Aegislash|King's Shield|p1a: Aegislash","|-singleturn|p1a: Aegislash|Protect","|move|p2a: Durant|Iron Head|p1a: Aegislash","|-activate|p1a: Aegislash|Protect","|-unboost|p2a: Durant|atk|2","|","|turn|26","|","|move|p2a: Durant|Iron Head|p1a: Aegislash","|-crit|p1a: Aegislash","|-resisted|p1a: Aegislash","|-damage|p1a: Aegislash|228/323","|move|p1a: Aegislash|Swords Dance|p1a: Aegislash","|-boost|p1a: Aegislash|atk|2","|","|turn|27","|","|move|p2a: Durant|Hone Claws|p2a: Durant","|-boost|p2a: Durant|atk|1","|-boost|p2a: Durant|accuracy|1","|move|p1a: Aegislash|Swords Dance|p1a: Aegislash","|-boost|p1a: Aegislash|atk|2","|","|turn|28","|","|move|p2a: Durant|Iron Head|p1a: Aegislash","|-resisted|p1a: Aegislash","|-damage|p1a: Aegislash|187/323","|cant|p1a: Aegislash|flinch","|","|turn|29","|","|move|p1a: Aegislash|King's Shield|p1a: Aegislash","|-singleturn|p1a: Aegislash|Protect","|move|p2a: Durant|Iron Head|p1a: Aegislash","|-activate|p1a: Aegislash|Protect","|-unboost|p2a: Durant|atk|2","|","|turn|30","|","|switch|p2a: Heracross|Heracross, F|301/301","|-damage|p2a: Heracross|264/301|[from] Stealth Rock","|move|p1a: Aegislash|Swords Dance|p1a: Aegislash","|-boost|p1a: Aegislash|atk|2","|","|turn|31","|","|-formechange|p1a: Aegislash|Aegislash-Blade","|move|p1a: Aegislash|Shadow Sneak|p2a: Heracross","|-damage|p2a: Heracross|0 fnt","|faint|p2a: Heracross","|","|player|p2","|","|win|emforbes"],"p1rating":{"entryid":"7537626","serverid":"eos","formatid":"monotype","userid":"emforbes","username":"emforbes","w":14,"l":"7","t":"0","gxe":59.3,"r":"1535.9290492592","rd":"87.722280073308","sigma":"0","rptime":"1439283600","rpr":1572.0559662248,"rprd":68.987102282575,"rpsigma":"0","acre":1219.1558359273,"lacre":1219.1558359273,"oldacre":"1181.7147835287"},"p2rating":{"entryid":"6124841","serverid":"eos","formatid":"monotype","userid":"dsv","username":"DSV","w":"50","l":23,"t":"0","gxe":72.2,"r":"1663.1053447903","rd":"48.4015064528","sigma":"0","rptime":"1439283600","rpr":1681.184013051,"rprd":45.986977233902,"rpsigma":"0","acre":1341.5198612007,"lacre":1341.5198612007,"oldacre":"1371.4727031196"},"endType":"forfeit"}