{"seed":[4218,11708,31956,9492],"turns":23,"p1":"Shining Yin","p2":"emforbes","p1team":[{"name":"Zapdos","species":"Zapdos","item":"leftovers","ability":"Pressure","moves":["roost","defog","heatwave","discharge"],"nature":"Bold","evs":{"hp":248,"atk":0,"def":176,"spa":68,"spd":0,"spe":16},"ivs":{"hp":31,"atk":0,"def":31,"spa":31,"spd":31,"spe":31}},{"name":"Thundurus","species":"Thundurus","item":"lifeorb","ability":"Prankster","moves":["superpower","discharge","knockoff","thunderwave"],"nature":"Naive","evs":{"hp":0,"atk":72,"def":0,"spa":184,"spd":0,"spe":252},"ivs":{"hp":31,"atk":31,"def":31,"spa":31,"spd":31,"spe":31}},{"name":"Rotom-Wash","species":"Rotom-Wash","item":"leftovers","ability":"Levitate","moves":["willowisp","hydropump","voltswitch","painsplit"],"nature":"Calm","evs":{"hp":248,"atk":0,"def":0,"spa":0,"spd":216,"spe":44},"ivs":{"hp":31,"atk":0,"def":31,"spa":31,"spd":31,"spe":31}},{"name":"Magnezone","species":"Magnezone","item":"choicescarf","ability":"Sturdy","moves":["voltswitch","discharge","hiddenpowerice","flashcannon"],"nature":"Timid","evs":{"hp":0,"atk":0,"def":0,"spa":252,"spd":4,"spe":252},"ivs":{"hp":31,"atk":30,"def":30,"spa":31,"spd":31,"spe":31}},{"name":"Ampharos","species":"Ampharos","item":"ampharosite","ability":"Static","moves":["rest","sleeptalk","voltswitch","dragonpulse"],"nature":"Bold","evs":{"hp":248,"atk":0,"def":232,"spa":28,"spd":0,"spe":0},"ivs":{"hp":31,"atk":0,"def":31,"spa":31,"spd":31,"spe":31}},{"name":"Raikou","species":"Raikou","item":"leftovers","ability":"Pressure","moves":["substitute","calmmind","thunderbolt","extrasensory"],"nature":"Timid","evs":{"hp":0,"atk":0,"def":0,"spa":252,"spd":4,"spe":252},"ivs":{"hp":31,"atk":31,"def":31,"spa":31,"spd":31,"spe":31}}],"p2team":[{"name":"Latios","species":"Latios","item":"lifeorb","ability":"Levitate","moves":["dracometeor","defog","psyshock","hiddenpowerfire"],"nature":"Timid","evs":{"hp":0,"atk":0,"def":0,"spa":252,"spd":4,"spe":252},"ivs":{"hp":31,"atk":30,"def":31,"spa":30,"spd":31,"spe":30}},{"name":"Gardevoir","species":"Gardevoir","item":"gardevoirite","ability":"Trace","moves":["hypervoice","shadowball","psychic","focusblast"],"nature":"Modest","evs":{"hp":4,"atk":0,"def":0,"spa":252,"spd":0,"spe":252},"shiny":true,"ivs":{"hp":31,"atk":31,"def":31,"spa":31,"spd":31,"spe":31}},{"name":"Hoopa-Unbound","species":"Hoopa-Unbound","item":"lifeorb","ability":"Magician","moves":["hyperspacefury","firepunch","grassknot","gunkshot"],"nature":"Hasty","evs":{"hp":0,"atk":252,"def":0,"spa":4,"spd":0,"spe":252},"ivs":{"hp":31,"atk":31,"def":31,"spa":31,"spd":31,"spe":31}},{"name":"Mew","species":"Mew","item":"leftovers","ability":"Synchronize","moves":["stealthrock","roost","willowisp","knockoff"],"nature":"Careful","evs":{"hp":252,"atk":4,"def":0,"spa":0,"spd":252,"spe":0},"ivs":{"hp":31,"atk":31,"def":31,"spa":31,"spd":31,"spe":31}},{"name":"Victini","species":"Victini","item":"choicescarf","ability":"Victory Star","moves":["vcreate","uturn","boltstrike","trick"],"nature":"Jolly","evs":{"hp":0,"atk":252,"def":0,"spa":0,"spd":4,"spe":252},"ivs":{"hp":31,"atk":31,"def":31,"spa":31,"spd":31,"spe":31}},{"name":"Jirachi","species":"Jirachi","item":"choicescarf","ability":"Serene Grace","moves":["ironhead","firepunch","zenheadbutt","trick"],"nature":"Jolly","evs":{"hp":0,"atk":252,"def":0,"spa":0,"spd":4,"spe":252},"shiny":true,"ivs":{"hp":31,"atk":31,"def":31,"spa":31,"spd":31,"spe":31}}],"log":["|player|p1|Shining Yin|12","|player|p2|emforbes|143","|gametype|singles","|gen|6","|tier|Monotype","|rated","|rule|Baton Pass Clause: Limit one Baton Passer, can't pass Spe and other stats simultaneously","|rule|Swagger Clause: Swagger is banned","|rule|Same Type Clause: Pokémon in a team must share a type","|clearpoke","|poke|p1|Zapdos","|poke|p1|Thundurus, M","|poke|p1|Rotom-Wash","|poke|p1|Magnezone","|poke|p1|Ampharos, F","|poke|p1|Raikou","|poke|p2|Latios, M","|poke|p2|Gardevoir, M, shiny","|poke|p2|Hoopa-Unbound","|poke|p2|Mew","|poke|p2|Victini","|poke|p2|Jirachi, shiny","|rule|Sleep Clause Mod: Limit one foe put to sleep","|rule|Species Clause: Limit one of each Pokémon","|rule|OHKO Clause: OHKO moves are banned","|rule|Moody Clause: Moody is banned","|rule|Evasion Moves Clause: Evasion moves are banned","|rule|Endless Battle Clause: Forcing endless battles is banned","|rule|HP Percentage Mod: HP is shown in percentages","|teampreview","|","|start","|switch|p1a: Thundurus|Thundurus, M|299/299","|switch|p2a: Gardevoir|Gardevoir, M, shiny|278/278","|-ability|p2a: Gardevoir|Prankster|[from] ability: Trace|[of] p1a: Thundurus","|turn|1","|","|switch|p1a: Magnezone|Magnezone|281/281","|detailschange|p2a: Gardevoir|Gardevoir-Mega, M, shiny","|-mega|p2a: Gardevoir|Gardevoir|Gardevoirite","|move|p2a: Gardevoir|Hyper Voice|p1a: Magnezone","|-resisted|p1a: Magnezone","|-damage|p1a: Magnezone|141/281","|","|turn|2","|","|move|p1a: Magnezone|Flash Cannon|p2a: Gardevoir","|-crit|p2a: Gardevoir","|-supereffective|p2a: Gardevoir","|-damage|p2a: Gardevoir|0 fnt","|faint|p2a: Gardevoir","|","|","|switch|p2a: Victini|Victini|341/341","|turn|3","|","|switch|p1a: Rotom-Wash|Rotom-Wash|303/303","|move|p2a: Victini|U-turn|p1a: Rotom-Wash","|-damage|p1a: Rotom-Wash|241/303","|","|switch|p2a: Latios|Latios, M|301/301","|","|-heal|p1a: Rotom-Wash|259/303|[from] item: Leftovers","|turn|4","|","|switch|p1a: Magnezone|Magnezone|141/281","|move|p2a: Latios|Psyshock|p1a: Magnezone","|-resisted|p1a: Magnezone","|-damage|p1a: Magnezone|57/281","|-damage|p2a: Latios|271/301|[from] item: Life Orb","|","|turn|5","|","|move|p1a: Magnezone|Volt Switch|p2a: Latios","|-resisted|p2a: Latios","|-damage|p2a: Latios|209/301","|","|switch|p1a: Thundurus|Thundurus, M|299/299","|move|p2a: Latios|Psyshock|p1a: Thundurus","|-damage|p1a: Thundurus|34/299","|-damage|p2a: Latios|179/301|[from] item: Life Orb","|","|turn|6","|","|switch|p2a: Mew|Mew|404/404","|move|p1a: Thundurus|Knock Off|p2a: Mew","|-supereffective|p2a: Mew","|-damage|p2a: Mew|149/404","|-enditem|p2a: Mew|Leftovers|[from] move: Knock Off|[of] p1a: Thundurus","|-damage|p1a: Thundurus|5/299|[from] item: Life Orb","|","|turn|7","|","|move|p1a: Thundurus|Discharge|p2a: Mew","|-damage|p2a: Mew|27/404","|-status|p2a: Mew|par","|-damage|p1a: Thundurus|0 fnt|[from] item: Life Orb","|faint|p1a: Thundurus","|cant|p2a: Mew|par","|","|","|switch|p1a: Ampharos|Ampharos, F|383/383","|turn|8","|","|detailschange|p1a: Ampharos|Ampharos-Mega, F","|-mega|p1a: Ampharos|Ampharos|Ampharosite","|-ability|p1a: Ampharos|Mold Breaker","|move|p1a: Ampharos|Volt Switch|p2a: Mew","|-damage|p2a: Mew|0 fnt","|faint|p2a: Mew","|","|switch|p1a: Magnezone|Magnezone|57/281","|","|","|switch|p2a: Victini|Victini|341/341","|turn|9","|","|switch|p1a: Ampharos|Ampharos-Mega, F|383/383","|-ability|p1a: Ampharos|Mold Breaker","|move|p2a: Victini|V-create|p1a: Ampharos","|-resisted|p1a: Ampharos","|-damage|p1a: Ampharos|287/383","|-unboost|p2a: Victini|spe|1","|-unboost|p2a: Victini|def|1","|-unboost|p2a: Victini|spd|1","|","|turn|10","|","|switch|p2a: Jirachi|Jirachi, shiny|341/341","|move|p1a: Ampharos|Volt Switch|p2a: Jirachi","|-damage|p2a: Jirachi|211/341","|","|switch|p1a: Zapdos|Zapdos|383/383","|-ability|p1a: Zapdos|Pressure","|","|turn|11","|","|move|p2a: Jirachi|Trick|p1a: Zapdos","|-activate|p2a: Jirachi|move: Trick|[of] p1a: Zapdos","|-item|p1a: Zapdos|Choice Scarf|[from] move: Trick","|-item|p2a: Jirachi|Leftovers|[from] move: Trick","|move|p1a: Zapdos|Discharge|p2a: Jirachi","|-damage|p2a: Jirachi|88/341","|-status|p2a: Jirachi|par","|","|-heal|p2a: Jirachi|109/341 par|[from] item: Leftovers","|turn|12","|","|move|p1a: Zapdos|Discharge|p2a: Jirachi","|-damage|p2a: Jirachi|0 fnt","|faint|p2a: Jirachi","|","|","|switch|p2a: Hoopa-Unbound|Hoopa-Unbound|301/301","|turn|13","|","|move|p1a: Zapdos|Discharge|p2a: Hoopa-Unbound","|-damage|p2a: Hoopa-Unbound|207/301","|-status|p2a: Hoopa-Unbound|par","|move|p2a: Hoopa-Unbound|Hyperspace Fury|p1a: Zapdos","|-damage|p1a: Zapdos|148/383","|-unboost|p2a: Hoopa-Unbound|def|1","|-damage|p2a: Hoopa-Unbound|177/301 par|[from] item: Life Orb","|","|turn|14","|","|move|p1a: Zapdos|Discharge|p2a: Hoopa-Unbound","|-damage|p2a: Hoopa-Unbound|86/301 par","|move|p2a: Hoopa-Unbound|Hyperspace Fury|p1a: Zapdos","|-damage|p1a: Zapdos|0 fnt","|-unboost|p2a: Hoopa-Unbound|def|1","|-damage|p2a: Hoopa-Unbound|56/301 par|[from] item: Life Orb","|faint|p1a: Zapdos","|","|","|switch|p1a: Raikou|Raikou|321/321","|-ability|p1a: Raikou|Pressure","|turn|15","|","|move|p1a: Raikou|Thunderbolt|p2a: Hoopa-Unbound","|-crit|p2a: Hoopa-Unbound","|-damage|p2a: Hoopa-Unbound|0 fnt","|faint|p2a: Hoopa-Unbound","|","|","|switch|p2a: Victini|Victini|341/341","|turn|16","|","|switch|p1a: Ampharos|Ampharos-Mega, F|287/383","|-ability|p1a: Ampharos|Mold Breaker","|move|p2a: Victini|U-turn|p1a: Ampharos","|-damage|p1a: Ampharos|238/383","|","|switch|p2a: Latios|Latios, M|179/301","|","|turn|17","|","|switch|p1a: Rotom-Wash|Rotom-Wash|259/303","|move|p2a: Latios|Draco Meteor|p1a: Rotom-Wash","|-damage|p1a: Rotom-Wash|37/303","|-unboost|p2a: Latios|spa|2","|-damage|p2a: Latios|149/301|[from] item: Life Orb","|","|-heal|p1a: Rotom-Wash|55/303|[from] item: Leftovers","|turn|18","|","|move|p2a: Latios|Draco Meteor|p1a: Rotom-Wash","|-damage|p1a: Rotom-Wash|0 fnt","|-unboost|p2a: Latios|spa|2","|-damage|p2a: Latios|119/301|[from] item: Life Orb","|faint|p1a: Rotom-Wash","|","|","|switch|p1a: Raikou|Raikou|321/321","|-ability|p1a: Raikou|Pressure","|turn|19","|","|switch|p2a: Victini|Victini|341/341","|move|p1a: Raikou|Thunderbolt|p2a: Victini","|-damage|p2a: Victini|194/341","|-status|p2a: Victini|par","|","|turn|20","|","|switch|p1a: Ampharos|Ampharos-Mega, F|238/383","|-ability|p1a: Ampharos|Mold Breaker","|move|p2a: Victini|V-create|p1a: Ampharos","|-crit|p1a: Ampharos","|-resisted|p1a: Ampharos","|-damage|p1a: Ampharos|99/383","|-unboost|p2a: Victini|spe|1","|-unboost|p2a: Victini|def|1","|-unboost|p2a: Victini|spd|1","|","|turn|21","|","|move|p1a: Ampharos|Dragon Pulse|p2a: Victini","|-damage|p2a: Victini|0 fnt","|faint|p2a: Victini","|","|","|switch|p2a: Latios|Latios, M|119/301","|turn|22","|","|move|p2a: Latios|Psyshock|p1a: Ampharos","|-damage|p1a: Ampharos|0 fnt","|-damage|p2a: Latios|89/301|[from] item: Life Orb","|faint|p1a: Ampharos","|","|","|switch|p1a: Magnezone|Magnezone|57/281","|turn|23","|","|move|p1a: Magnezone|Flash Cannon|p2a: Latios","|-damage|p2a: Latios|0 fnt","|faint|p2a: Latios","|","|win|Shining Yin"],"p1rating":{"entryid":"7208708","serverid":"eos","formatid":"monotype","userid":"shiningyin","username":"Shining Yin","w":39,"l":"16","t":"0","gxe":67.9,"r":"1617.0110270756","rd":"53.345383594389","sigma":"0","rptime":"1439283600","rpr":1642.4099742974,"rprd":49.637068638326,"rpsigma":"0","acre":1328.4987318607,"lacre":1328.4987318607,"oldacre":"1317.6747848073"},"p2rating":{"entryid":"7537626","serverid":"eos","formatid":"monotype","userid":"emforbes","username":"emforbes","w":"8","l":5,"t":"0","gxe":52.7,"r":"1535.9290492592","rd":"87.722280073308","sigma":"0","rptime":"1439283600","rpr":1520.6968104098,"rprd":80.866019463377,"rpsigma":"0","acre":1131.8884992936,"lacre":1131.8884992936,"oldacre":"1145.4184331103"},"endType":"normal"}