{"seed":[58138,20260,14326,33863],"turns":22,"p1":"emforbes","p2":"GTX♅Prolixity","p1team":[{"name":"Aegislash","species":"Aegislash","item":"weaknesspolicy","ability":"Stance Change","moves":["shadowsneak","swordsdance","kingsshield","sacredsword"],"nature":"Adamant","evs":{"hp":248,"atk":252,"def":0,"spa":0,"spd":8,"spe":0},"ivs":{"hp":31,"atk":31,"def":31,"spa":31,"spd":31,"spe":31}},{"name":"Sableye","species":"Sableye","item":"sablenite","ability":"Prankster","moves":["recover","calmmind","shadowball","darkpulse"],"nature":"Bold","evs":{"hp":248,"atk":0,"def":252,"spa":8,"spd":0,"spe":0},"ivs":{"hp":31,"atk":31,"def":31,"spa":31,"spd":31,"spe":31}},{"name":"Golurk","species":"Golurk","item":"focussash","ability":"No Guard","moves":["stealthrock","earthquake","dynamicpunch","shadowpunch"],"nature":"Adamant","evs":{"hp":248,"atk":252,"def":0,"spa":0,"spd":8,"spe":0},"ivs":{"hp":31,"atk":31,"def":31,"spa":31,"spd":31,"spe":31}},{"name":"Chandelure","species":"Chandelure","item":"choicescarf","ability":"Infiltrator","moves":["shadowball","fireblast","energyball","hiddenpowerground"],"nature":"Timid","evs":{"hp":0,"atk":0,"def":0,"spa":252,"spd":4,"spe":252},"ivs":{"hp":31,"atk":31,"def":31,"spa":30,"spd":30,"spe":31},"shiny":true},{"name":"Gengar","species":"Gengar","item":"focussash","ability":"Levitate","moves":["sludgewave","destinybond","shadowball","willowisp"],"nature":"Timid","evs":{"hp":0,"atk":0,"def":0,"spa":252,"spd":4,"spe":252},"ivs":{"hp":31,"atk":31,"def":31,"spa":31,"spd":31,"spe":31}},{"name":"Hoopa","species":"Hoopa","item":"lifeorb","ability":"Magician","moves":["psychic","substitute","focusblast","grassknot"],"nature":"Timid","evs":{"hp":0,"atk":0,"def":0,"spa":252,"spd":4,"spe":252},"ivs":{"hp":31,"atk":31,"def":31,"spa":31,"spd":31,"spe":31}}],"p2team":[{"name":"Keldeo","species":"Keldeo","item":"lifeorb","ability":"Justified","moves":["icywind","secretsword","scald","hiddenpowerfire"],"nature":"Timid","evs":{"hp":0,"atk":0,"def":4,"spa":252,"spd":0,"spe":252},"ivs":{"hp":31,"atk":30,"def":31,"spa":30,"spd":31,"spe":30}},{"name":"Sharpedo","species":"Sharpedo","item":"sharpedonite","ability":"Speed Boost","moves":["waterfall","protect","crunch","earthquake"],"nature":"Adamant","evs":{"hp":0,"atk":252,"def":0,"spa":0,"spd":4,"spe":252},"shiny":true,"ivs":{"hp":31,"atk":31,"def":31,"spa":31,"spd":31,"spe":31}},{"name":"Empoleon","species":"Empoleon","item":"assaultvest","ability":"Defiant","moves":["surf","icebeam","flashcannon","grassknot"],"nature":"Sassy","evs":{"hp":252,"atk":0,"def":0,"spa":4,"spd":252,"spe":0},"shiny":true,"ivs":{"hp":31,"atk":31,"def":31,"spa":31,"spd":31,"spe":31}},{"name":"Cloyster","species":"Cloyster","item":"focussash","ability":"Skill Link","moves":["iciclespear","rockblast","shellsmash","razorshell"],"nature":"Adamant","evs":{"hp":0,"atk":252,"def":0,"spa":0,"spd":4,"spe":252},"shiny":true,"ivs":{"hp":31,"atk":31,"def":31,"spa":31,"spd":31,"spe":31}},{"name":"Tentacruel","species":"Tentacruel","item":"leftovers","ability":"Liquid Ooze","moves":["toxicspikes","scald","rapidspin","acidspray"],"nature":"Timid","evs":{"hp":252,"atk":0,"def":0,"spa":0,"spd":244,"spe":12},"shiny":true,"ivs":{"hp":31,"atk":31,"def":31,"spa":31,"spd":31,"spe":31}},{"name":"Blastoise","species":"Blastoise","item":"weaknesspolicy","ability":"Torrent","moves":["dragonpulse","earthquake","rapidspin","surf"],"nature":"Mild","evs":{"hp":248,"atk":8,"def":0,"spa":252,"spd":0,"spe":0},"ivs":{"hp":31,"atk":31,"def":31,"spa":31,"spd":31,"spe":31}}],"log":["|player|p1|emforbes|148","|player|p2|GTX♅Prolixity|11","|gametype|singles","|gen|6","|tier|Monotype","|rated","|rule|Baton Pass Clause: Limit one Baton Passer, can't pass Spe and other stats simultaneously","|rule|Swagger Clause: Swagger is banned","|rule|Same Type Clause: Pokémon in a team must share a type","|clearpoke","|poke|p1|Aegislash, F","|poke|p1|Sableye, F","|poke|p1|Golurk","|poke|p1|Chandelure, M, shiny","|poke|p1|Gengar, M","|poke|p1|Hoopa","|poke|p2|Keldeo","|poke|p2|Sharpedo, M, shiny","|poke|p2|Empoleon, F, shiny","|poke|p2|Cloyster, M, shiny","|poke|p2|Tentacruel, M, shiny","|poke|p2|Blastoise, F","|rule|Sleep Clause Mod: Limit one foe put to sleep","|rule|Species Clause: Limit one of each Pokémon","|rule|OHKO Clause: OHKO moves are banned","|rule|Moody Clause: Moody is banned","|rule|Evasion Moves Clause: Evasion moves are banned","|rule|Endless Battle Clause: Forcing endless battles is banned","|rule|HP Percentage Mod: HP is shown in percentages","|teampreview","|","|start","|switch|p1a: Golurk|Golurk|381/381","|switch|p2a: Empoleon|Empoleon, F, shiny|372/372","|turn|1","|","|move|p1a: Golurk|Stealth Rock|p2a: Empoleon","|-sidestart|p2: GTX♅Prolixity|move: Stealth Rock","|move|p2a: Empoleon|Surf|p1a: Golurk","|-supereffective|p1a: Golurk","|-damage|p1a: Golurk|97/381","|","|turn|2","|","|move|p1a: Golurk|Dynamic Punch|p2a: Empoleon","|-supereffective|p2a: Empoleon","|-damage|p2a: Empoleon|96/372","|-start|p2a: Empoleon|confusion","|-activate|p2a: Empoleon|confusion","|move|p2a: Empoleon|Surf|p1a: Golurk","|-supereffective|p1a: Golurk","|-damage|p1a: Golurk|0 fnt","|faint|p1a: Golurk","|","|","|switch|p1a: Gengar|Gengar, M|261/261","|turn|3","|","|move|p1a: Gengar|Shadow Ball|p2a: Empoleon","|-damage|p2a: Empoleon|27/372","|-unboost|p2a: Empoleon|spd|1","|-boost|p2a: Empoleon|atk|2|[from] ability: Defiant","|-activate|p2a: Empoleon|confusion","|move|p2a: Empoleon|Surf|p1a: Gengar","|-damage|p1a: Gengar|126/261","|","|turn|4","|","|move|p1a: Gengar|Shadow Ball|p2a: Empoleon","|-damage|p2a: Empoleon|0 fnt","|faint|p2a: Empoleon","|","|","|switch|p2a: Keldeo|Keldeo|323/323","|-damage|p2a: Keldeo|303/323|[from] Stealth Rock","|turn|5","|","|move|p1a: Gengar|Sludge Wave|p2a: Keldeo","|-damage|p2a: Keldeo|116/323","|move|p2a: Keldeo|Scald|p1a: Gengar","|-damage|p1a: Gengar|0 fnt","|-damage|p2a: Keldeo|84/323|[from] item: Life Orb","|faint|p1a: Gengar","|","|","|switch|p1a: Chandelure|Chandelure, M, shiny|261/261","|turn|6","|","|move|p1a: Chandelure|Energy Ball|p2a: Keldeo","|-supereffective|p2a: Keldeo","|-damage|p2a: Keldeo|0 fnt","|faint|p2a: Keldeo","|","|","|switch|p2a: Blastoise|Blastoise, F|361/361","|-damage|p2a: Blastoise|316/361|[from] Stealth Rock","|turn|7","|","|switch|p1a: Hoopa|Hoopa|301/301","|move|p2a: Blastoise|Surf|p1a: Hoopa","|-damage|p1a: Hoopa|186/301","|","|turn|8","|","|move|p1a: Hoopa|Grass Knot|p2a: Blastoise","|-supereffective|p2a: Blastoise","|-damage|p2a: Blastoise|35/361","|-enditem|p2a: Blastoise|Weakness Policy","|-boost|p2a: Blastoise|atk|2|[from] item: Weakness Policy","|-boost|p2a: Blastoise|spa|2|[from] item: Weakness Policy","|-damage|p1a: Hoopa|156/301|[from] item: Life Orb","|move|p2a: Blastoise|Surf|p1a: Hoopa","|-damage|p1a: Hoopa|0 fnt","|faint|p1a: Hoopa","|","|","|switch|p1a: Aegislash|Aegislash, F|323/323","|turn|9","|","|-formechange|p1a: Aegislash|Aegislash-Blade","|move|p1a: Aegislash|Shadow Sneak|p2a: Blastoise","|-damage|p2a: Blastoise|0 fnt","|faint|p2a: Blastoise","|","|","|switch|p2a: Cloyster|Cloyster, M, shiny|241/241","|-damage|p2a: Cloyster|181/241|[from] Stealth Rock","|turn|10","|","|move|p2a: Cloyster|Shell Smash|p2a: Cloyster","|-unboost|p2a: Cloyster|def|1","|-unboost|p2a: Cloyster|spd|1","|-boost|p2a: Cloyster|atk|2","|-boost|p2a: Cloyster|spa|2","|-boost|p2a: Cloyster|spe|2","|move|p1a: Aegislash|Swords Dance|p1a: Aegislash","|-boost|p1a: Aegislash|atk|2","|","|turn|11","|","|-formechange|p1a: Aegislash|Aegislash","|move|p1a: Aegislash|King's Shield|p1a: Aegislash","|-singleturn|p1a: Aegislash|Protect","|move|p2a: Cloyster|Rock Blast|p1a: Aegislash","|-activate|p1a: Aegislash|Protect","|","|turn|12","|","|move|p2a: Cloyster|Rock Blast|p1a: Aegislash","|-resisted|p1a: Aegislash","|-damage|p1a: Aegislash|305/323","|-resisted|p1a: Aegislash","|-damage|p1a: Aegislash|286/323","|-resisted|p1a: Aegislash","|-damage|p1a: Aegislash|267/323","|-resisted|p1a: Aegislash","|-damage|p1a: Aegislash|248/323","|-resisted|p1a: Aegislash","|-damage|p1a: Aegislash|229/323","|-hitcount|p1a: Aegislash|5","|move|p1a: Aegislash|Swords Dance|p1a: Aegislash","|-boost|p1a: Aegislash|atk|2","|","|turn|13","|","|move|p2a: Cloyster|Icicle Spear|p1a: Aegislash","|-resisted|p1a: Aegislash","|-damage|p1a: Aegislash|199/323","|-resisted|p1a: Aegislash","|-damage|p1a: Aegislash|169/323","|-resisted|p1a: Aegislash","|-damage|p1a: Aegislash|142/323","|-resisted|p1a: Aegislash","|-damage|p1a: Aegislash|114/323","|-resisted|p1a: Aegislash","|-damage|p1a: Aegislash|88/323","|-hitcount|p1a: Aegislash|5","|move|p1a: Aegislash|Swords Dance|p1a: Aegislash","|-boost|p1a: Aegislash|atk|2","|","|turn|14","|","|-formechange|p1a: Aegislash|Aegislash-Blade","|move|p1a: Aegislash|Shadow Sneak|p2a: Cloyster","|-crit|p2a: Cloyster","|-damage|p2a: Cloyster|0 fnt","|faint|p2a: Cloyster","|","|","|switch|p2a: Tentacruel|Tentacruel, M, shiny|364/364","|-damage|p2a: Tentacruel|319/364|[from] Stealth Rock","|turn|15","|","|move|p1a: Aegislash|Shadow Sneak|p2a: Tentacruel","|-damage|p2a: Tentacruel|0 fnt","|faint|p2a: Tentacruel","|","|","|switch|p2a: Sharpedo|Sharpedo, M, shiny|281/281","|-damage|p2a: Sharpedo|246/281|[from] Stealth Rock","|turn|16","|","|move|p2a: Sharpedo|Protect|p2a: Sharpedo","|-singleturn|p2a: Sharpedo|Protect","|move|p1a: Aegislash|Shadow Sneak|p2a: Sharpedo","|-activate|p2a: Sharpedo|Protect","|","|-boost|p2a: Sharpedo|spe|1|[from] ability: Speed Boost","|turn|17","|","|move|p2a: Sharpedo|Protect|p2a: Sharpedo","|-fail|p2a: Sharpedo","|-formechange|p1a: Aegislash|Aegislash","|move|p1a: Aegislash|King's Shield|p1a: Aegislash","|-fail|p1a: Aegislash","|","|-boost|p2a: Sharpedo|spe|1|[from] ability: Speed Boost","|turn|18","|","|detailschange|p2a: Sharpedo|Sharpedo-Mega, M, shiny","|-mega|p2a: Sharpedo|Sharpedo|Sharpedonite","|move|p1a: Aegislash|King's Shield|p1a: Aegislash","|-singleturn|p1a: Aegislash|Protect","|move|p2a: Sharpedo|Waterfall|p1a: Aegislash","|-activate|p1a: Aegislash|Protect","|-unboost|p2a: Sharpedo|atk|2","|","|turn|19","|","|-formechange|p1a: Aegislash|Aegislash-Blade","|move|p1a: Aegislash|Shadow Sneak|p2a: Sharpedo","|-resisted|p2a: Sharpedo","|-damage|p2a: Sharpedo|15/281","|move|p2a: Sharpedo|Waterfall|p1a: Aegislash","|-damage|p1a: Aegislash|0 fnt","|faint|p1a: Aegislash","|","|","|switch|p1a: Chandelure|Chandelure, M, shiny|261/261","|turn|20","|","|move|p2a: Sharpedo|Waterfall|p1a: Chandelure","|-supereffective|p1a: Chandelure","|-damage|p1a: Chandelure|79/261","|cant|p1a: Chandelure|flinch","|","|turn|21","|","|move|p2a: Sharpedo|Waterfall|p1a: Chandelure","|-supereffective|p1a: Chandelure","|-damage|p1a: Chandelure|0 fnt","|faint|p1a: Chandelure","|","|","|switch|p1a: Sableye|Sableye, F|303/303","|turn|22","|","|detailschange|p1a: Sableye|Sableye-Mega, F","|-mega|p1a: Sableye|Sableye|Sablenite","|move|p2a: Sharpedo|Crunch|p1a: Sableye","|-damage|p1a: Sableye|225/303","|move|p1a: Sableye|Dark Pulse|p2a: Sharpedo","|-resisted|p2a: Sharpedo","|-damage|p2a: Sharpedo|0 fnt","|faint|p2a: Sharpedo","|","|win|emforbes"],"p1rating":{"entryid":"7537626","serverid":"eos","formatid":"monotype","userid":"emforbes","username":"emforbes","w":13,"l":"7","t":"0","gxe":57,"r":"1535.9290492592","rd":"87.722280073308","sigma":"0","rptime":"1439283600","rpr":1554.4487737924,"rprd":70.186487241893,"rpsigma":"0","acre":1181.7147835287,"lacre":1181.7147835287,"oldacre":"1167.938141985"},"p2rating":{"entryid":"7554646","serverid":"eos","formatid":"monotype","userid":"gtxprolixity","username":"GTX♅Prolixity","w":"1","l":9,"t":"0","gxe":33.1,"r":"1500","rd":"130","sigma":"0","rptime":"1439283600","rpr":1363.9906429397,"rprd":86.626377471928,"rpsigma":"0","acre":1000,"lacre":1000,"oldacre":"1000"},"endType":"normal"}