{"seed":[27681,9514,55568,47468],"turns":19,"p1":"Sjado","p2":"rubensd","p1team":[{"name":"Sableye","species":"Sableye","item":"sablenite","ability":"Prankster","moves":["recover","willowisp","calmmind","darkpulse"],"nature":"Bold","evs":{"hp":252,"atk":0,"def":252,"spa":0,"spd":4,"spe":0},"ivs":{"hp":31,"atk":31,"def":31,"spa":31,"spd":31,"spe":31}},{"name":"Umbreon","species":"Umbreon","item":"leftovers","ability":"Synchronize","moves":["toxic","wish","protect","darkpulse"],"nature":"Calm","evs":{"hp":252,"atk":0,"def":0,"spa":4,"spd":252,"spe":0},"ivs":{"hp":31,"atk":31,"def":31,"spa":31,"spd":31,"spe":31}},{"name":"Bisharp","species":"Bisharp","item":"lifeorb","ability":"Defiant","moves":["ironhead","suckerpunch","knockoff","swordsdance"],"nature":"Adamant","evs":{"hp":0,"atk":252,"def":0,"spa":0,"spd":4,"spe":252},"shiny":true,"ivs":{"hp":31,"atk":31,"def":31,"spa":31,"spd":31,"spe":31}},{"name":"Mandibuzz","species":"Mandibuzz","item":"rockyhelmet","ability":"Overcoat","moves":["roost","foulplay","defog","toxic"],"nature":"Bold","evs":{"hp":252,"atk":0,"def":252,"spa":0,"spd":4,"spe":0},"ivs":{"hp":31,"atk":31,"def":31,"spa":31,"spd":31,"spe":31}},{"name":"Tyranitar","species":"Tyranitar","item":"leftovers","ability":"Sand Stream","moves":["stoneedge","stealthrock","earthquake","fireblast"],"nature":"Sassy","evs":{"hp":244,"atk":8,"def":0,"spa":4,"spd":252,"spe":0},"ivs":{"hp":31,"atk":31,"def":31,"spa":31,"spd":31,"spe":31}},{"name":"Hydreigon","species":"Hydreigon","item":"lifeorb","ability":"Levitate","moves":["darkpulse","dracometeor","fireblast","earthpower"],"nature":"Timid","evs":{"hp":0,"atk":0,"def":0,"spa":252,"spd":4,"spe":252},"ivs":{"hp":31,"atk":31,"def":31,"spa":31,"spd":31,"spe":31}}],"p2team":[{"name":"Morty","species":"gengar","item":"blacksludge","ability":"Levitate","moves":["shadowball","psychic","sludgewave","gigadrain"],"nature":"Timid","evs":{"hp":0,"atk":0,"def":0,"spa":252,"spd":4,"spe":252},"gender":"M","ivs":{"hp":31,"atk":31,"def":31,"spa":31,"spd":31,"spe":31}},{"name":"SilentHill","species":"trevenant","item":"sitrusberry","ability":"Natural Cure","moves":["hornleech","drainpunch","honeclaws","phantomforce"],"nature":"Adamant","evs":{"hp":248,"atk":252,"def":0,"spa":0,"spd":8,"spe":0},"gender":"M","shiny":true,"ivs":{"hp":31,"atk":31,"def":31,"spa":31,"spd":31,"spe":31}},{"name":"Desteny","species":"froslass","item":"focussash","ability":"Cursed Body","moves":["blizzard","destinybond","psychic","shadowball"],"nature":"Timid","evs":{"hp":0,"atk":0,"def":0,"spa":252,"spd":4,"spe":252},"ivs":{"hp":31,"atk":31,"def":31,"spa":31,"spd":31,"spe":31}},{"name":"Danny","species":"golurk","item":"zoomlens","ability":"Iron Fist","moves":["dynamicpunch","shadowpunch","earthquake","thunderpunch"],"nature":"Adamant","evs":{"hp":252,"atk":252,"def":0,"spa":0,"spd":4,"spe":0},"ivs":{"hp":31,"atk":31,"def":31,"spa":31,"spd":31,"spe":31}},{"name":"chucky","species":"banette","item":"banettite","ability":"Insomnia","moves":["shadowclaw","gunkshot","thunderwave","destinybond"],"nature":"Adamant","evs":{"hp":248,"atk":252,"def":0,"spa":0,"spd":8,"spe":0},"gender":"M","ivs":{"hp":31,"atk":31,"def":31,"spa":31,"spd":31,"spe":31}}],"log":["|player|p1|Sjado|168","|player|p2|rubensd|144","|gametype|singles","|gen|6","|tier|Monotype","|rated","|rule|Baton Pass Clause: Limit one Baton Passer, can't pass Spe and other stats simultaneously","|rule|Swagger Clause: Swagger is banned","|rule|Same Type Clause: Pokémon in a team must share a type","|clearpoke","|poke|p1|Sableye, M","|poke|p1|Umbreon, F","|poke|p1|Bisharp, M, shiny","|poke|p1|Mandibuzz, F","|poke|p1|Tyranitar, M","|poke|p1|Hydreigon, F","|poke|p2|Gengar, M","|poke|p2|Trevenant, M, shiny","|poke|p2|Froslass, F","|poke|p2|Golurk","|poke|p2|Banette, M","|rule|Sleep Clause Mod: Limit one foe put to sleep","|rule|Species Clause: Limit one of each Pokémon","|rule|OHKO Clause: OHKO moves are banned","|rule|Moody Clause: Moody is banned","|rule|Evasion Moves Clause: Evasion moves are banned","|rule|Endless Battle Clause: Forcing endless battles is banned","|rule|HP Percentage Mod: HP is shown in percentages","|teampreview","|","|start","|switch|p1a: Umbreon|Umbreon, F|394/394","|switch|p2a: Desteny|Froslass, F|281/281","|turn|1","|","|move|p2a: Desteny|Destiny Bond|p2a: Desteny","|-singlemove|p2a: Desteny|Destiny Bond","|move|p1a: Umbreon|Toxic|p2a: Desteny","|-status|p2a: Desteny|tox","|","|-damage|p2a: Desteny|264/281 tox|[from] psn","|turn|2","|","|switch|p1a: Tyranitar|Tyranitar, M|402/402","|-weather|Sandstorm","|move|p2a: Desteny|Blizzard|p1a: Tyranitar","|-miss|p2a: Desteny|p1a: Tyranitar","|","|-weather|Sandstorm|[upkeep]","|-damage|p2a: Desteny|247/281 tox|[from] sandstorm","|-damage|p2a: Desteny|213/281 tox|[from] psn","|turn|3","|","|move|p2a: Desteny|Destiny Bond|p2a: Desteny","|-singlemove|p2a: Desteny|Destiny Bond","|move|p1a: Tyranitar|Stealth Rock|p2a: Desteny","|-sidestart|p2: rubensd|move: Stealth Rock","|","|-weather|Sandstorm|[upkeep]","|-damage|p2a: Desteny|196/281 tox|[from] sandstorm","|-damage|p2a: Desteny|145/281 tox|[from] psn","|turn|4","|","|move|p2a: Desteny|Blizzard|p1a: Tyranitar","|-miss|p2a: Desteny|p1a: Tyranitar","|move|p1a: Tyranitar|Stone Edge|p2a: Desteny","|-crit|p2a: Desteny","|-supereffective|p2a: Desteny","|-damage|p2a: Desteny|0 fnt","|-start|p1a: Tyranitar|Disable|Stone Edge","|faint|p2a: Desteny","|","|-weather|Sandstorm|[upkeep]","|","|switch|p2a: Danny|Golurk|382/382","|-damage|p2a: Danny|359/382|[from] Stealth Rock","|turn|5","|","|switch|p1a: Mandibuzz|Mandibuzz, F|424/424","|move|p2a: Danny|Dynamic Punch|p1a: Mandibuzz","|-damage|p1a: Mandibuzz|315/424","|-damage|p2a: Danny|296/382|[from] item: Rocky Helmet|[of] p1a: Mandibuzz","|-start|p1a: Mandibuzz|confusion","|","|-weather|Sandstorm|[upkeep]","|turn|6","|","|-activate|p1a: Mandibuzz|confusion","|move|p1a: Mandibuzz|Toxic|p2a: Danny","|-status|p2a: Danny|tox","|move|p2a: Danny|Thunder Punch|p1a: Mandibuzz","|-supereffective|p1a: Mandibuzz","|-damage|p1a: Mandibuzz|145/424","|-damage|p2a: Danny|233/382 tox|[from] item: Rocky Helmet|[of] p1a: Mandibuzz","|","|-weather|none","|-damage|p2a: Danny|210/382 tox|[from] psn","|turn|7","|","|switch|p1a: Sableye|Sableye, M|304/304","|move|p2a: Danny|Thunder Punch|p1a: Sableye","|-damage|p1a: Sableye|208/304","|","|-damage|p2a: Danny|164/382 tox|[from] psn","|turn|8","|","|move|p1a: Sableye|Calm Mind|p1a: Sableye","|-boost|p1a: Sableye|spa|1","|-boost|p1a: Sableye|spd|1","|move|p2a: Danny|Shadow Punch|p1a: Sableye","|-damage|p1a: Sableye|94/304","|","|-damage|p2a: Danny|95/382 tox|[from] psn","|turn|9","|","|move|p1a: Sableye|Recover|p1a: Sableye","|-heal|p1a: Sableye|246/304","|move|p2a: Danny|Shadow Punch|p1a: Sableye","|-damage|p1a: Sableye|117/304","|","|-damage|p2a: Danny|3/382 tox|[from] psn","|turn|10","|","|move|p1a: Sableye|Recover|p1a: Sableye","|-heal|p1a: Sableye|269/304","|move|p2a: Danny|Shadow Punch|p1a: Sableye","|-damage|p1a: Sableye|157/304","|","|-damage|p2a: Danny|0 fnt|[from] psn","|faint|p2a: Danny","|","|switch|p2a: chucky|Banette, M|331/331","|-damage|p2a: chucky|290/331|[from] Stealth Rock","|turn|11","|","|detailschange|p2a: chucky|Banette-Mega, M","|-mega|p2a: chucky|Banette|Banettite","|move|p1a: Sableye|Will-O-Wisp|p2a: chucky|[miss]","|-miss|p1a: Sableye|p2a: chucky","|move|p2a: chucky|Thunder Wave|p1a: Sableye","|-status|p1a: Sableye|par","|","|turn|12","|","|cant|p1a: Sableye|par","|move|p2a: chucky|Gunk Shot|p1a: Sableye","|-resisted|p1a: Sableye","|-damage|p1a: Sableye|83/304 par","|","|turn|13","|","|move|p1a: Sableye|Recover|p1a: Sableye","|-heal|p1a: Sableye|235/304 par","|move|p2a: chucky|Shadow Claw|p1a: Sableye","|-damage|p1a: Sableye|93/304 par","|","|turn|14","|","|move|p1a: Sableye|Will-O-Wisp|p2a: chucky|[miss]","|-miss|p1a: Sableye|p2a: chucky","|move|p2a: chucky|Shadow Claw|p1a: Sableye","|-damage|p1a: Sableye|0 fnt","|faint|p1a: Sableye","|","|","|switch|p1a: Hydreigon|Hydreigon, F|325/325","|turn|15","|","|move|p2a: chucky|Thunder Wave|p1a: Hydreigon","|-status|p1a: Hydreigon|par","|cant|p1a: Hydreigon|par","|","|turn|16","|","|move|p2a: chucky|Gunk Shot|p1a: Hydreigon","|-damage|p1a: Hydreigon|122/325 par","|move|p1a: Hydreigon|Dark Pulse|p2a: chucky","|-supereffective|p2a: chucky","|-damage|p2a: chucky|0 fnt","|-damage|p1a: Hydreigon|90/325 par|[from] item: Life Orb","|faint|p2a: chucky","|","|","|switch|p2a: Morty|Gengar, M|261/261","|-damage|p2a: Morty|229/261|[from] Stealth Rock","|turn|17","|","|move|p2a: Morty|Sludge Wave|p1a: Hydreigon","|-damage|p1a: Hydreigon|0 fnt","|faint|p1a: Hydreigon","|","|-heal|p2a: Morty|245/261|[from] item: Black Sludge","|","|switch|p1a: Bisharp|Bisharp, M, shiny|271/271","|turn|18","|","|move|p2a: Morty|Shadow Ball|p1a: Bisharp","|-crit|p1a: Bisharp","|-resisted|p1a: Bisharp","|-damage|p1a: Bisharp|140/271","|-unboost|p1a: Bisharp|spd|1","|-boost|p1a: Bisharp|atk|2|[from] ability: Defiant","|move|p1a: Bisharp|Knock Off|p2a: Morty","|-crit|p2a: Morty","|-supereffective|p2a: Morty","|-damage|p2a: Morty|0 fnt","|-enditem|p2a: Morty|Black Sludge|[from] move: Knock Off|[of] p1a: Bisharp","|-damage|p1a: Bisharp|113/271|[from] item: Life Orb","|faint|p2a: Morty","|","|","|switch|p2a: SilentHill|Trevenant, M, shiny|373/373","|-damage|p2a: SilentHill|327/373|[from] Stealth Rock","|turn|19","|","|move|p1a: Bisharp|Knock Off|p2a: SilentHill","|-supereffective|p2a: SilentHill","|-damage|p2a: SilentHill|0 fnt","|-enditem|p2a: SilentHill|Sitrus Berry|[from] move: Knock Off|[of] p1a: Bisharp","|-damage|p1a: Bisharp|86/271|[from] item: Life Orb","|faint|p2a: SilentHill","|","|win|Sjado"],"p1rating":{"entryid":"6705129","serverid":"eos","formatid":"monotype","userid":"sjado","username":"Sjado","w":7,"l":"4","t":"0","gxe":54.1,"r":"1524.7413863313","rd":"95.556289892749","sigma":"0","rptime":"1439283600","rpr":1531.9582006908,"rprd":87.302279129641,"rpsigma":"0","acre":1144.1978802629,"lacre":1144.1978802629,"oldacre":"1123.7544726191"},"p2rating":{"entryid":"6070308","serverid":"eos","formatid":"monotype","userid":"rubensd","username":"rubensd","w":"4","l":11,"t":"0","gxe":35.5,"r":1397.7245103405,"rd":88.888975677709,"sigma":"0","rptime":1439283600,"rpr":1384.0084671432,"rprd":86.616287585918,"rpsigma":"0","acre":1044.2121290833,"lacre":1044.2121290833,"oldacre":"1059.7140433185"},"endType":"normal"}