{"seed":[32621,47902,23525,35057],"turns":28,"p1":"DSV","p2":"MrNyanNyanz","p1team":[{"name":"Shania Twain","species":"altaria","item":"altarianite","ability":"Cloud Nine","moves":["dragondance","roost","frustration","healbell"],"nature":"Impish","evs":{"hp":248,"atk":0,"def":136,"spa":0,"spd":96,"spe":28},"gender":"F","shiny":true,"happiness":0,"ivs":{"hp":31,"atk":31,"def":31,"spa":31,"spd":31,"spe":31}},{"name":"Selena","species":"latias","item":"leftovers","ability":"Levitate","moves":["defog","tailwind","healingwish","energyball"],"nature":"Timid","evs":{"hp":248,"atk":0,"def":4,"spa":0,"spd":0,"spe":252},"ivs":{"hp":31,"atk":0,"def":31,"spa":31,"spd":31,"spe":31}},{"name":"Kanye West","species":"kyuremblack","item":"lifeorb","ability":"Teravolt","moves":["icebeam","fusionbolt","earthpower","roost"],"nature":"Hasty","evs":{"hp":0,"atk":24,"def":0,"spa":252,"spd":0,"spe":232},"shiny":true,"ivs":{"hp":31,"atk":31,"def":31,"spa":31,"spd":31,"spe":31}},{"name":"Charlie Puth","species":"dragonite","item":"choiceband","ability":"Multiscale","moves":["extremespeed","outrage","superpower","earthquake"],"nature":"Adamant","evs":{"hp":56,"atk":252,"def":4,"spa":0,"spd":0,"spe":196},"gender":"M","ivs":{"hp":31,"atk":31,"def":31,"spa":31,"spd":31,"spe":31}},{"name":"Dr.Dre","species":"garchomp","item":"rockyhelmet","ability":"Rough Skin","moves":["stealthrock","earthquake","stoneedge","fireblast"],"nature":"Relaxed","evs":{"hp":248,"atk":0,"def":244,"spa":0,"spd":0,"spe":16},"gender":"M","shiny":true,"ivs":{"hp":31,"atk":31,"def":31,"spa":31,"spd":31,"spe":31}},{"name":"Bruno Mars","species":"latios","item":"choicescarf","ability":"Levitate","moves":["hiddenpowerfire","icebeam","energyball","dracometeor"],"nature":"Timid","evs":{"hp":0,"atk":0,"def":4,"spa":252,"spd":0,"spe":252},"ivs":{"hp":31,"atk":0,"def":31,"spa":30,"spd":31,"spe":30}}],"p2team":[{"name":"Test162","species":"heracross","item":"salacberry","ability":"Moxie","moves":["endure","reversal","rockslide","megahorn"],"nature":"Jolly","evs":{"hp":0,"atk":252,"def":0,"spa":0,"spd":0,"spe":252},"shiny":true,"ivs":{"hp":31,"atk":31,"def":31,"spa":31,"spd":31,"spe":31}},{"name":"2Sharp","species":"pinsir","item":"pinsirite","ability":"Moxie","moves":["quickattack","closecombat","xscissor","return"],"nature":"Jolly","evs":{"hp":4,"atk":252,"def":0,"spa":0,"spd":0,"spe":252},"shiny":true,"ivs":{"hp":31,"atk":31,"def":31,"spa":31,"spd":31,"spe":31}},{"name":"Red?","species":"genesect","item":"choicescarf","ability":"Download","moves":["ironhead","extremespeed","thunderbolt","icebeam"],"nature":"Hasty","evs":{"hp":0,"atk":128,"def":0,"spa":128,"spd":0,"spe":252},"shiny":true,"ivs":{"hp":31,"atk":31,"def":31,"spa":31,"spd":31,"spe":31}},{"name":"My Golden Ball","species":"forretress","item":"custapberry","ability":"Sturdy","moves":["explosion","rapidspin","voltswitch","stealthrock"],"nature":"Adamant","evs":{"hp":252,"atk":252,"def":0,"spa":0,"spd":0,"spe":0},"shiny":true,"ivs":{"hp":31,"atk":31,"def":31,"spa":31,"spd":31,"spe":31}},{"name":"Galvantula","species":"Galvantula","item":"choicespecs","ability":"Compound Eyes","moves":["thunder","bugbuzz","energyball","hiddenpowerice"],"nature":"Timid","evs":{"hp":0,"atk":0,"def":0,"spa":252,"spd":4,"spe":252},"ivs":{"hp":31,"atk":30,"def":30,"spa":31,"spd":31,"spe":31}},{"name":"Vodka-rona","species":"volcarona","item":"choicescarf","ability":"Flame Body","moves":["bugbuzz","fierydance","gigadrain","overheat"],"nature":"Timid","evs":{"hp":4,"atk":0,"def":0,"spa":252,"spd":0,"spe":252},"ivs":{"hp":31,"atk":31,"def":30,"spa":31,"spd":30,"spe":30},"shiny":true}],"log":["|player|p1|DSV|159","|player|p2|MrNyanNyanz|mrnyannyanz.gif","|gametype|singles","|gen|6","|tier|Monotype","|rated","|rule|Baton Pass Clause: Limit one Baton Passer, can't pass Spe and other stats simultaneously","|rule|Swagger Clause: Swagger is banned","|rule|Same Type Clause: Pokémon in a team must share a type","|clearpoke","|poke|p1|Altaria, F, shiny","|poke|p1|Latias, F","|poke|p1|Kyurem-Black, shiny","|poke|p1|Dragonite, M","|poke|p1|Garchomp, M, shiny","|poke|p1|Latios, M","|poke|p2|Heracross, F, shiny","|poke|p2|Pinsir, M, shiny","|poke|p2|Genesect-*, shiny","|poke|p2|Forretress, M, shiny","|poke|p2|Galvantula, F","|poke|p2|Volcarona, M, shiny","|rule|Sleep Clause Mod: Limit one foe put to sleep","|rule|Species Clause: Limit one of each Pokémon","|rule|OHKO Clause: OHKO moves are banned","|rule|Moody Clause: Moody is banned","|rule|Evasion Moves Clause: Evasion moves are banned","|rule|Endless Battle Clause: Forcing endless battles is banned","|rule|HP Percentage Mod: HP is shown in percentages","|teampreview","|","|start","|switch|p1a: Dr.Dre|Garchomp, M, shiny|419/419","|switch|p2a: Red?|Genesect, shiny|283/283","|-boost|p2a: Red?|spa|1|[from] ability: Download","|turn|1","|","|switch|p1a: Kanye West|Kyurem-Black, shiny|391/391","|-ability|p1a: Kanye West|Teravolt","|move|p2a: Red?|Ice Beam|p1a: Kanye West","|-damage|p1a: Kanye West|228/391","|","|turn|2","|","|switch|p2a: My Golden Ball|Forretress, M, shiny|354/354","|move|p1a: Kanye West|Roost|p1a: Kanye West","|-heal|p1a: Kanye West|391/391","|","|turn|3","|","|switch|p1a: Dr.Dre|Garchomp, M, shiny|419/419","|move|p2a: My Golden Ball|Stealth Rock|p1a: Dr.Dre","|-sidestart|p1: DSV|move: Stealth Rock","|","|turn|4","|","|switch|p2a: Red?|Genesect, shiny|283/283","|-boost|p2a: Red?|spa|1|[from] ability: Download","|move|p1a: Dr.Dre|Stealth Rock|p2a: Red?","|-sidestart|p2: MrNyanNyanz|move: Stealth Rock","|","|turn|5","|","|switch|p1a: Kanye West|Kyurem-Black, shiny|391/391","|-damage|p1a: Kanye West|294/391|[from] Stealth Rock","|-ability|p1a: Kanye West|Teravolt","|move|p2a: Red?|Ice Beam|p1a: Kanye West","|-damage|p1a: Kanye West|153/391","|","|turn|6","|","|move|p2a: Red?|Ice Beam|p1a: Kanye West","|-damage|p1a: Kanye West|7/391","|move|p1a: Kanye West|Roost|p1a: Kanye West","|-heal|p1a: Kanye West|203/391","|","|turn|7","|","|move|p2a: Red?|Ice Beam|p1a: Kanye West","|-damage|p1a: Kanye West|47/391","|move|p1a: Kanye West|Roost|p1a: Kanye West","|-heal|p1a: Kanye West|243/391","|","|turn|8","|","|switch|p2a: My Golden Ball|Forretress, M, shiny|354/354","|-damage|p2a: My Golden Ball|310/354|[from] Stealth Rock","|move|p1a: Kanye West|Roost|p1a: Kanye West","|-heal|p1a: Kanye West|391/391","|","|turn|9","|","|move|p1a: Kanye West|Earth Power|p2a: My Golden Ball","|-damage|p2a: My Golden Ball|125/354","|-damage|p1a: Kanye West|352/391|[from] item: Life Orb","|move|p2a: My Golden Ball|Rapid Spin|p1a: Kanye West","|-damage|p1a: Kanye West|327/391","|-sideend|p2: MrNyanNyanz|Stealth Rock|[from] move: Rapid Spin|[of] p2a: My Golden Ball","|","|turn|10","|","|switch|p1a: Selena|Latias, F|363/363","|-damage|p1a: Selena|318/363|[from] Stealth Rock","|move|p2a: My Golden Ball|Explosion|p1a: Selena","|-damage|p1a: Selena|41/363","|faint|p2a: My Golden Ball","|","|-heal|p1a: Selena|63/363|[from] item: Leftovers","|","|switch|p2a: Red?|Genesect, shiny|283/283","|-boost|p2a: Red?|atk|1|[from] ability: Download","|turn|11","|","|switch|p1a: Kanye West|Kyurem-Black, shiny|327/391","|-damage|p1a: Kanye West|230/391|[from] Stealth Rock","|-ability|p1a: Kanye West|Teravolt","|move|p2a: Red?|Ice Beam|p1a: Kanye West","|-damage|p1a: Kanye West|129/391","|","|turn|12","|","|switch|p2a: Vodka-rona|Volcarona, M, shiny|312/312","|move|p1a: Kanye West|Roost|p1a: Kanye West","|-heal|p1a: Kanye West|325/391","|","|turn|13","|player|p1","|player|p1|DSV|159","|player|p1","|player|p1|DSV|159","|","|move|p2a: Vodka-rona|Overheat|p1a: Kanye West","|-damage|p1a: Kanye West|87/391","|-unboost|p2a: Vodka-rona|spa|2","|move|p1a: Kanye West|Fusion Bolt|p2a: Vodka-rona","|-damage|p2a: Vodka-rona|62/312","|-damage|p1a: Kanye West|48/391|[from] item: Life Orb","|","|turn|14","|","|move|p2a: Vodka-rona|Overheat|p1a: Kanye West","|-damage|p1a: Kanye West|0 fnt","|-unboost|p2a: Vodka-rona|spa|2","|faint|p1a: Kanye West","|","|","|switch|p1a: Selena|Latias, F|63/363","|-damage|p1a: Selena|18/363|[from] Stealth Rock","|turn|15","|","|move|p2a: Vodka-rona|Overheat|p1a: Selena","|-resisted|p1a: Selena","|-damage|p1a: Selena|0 fnt","|-unboost|p2a: Vodka-rona|spa|2","|faint|p1a: Selena","|","|","|switch|p1a: Bruno Mars|Latios, M|301/301","|-damage|p1a: Bruno Mars|264/301|[from] Stealth Rock","|turn|16","|","|switch|p2a: Red?|Genesect, shiny|283/283","|-boost|p2a: Red?|atk|1|[from] ability: Download","|move|p1a: Bruno Mars|Hidden Power|p2a: Red?","|-supereffective|p2a: Red?","|-damage|p2a: Red?|0 fnt","|faint|p2a: Red?","|","|","|switch|p2a: Galvantula|Galvantula, F|281/281","|turn|17","|","|move|p1a: Bruno Mars|Hidden Power|p2a: Galvantula","|-supereffective|p2a: Galvantula","|-damage|p2a: Galvantula|69/281","|move|p2a: Galvantula|Bug Buzz|p1a: Bruno Mars","|-supereffective|p1a: Bruno Mars","|-damage|p1a: Bruno Mars|0 fnt","|faint|p1a: Bruno Mars","|","|","|switch|p1a: Shania Twain|Altaria, F, shiny|353/353","|-damage|p1a: Shania Twain|265/353|[from] Stealth Rock","|-ability|p1a: Shania Twain|Cloud Nine","|turn|18","|","|detailschange|p1a: Shania Twain|Altaria-Mega, F, shiny","|-mega|p1a: Shania Twain|Altaria|Altarianite","|move|p2a: Galvantula|Bug Buzz|p1a: Shania Twain","|-resisted|p1a: Shania Twain","|-damage|p1a: Shania Twain|184/353","|move|p1a: Shania Twain|Dragon Dance|p1a: Shania Twain","|-boost|p1a: Shania Twain|atk|1","|-boost|p1a: Shania Twain|spe|1","|","|turn|19","|","|switch|p2a: Vodka-rona|Volcarona, M, shiny|62/312","|move|p1a: Shania Twain|Roost|p1a: Shania Twain","|-heal|p1a: Shania Twain|353/353","|","|turn|20","|","|move|p2a: Vodka-rona|Overheat|p1a: Shania Twain","|-resisted|p1a: Shania Twain","|-damage|p1a: Shania Twain|257/353","|-unboost|p2a: Vodka-rona|spa|2","|move|p1a: Shania Twain|Dragon Dance|p1a: Shania Twain","|-boost|p1a: Shania Twain|atk|1","|-boost|p1a: Shania Twain|spe|1","|","|turn|21","|","|move|p2a: Vodka-rona|Overheat|p1a: Shania Twain","|-resisted|p1a: Shania Twain","|-damage|p1a: Shania Twain|209/353","|-unboost|p2a: Vodka-rona|spa|2","|move|p1a: Shania Twain|Dragon Dance|p1a: Shania Twain","|-boost|p1a: Shania Twain|atk|1","|-boost|p1a: Shania Twain|spe|1","|","|turn|22","|","|move|p1a: Shania Twain|Dragon Dance|p1a: Shania Twain","|-boost|p1a: Shania Twain|atk|1","|-boost|p1a: Shania Twain|spe|1","|move|p2a: Vodka-rona|Overheat|p1a: Shania Twain","|-resisted|p1a: Shania Twain","|-damage|p1a: Shania Twain|171/353","|-unboost|p2a: Vodka-rona|spa|2","|","|turn|23","|","|switch|p2a: 2Sharp|Pinsir, M, shiny|272/272","|move|p1a: Shania Twain|Roost|p1a: Shania Twain","|-heal|p1a: Shania Twain|348/353","|","|turn|24","|","|switch|p2a: Vodka-rona|Volcarona, M, shiny|62/312","|move|p1a: Shania Twain|Frustration|p2a: Vodka-rona","|-resisted|p2a: Vodka-rona","|-damage|p2a: Vodka-rona|0 fnt","|faint|p2a: Vodka-rona","|","|","|switch|p2a: 2Sharp|Pinsir, M, shiny|272/272","|turn|25","|","|detailschange|p2a: 2Sharp|Pinsir-Mega, M, shiny","|-mega|p2a: 2Sharp|Pinsir|Pinsirite","|move|p2a: 2Sharp|Quick Attack|p1a: Shania Twain","|-damage|p1a: Shania Twain|261/353","|move|p1a: Shania Twain|Frustration|p2a: 2Sharp","|-damage|p2a: 2Sharp|0 fnt","|faint|p2a: 2Sharp","|","|","|switch|p2a: Test162|Heracross, F, shiny|301/301","|turn|26","|","|move|p2a: Test162|Endure|p2a: Test162","|-singleturn|p2a: Test162|move: Endure","|move|p1a: Shania Twain|Frustration|p2a: Test162","|-supereffective|p2a: Test162","|-activate|p2a: Test162|move: Endure","|-damage|p2a: Test162|1/301","|-enditem|p2a: Test162|Salac Berry|[eat]","|-boost|p2a: Test162|spe|1|[from] item: Salac Berry","|","|turn|27","|","|move|p1a: Shania Twain|Frustration|p2a: Test162","|-supereffective|p2a: Test162","|-damage|p2a: Test162|0 fnt","|faint|p2a: Test162","|","|","|switch|p2a: Galvantula|Galvantula, F|69/281","|turn|28","|","|move|p1a: Shania Twain|Frustration|p2a: Galvantula","|-damage|p2a: Galvantula|0 fnt","|faint|p2a: Galvantula","|","|win|DSV"],"p1rating":{"entryid":"6124841","serverid":"eos","formatid":"monotype","userid":"dsv","username":"DSV","w":47,"l":"22","t":"0","gxe":71.5,"r":"1663.1053447903","rd":"48.4015064528","sigma":"0","rptime":"1439283600","rpr":1674.0861158295,"rprd":47.548814537572,"rpsigma":"0","acre":1328.1506601616,"lacre":1328.1506601616,"oldacre":"1309.6463199226"},"p2rating":{"entryid":"6703862","serverid":"eos","formatid":"monotype","userid":"mrnyannyanz","username":"MrNyanNyanz","w":"81","l":61,"t":"0","gxe":56.8,"r":"1553.3033535269","rd":31.519316885511,"sigma":"0","rptime":1439283600,"rpr":1551.3465803,"rprd":31.404832365903,"rpsigma":"0","acre":1260.4850249641,"lacre":1260.4850249641,"oldacre":"1283.6154502629"},"endType":"normal"}