{"seed":[49743,45012,41345,10727],"turns":21,"p1":"Intern Twizz","p2":"GTX♅Prolixity","p1team":[{"name":"Magnezone","species":"Magnezone","item":"leftovers","ability":"Sturdy","moves":["flashcannon","thunderbolt","protect","hiddenpowerice"],"nature":"Modest","evs":{"hp":76,"atk":0,"def":180,"spa":252,"spd":0,"spe":0},"ivs":{"hp":31,"atk":30,"def":30,"spa":31,"spd":31,"spe":31}},{"name":"Zapdos","species":"Zapdos","item":"leftovers","ability":"Pressure","moves":["discharge","heatwave","toxic","roost"],"nature":"Bold","evs":{"hp":4,"atk":0,"def":252,"spa":56,"spd":196,"spe":0},"ivs":{"hp":31,"atk":31,"def":31,"spa":31,"spd":31,"spe":31}},{"name":"Ampharos","species":"Ampharos","item":"ampharosite","ability":"Static","moves":["cottonguard","rest","sleeptalk","dragonpulse"],"nature":"Bold","evs":{"hp":0,"atk":0,"def":252,"spa":136,"spd":120,"spe":0},"ivs":{"hp":31,"atk":31,"def":31,"spa":31,"spd":31,"spe":31}},{"name":"Raikou","species":"Raikou","item":"leftovers","ability":"Pressure","moves":["calmmind","substitute","thunderbolt","extrasensory"],"nature":"Timid","evs":{"hp":0,"atk":0,"def":0,"spa":252,"spd":4,"spe":252},"ivs":{"hp":31,"atk":31,"def":31,"spa":31,"spd":31,"spe":31}},{"name":"Rotom-Wash","species":"Rotom-Wash","item":"choicescarf","ability":"Levitate","moves":["voltswitch","hydropump","willowisp","trick"],"nature":"Timid","evs":{"hp":0,"atk":0,"def":0,"spa":252,"spd":4,"spe":252},"ivs":{"hp":31,"atk":31,"def":31,"spa":31,"spd":31,"spe":31}},{"name":"Condom","species":"eelektross","item":"assaultvest","ability":"Levitate","moves":["gigadrain","thunderbolt","drainpunch","knockoff"],"nature":"Quiet","evs":{"hp":3,"atk":136,"def":0,"spa":108,"spd":252,"spe":0},"ivs":{"hp":31,"atk":31,"def":31,"spa":31,"spd":31,"spe":31}}],"p2team":[{"name":"Keldeo","species":"Keldeo","item":"lifeorb","ability":"Justified","moves":["icywind","secretsword","scald","hiddenpowerfire"],"nature":"Timid","evs":{"hp":0,"atk":0,"def":4,"spa":252,"spd":0,"spe":252},"ivs":{"hp":31,"atk":30,"def":31,"spa":30,"spd":31,"spe":30}},{"name":"Sharpedo","species":"Sharpedo","item":"sharpedonite","ability":"Speed Boost","moves":["waterfall","protect","crunch","earthquake"],"nature":"Adamant","evs":{"hp":0,"atk":252,"def":0,"spa":0,"spd":4,"spe":252},"shiny":true,"ivs":{"hp":31,"atk":31,"def":31,"spa":31,"spd":31,"spe":31}},{"name":"Empoleon","species":"Empoleon","item":"assaultvest","ability":"Defiant","moves":["surf","icebeam","flashcannon","grassknot"],"nature":"Sassy","evs":{"hp":252,"atk":0,"def":0,"spa":4,"spd":252,"spe":0},"shiny":true,"ivs":{"hp":31,"atk":31,"def":31,"spa":31,"spd":31,"spe":31}},{"name":"Cloyster","species":"Cloyster","item":"focussash","ability":"Skill Link","moves":["iciclespear","rockblast","shellsmash","razorshell"],"nature":"Adamant","evs":{"hp":0,"atk":252,"def":0,"spa":0,"spd":4,"spe":252},"shiny":true,"ivs":{"hp":31,"atk":31,"def":31,"spa":31,"spd":31,"spe":31}},{"name":"Tentacruel","species":"Tentacruel","item":"leftovers","ability":"Liquid Ooze","moves":["toxicspikes","scald","rapidspin","acidspray"],"nature":"Timid","evs":{"hp":252,"atk":0,"def":0,"spa":0,"spd":244,"spe":12},"shiny":true,"ivs":{"hp":31,"atk":31,"def":31,"spa":31,"spd":31,"spe":31}},{"name":"Gyarados","species":"Gyarados","item":"choicescarf","ability":"Intimidate","moves":["dragondance","flamethrower","outrage","surf"],"nature":"Mild","evs":{"hp":0,"atk":4,"def":0,"spa":252,"spd":0,"spe":252},"ivs":{"hp":31,"atk":31,"def":31,"spa":31,"spd":31,"spe":31}}],"log":["|player|p1|Intern Twizz|122","|player|p2|GTX♅Prolixity|52","|gametype|singles","|gen|6","|tier|Monotype","|rated","|rule|Baton Pass Clause: Limit one Baton Passer, can't pass Spe and other stats simultaneously","|rule|Swagger Clause: Swagger is banned","|rule|Same Type Clause: Pokémon in a team must share a type","|clearpoke","|poke|p1|Magnezone","|poke|p1|Zapdos","|poke|p1|Ampharos, M","|poke|p1|Raikou","|poke|p1|Rotom-Wash","|poke|p1|Eelektross, M","|poke|p2|Keldeo","|poke|p2|Sharpedo, M, shiny","|poke|p2|Empoleon, F, shiny","|poke|p2|Cloyster, M, shiny","|poke|p2|Tentacruel, M, shiny","|poke|p2|Gyarados, F","|rule|Sleep Clause Mod: Limit one foe put to sleep","|rule|Species Clause: Limit one of each Pokémon","|rule|OHKO Clause: OHKO moves are banned","|rule|Moody Clause: Moody is banned","|rule|Evasion Moves Clause: Evasion moves are banned","|rule|Endless Battle Clause: Forcing endless battles is banned","|rule|HP Percentage Mod: HP is shown in percentages","|teampreview","|","|start","|switch|p1a: Rotom-Wash|Rotom-Wash|241/241","|switch|p2a: Empoleon|Empoleon, F, shiny|372/372","|turn|1","|","|move|p1a: Rotom-Wash|Volt Switch|p2a: Empoleon","|-supereffective|p2a: Empoleon","|-damage|p2a: Empoleon|262/372","|","|switch|p1a: Condom|Eelektross, M|311/311","|move|p2a: Empoleon|Ice Beam|p1a: Condom","|-damage|p1a: Condom|263/311","|","|turn|2","|","|move|p2a: Empoleon|Surf|p1a: Condom","|-damage|p1a: Condom|194/311","|move|p1a: Condom|Thunderbolt|p2a: Empoleon","|-supereffective|p2a: Empoleon","|-damage|p2a: Empoleon|136/372","|","|turn|3","|","|move|p2a: Empoleon|Surf|p1a: Condom","|-damage|p1a: Condom|118/311","|move|p1a: Condom|Drain Punch|p2a: Empoleon","|-supereffective|p2a: Empoleon","|-damage|p2a: Empoleon|0 fnt","|-heal|p1a: Condom|186/311|[from] drain|[of] p2a: Empoleon","|faint|p2a: Empoleon","|","|","|switch|p2a: Keldeo|Keldeo|323/323","|turn|4","|","|move|p2a: Keldeo|Secret Sword|p1a: Condom","|-damage|p1a: Condom|0 fnt","|-damage|p2a: Keldeo|291/323|[from] item: Life Orb","|faint|p1a: Condom","|","|","|switch|p1a: Zapdos|Zapdos|322/322","|-ability|p1a: Zapdos|Pressure","|turn|5","|","|move|p2a: Keldeo|Icy Wind|p1a: Zapdos","|-supereffective|p1a: Zapdos","|-damage|p1a: Zapdos|179/322","|-unboost|p1a: Zapdos|spe|1","|-damage|p2a: Keldeo|259/323|[from] item: Life Orb","|move|p1a: Zapdos|Discharge|p2a: Keldeo","|-supereffective|p2a: Keldeo","|-damage|p2a: Keldeo|0 fnt","|faint|p2a: Keldeo","|","|-heal|p1a: Zapdos|199/322|[from] item: Leftovers","|","|switch|p2a: Gyarados|Gyarados, F|331/331","|-ability|p2a: Gyarados|Intimidate","|-unboost|p1a: Zapdos|atk|1","|turn|6","|","|move|p2a: Gyarados|Outrage|p1a: Zapdos","|-damage|p1a: Zapdos|113/322","|move|p1a: Zapdos|Discharge|p2a: Gyarados","|-supereffective|p2a: Gyarados","|-damage|p2a: Gyarados|0 fnt","|faint|p2a: Gyarados","|","|-heal|p1a: Zapdos|133/322|[from] item: Leftovers","|","|switch|p2a: Tentacruel|Tentacruel, M, shiny|364/364","|turn|7","|","|move|p2a: Tentacruel|Toxic Spikes|p1a: Zapdos","|-sidestart|p1: Intern Twizz|move: Toxic Spikes","|move|p1a: Zapdos|Roost|p1a: Zapdos","|-heal|p1a: Zapdos|294/322","|","|-heal|p1a: Zapdos|314/322|[from] item: Leftovers","|turn|8","|","|move|p2a: Tentacruel|Acid Spray|p1a: Zapdos","|-damage|p1a: Zapdos|278/322","|-unboost|p1a: Zapdos|spd|2","|move|p1a: Zapdos|Discharge|p2a: Tentacruel","|-supereffective|p2a: Tentacruel","|-damage|p2a: Tentacruel|196/364","|","|-heal|p2a: Tentacruel|218/364|[from] item: Leftovers","|-heal|p1a: Zapdos|298/322|[from] item: Leftovers","|turn|9","|","|switch|p1a: Rotom-Wash|Rotom-Wash|241/241","|move|p2a: Tentacruel|Scald|p1a: Rotom-Wash","|-resisted|p1a: Rotom-Wash","|-damage|p1a: Rotom-Wash|204/241","|","|-heal|p2a: Tentacruel|240/364|[from] item: Leftovers","|turn|10","|","|move|p1a: Rotom-Wash|Volt Switch|p2a: Tentacruel","|-supereffective|p2a: Tentacruel","|-damage|p2a: Tentacruel|102/364","|","|switch|p1a: Zapdos|Zapdos|298/322","|-ability|p1a: Zapdos|Pressure","|move|p2a: Tentacruel|Scald|p1a: Zapdos","|-damage|p1a: Zapdos|234/322","|-status|p1a: Zapdos|brn","|","|-heal|p2a: Tentacruel|124/364|[from] item: Leftovers","|-heal|p1a: Zapdos|254/322 brn|[from] item: Leftovers","|-damage|p1a: Zapdos|214/322 brn|[from] brn","|turn|11","|","|move|p2a: Tentacruel|Acid Spray|p1a: Zapdos","|-damage|p1a: Zapdos|180/322 brn","|-unboost|p1a: Zapdos|spd|2","|move|p1a: Zapdos|Discharge|p2a: Tentacruel","|-supereffective|p2a: Tentacruel","|-damage|p2a: Tentacruel|0 fnt","|faint|p2a: Tentacruel","|","|-heal|p1a: Zapdos|200/322 brn|[from] item: Leftovers","|-damage|p1a: Zapdos|160/322 brn|[from] brn","|","|switch|p2a: Cloyster|Cloyster, M, shiny|241/241","|turn|12","|","|move|p2a: Cloyster|Shell Smash|p2a: Cloyster","|-unboost|p2a: Cloyster|def|1","|-unboost|p2a: Cloyster|spd|1","|-boost|p2a: Cloyster|atk|2","|-boost|p2a: Cloyster|spa|2","|-boost|p2a: Cloyster|spe|2","|move|p1a: Zapdos|Discharge|p2a: Cloyster","|-supereffective|p2a: Cloyster","|-enditem|p2a: Cloyster|Focus Sash","|-damage|p2a: Cloyster|1/241","|","|-heal|p1a: Zapdos|180/322 brn|[from] item: Leftovers","|-damage|p1a: Zapdos|140/322 brn|[from] brn","|turn|13","|","|move|p2a: Cloyster|Rock Blast|p1a: Zapdos","|-supereffective|p1a: Zapdos","|-damage|p1a: Zapdos|48/322 brn","|-supereffective|p1a: Zapdos","|-damage|p1a: Zapdos|0 fnt","|-hitcount|p1a: Zapdos|2","|faint|p1a: Zapdos","|","|","|switch|p1a: Magnezone|Magnezone|300/300","|turn|14","|","|move|p2a: Cloyster|Icicle Spear|p1a: Magnezone","|-resisted|p1a: Magnezone","|-damage|p1a: Magnezone|270/300","|-resisted|p1a: Magnezone","|-damage|p1a: Magnezone|242/300","|-resisted|p1a: Magnezone","|-damage|p1a: Magnezone|212/300","|-resisted|p1a: Magnezone","|-damage|p1a: Magnezone|180/300","|-resisted|p1a: Magnezone","|-damage|p1a: Magnezone|152/300","|-hitcount|p1a: Magnezone|5","|move|p1a: Magnezone|Thunderbolt|p2a: Cloyster","|-supereffective|p2a: Cloyster","|-damage|p2a: Cloyster|0 fnt","|faint|p2a: Cloyster","|","|-heal|p1a: Magnezone|170/300|[from] item: Leftovers","|","|switch|p2a: Sharpedo|Sharpedo, M, shiny|281/281","|turn|15","|","|move|p2a: Sharpedo|Protect|p2a: Sharpedo","|-singleturn|p2a: Sharpedo|Protect","|move|p1a: Magnezone|Thunderbolt|p2a: Sharpedo","|-activate|p2a: Sharpedo|Protect","|","|-heal|p1a: Magnezone|188/300|[from] item: Leftovers","|-boost|p2a: Sharpedo|spe|1|[from] ability: Speed Boost","|turn|16","|","|detailschange|p2a: Sharpedo|Sharpedo-Mega, M, shiny","|-mega|p2a: Sharpedo|Sharpedo|Sharpedonite","|move|p1a: Magnezone|Protect|p1a: Magnezone","|-singleturn|p1a: Magnezone|Protect","|move|p2a: Sharpedo|Earthquake|p1a: Magnezone","|-activate|p1a: Magnezone|Protect","|","|-heal|p1a: Magnezone|206/300|[from] item: Leftovers","|turn|17","|","|move|p2a: Sharpedo|Earthquake|p1a: Magnezone","|-supereffective|p1a: Magnezone","|-damage|p1a: Magnezone|0 fnt","|faint|p1a: Magnezone","|","|","|switch|p1a: Rotom-Wash|Rotom-Wash|204/241","|turn|18","|","|move|p2a: Sharpedo|Crunch|p1a: Rotom-Wash","|-damage|p1a: Rotom-Wash|0 fnt","|faint|p1a: Rotom-Wash","|","|","|switch|p1a: Raikou|Raikou|321/321","|-status|p1a: Raikou|psn","|-ability|p1a: Raikou|Pressure","|turn|19","|","|move|p2a: Sharpedo|Earthquake|p1a: Raikou","|-supereffective|p1a: Raikou","|-damage|p1a: Raikou|0 fnt","|faint|p1a: Raikou","|","|","|switch|p1a: Ampharos|Ampharos, M|321/321","|-status|p1a: Ampharos|psn","|turn|20","|","|detailschange|p1a: Ampharos|Ampharos-Mega, M","|-mega|p1a: Ampharos|Ampharos|Ampharosite","|-ability|p1a: Ampharos|Mold Breaker","|move|p2a: Sharpedo|Earthquake|p1a: Ampharos","|-supereffective|p1a: Ampharos","|-damage|p1a: Ampharos|131/321 psn","|move|p1a: Ampharos|Dragon Pulse|p2a: Sharpedo","|-damage|p2a: Sharpedo|43/281","|","|-damage|p1a: Ampharos|91/321 psn|[from] psn","|turn|21","|","|move|p2a: Sharpedo|Earthquake|p1a: Ampharos","|-supereffective|p1a: Ampharos","|-damage|p1a: Ampharos|0 fnt","|faint|p1a: Ampharos","|","|win|GTX♅Prolixity"],"p1rating":{"entryid":"7448162","serverid":"eos","formatid":"monotype","userid":"interntwizz","username":"Intern Twizz","w":"26","l":22,"t":"0","gxe":53.8,"r":"1543.3992484387","rd":"51.111942211206","sigma":"0","rptime":"1439283600","rpr":1529.205698687,"rprd":49.252980845782,"rpsigma":"0","acre":1144.1315561866,"lacre":1144.1315561866,"oldacre":"1181.0980059951"},"p2rating":{"entryid":"7554646","serverid":"eos","formatid":"monotype","userid":"gtxprolixity","username":"GTX♅Prolixity","w":1,"l":"2","t":"0","gxe":48.1,"r":"1500","rd":"130","sigma":"0","rptime":"1439283600","rpr":1485.1197424097,"rprd":110.60093588689,"rpsigma":"0","acre":1059.1463196936,"lacre":1059.1463196936,"oldacre":"1000"},"endType":"normal"}