{"seed":[56216,28542,28152,37390],"turns":22,"p1":"Rain Hoot","p2":"Rain Tyranitar","p1team":[{"name":"Shuckle","species":"Shuckle","item":"leftovers","ability":"Sturdy","moves":["stickyweb","stealthrock","toxic","encore"],"nature":"Calm","evs":{"hp":252,"atk":0,"def":4,"spa":0,"spd":252,"spe":0},"ivs":{"hp":31,"atk":31,"def":31,"spa":31,"spd":31,"spe":31}},{"name":"Diancie","species":"Diancie","item":"diancite","ability":"Clear Body","moves":["moonblast","diamondstorm","earthpower","protect"],"nature":"Hasty","evs":{"hp":0,"atk":0,"def":0,"spa":252,"spd":0,"spe":252},"ivs":{"hp":31,"atk":31,"def":31,"spa":31,"spd":31,"spe":31}},{"name":"Golem","species":"Golem","item":"weaknesspolicy","ability":"Sturdy","moves":["earthquake","rockblast","suckerpunch","rockpolish"],"nature":"Adamant","evs":{"hp":0,"atk":252,"def":0,"spa":0,"spd":4,"spe":252},"ivs":{"hp":31,"atk":31,"def":31,"spa":31,"spd":31,"spe":31}},{"name":"Aurorus","species":"Aurorus","item":"assaultvest","ability":"Refrigerate","moves":["hypervoice","freezedry","discharge","mirrorcoat"],"nature":"Modest","evs":{"hp":248,"atk":0,"def":0,"spa":252,"spd":8,"spe":0},"ivs":{"hp":31,"atk":31,"def":31,"spa":31,"spd":31,"spe":31}},{"name":"Cradily","species":"Cradily","item":"leftovers","ability":"Storm Drain","moves":["gigadrain","toxic","stockpile","recover"],"nature":"Calm","evs":{"hp":252,"atk":0,"def":0,"spa":4,"spd":252,"spe":0},"ivs":{"hp":31,"atk":31,"def":31,"spa":31,"spd":31,"spe":31}},{"name":"Aerodactyl","species":"Aerodactyl","item":"lifeorb","ability":"Pressure","moves":["aerialace","stoneedge","earthquake","fireblast"],"nature":"Hasty","evs":{"hp":0,"atk":252,"def":0,"spa":4,"spd":0,"spe":252},"ivs":{"hp":31,"atk":31,"def":31,"spa":31,"spd":31,"spe":31}}],"p2team":[{"name":"Chris Christie","species":"snorlax","item":"assaultvest","ability":"Thick Fat","moves":["earthquake","return","pursuit","firepunch"],"nature":"Adamant","evs":{"hp":4,"atk":252,"def":252,"spa":0,"spd":0,"spe":0},"gender":"F","shiny":true,"ivs":{"hp":31,"atk":31,"def":31,"spa":31,"spd":31,"spe":31}},{"name":"I'mTryingToSleep!","species":"exploud","item":"lifeorb","ability":"Scrappy","moves":["boomburst","fireblast","focusblast","surf"],"nature":"Modest","evs":{"hp":0,"atk":0,"def":4,"spa":252,"spd":0,"spe":252},"gender":"F","shiny":true,"ivs":{"hp":31,"atk":31,"def":31,"spa":31,"spd":31,"spe":31}},{"name":"Diggersby Tho","species":"diggersby","item":"choicescarf","ability":"Huge Power","moves":["firepunch","knockoff","earthquake","return"],"nature":"Jolly","evs":{"hp":0,"atk":252,"def":0,"spa":0,"spd":4,"spe":252},"gender":"M","shiny":true,"ivs":{"hp":31,"atk":31,"def":31,"spa":31,"spd":31,"spe":31}},{"name":"AMURICA!","species":"braviary","item":"lifeorb","ability":"Defiant","moves":["uturn","return","superpower","bravebird"],"nature":"Adamant","evs":{"hp":4,"atk":252,"def":0,"spa":0,"spd":0,"spe":252},"shiny":true,"ivs":{"hp":31,"atk":31,"def":31,"spa":31,"spd":31,"spe":31}},{"name":"Rule 34","species":"lopunny","item":"lopunnite","ability":"Cute Charm","moves":["fakeout","highjumpkick","return","icepunch"],"nature":"Jolly","evs":{"hp":0,"atk":252,"def":0,"spa":0,"spd":4,"spe":252},"gender":"F","shiny":true,"ivs":{"hp":31,"atk":31,"def":31,"spa":31,"spd":31,"spe":31}},{"name":"Porygon3","species":"porygon2","item":"eviolite","ability":"Trace","moves":["recover","toxic","icebeam","thunderbolt"],"nature":"Bold","evs":{"hp":204,"atk":0,"def":252,"spa":0,"spd":52,"spe":0},"shiny":true,"ivs":{"hp":31,"atk":31,"def":31,"spa":31,"spd":31,"spe":31}}],"log":["|player|p1|Rain Hoot|266","|player|p2|Rain Tyranitar|physicaltyranitar.png","|gametype|singles","|gen|6","|tier|Monotype","|rated","|rule|Baton Pass Clause: Limit one Baton Passer, can't pass Spe and other stats simultaneously","|rule|Swagger Clause: Swagger is banned","|rule|Same Type Clause: Pokémon in a team must share a type","|clearpoke","|poke|p1|Shuckle, M","|poke|p1|Diancie","|poke|p1|Golem, F","|poke|p1|Aurorus, F","|poke|p1|Cradily, M","|poke|p1|Aerodactyl, F","|poke|p2|Snorlax, F, shiny","|poke|p2|Exploud, F, shiny","|poke|p2|Diggersby, M, shiny","|poke|p2|Braviary, M, shiny","|poke|p2|Lopunny, F, shiny","|poke|p2|Porygon2, shiny","|rule|Sleep Clause Mod: Limit one foe put to sleep","|rule|Species Clause: Limit one of each Pokémon","|rule|OHKO Clause: OHKO moves are banned","|rule|Moody Clause: Moody is banned","|rule|Evasion Moves Clause: Evasion moves are banned","|rule|Endless Battle Clause: Forcing endless battles is banned","|rule|HP Percentage Mod: HP is shown in percentages","|teampreview","|","|start","|switch|p1a: Golem|Golem, F|301/301","|switch|p2a: I'mTryingToSleep!|Exploud, F, shiny|349/349","|turn|1","|","|move|p2a: I'mTryingToSleep!|Surf|p1a: Golem","|-supereffective|p1a: Golem","|-ability|p1a: Golem|Sturdy","|-damage|p1a: Golem|1/301","|-enditem|p1a: Golem|Weakness Policy","|-boost|p1a: Golem|atk|2|[from] item: Weakness Policy","|-boost|p1a: Golem|spa|2|[from] item: Weakness Policy","|-damage|p2a: I'mTryingToSleep!|315/349|[from] item: Life Orb","|move|p1a: Golem|Earthquake|p2a: I'mTryingToSleep!","|-damage|p2a: I'mTryingToSleep!|0 fnt","|faint|p2a: I'mTryingToSleep!","|","|","|switch|p2a: Rule 34|Lopunny, F, shiny|271/271","|turn|2","|","|detailschange|p2a: Rule 34|Lopunny-Mega, F, shiny","|-mega|p2a: Rule 34|Lopunny|Lopunnite","|move|p2a: Rule 34|Fake Out|p1a: Golem","|-resisted|p1a: Golem","|-damage|p1a: Golem|0 fnt","|faint|p1a: Golem","|","|","|switch|p1a: Shuckle|Shuckle, M|244/244","|turn|3","|","|move|p2a: Rule 34|High Jump Kick|p1a: Shuckle","|-damage|p1a: Shuckle|135/244","|move|p1a: Shuckle|Toxic|p2a: Rule 34","|-status|p2a: Rule 34|tox","|","|-heal|p1a: Shuckle|150/244|[from] item: Leftovers","|-damage|p2a: Rule 34|255/271 tox|[from] psn","|turn|4","|","|switch|p2a: AMURICA!|Braviary, M, shiny|342/342","|move|p1a: Shuckle|Sticky Web|p2a: AMURICA!","|-sidestart|p2: Rain Tyranitar|move: Sticky Web","|","|-heal|p1a: Shuckle|165/244|[from] item: Leftovers","|turn|5","|","|move|p2a: AMURICA!|Brave Bird|p1a: Shuckle","|-damage|p1a: Shuckle|25/244","|-damage|p2a: AMURICA!|296/342|[from] recoil|[of] p1a: Shuckle","|-damage|p2a: AMURICA!|262/342|[from] item: Life Orb","|move|p1a: Shuckle|Stealth Rock|p2a: AMURICA!","|-sidestart|p2: Rain Tyranitar|move: Stealth Rock","|","|-heal|p1a: Shuckle|40/244|[from] item: Leftovers","|turn|6","|","|move|p2a: AMURICA!|Brave Bird|p1a: Shuckle","|-damage|p1a: Shuckle|0 fnt","|-damage|p2a: AMURICA!|249/342|[from] recoil|[of] p1a: Shuckle","|-damage|p2a: AMURICA!|215/342|[from] item: Life Orb","|faint|p1a: Shuckle","|","|","|switch|p1a: Aerodactyl|Aerodactyl, F|301/301","|-ability|p1a: Aerodactyl|Pressure","|turn|7","|","|switch|p2a: Porygon3|Porygon2, shiny|362/362","|-activate|p2a: Porygon3|move: Sticky Web","|-unboost|p2a: Porygon3|spe|1","|-damage|p2a: Porygon3|317/362|[from] Stealth Rock","|-ability|p2a: Porygon3|Pressure|[from] ability: Trace|[of] p1a: Aerodactyl","|-ability|p2a: Porygon3|Pressure","|move|p1a: Aerodactyl|Stone Edge|p2a: Porygon3","|-damage|p2a: Porygon3|210/362","|-damage|p1a: Aerodactyl|271/301|[from] item: Life Orb","|","|turn|8","|","|switch|p1a: Cradily|Cradily, M|376/376","|move|p2a: Porygon3|Thunderbolt|p1a: Cradily","|-resisted|p1a: Cradily","|-damage|p1a: Cradily|349/376","|","|-heal|p1a: Cradily|372/376|[from] item: Leftovers","|turn|9","|","|move|p1a: Cradily|Toxic|p2a: Porygon3","|-status|p2a: Porygon3|tox","|move|p2a: Porygon3|Toxic|p1a: Cradily","|-status|p1a: Cradily|tox","|","|-heal|p1a: Cradily|376/376 tox|[from] item: Leftovers","|-damage|p1a: Cradily|353/376 tox|[from] psn","|-damage|p2a: Porygon3|188/362 tox|[from] psn","|turn|10","|","|switch|p1a: Diancie|Diancie|241/241","|move|p2a: Porygon3|Ice Beam|p1a: Diancie","|-damage|p1a: Diancie|191/241","|","|-damage|p2a: Porygon3|144/362 tox|[from] psn","|turn|11","|","|switch|p2a: Chris Christie|Snorlax, F, shiny|462/462","|-damage|p2a: Chris Christie|405/462|[from] Stealth Rock","|-activate|p2a: Chris Christie|move: Sticky Web","|-unboost|p2a: Chris Christie|spe|1","|detailschange|p1a: Diancie|Diancie-Mega","|-mega|p1a: Diancie|Diancie|Diancite","|move|p1a: Diancie|Moonblast|p2a: Chris Christie","|-damage|p2a: Chris Christie|279/462","|-unboost|p2a: Chris Christie|spa|1","|","|turn|12","|","|move|p1a: Diancie|Diamond Storm|p2a: Chris Christie","|-damage|p2a: Chris Christie|102/462","|move|p2a: Chris Christie|Earthquake|p1a: Diancie","|-supereffective|p1a: Diancie","|-damage|p1a: Diancie|0 fnt","|faint|p1a: Diancie","|","|","|switch|p1a: Aurorus|Aurorus, F|449/449","|turn|13","|","|move|p1a: Aurorus|Hyper Voice|p2a: Chris Christie","|-damage|p2a: Chris Christie|45/462","|move|p2a: Chris Christie|Earthquake|p1a: Aurorus","|-crit|p1a: Aurorus","|-supereffective|p1a: Aurorus","|-damage|p1a: Aurorus|0 fnt","|faint|p1a: Aurorus","|","|","|switch|p1a: Aerodactyl|Aerodactyl, F|271/301","|-ability|p1a: Aerodactyl|Pressure","|turn|14","|","|move|p1a: Aerodactyl|Aerial Ace|p2a: Chris Christie","|-damage|p2a: Chris Christie|0 fnt","|-damage|p1a: Aerodactyl|241/301|[from] item: Life Orb","|faint|p2a: Chris Christie","|","|","|switch|p2a: Rule 34|Lopunny-Mega, F, shiny|255/271 tox","|-activate|p2a: Rule 34|move: Sticky Web","|-unboost|p2a: Rule 34|spe|1","|-damage|p2a: Rule 34|239/271 tox|[from] Stealth Rock","|turn|15","|","|move|p2a: Rule 34|Fake Out|p1a: Aerodactyl","|-resisted|p1a: Aerodactyl","|-damage|p1a: Aerodactyl|181/301","|cant|p1a: Aerodactyl|flinch","|","|-damage|p2a: Rule 34|223/271 tox|[from] psn","|turn|16","|","|move|p1a: Aerodactyl|Aerial Ace|p2a: Rule 34","|-supereffective|p2a: Rule 34","|-damage|p2a: Rule 34|0 fnt","|-damage|p1a: Aerodactyl|151/301|[from] item: Life Orb","|faint|p2a: Rule 34","|","|","|switch|p2a: Diggersby Tho|Diggersby, M, shiny|311/311","|-damage|p2a: Diggersby Tho|292/311|[from] Stealth Rock","|-activate|p2a: Diggersby Tho|move: Sticky Web","|-unboost|p2a: Diggersby Tho|spe|1","|turn|17","|","|switch|p1a: Cradily|Cradily, M|353/376 tox","|move|p2a: Diggersby Tho|Knock Off|p1a: Cradily","|-damage|p1a: Cradily|209/376 tox","|-enditem|p1a: Cradily|Leftovers|[from] move: Knock Off|[of] p2a: Diggersby Tho","|","|-damage|p1a: Cradily|186/376 tox|[from] psn","|turn|18","|","|switch|p2a: Porygon3|Porygon2, shiny|144/362 tox","|-damage|p2a: Porygon3|99/362 tox|[from] Stealth Rock","|-activate|p2a: Porygon3|move: Sticky Web","|-unboost|p2a: Porygon3|spe|1","|-ability|p2a: Porygon3|Storm Drain|[from] ability: Trace|[of] p1a: Cradily","|move|p1a: Cradily|Giga Drain|p2a: Porygon3","|-damage|p2a: Porygon3|47/362 tox","|-heal|p1a: Cradily|212/376 tox|[from] drain|[of] p2a: Porygon3","|","|-damage|p1a: Cradily|166/376 tox|[from] psn","|-damage|p2a: Porygon3|25/362 tox|[from] psn","|turn|19","|","|move|p1a: Cradily|Giga Drain|p2a: Porygon3","|-damage|p2a: Porygon3|0 fnt","|-heal|p1a: Cradily|179/376 tox|[from] drain|[of] p2a: Porygon3","|faint|p2a: Porygon3","|","|-damage|p1a: Cradily|110/376 tox|[from] psn","|","|switch|p2a: AMURICA!|Braviary, M, shiny|215/342","|-damage|p2a: AMURICA!|130/342|[from] Stealth Rock","|turn|20","|","|move|p2a: AMURICA!|Brave Bird|p1a: Cradily","|-damage|p1a: Cradily|0 fnt","|-damage|p2a: AMURICA!|94/342|[from] recoil|[of] p1a: Cradily","|-damage|p2a: AMURICA!|60/342|[from] item: Life Orb","|faint|p1a: Cradily","|","|","|switch|p1a: Aerodactyl|Aerodactyl, F|151/301","|-ability|p1a: Aerodactyl|Pressure","|turn|21","|","|move|p1a: Aerodactyl|Aerial Ace|p2a: AMURICA!","|-damage|p2a: AMURICA!|0 fnt","|-damage|p1a: Aerodactyl|121/301|[from] item: Life Orb","|faint|p2a: AMURICA!","|","|","|switch|p2a: Diggersby Tho|Diggersby, M, shiny|292/311","|-damage|p2a: Diggersby Tho|273/311|[from] Stealth Rock","|-activate|p2a: Diggersby Tho|move: Sticky Web","|-unboost|p2a: Diggersby Tho|spe|1","|turn|22","|","|move|p1a: Aerodactyl|Aerial Ace|p2a: Diggersby Tho","|-damage|p2a: Diggersby Tho|121/311","|-damage|p1a: Aerodactyl|91/301|[from] item: Life Orb","|move|p2a: Diggersby Tho|Knock Off|p1a: Aerodactyl","|-damage|p1a: Aerodactyl|0 fnt","|-enditem|p1a: Aerodactyl|Life Orb|[from] move: Knock Off|[of] p2a: Diggersby Tho","|faint|p1a: Aerodactyl","|","|win|Rain Tyranitar"],"p1rating":{"entryid":"7558745","serverid":"eos","formatid":"monotype","userid":"rainhoot","username":"Rain Hoot","w":"7","l":6,"t":"0","gxe":52.5,"r":"1500","rd":"130","sigma":"0","rptime":"1439283600","rpr":1519.0634864101,"rprd":79.795403304125,"rpsigma":"0","acre":1114.9269207686,"lacre":1114.9269207686,"oldacre":"1150.1023141556"},"p2rating":{"entryid":"7563854","serverid":"eos","formatid":"monotype","userid":"raintyranitar","username":"Rain Tyranitar","w":1,"l":"3","t":"0","gxe":41.1,"r":"1500","rd":"130","sigma":"0","rptime":"1439283600","rpr":1428.9522055313,"rprd":106.34092394529,"rpsigma":"0","acre":1056.2806294192,"lacre":1056.2806294192,"oldacre":"1000"},"endType":"normal"}