{"seed":[6625,27365,2812,11082],"turns":24,"p1":"Rain ☆ Suichika","p2":"Carnie Wight","p1team":[{"name":"Bellossom","species":"Bellossom","item":"choicespecs","ability":"Chlorophyll","moves":["leafstorm","gigadrain","hiddenpowerfire","moonblast"],"nature":"Modest","evs":{"hp":116,"atk":0,"def":0,"spa":252,"spd":0,"spe":140},"ivs":{"hp":31,"atk":30,"def":31,"spa":30,"spd":31,"spe":30}},{"name":"Ferrothorn","species":"Ferrothorn","item":"occaberry","ability":"Iron Barbs","moves":["thunderwave","knockoff","stealthrock","gyroball"],"nature":"Relaxed","evs":{"hp":248,"atk":0,"def":92,"spa":0,"spd":168,"spe":0},"ivs":{"hp":31,"atk":31,"def":31,"spa":31,"spd":31,"spe":31}},{"name":"Venusaur","species":"Venusaur","item":"venusaurite","ability":"Chlorophyll","moves":["synthesis","gigadrain","hiddenpowerrock","earthquake"],"nature":"Quiet","evs":{"hp":252,"atk":4,"def":0,"spa":252,"spd":0,"spe":0},"ivs":{"hp":31,"atk":31,"def":30,"spa":31,"spd":30,"spe":30}},{"name":"Roserade","species":"Roserade","item":"choicescarf","ability":"Technician","moves":["extrasensory","sludgebomb","hiddenpowerground","magicalleaf"],"nature":"Timid","evs":{"hp":0,"atk":0,"def":0,"spa":252,"spd":4,"spe":252},"ivs":{"hp":31,"atk":31,"def":31,"spa":30,"spd":30,"spe":31}},{"name":"Celebi","species":"Celebi","item":"weaknesspolicy","ability":"Natural Cure","moves":["suckerpunch","gigadrain","earthpower","zenheadbutt"],"nature":"Naive","evs":{"hp":0,"atk":196,"def":0,"spa":60,"spd":0,"spe":252},"ivs":{"hp":31,"atk":31,"def":31,"spa":31,"spd":31,"spe":31}},{"name":"Breloom","species":"Breloom","item":"focussash","ability":"Technician","moves":["spore","machpunch","rocktomb","bulletseed"],"nature":"Jolly","evs":{"hp":0,"atk":252,"def":0,"spa":0,"spd":4,"spe":252},"ivs":{"hp":31,"atk":31,"def":31,"spa":31,"spd":31,"spe":31}}],"p2team":[{"name":"Peace","species":"victini","item":"choicescarf","ability":"Victory Star","moves":["boltstrike","vcreate","uturn","zenheadbutt"],"nature":"Jolly","evs":{"hp":0,"atk":252,"def":0,"spa":0,"spd":4,"spe":252},"ivs":{"hp":31,"atk":31,"def":31,"spa":31,"spd":31,"spe":31}},{"name":"Innocent","species":"jirachi","item":"choicescarf","ability":"Serene Grace","moves":["ironhead","firepunch","icepunch","healingwish"],"nature":"Adamant","evs":{"hp":224,"atk":252,"def":0,"spa":0,"spd":0,"spe":32},"ivs":{"hp":31,"atk":31,"def":31,"spa":31,"spd":31,"spe":31}},{"name":"Marry me","species":"gardevoir","item":"gardevoirite","ability":"Synchronize","moves":["calmmind","hyperbeam","focusblast","thunderbolt"],"nature":"Modest","evs":{"hp":248,"atk":0,"def":0,"spa":252,"spd":8,"spe":0},"gender":"F","shiny":true,"ivs":{"hp":31,"atk":31,"def":31,"spa":31,"spd":31,"spe":31}},{"name":"Celery","species":"celebi","item":"leftovers","ability":"Natural Cure","moves":["gigadrain","rest","leechseed","stealthrock"],"nature":"Calm","evs":{"hp":252,"atk":0,"def":0,"spa":0,"spd":220,"spe":36},"ivs":{"hp":31,"atk":31,"def":31,"spa":31,"spd":31,"spe":31}},{"name":"Latinos","species":"latios","item":"choicescarf","ability":"Levitate","moves":["defog","thunderbolt","dracometeor","psyshock"],"nature":"Modest","evs":{"hp":0,"atk":0,"def":0,"spa":252,"spd":4,"spe":252},"ivs":{"hp":31,"atk":31,"def":31,"spa":31,"spd":31,"spe":31}},{"name":"Kawaii","species":"reuniclus","item":"leftovers","ability":"Magic Guard","moves":["recover","calmmind","psyshock","shadowball"],"nature":"Bold","evs":{"hp":252,"atk":0,"def":252,"spa":4,"spd":0,"spe":0},"gender":"F","ivs":{"hp":31,"atk":31,"def":31,"spa":31,"spd":31,"spe":31}}],"log":["|player|p1|Rain ☆ Suichika|rainsuichika.png","|player|p2|Carnie Wight|106","|gametype|singles","|gen|6","|tier|Monotype","|rated","|rule|Baton Pass Clause: Limit one Baton Passer, can't pass Spe and other stats simultaneously","|rule|Swagger Clause: Swagger is banned","|rule|Same Type Clause: Pokémon in a team must share a type","|clearpoke","|poke|p1|Bellossom, F","|poke|p1|Ferrothorn, M","|poke|p1|Venusaur, M","|poke|p1|Roserade, F","|poke|p1|Celebi","|poke|p1|Breloom, F","|poke|p2|Victini","|poke|p2|Jirachi","|poke|p2|Gardevoir, F, shiny","|poke|p2|Celebi","|poke|p2|Latios, M","|poke|p2|Reuniclus, F","|rule|Sleep Clause Mod: Limit one foe put to sleep","|rule|Species Clause: Limit one of each Pokémon","|rule|OHKO Clause: OHKO moves are banned","|rule|Moody Clause: Moody is banned","|rule|Evasion Moves Clause: Evasion moves are banned","|rule|Endless Battle Clause: Forcing endless battles is banned","|rule|HP Percentage Mod: HP is shown in percentages","|teampreview","|","|start","|switch|p1a: Ferrothorn|Ferrothorn, M|351/351","|switch|p2a: Innocent|Jirachi|397/397","|turn|1","|","|move|p2a: Innocent|Fire Punch|p1a: Ferrothorn","|-crit|p1a: Ferrothorn","|-supereffective|p1a: Ferrothorn","|-enditem|p1a: Ferrothorn|Occa Berry|[eat]","|-damage|p1a: Ferrothorn|185/351","|-damage|p2a: Innocent|348/397|[from] ability: Iron Barbs|[of] p1a: Ferrothorn","|move|p1a: Ferrothorn|Knock Off|p2a: Innocent","|-supereffective|p2a: Innocent","|-damage|p2a: Innocent|196/397","|-enditem|p2a: Innocent|Choice Scarf|[from] move: Knock Off|[of] p1a: Ferrothorn","|","|turn|2","|","|move|p2a: Innocent|Fire Punch|p1a: Ferrothorn","|-supereffective|p1a: Ferrothorn","|-damage|p1a: Ferrothorn|0 fnt","|-damage|p2a: Innocent|147/397|[from] ability: Iron Barbs|[of] p1a: Ferrothorn","|faint|p1a: Ferrothorn","|","|","|switch|p1a: Celebi|Celebi|341/341","|turn|3","|","|move|p1a: Celebi|Earth Power|p2a: Innocent","|-crit|p2a: Innocent","|-supereffective|p2a: Innocent","|-damage|p2a: Innocent|0 fnt","|faint|p2a: Innocent","|","|","|switch|p2a: Peace|Victini|341/341","|turn|4","|","|switch|p1a: Roserade|Roserade, F|261/261","|move|p2a: Peace|V-create|p1a: Roserade","|-supereffective|p1a: Roserade","|-damage|p1a: Roserade|0 fnt","|-unboost|p2a: Peace|spe|1","|-unboost|p2a: Peace|def|1","|-unboost|p2a: Peace|spd|1","|faint|p1a: Roserade","|","|","|switch|p1a: Breloom|Breloom, F|261/261","|turn|5","|","|move|p2a: Peace|V-create|p1a: Breloom","|-supereffective|p1a: Breloom","|-enditem|p1a: Breloom|Focus Sash","|-damage|p1a: Breloom|1/261","|-unboost|p2a: Peace|spe|1","|-unboost|p2a: Peace|def|1","|-unboost|p2a: Peace|spd|1","|move|p1a: Breloom|Rock Tomb|p2a: Peace","|-supereffective|p2a: Peace","|-damage|p2a: Peace|0 fnt","|faint|p2a: Peace","|","|","|switch|p2a: Kawaii|Reuniclus, F|424/424","|turn|6","|","|move|p1a: Breloom|Spore|p2a: Kawaii","|-status|p2a: Kawaii|slp","|cant|p2a: Kawaii|slp","|","|turn|7","|","|move|p1a: Breloom|Bullet Seed|p2a: Kawaii","|-damage|p2a: Kawaii|372/424 slp","|-damage|p2a: Kawaii|314/424 slp","|-hitcount|p2a: Kawaii|2","|-curestatus|p2a: Kawaii|slp","|move|p2a: Kawaii|Psyshock|p1a: Breloom","|-supereffective|p1a: Breloom","|-damage|p1a: Breloom|0 fnt","|faint|p1a: Breloom","|","|-heal|p2a: Kawaii|340/424|[from] item: Leftovers","|","|switch|p1a: Bellossom|Bellossom, F|320/320","|turn|8","|","|move|p1a: Bellossom|Leaf Storm|p2a: Kawaii","|-damage|p2a: Kawaii|0 fnt","|-unboost|p1a: Bellossom|spa|2","|faint|p2a: Kawaii","|","|","|switch|p2a: Latinos|Latios, M|301/301","|turn|9","|","|switch|p1a: Celebi|Celebi|341/341","|move|p2a: Latinos|Psyshock|p1a: Celebi","|-resisted|p1a: Celebi","|-damage|p1a: Celebi|260/341","|","|turn|10","|","|switch|p2a: Celery|Celebi|404/404","|move|p1a: Celebi|Zen Headbutt|p2a: Celery","|-resisted|p2a: Celery","|-damage|p2a: Celery|348/404","|","|-heal|p2a: Celery|373/404|[from] item: Leftovers","|turn|11","|","|move|p1a: Celebi|Giga Drain|p2a: Celery","|-resisted|p2a: Celery","|-damage|p2a: Celery|340/404","|-heal|p1a: Celebi|277/341|[from] drain|[of] p2a: Celery","|move|p2a: Celery|Stealth Rock|p1a: Celebi","|-sidestart|p1: Rain ☆ Suichika|move: Stealth Rock","|","|-heal|p2a: Celery|365/404|[from] item: Leftovers","|turn|12","|","|move|p1a: Celebi|Giga Drain|p2a: Celery","|-resisted|p2a: Celery","|-damage|p2a: Celery|329/404","|-heal|p1a: Celebi|295/341|[from] drain|[of] p2a: Celery","|move|p2a: Celery|Giga Drain|p1a: Celebi","|-resisted|p1a: Celebi","|-damage|p1a: Celebi|244/341","|-heal|p2a: Celery|355/404|[from] drain|[of] p1a: Celebi","|","|-heal|p2a: Celery|380/404|[from] item: Leftovers","|turn|13","|","|move|p1a: Celebi|Giga Drain|p2a: Celery","|-resisted|p2a: Celery","|-damage|p2a: Celery|348/404","|-heal|p1a: Celebi|260/341|[from] drain|[of] p2a: Celery","|move|p2a: Celery|Giga Drain|p1a: Celebi","|-resisted|p1a: Celebi","|-damage|p1a: Celebi|212/341","|-heal|p2a: Celery|372/404|[from] drain|[of] p1a: Celebi","|","|-heal|p2a: Celery|397/404|[from] item: Leftovers","|turn|14","|","|switch|p1a: Bellossom|Bellossom, F|320/320","|-damage|p1a: Bellossom|280/320|[from] Stealth Rock","|move|p2a: Celery|Giga Drain|p1a: Bellossom","|-crit|p1a: Bellossom","|-resisted|p1a: Bellossom","|-damage|p1a: Bellossom|210/320","|-heal|p2a: Celery|404/404|[from] drain|[of] p1a: Bellossom","|","|turn|15","|","|move|p2a: Celery|Giga Drain|p1a: Bellossom","|-resisted|p1a: Bellossom","|-damage|p1a: Bellossom|169/320","|move|p1a: Bellossom|Moonblast|p2a: Celery","|-damage|p2a: Celery|295/404","|-unboost|p2a: Celery|spa|1","|","|-heal|p2a: Celery|320/404|[from] item: Leftovers","|turn|16","|","|switch|p2a: Marry me|Gardevoir, F, shiny|339/339","|move|p1a: Bellossom|Moonblast|p2a: Marry me","|-damage|p2a: Marry me|218/339","|","|turn|17","|","|detailschange|p2a: Marry me|Gardevoir-Mega, F, shiny","|-mega|p2a: Marry me|Gardevoir|Gardevoirite","|move|p2a: Marry me|Hyper Beam|p1a: Bellossom","|-damage|p1a: Bellossom|0 fnt","|faint|p1a: Bellossom","|","|","|switch|p1a: Venusaur|Venusaur, M|364/364","|-damage|p1a: Venusaur|319/364|[from] Stealth Rock","|turn|18","|-mustrecharge|p2a: Marry me","|-mustrecharge|p2a: Marry me","|","|detailschange|p1a: Venusaur|Venusaur-Mega, M","|-mega|p1a: Venusaur|Venusaur|Venusaurite","|cant|p2a: Marry me|recharge","|move|p1a: Venusaur|Giga Drain|p2a: Marry me","|-damage|p2a: Marry me|106/339","|-heal|p1a: Venusaur|364/364|[from] drain|[of] p2a: Marry me","|","|turn|19","|","|move|p2a: Marry me|Hyper Beam|p1a: Venusaur","|-resisted|p1a: Venusaur","|-damage|p1a: Venusaur|166/364","|move|p1a: Venusaur|Giga Drain|p2a: Marry me","|-damage|p2a: Marry me|0 fnt","|-heal|p1a: Venusaur|219/364|[from] drain|[of] p2a: Marry me","|faint|p2a: Marry me","|","|","|switch|p2a: Latinos|Latios, M|301/301","|turn|20","|","|move|p2a: Latinos|Psyshock|p1a: Venusaur","|-supereffective|p1a: Venusaur","|-damage|p1a: Venusaur|0 fnt","|faint|p1a: Venusaur","|","|","|switch|p1a: Celebi|Celebi|212/341","|-damage|p1a: Celebi|170/341|[from] Stealth Rock","|turn|21","|","|move|p2a: Latinos|Psyshock|p1a: Celebi","|-resisted|p1a: Celebi","|-damage|p1a: Celebi|95/341","|move|p1a: Celebi|Giga Drain|p2a: Latinos","|-resisted|p2a: Latinos","|-damage|p2a: Latinos|258/301","|-heal|p1a: Celebi|117/341|[from] drain|[of] p2a: Latinos","|","|turn|22","|","|move|p1a: Celebi|Sucker Punch|p2a: Latinos","|-supereffective|p2a: Latinos","|-damage|p2a: Latinos|60/301","|move|p2a: Latinos|Psyshock|p1a: Celebi","|-resisted|p1a: Celebi","|-damage|p1a: Celebi|32/341","|","|turn|23","|","|move|p1a: Celebi|Sucker Punch|p2a: Latinos","|-supereffective|p2a: Latinos","|-damage|p2a: Latinos|0 fnt","|faint|p2a: Latinos","|","|","|switch|p2a: Celery|Celebi|320/404","|turn|24","|","|move|p1a: Celebi|Sucker Punch|p2a: Celery","|-supereffective|p2a: Celery","|-damage|p2a: Celery|170/404","|move|p2a: Celery|Giga Drain|p1a: Celebi","|-resisted|p1a: Celebi","|-damage|p1a: Celebi|0 fnt","|-heal|p2a: Celery|186/404|[from] drain|[of] p1a: Celebi","|faint|p1a: Celebi","|","|win|Carnie Wight"],"p1rating":{"entryid":"6383869","serverid":"eos","formatid":"monotype","userid":"rainsuichika","username":"Rain ☆ Suichika","w":"57","l":37,"t":"0","gxe":59,"r":"1584.8603072966","rd":"43.946532919047","sigma":"0","rptime":"1439283600","rpr":1568.6675776391,"rprd":43.074970199861,"rpsigma":"0","acre":1150.0053700587,"lacre":1150.0053700587,"oldacre":"1175.0996633911"},"p2rating":{"entryid":"6265736","serverid":"eos","formatid":"monotype","userid":"carniewight","username":"Carnie Wight","w":55,"l":"45","t":"0","gxe":55.5,"r":"1526.335148725","rd":"44.825413239217","sigma":"0","rptime":"1439283600","rpr":1541.7880453233,"rprd":43.832998459767,"rpsigma":"0","acre":1198.8835161429,"lacre":1198.8835161429,"oldacre":"1173.7892228105"},"endType":"normal"}