{"seed":[21517,35364,27411,64951],"turns":34,"p1":"Adamsicle","p2":"Scourage","p1team":[{"name":"Magneton","species":"Magneton","item":"eviolite","ability":"Analytic","moves":["thunderbolt","flashcannon","hiddenpowerice","toxic"],"nature":"Calm","evs":{"hp":204,"atk":0,"def":96,"spa":0,"spd":208,"spe":0},"ivs":{"hp":31,"atk":30,"def":30,"spa":31,"spd":31,"spe":31}},{"name":"Eelektross","species":"Eelektross","item":"chestoberry","ability":"Levitate","moves":["coil","rest","thunderpunch","drainpunch"],"nature":"Careful","evs":{"hp":128,"atk":0,"def":128,"spa":0,"spd":252,"spe":0},"ivs":{"hp":31,"atk":31,"def":31,"spa":31,"spd":31,"spe":31}},{"name":"Galvantula","species":"Galvantula","item":"focussash","ability":"Compound Eyes","moves":["stickyweb","bugbuzz","voltswitch","toxic"],"nature":"Timid","evs":{"hp":4,"atk":0,"def":0,"spa":252,"spd":0,"spe":252},"ivs":{"hp":31,"atk":31,"def":31,"spa":31,"spd":31,"spe":31}},{"name":"Rotom-Wash","species":"Rotom-Wash","item":"chestoberry","ability":"Levitate","moves":["voltswitch","hydropump","willowisp","rest"],"nature":"Bold","evs":{"hp":252,"atk":0,"def":252,"spa":0,"spd":0,"spe":4},"ivs":{"hp":31,"atk":31,"def":31,"spa":31,"spd":31,"spe":31}},{"name":"Manectric","species":"Manectric","item":"manectite","ability":"Static","moves":["hiddenpowerwater","thunderwave","flamethrower","thunderbolt"],"nature":"Timid","evs":{"hp":4,"atk":0,"def":0,"spa":252,"spd":0,"spe":252},"ivs":{"hp":31,"atk":30,"def":30,"spa":30,"spd":31,"spe":31}},{"name":"Luxray","species":"Luxray","item":"assaultvest","ability":"Guts","moves":["crunch","icefang","wildcharge","facade"],"nature":"Impish","evs":{"hp":252,"atk":4,"def":252,"spa":0,"spd":0,"spe":0},"ivs":{"hp":31,"atk":31,"def":31,"spa":31,"spd":31,"spe":31}}],"p2team":[{"name":"Heatran","species":"Heatran","item":"leftovers","ability":"Flash Fire","moves":["magmastorm","taunt","toxic","protect"],"nature":"Calm","evs":{"hp":252,"atk":0,"def":0,"spa":4,"spd":252,"spe":0},"ivs":{"hp":31,"atk":31,"def":31,"spa":31,"spd":31,"spe":31}},{"name":"Charizard","species":"Charizard","item":"charizarditey","ability":"Blaze","moves":["fireblast","airslash","focusblast","roost"],"nature":"Timid","evs":{"hp":0,"atk":0,"def":0,"spa":252,"spd":4,"spe":252},"ivs":{"hp":31,"atk":31,"def":31,"spa":31,"spd":31,"spe":31}},{"name":"Darmanitan","species":"Darmanitan","item":"choiceband","ability":"Sheer Force","moves":["flareblitz","earthquake","rockslide","zenheadbutt"],"nature":"Adamant","evs":{"hp":248,"atk":252,"def":0,"spa":0,"spd":8,"spe":0},"ivs":{"hp":31,"atk":31,"def":31,"spa":31,"spd":31,"spe":31}},{"name":"Infernape","species":"Infernape","item":"focussash","ability":"Blaze","moves":["stealthrock","taunt","flareblitz","machpunch"],"nature":"Jolly","evs":{"hp":0,"atk":252,"def":0,"spa":0,"spd":4,"spe":252},"ivs":{"hp":31,"atk":31,"def":31,"spa":31,"spd":31,"spe":31}},{"name":"Rotom-Heat","species":"Rotom-Heat","item":"lightclay","ability":"Levitate","moves":["reflect","lightscreen","overheat","voltswitch"],"nature":"Modest","evs":{"hp":248,"atk":0,"def":0,"spa":252,"spd":8,"spe":0},"ivs":{"hp":31,"atk":31,"def":31,"spa":31,"spd":31,"spe":31}},{"name":"Chandelure","species":"Chandelure","item":"choicescarf","ability":"Infiltrator","moves":["fireblast","shadowball","energyball","trick"],"nature":"Timid","evs":{"hp":0,"atk":0,"def":0,"spa":252,"spd":4,"spe":252},"ivs":{"hp":31,"atk":31,"def":31,"spa":31,"spd":31,"spe":31}}],"log":["|player|p1|Adamsicle|252","|player|p2|Scourage|25","|gametype|singles","|gen|6","|tier|Monotype","|rated","|rule|Baton Pass Clause: Limit one Baton Passer, can't pass Spe and other stats simultaneously","|rule|Swagger Clause: Swagger is banned","|rule|Same Type Clause: Pokémon in a team must share a type","|clearpoke","|poke|p1|Magneton","|poke|p1|Eelektross, M","|poke|p1|Galvantula, M","|poke|p1|Rotom-Wash","|poke|p1|Manectric, F","|poke|p1|Luxray, F","|poke|p2|Heatran, M","|poke|p2|Charizard, M","|poke|p2|Darmanitan, F","|poke|p2|Infernape, F","|poke|p2|Rotom-Heat","|poke|p2|Chandelure, F","|rule|Sleep Clause Mod: Limit one foe put to sleep","|rule|Species Clause: Limit one of each Pokémon","|rule|OHKO Clause: OHKO moves are banned","|rule|Moody Clause: Moody is banned","|rule|Evasion Moves Clause: Evasion moves are banned","|rule|Endless Battle Clause: Forcing endless battles is banned","|rule|HP Percentage Mod: HP is shown in percentages","|teampreview","|","|start","|switch|p1a: Galvantula|Galvantula, M|282/282","|switch|p2a: Darmanitan|Darmanitan, F|413/413","|turn|1","|","|move|p1a: Galvantula|Sticky Web|p2a: Darmanitan","|-sidestart|p2: Scourage|move: Sticky Web","|move|p2a: Darmanitan|Rock Slide|p1a: Galvantula","|-supereffective|p1a: Galvantula","|-enditem|p1a: Galvantula|Focus Sash","|-damage|p1a: Galvantula|1/282","|","|turn|2","|","|move|p1a: Galvantula|Volt Switch|p2a: Darmanitan","|-damage|p2a: Darmanitan|242/413","|","|switch|p1a: Eelektross|Eelektross, M|343/343","|move|p2a: Darmanitan|Rock Slide|p1a: Eelektross","|-miss|p2a: Darmanitan|p1a: Eelektross","|","|turn|3","|","|switch|p2a: Rotom-Heat|Rotom-Heat|303/303","|move|p1a: Eelektross|Coil|p1a: Eelektross","|-boost|p1a: Eelektross|atk|1","|-boost|p1a: Eelektross|def|1","|-boost|p1a: Eelektross|accuracy|1","|","|turn|4","|","|move|p2a: Rotom-Heat|Overheat|p1a: Eelektross","|-damage|p1a: Eelektross|148/343","|-unboost|p2a: Rotom-Heat|spa|2","|move|p1a: Eelektross|Coil|p1a: Eelektross","|-boost|p1a: Eelektross|atk|1","|-boost|p1a: Eelektross|def|1","|-boost|p1a: Eelektross|accuracy|1","|","|turn|5","|","|switch|p1a: Rotom-Wash|Rotom-Wash|304/304","|move|p2a: Rotom-Heat|Reflect|p2a: Rotom-Heat","|-sidestart|p2: Scourage|Reflect","|","|turn|6","|","|move|p1a: Rotom-Wash|Hydro Pump|p2a: Rotom-Heat","|-crit|p2a: Rotom-Heat","|-supereffective|p2a: Rotom-Heat","|-damage|p2a: Rotom-Heat|0 fnt","|faint|p2a: Rotom-Heat","|","|","|switch|p2a: Charizard|Charizard, M|297/297","|turn|7","|","|detailschange|p2a: Charizard|Charizard-Mega-Y, M","|-mega|p2a: Charizard|Charizard|Charizardite Y","|-weather|SunnyDay","|move|p2a: Charizard|Focus Blast|p1a: Rotom-Wash|[miss]","|-miss|p2a: Charizard|p1a: Rotom-Wash","|move|p1a: Rotom-Wash|Hydro Pump|p2a: Charizard|[miss]","|-miss|p1a: Rotom-Wash|p2a: Charizard","|","|-weather|SunnyDay|[upkeep]","|turn|8","|","|switch|p1a: Galvantula|Galvantula, M|1/282","|move|p2a: Charizard|Focus Blast|p1a: Galvantula|[miss]","|-miss|p2a: Charizard|p1a: Galvantula","|","|-weather|SunnyDay|[upkeep]","|turn|9","|","|move|p1a: Galvantula|Volt Switch|p2a: Charizard","|-supereffective|p2a: Charizard","|-damage|p2a: Charizard|123/297","|","|switch|p1a: Rotom-Wash|Rotom-Wash|304/304","|move|p2a: Charizard|Air Slash|p1a: Rotom-Wash","|-resisted|p1a: Rotom-Wash","|-damage|p1a: Rotom-Wash|235/304","|","|-weather|SunnyDay|[upkeep]","|turn|10","|","|move|p2a: Charizard|Focus Blast|p1a: Rotom-Wash","|-damage|p1a: Rotom-Wash|67/304","|move|p1a: Rotom-Wash|Volt Switch|p2a: Charizard","|-supereffective|p2a: Charizard","|-damage|p2a: Charizard|0 fnt","|faint|p2a: Charizard","|","|switch|p1a: Manectric|Manectric, F|282/282","|","|-weather|SunnyDay|[upkeep]","|","|switch|p2a: Chandelure|Chandelure, F|261/261","|-activate|p2a: Chandelure|move: Sticky Web","|-unboost|p2a: Chandelure|spe|1","|turn|11","|","|detailschange|p1a: Manectric|Manectric-Mega, F","|-mega|p1a: Manectric|Manectric|Manectite","|-ability|p1a: Manectric|Intimidate","|-unboost|p2a: Chandelure|atk|1","|move|p1a: Manectric|Thunderbolt|p2a: Chandelure","|-damage|p2a: Chandelure|95/261","|move|p2a: Chandelure|Fire Blast|p1a: Manectric","|-damage|p1a: Manectric|0 fnt","|faint|p1a: Manectric","|","|-weather|none","|","|switch|p1a: Rotom-Wash|Rotom-Wash|67/304","|turn|12","|","|move|p2a: Chandelure|Fire Blast|p1a: Rotom-Wash|[miss]","|-miss|p2a: Chandelure|p1a: Rotom-Wash","|move|p1a: Rotom-Wash|Rest|p1a: Rotom-Wash","|-status|p1a: Rotom-Wash|slp","|-heal|p1a: Rotom-Wash|304/304 slp|[silent]","|-status|p1a: Rotom-Wash|slp|[from] move: Rest","|-enditem|p1a: Rotom-Wash|Chesto Berry|[eat]","|-curestatus|p1a: Rotom-Wash|slp","|","|-sideend|p2: Scourage|Reflect","|turn|13","|","|move|p2a: Chandelure|Fire Blast|p1a: Rotom-Wash","|-crit|p1a: Rotom-Wash","|-resisted|p1a: Rotom-Wash","|-damage|p1a: Rotom-Wash|166/304","|move|p1a: Rotom-Wash|Hydro Pump|p2a: Chandelure","|-supereffective|p2a: Chandelure","|-damage|p2a: Chandelure|0 fnt","|faint|p2a: Chandelure","|","|","|switch|p2a: Infernape|Infernape, F|293/293","|-activate|p2a: Infernape|move: Sticky Web","|-unboost|p2a: Infernape|spe|1","|turn|14","|","|move|p2a: Infernape|Stealth Rock|p1a: Rotom-Wash","|-sidestart|p1: Adamsicle|move: Stealth Rock","|move|p1a: Rotom-Wash|Hydro Pump|p2a: Infernape","|-supereffective|p2a: Infernape","|-enditem|p2a: Infernape|Focus Sash","|-damage|p2a: Infernape|1/293","|","|turn|15","|","|move|p2a: Infernape|Flare Blitz|p1a: Rotom-Wash","|-resisted|p1a: Rotom-Wash","|-damage|p1a: Rotom-Wash|72/304","|-damage|p2a: Infernape|0 fnt|[from] recoil|[of] p1a: Rotom-Wash","|faint|p2a: Infernape","|move|p1a: Rotom-Wash|Volt Switch|p2: Infernape|[notarget]","|-notarget","|","|","|switch|p2a: Heatran|Heatran, M|386/386","|-activate|p2a: Heatran|move: Sticky Web","|-unboost|p2a: Heatran|spe|1","|turn|16","|","|move|p1a: Rotom-Wash|Hydro Pump|p2a: Heatran|[miss]","|-miss|p1a: Rotom-Wash|p2a: Heatran","|move|p2a: Heatran|Magma Storm|p1a: Rotom-Wash","|-resisted|p1a: Rotom-Wash","|-damage|p1a: Rotom-Wash|2/304","|-activate|p1a: Rotom-Wash|move: Magma Storm|[of] p2a: Heatran","|","|-damage|p1a: Rotom-Wash|0 fnt|[from] move: Magma Storm|[partiallytrapped]","|faint|p1a: Rotom-Wash","|","|switch|p1a: Eelektross|Eelektross, M|148/343","|-damage|p1a: Eelektross|106/343|[from] Stealth Rock","|turn|17","|","|move|p1a: Eelektross|Drain Punch|p2a: Heatran","|-supereffective|p2a: Heatran","|-damage|p2a: Heatran|258/386","|-heal|p1a: Eelektross|170/343|[from] drain|[of] p2a: Heatran","|move|p2a: Heatran|Magma Storm|p1a: Eelektross|[miss]","|-miss|p2a: Heatran|p1a: Eelektross","|","|-heal|p2a: Heatran|282/386|[from] item: Leftovers","|turn|18","|","|move|p1a: Eelektross|Coil|p1a: Eelektross","|-boost|p1a: Eelektross|atk|1","|-boost|p1a: Eelektross|def|1","|-boost|p1a: Eelektross|accuracy|1","|move|p2a: Heatran|Magma Storm|p1a: Eelektross","|-damage|p1a: Eelektross|47/343","|-activate|p1a: Eelektross|move: Magma Storm|[of] p2a: Heatran","|","|-heal|p2a: Heatran|306/386|[from] item: Leftovers","|-damage|p1a: Eelektross|5/343|[from] move: Magma Storm|[partiallytrapped]","|turn|19","|","|move|p2a: Heatran|Protect|p2a: Heatran","|-singleturn|p2a: Heatran|Protect","|move|p1a: Eelektross|Rest|p1a: Eelektross","|-status|p1a: Eelektross|slp","|-heal|p1a: Eelektross|343/343 slp|[silent]","|-status|p1a: Eelektross|slp|[from] move: Rest","|-enditem|p1a: Eelektross|Chesto Berry|[eat]","|-curestatus|p1a: Eelektross|slp","|","|-heal|p2a: Heatran|330/386|[from] item: Leftovers","|-damage|p1a: Eelektross|301/343|[from] move: Magma Storm|[partiallytrapped]","|turn|20","|","|move|p1a: Eelektross|Drain Punch|p2a: Heatran","|-supereffective|p2a: Heatran","|-damage|p2a: Heatran|156/386","|-heal|p1a: Eelektross|343/343|[from] drain|[of] p2a: Heatran","|move|p2a: Heatran|Magma Storm|p1a: Eelektross","|-damage|p1a: Eelektross|223/343","|","|-heal|p2a: Heatran|180/386|[from] item: Leftovers","|-damage|p1a: Eelektross|181/343|[from] move: Magma Storm|[partiallytrapped]","|turn|21","|","|move|p1a: Eelektross|Coil|p1a: Eelektross","|-boost|p1a: Eelektross|atk|1","|-boost|p1a: Eelektross|def|1","|-boost|p1a: Eelektross|accuracy|1","|move|p2a: Heatran|Toxic|p1a: Eelektross","|-status|p1a: Eelektross|tox","|","|-heal|p2a: Heatran|204/386|[from] item: Leftovers","|-damage|p1a: Eelektross|160/343 tox|[from] psn","|-damage|p1a: Eelektross|118/343 tox|[from] move: Magma Storm|[partiallytrapped]","|turn|22","|","|move|p1a: Eelektross|Rest|p1a: Eelektross","|-status|p1a: Eelektross|slp","|-heal|p1a: Eelektross|343/343 slp|[silent]","|-status|p1a: Eelektross|slp|[from] move: Rest","|move|p2a: Heatran|Magma Storm|p1a: Eelektross","|-damage|p1a: Eelektross|222/343 slp","|","|-heal|p2a: Heatran|228/386|[from] item: Leftovers","|-damage|p1a: Eelektross|180/343 slp|[from] move: Magma Storm|[partiallytrapped]","|turn|23","|","|cant|p1a: Eelektross|slp","|move|p2a: Heatran|Taunt|p1a: Eelektross","|-start|p1a: Eelektross|move: Taunt","|","|-heal|p2a: Heatran|252/386|[from] item: Leftovers","|-end|p1a: Eelektross|Magma Storm|[partiallytrapped]","|turn|24","|","|cant|p1a: Eelektross|slp","|move|p2a: Heatran|Magma Storm|p1a: Eelektross","|-damage|p1a: Eelektross|60/343 slp","|-activate|p1a: Eelektross|move: Magma Storm|[of] p2a: Heatran","|","|-heal|p2a: Heatran|276/386|[from] item: Leftovers","|-damage|p1a: Eelektross|18/343 slp|[from] move: Magma Storm|[partiallytrapped]","|turn|25","|","|move|p2a: Heatran|Protect|p2a: Heatran","|-singleturn|p2a: Heatran|Protect","|-curestatus|p1a: Eelektross|slp","|move|p1a: Eelektross|Drain Punch|p2a: Heatran","|-activate|p2a: Heatran|Protect","|","|-heal|p2a: Heatran|300/386|[from] item: Leftovers","|-damage|p1a: Eelektross|0 fnt|[from] move: Magma Storm|[partiallytrapped]","|faint|p1a: Eelektross","|","|switch|p1a: Luxray|Luxray, F|364/364","|-damage|p1a: Luxray|319/364|[from] Stealth Rock","|turn|26","|","|move|p1a: Luxray|Crunch|p2a: Heatran","|-damage|p2a: Heatran|233/386","|move|p2a: Heatran|Magma Storm|p1a: Luxray|[miss]","|-miss|p2a: Heatran|p1a: Luxray","|","|-heal|p2a: Heatran|257/386|[from] item: Leftovers","|turn|27","|","|switch|p1a: Galvantula|Galvantula, M|1/282","|-damage|p1a: Galvantula|0 fnt|[from] Stealth Rock","|faint|p1a: Galvantula","|move|p2a: Heatran|Toxic|p1: Galvantula|[notarget]","|-notarget","|","|-heal|p2a: Heatran|281/386|[from] item: Leftovers","|","|switch|p1a: Magneton|Magneton|292/292","|-damage|p1a: Magneton|274/292|[from] Stealth Rock","|turn|28","|","|move|p1a: Magneton|Thunderbolt|p2a: Heatran","|-damage|p2a: Heatran|188/386","|move|p2a: Heatran|Magma Storm|p1a: Magneton","|-supereffective|p1a: Magneton","|-damage|p1a: Magneton|88/292","|-activate|p1a: Magneton|move: Magma Storm|[of] p2a: Heatran","|","|-heal|p2a: Heatran|212/386|[from] item: Leftovers","|-damage|p1a: Magneton|52/292|[from] move: Magma Storm|[partiallytrapped]","|turn|29","|","|move|p1a: Magneton|Thunderbolt|p2a: Heatran","|-damage|p2a: Heatran|127/386","|move|p2a: Heatran|Toxic|p1a: Magneton","|-immune|p1a: Magneton|[msg]","|","|-heal|p2a: Heatran|151/386|[from] item: Leftovers","|-damage|p1a: Magneton|16/292|[from] move: Magma Storm|[partiallytrapped]","|turn|30","|","|move|p2a: Heatran|Protect|p2a: Heatran","|-singleturn|p2a: Heatran|Protect","|move|p1a: Magneton|Thunderbolt|p2a: Heatran","|-activate|p2a: Heatran|Protect","|","|-heal|p2a: Heatran|175/386|[from] item: Leftovers","|-damage|p1a: Magneton|0 fnt|[from] move: Magma Storm|[partiallytrapped]","|faint|p1a: Magneton","|","|switch|p1a: Luxray|Luxray, F|319/364","|-damage|p1a: Luxray|274/364|[from] Stealth Rock","|turn|31","|","|move|p1a: Luxray|Wild Charge|p2a: Heatran","|-damage|p2a: Heatran|55/386","|-damage|p1a: Luxray|244/364|[from] recoil|[of] p2a: Heatran","|move|p2a: Heatran|Toxic|p1a: Luxray","|-status|p1a: Luxray|tox","|","|-heal|p2a: Heatran|79/386|[from] item: Leftovers","|-damage|p1a: Luxray|222/364 tox|[from] psn","|turn|32","|","|move|p2a: Heatran|Protect|p2a: Heatran","|-singleturn|p2a: Heatran|Protect","|move|p1a: Luxray|Wild Charge|p2a: Heatran","|-activate|p2a: Heatran|Protect","|","|-heal|p2a: Heatran|103/386|[from] item: Leftovers","|-damage|p1a: Luxray|178/364 tox|[from] psn","|turn|33","|","|switch|p2a: Darmanitan|Darmanitan, F|242/413","|-activate|p2a: Darmanitan|move: Sticky Web","|-unboost|p2a: Darmanitan|spe|1","|move|p1a: Luxray|Wild Charge|p2a: Darmanitan","|-damage|p2a: Darmanitan|0 fnt","|-damage|p1a: Luxray|117/364 tox|[from] recoil|[of] p2a: Darmanitan","|faint|p2a: Darmanitan","|","|-damage|p1a: Luxray|51/364 tox|[from] psn","|","|switch|p2a: Heatran|Heatran, M|103/386","|-activate|p2a: Heatran|move: Sticky Web","|-unboost|p2a: Heatran|spe|1","|turn|34","|","|move|p2a: Heatran|Protect|p2a: Heatran","|-singleturn|p2a: Heatran|Protect","|move|p1a: Luxray|Facade|p2a: Heatran","|-activate|p2a: Heatran|Protect","|","|-heal|p2a: Heatran|127/386|[from] item: Leftovers","|-damage|p1a: Luxray|0 fnt|[from] psn","|faint|p1a: Luxray","|","|win|Scourage"],"p1rating":{"entryid":7549653,"formatid":"monotype","userid":"adamsicle","username":"Adamsicle","r":1500,"rd":130,"sigma":0,"rpr":1459.8393856612,"rprd":122.8583080769,"rpsigma":0,"rptime":1439197200,"w":0,"l":1,"t":0,"gxe":45,"acre":1000,"lacre":1000,"oldacre":1000},"p2rating":{"entryid":7549654,"formatid":"monotype","userid":"scourage","username":"Scourage","r":1500,"rd":130,"sigma":0,"rpr":1540.1606143388,"rprd":122.8583080769,"rpsigma":0,"rptime":1439197200,"w":1,"l":0,"t":0,"gxe":55,"acre":1040,"lacre":1040,"oldacre":1000},"endType":"normal"}