{"seed":[56948,37429,22299,42751],"turns":24,"p1":"Piiiiichu","p2":"Alliance - Elite","p1team":[{"name":"Diancie","species":"Diancie","item":"diancite","ability":"Clear Body","moves":["rockpolish","moonblast","diamondstorm","earthpower"],"nature":"Rash","evs":{"hp":44,"atk":32,"def":0,"spa":252,"spd":0,"spe":180},"ivs":{"hp":31,"atk":31,"def":31,"spa":31,"spd":31,"spe":31}},{"name":"Gardevoir","species":"Gardevoir","item":"choicescarf","ability":"Trace","moves":["psyshock","moonblast","focusblast","trick"],"nature":"Timid","evs":{"hp":0,"atk":0,"def":4,"spa":252,"spd":0,"spe":252},"ivs":{"hp":31,"atk":0,"def":31,"spa":31,"spd":31,"spe":31},"shiny":true},{"name":"Klefki","species":"Klefki","item":"lightclay","ability":"Prankster","moves":["lightscreen","reflect","foulplay","thunderwave"],"nature":"Bold","evs":{"hp":248,"atk":0,"def":252,"spa":0,"spd":8,"spe":0},"ivs":{"hp":31,"atk":31,"def":31,"spa":31,"spd":31,"spe":31}},{"name":"Clefable","species":"Clefable","item":"leftovers","ability":"Unaware","moves":["moonlight","stealthrock","moonblast","fireblast"],"nature":"Bold","evs":{"hp":248,"atk":0,"def":252,"spa":0,"spd":0,"spe":4},"ivs":{"hp":31,"atk":0,"def":31,"spa":31,"spd":31,"spe":31}},{"name":"Azumarill","species":"Azumarill","item":"choiceband","ability":"Huge Power","moves":["playrough","waterfall","aquajet","superpower"],"nature":"Adamant","evs":{"hp":172,"atk":252,"def":0,"spa":0,"spd":0,"spe":84},"shiny":true,"ivs":{"hp":31,"atk":31,"def":31,"spa":31,"spd":31,"spe":31}},{"name":"Togekiss","species":"Togekiss","item":"leftovers","ability":"Serene Grace","moves":["nastyplot","airslash","thunderwave","roost"],"nature":"Timid","evs":{"hp":248,"atk":0,"def":76,"spa":0,"spd":8,"spe":176},"shiny":true,"ivs":{"hp":31,"atk":31,"def":31,"spa":31,"spd":31,"spe":31}}],"p2team":[{"name":"Cobalion","species":"Cobalion","item":"leftovers","ability":"Justified","moves":["thunderwave","stealthrock","voltswitch","flashcannon"],"nature":"Timid","evs":{"hp":252,"atk":0,"def":0,"spa":4,"spd":0,"spe":252},"ivs":{"hp":31,"atk":0,"def":31,"spa":31,"spd":31,"spe":31},"shiny":true},{"name":"Terrakion","species":"Terrakion","item":"choicescarf","ability":"Justified","moves":["stoneedge","earthquake","ironhead","closecombat"],"nature":"Jolly","evs":{"hp":0,"atk":252,"def":0,"spa":0,"spd":4,"spe":252},"ivs":{"hp":31,"atk":31,"def":31,"spa":31,"spd":31,"spe":31}},{"name":"Keldeo-Resolute","species":"Keldeo-Resolute","item":"leftovers","ability":"Justified","moves":["calmmind","substitute","surf","secretsword"],"nature":"Timid","evs":{"hp":0,"atk":0,"def":0,"spa":252,"spd":4,"spe":252},"ivs":{"hp":31,"atk":0,"def":31,"spa":31,"spd":31,"spe":31}},{"name":"Heracross","species":"Heracross","item":"choicescarf","ability":"Guts","moves":["megahorn","stoneedge","knockoff","closecombat"],"nature":"Jolly","evs":{"hp":0,"atk":252,"def":4,"spa":0,"spd":0,"spe":252},"gender":"M","ivs":{"hp":31,"atk":31,"def":31,"spa":31,"spd":31,"spe":31}},{"name":"Medicham","species":"Medicham","item":"medichamite","ability":"Pure Power","moves":["icepunch","bulletpunch","highjumpkick","zenheadbutt"],"nature":"Jolly","evs":{"hp":0,"atk":252,"def":4,"spa":0,"spd":0,"spe":252},"gender":"M","ivs":{"hp":31,"atk":31,"def":31,"spa":31,"spd":31,"spe":31}},{"name":"Conkeldurr","species":"Conkeldurr","item":"assaultvest","ability":"Guts","moves":["drainpunch","machpunch","icepunch","poisonjab"],"nature":"Adamant","evs":{"hp":0,"atk":252,"def":8,"spa":0,"spd":248,"spe":0},"gender":"M","ivs":{"hp":31,"atk":31,"def":31,"spa":0,"spd":31,"spe":31}}],"log":["|player|p1|Piiiiichu|piiiiichu.png","|player|p2|Alliance - Elite|92","|gametype|singles","|gen|6","|tier|Monotype","|rated","|rule|Baton Pass Clause: Limit one Baton Passer, can't pass Spe and other stats simultaneously","|rule|Swagger Clause: Swagger is banned","|rule|Same Type Clause: Pokémon in a team must share a type","|clearpoke","|poke|p1|Diancie","|poke|p1|Gardevoir, M, shiny","|poke|p1|Klefki, F","|poke|p1|Clefable, F","|poke|p1|Azumarill, F, shiny","|poke|p1|Togekiss, F, shiny","|poke|p2|Cobalion, shiny","|poke|p2|Terrakion","|poke|p2|Keldeo-Resolute","|poke|p2|Heracross, M","|poke|p2|Medicham, M","|poke|p2|Conkeldurr, M","|rule|Sleep Clause Mod: Limit one foe put to sleep","|rule|Species Clause: Limit one of each Pokémon","|rule|OHKO Clause: OHKO moves are banned","|rule|Moody Clause: Moody is banned","|rule|Evasion Moves Clause: Evasion moves are banned","|rule|Endless Battle Clause: Forcing endless battles is banned","|rule|HP Percentage Mod: HP is shown in percentages","|teampreview","|","|start","|switch|p1a: Azumarill|Azumarill, F, shiny|384/384","|switch|p2a: Terrakion|Terrakion|323/323","|turn|1","|","|move|p2a: Terrakion|Iron Head|p1a: Azumarill","|-damage|p1a: Azumarill|265/384","|move|p1a: Azumarill|Play Rough|p2a: Terrakion","|-supereffective|p2a: Terrakion","|-damage|p2a: Terrakion|0 fnt","|faint|p2a: Terrakion","|","|","|switch|p2a: Cobalion|Cobalion, shiny|386/386","|turn|2","|","|move|p2a: Cobalion|Stealth Rock|p1a: Azumarill","|-sidestart|p1: Piiiiichu|move: Stealth Rock","|move|p1a: Azumarill|Play Rough|p2a: Cobalion","|-damage|p2a: Cobalion|134/386","|","|-heal|p2a: Cobalion|158/386|[from] item: Leftovers","|turn|3","|","|move|p2a: Cobalion|Flash Cannon|p1a: Azumarill","|-damage|p1a: Azumarill|154/384","|move|p1a: Azumarill|Play Rough|p2a: Cobalion","|-damage|p2a: Cobalion|0 fnt","|faint|p2a: Cobalion","|","|","|switch|p2a: Medicham|Medicham, M|261/261","|turn|4","|","|switch|p1a: Clefable|Clefable, F|393/393","|-damage|p1a: Clefable|344/393|[from] Stealth Rock","|detailschange|p2a: Medicham|Medicham-Mega, M","|-mega|p2a: Medicham|Medicham|Medichamite","|move|p2a: Medicham|High Jump Kick|p1a: Clefable","|-resisted|p1a: Clefable","|-damage|p1a: Clefable|164/393","|","|-heal|p1a: Clefable|188/393|[from] item: Leftovers","|turn|5","|","|move|p2a: Medicham|Zen Headbutt|p1a: Clefable","|-damage|p1a: Clefable|0 fnt","|faint|p1a: Clefable","|","|","|switch|p1a: Klefki|Klefki, F|317/317","|-damage|p1a: Klefki|298/317|[from] Stealth Rock","|turn|6","|","|switch|p2a: Conkeldurr|Conkeldurr, M|351/351","|move|p1a: Klefki|Thunder Wave|p2a: Conkeldurr","|-status|p2a: Conkeldurr|par","|","|turn|7","|","|switch|p1a: Togekiss|Togekiss, F, shiny|373/373","|-damage|p1a: Togekiss|280/373|[from] Stealth Rock","|cant|p2a: Conkeldurr|par","|","|-heal|p1a: Togekiss|303/373|[from] item: Leftovers","|turn|8","|","|move|p1a: Togekiss|Air Slash|p2a: Conkeldurr","|-supereffective|p2a: Conkeldurr","|-damage|p2a: Conkeldurr|211/351 par","|cant|p2a: Conkeldurr|flinch","|","|-heal|p1a: Togekiss|326/373|[from] item: Leftovers","|turn|9","|","|move|p1a: Togekiss|Air Slash|p2a: Conkeldurr","|-crit|p2a: Conkeldurr","|-supereffective|p2a: Conkeldurr","|-damage|p2a: Conkeldurr|11/351 par","|move|p2a: Conkeldurr|Poison Jab|p1a: Togekiss","|-supereffective|p1a: Togekiss","|-damage|p1a: Togekiss|0 fnt","|faint|p1a: Togekiss","|","|","|switch|p1a: Gardevoir|Gardevoir, M, shiny|277/277","|-damage|p1a: Gardevoir|243/277|[from] Stealth Rock","|-ability|p1a: Gardevoir|Guts|[from] ability: Trace|[of] p2a: Conkeldurr","|turn|10","|","|move|p1a: Gardevoir|Moonblast|p2a: Conkeldurr","|-supereffective|p2a: Conkeldurr","|-damage|p2a: Conkeldurr|0 fnt","|faint|p2a: Conkeldurr","|","|","|switch|p2a: Medicham|Medicham-Mega, M|261/261","|turn|11","|","|switch|p1a: Klefki|Klefki, F|298/317","|-damage|p1a: Klefki|279/317|[from] Stealth Rock","|move|p2a: Medicham|Bullet Punch|p1a: Klefki","|-damage|p1a: Klefki|215/317","|","|turn|12","|","|switch|p2a: Keldeo-Resolute|Keldeo-Resolute|323/323","|move|p1a: Klefki|Reflect|p1a: Klefki","|-sidestart|p1: Piiiiichu|Reflect","|","|turn|13","|","|move|p1a: Klefki|Light Screen|p1a: Klefki","|-sidestart|p1: Piiiiichu|move: Light Screen","|move|p2a: Keldeo-Resolute|Substitute|p2a: Keldeo-Resolute","|-start|p2a: Keldeo-Resolute|Substitute","|-damage|p2a: Keldeo-Resolute|243/323","|","|-heal|p2a: Keldeo-Resolute|263/323|[from] item: Leftovers","|turn|14","|","|switch|p1a: Azumarill|Azumarill, F, shiny|154/384","|-damage|p1a: Azumarill|106/384|[from] Stealth Rock","|move|p2a: Keldeo-Resolute|Calm Mind|p2a: Keldeo-Resolute","|-boost|p2a: Keldeo-Resolute|spa|1","|-boost|p2a: Keldeo-Resolute|spd|1","|","|-heal|p2a: Keldeo-Resolute|283/323|[from] item: Leftovers","|turn|15","|","|move|p2a: Keldeo-Resolute|Secret Sword|p1a: Azumarill","|-resisted|p1a: Azumarill","|-damage|p1a: Azumarill|44/384","|move|p1a: Azumarill|Play Rough|p2a: Keldeo-Resolute","|-supereffective|p2a: Keldeo-Resolute","|-end|p2a: Keldeo-Resolute|Substitute","|","|-heal|p2a: Keldeo-Resolute|303/323|[from] item: Leftovers","|turn|16","|","|move|p2a: Keldeo-Resolute|Secret Sword|p1a: Azumarill","|-resisted|p1a: Azumarill","|-damage|p1a: Azumarill|0 fnt","|faint|p1a: Azumarill","|","|-heal|p2a: Keldeo-Resolute|323/323|[from] item: Leftovers","|","|switch|p1a: Gardevoir|Gardevoir, M, shiny|243/277","|-damage|p1a: Gardevoir|209/277|[from] Stealth Rock","|-ability|p1a: Gardevoir|Justified|[from] ability: Trace|[of] p2a: Keldeo-Resolute","|turn|17","|","|move|p1a: Gardevoir|Psyshock|p2a: Keldeo-Resolute","|-supereffective|p2a: Keldeo-Resolute","|-damage|p2a: Keldeo-Resolute|0 fnt","|faint|p2a: Keldeo-Resolute","|","|","|switch|p2a: Heracross|Heracross, M|301/301","|turn|18","|","|move|p2a: Heracross|Megahorn|p1a: Gardevoir","|-damage|p1a: Gardevoir|53/277","|move|p1a: Gardevoir|Psyshock|p2a: Heracross","|-supereffective|p2a: Heracross","|-damage|p2a: Heracross|0 fnt","|faint|p2a: Heracross","|","|","|switch|p2a: Medicham|Medicham-Mega, M|261/261","|turn|19","|","|move|p2a: Medicham|Bullet Punch|p1a: Gardevoir","|-supereffective|p1a: Gardevoir","|-damage|p1a: Gardevoir|0 fnt","|faint|p1a: Gardevoir","|","|-sideend|p1: Piiiiichu|Reflect","|","|switch|p1a: Klefki|Klefki, F|215/317","|-damage|p1a: Klefki|196/317|[from] Stealth Rock","|turn|20","|","|move|p1a: Klefki|Reflect|p1a: Klefki","|-sidestart|p1: Piiiiichu|Reflect","|move|p2a: Medicham|High Jump Kick|p1a: Klefki|[miss]","|-miss|p2a: Medicham|p1a: Klefki","|-damage|p2a: Medicham|131/261|[from] highjumpkick","|","|-sideend|p1: Piiiiichu|move: Light Screen","|turn|21","|","|move|p1a: Klefki|Thunder Wave|p2a: Medicham","|-status|p2a: Medicham|par","|move|p2a: Medicham|High Jump Kick|p1a: Klefki","|-damage|p1a: Klefki|42/317","|","|turn|22","|","|move|p2a: Medicham|Bullet Punch|p1a: Klefki","|-damage|p1a: Klefki|10/317","|move|p1a: Klefki|Foul Play|p2a: Medicham","|-damage|p2a: Medicham|31/261 par","|","|turn|23","|","|move|p2a: Medicham|Bullet Punch|p1a: Klefki","|-damage|p1a: Klefki|0 fnt","|faint|p1a: Klefki","|","|","|switch|p1a: Diancie|Diancie|252/252","|-damage|p1a: Diancie|221/252|[from] Stealth Rock","|turn|24","|","|move|p2a: Medicham|Bullet Punch|p1a: Diancie","|-supereffective|p1a: Diancie","|-damage|p1a: Diancie|115/252","|move|p1a: Diancie|Moonblast|p2a: Medicham","|-supereffective|p2a: Medicham","|-damage|p2a: Medicham|0 fnt","|faint|p2a: Medicham","|","|win|Piiiiichu"],"p1rating":{"entryid":"7542212","serverid":"eos","formatid":"monotype","userid":"piiiiichu","username":"piiiiichu","w":9,"l":"0","t":"0","gxe":73.4,"r":"1663.2927784629","rd":"95.076719177093","sigma":"0","rptime":"1439283600","rpr":1696.9075947128,"rprd":89.629273028038,"rpsigma":"0","acre":1239.0657358618,"lacre":1239.0657358618,"oldacre":"1222.4152960765"},"p2rating":{"entryid":"7539794","serverid":"eos","formatid":"monotype","userid":"allianceelite","username":"Alliance - Elite","w":"4","l":7,"t":"0","gxe":42.4,"r":"1486.5677373655","rd":"115.87876502804","sigma":"0","rptime":"1439283600","rpr":1440.75177961,"rprd":84.447488076084,"rpsigma":"0","acre":1085.0990953922,"lacre":1085.0990953922,"oldacre":"1101.7495351775"},"endType":"normal"}